4082 6488
235 441 3524 511 W

693 659 918 797 IN
1060 652 2112 801 OCTAVUM
2231 650 3033 798 TOMUM

1568 925 2198 1119 aeratam
2217 1033 2251 1069 .

3085 1127 3137 1143 εγ
3307 1135 3316 1146 ν

2500 1149 2574 1175 ἲ.
3014 1160 3024 1166 .
3119 1155 3137 1164 ν-
3237 1141 3388 1168 ,αι

2476 1215 2563 1237 .,“
2616 1201 2624 1216 ι
2701 1201 2708 1213 ι
2826 1212 2831 1216 ν
2971 1208 3047 1226 _.-,-
3195 1214 3208 1242 ι
3308 1204 3373 1242 ζ,-
3495 1223 3508 1242 ι

2466 1233 2479 1255 Ι
3506 1251 3510 1254 η

3503 1249 3541 1280 ρ

209 1099 238 1120 .47
627 1119 630 1121 λ
658 1099 683 1120 ἰι

207 1157 268 1170 μ
508 1133 554 1160 4-"
607 1123 690 1170 ,ἐδῇ

247 1197 282 1256 .c
507 1172 634 1268 ’κέν

317 1367 486 1432 Cum
508 1367 800 1432 doctoris
831 1366 1128 1431 catholici
1159 1366 1288 1449 duo
1318 1366 1448 1429 sint
1469 1364 1726 1449 iot‘ﬁcia,
1759 1366 2036 1449 alterum
2069 1365 2438 1449 ehristiana
2486 1361 2820 1449 religionis
2846 1367 3149 1433 veritates
3197 1369 3546 1445 illustrare

243 1457 318 1512 ac
352 1449 775 1520 conﬁrmare,
807 1449 1084 1510 alterum
1135 1447 1396 1509 easdem
1426 1448 1508 1508 ab
1535 1447 2013 1526 insurgentium
2038 1525 2043 1526 ί
2068 1446 2514 1507 hareticorum
2544 1446 2874 1508 erroribus
2905 1449 3233 1512 vindicare
3265 1473 3282 1525 ;
3342 1471 3538 1516 nemo

241 1534 549 1610 veterum
580 1534 696 1590 aut
730 1527 1168 1588 recentiorum
1197 1533 1513 1610 utrasque
1543 1525 1758 1603 partes
1791 1525 2079 1604 implevit
2108 1526 2752 1610 feliciusAugustino
2775 1572 2794 1610 ε
2830 1527 2941 1610 qui
2975 1529 3264 1590 omnium
3289 1531 3538 1610 judicio

243 1608 309 1668 id
333 1609 575 1668 merito
603 1612 942 1668 assecutus
991 1611 1109 1676 est,
1143 1609 1215 1665 ut
1244 1606 1608 1683 pracipuus
1661 1622 1738 1666 ac
1793 1623 2080 1665 summus
2135 1605 2436 1667 Ecclesia
2487 1607 2726 1668 Doctor
2777 1606 3147 1668 haberetur.
3208 1605 3537 1675 Hactenus

246 1686 392 1768 ejus
425 1703 630 1765 opera
654 1702 801 1763 qua
826 1684 1186 1768 christiana
1212 1685 1512 1768 dogmata
1547 1685 1877 1762 explicant
1912 1684 2326 1768 exhibuimus
2357 1705 2372 1742 :
2408 1701 2686 1768 nuncea
2716 1703 2860 1768 qua
2908 1686 2985 1768 ad
3024 1686 3374 1749 infidelium
3407 1691 3538 1753 ba-

251 1763 736 1842 reticorumque
763 1764 1274 1825 confutationem
1305 1764 1652 1841 pertinent,
1683 1781 1958 1841 quaque
1989 1763 2257 1842 vulgari
2269 1764 2404 1842 jam
2441 1766 2701 1826 nomine
2732 1763 3053 1827 Polemica
3089 1783 3320 1828 vocare
3350 1771 3537 1831 sole-

252 1864 426 1912 mus,
466 1847 530 1904 in
582 1841 792 1904 tribus
826 1859 972 1920 qua
1022 1847 1270 1922 restant
1317 1843 1752 1903 voluminibus
1785 1841 2306 1920 reprasentanda
2337 1848 2507 1903 sunt.
2542 1844 2702 1904 Nam
2733 1845 2850 1904 etsi
2905 1844 2970 1904 in
3022 1845 3368 1922 prioribus
3410 1849 3538 1911 illis

249 1925 510 2002 scriptis
537 1922 896 2002 aliquando
925 1940 1007 1982 ex
1033 1921 1374 1983 occasione
1401 1927 1774 2001 grassantes
1809 1939 2062 2002 errores
2099 1922 2507 2002 Virisanctus
2541 1925 2976 2002 perstringat;
3014 1921 3143 1984 non
3174 1924 3272 1985 his
3321 1930 3540 1989 tamen

247 2000 569 2082 ejusmodi
631 2000 888 2082 generis
940 2017 1213 2082 operum
1265 2000 1502 2082 scopus
1560 2005 1743 2082 erat,
1777 2001 2037 2082 qualem
2073 2001 2195 2060 sibi
2224 2000 2361 2078 ipse
2394 2002 2458 2061 in
2507 2001 2791 2082 reliquis,
2835 2000 3141 2079 operibus
3175 2007 3535 2082 prOposuit.

250 2079 436 2156 Quod
489 2082 547 2143 si
603 2079 1041 2159 Augustinum
1074 2080 1285 2142 obiter
1332 2080 1401 2140 in
1457 2080 1788 2141 hareticos
1820 2079 2238 2140 disserentem
2275 2083 2454 2142 tanta
2515 2079 2661 2142 cum
2692 2081 3027 2158 voluptate
3081 2079 3356 2144 lectores
3409 2085 3541 2148 huc

250 2178 460 2239 usque
510 2160 986 2240 revolverunti:
1021 2159 1234 2238 longe,
1263 2159 1476 2240 major
1505 2177 1585 2219 ex
1640 2161 2059 2236 sequentibus
2111 2159 2292 2219 libris
2345 2159 2590 2240 fructus
2627 2159 2988 2240 sperandus
3023 2166 3143 2230 est,
3185 2162 3252 2221 in
3299 2164 3536 2240 quibus

247 2237 427 2302 recto
458 2239 688 2301 ordine
712 2255 788 2300 ac
817 2237 1032 2301 dedita
1061 2237 1262 2316 opera
1306 2237 1686 2299 universum
1739 2255 2036 2299 errorum
2096 2256 2331 2314 corpus
2390 2239 2457 2298 in
2503 2237 2857 2316 particulas
2887 2239 3270 2300 discinditur
3297 2237 3374 2303 ac
3403 2243 3541 2305 dis-

251 2321 548 2398 sipatur;
583 2317 1034 2379 hareticorum
1061 2317 1470 2396 antesignani
1499 2321 1662 2398 turni
1675 2317 1955 2398 publicis
1977 2317 2596 2398 concertationibus,
2653 2324 2792 2378 tum
2832 2317 3016 2398 editis
3067 2319 3541 2382 lucubrationi-

250 2396 371 2460 bus
412 2399 772 2461 vincuntur
817 2413 897 2459 ac
941 2401 1490 2476 prosternuntur;
1524 2396 1800 2458 achillea
1844 2396 2122 2476 denique
2152 2413 2228 2457 ac
2265 2397 2576 2473 primaria
2606 2413 2845 2476 eorum
2876 2397 3117 2476 scripta
3166 2397 3234 2458 in
3279 2398 3537 2463 favillas

250 2478 678 2555 rediguntur;
719 2476 883 2539 adeo
910 2475 982 2537 ut
1007 2494 1154 2538 cum
1188 2493 1272 2536 ex
1301 2476 1489 2553 primi
1512 2476 1766 2554 generis
1799 2475 2052 2553 scriptis
2088 2476 2394 2555 Doctoris
2411 2475 2709 2537 catholici
2732 2492 2968 2536 nomen
2998 2475 3025 2549 ,⁷
3049 2477 3224 2554 quod
3254 2480 3540 2540 nonnul-

249 2557 330 2617 lis
367 2554 564 2618 etiam
606 2557 953 2634 pracipuis
1001 2556 1303 2617 Ecclesia
1348 2555 1643 2616 Patribus
1669 2571 2010 2634 commune
2051 2559 2188 2634 est,
2234 2554 3120 2634 retuleritiAugustinus;ex
3164 2556 3265 2616 his
3311 2563 3540 2634 poste-

250 2636 541 2696 rioribus
572 2632 784 2696 unum
808 2632 938 2696 sibi
984 2635 1321 2712 proprium
1347 2679 1362 2706 ,
1411 2650 1545 2711 quo
1595 2633 1847 2693 nullum
1899 2632 2077 2712 aliud
2119 2633 2460 2712 illustrius,
2486 2632 2787 2712 elogium
2822 2649 2863 2695 a
2906 2632 3252 2712 Catholicis
3298 2632 3540 2698 Hiero—

253 2732 457 2793 nymo
487 2718 646 2776 teste
673 2710 1008 2786 meruerit,
1037 2710 1127 2774 ut“
1143 2714 1337 2774 veluti
1374 2710 1538 2774 alter
1580 2710 2372 2793 antiquaiideiconditor
2396 2710 2882 2793 etiamivivens
2927 2718 2990 2793 et
3039 2711 3107 2771 in
3167 2714 3357 2774 terris
3407 2715 3534 2776 de-.

254 2787 420 2872 gens
470 2799 958 2873 agnosceretur.
979 2817 1008 2873 ι(
1027 2793 1234 2854 Macte
1261 2793 1521 2873 virtute,
1554 2813 1583 2848 ιο
1607 2787 1820 2873 inquit
1845 2790 1954 2850 ille
1983 2787 2063 2851 ad
2110 2790 2347 2873 ipsum
2375 2790 2813 2873 Augustinum
2841 2791 3154 2862 scribens,
3191 2813 3221 2847 ‹‹
3270 2793 3343 2873 in
3368 2795 3529 2856 orbe

257 2867 291 2930 ἱ
335 2867 708 2937 celebraris.
739 2872 1054 2935 Catholici
1101 2876 1164 2933 te
1194 2871 1594 2932 conditorem
1635 2869 1921 2947 antiqua
1952 2867 2218 2929 rursum
2266 2867 2412 2929 ﬁdei
2453 2874 2850 2932 venerantur
2876 2873 3070 2948 atque
3107 2871 3534 2950 suspiciunt»

263 2950 518 3030 (Epist.
563 2953 681 3014 195
708 2954 874 3014 inter
893 2950 1439 3030 Augustinianas).

340 2971 346 3008 ι
416 2971 518 3013 ιεῑ.
563 2971 681 3014 ιυῡ
708 2971 874 3014 mter
893 2971 1439 3030 augusumanaS).

340 2971 515 3093 igihil
554 3033 633 3094 ad
671 3031 943 3111 hujusce
974 3030 1232 3111 tituliet
1265 3029 1458 3111 elogii
1486 3026 2111 3111 commendationem
2154 3027 2408 3090 videtur
2434 3027 2623 3111 adjici
2653 3045 2890 3111 posse:
2926 3028 3036 3090 sed
3069 3033 3284 3111 tamen
3311 3030 3538 3092 eodem

261 3112 334 3172 in
365 3112 510 3173 loco
533 3106 970 3190 Hieronymus
997 3109 1235 3190 subdit,
1272 3131 1301 3166 «
1336 3106 1594 3190 signum
1627 3107 1908 3190 majoris
1932 3106 2170 3190 gloria
2199 3125 2367 3181 esse,
2392 3130 2419 3164 ιο
2454 3106 2626 3185 quod
2655 3108 2882 3190 Virum
2919 3110 3406 3190 sanctissimum
3451 3113 3536 3172 ob

261 3191 554 3252 eamdem
580 3186 871 3262 causam,
903 3211 932 3246 «
962 3205 1185 3248 omnes
1213 3186 1496 3248 haretici
1528 3186 2020 3248 detestarentur.
2049 3209 2078 3243 »
2123 3187 2365 3248 Eorum
2407 3204 2564 3250 vero
2593 3187 3047 3252 malevolentia
3090 3193 3155 3249 et
3204 3189 3537 3254 abaliena-

263 3271 356 3330 tio
381 3288 461 3331 eo
485 3287 694 3347 usque
721 3284 1075 3346 progressa
1121 3271 1254 3338 est,
1298 3271 1372 3327 ut
1396 3283 1546 3347 eum
1575 3283 1610 3325 e
1654 3265 1863 3347 medio
1895 3266 2124 3347 tollere
2151 3267 2381 3344 quovis
2415 3267 2761 3347 proposito
2791 3267 3057 3347 pramio
3098 3269 3493 3347 tentaverint
3515 3313 3532 3343 ,

263 3367 388 3409 nec
437 3349 562 3408 sibi
589 3344 701 3426 'adi
723 3344 1017 3426 concepti
1056 3347 1353 3426 capitalis
1409 3345 1538 3406 odii
1589 3345 1924 3426 cumulum
1980 3344 2275 3406 sufﬁcere
2332 3346 2824 3426 pu_tarint,iinisi
2856 3347 3050 3426 etiam
3096 3346 3300 3426 Deum
3331 3348 3538 3409 eidem

262 3428 541 3488 consilio
575 3423 1102 3505 suﬁragariﬁsuis
1134 3423 1399 3487 asseclis
1425 3423 1816 3502 persuadere
1859 3429 2274 3505 conarentur,
2321 3424 2557 3505 quibus
2589 3424 2880 3505 polliceri
2941 3441 3072 3505 non
3109 3425 3530 3500 dubitarunt,

263 3527 299 3564 α
324 3507 544 3568 omnia
575 3502 839 3583 peccata
874 3522 914 3567 a
951 3505 1084 3566 Deo
1145 3504 1586 3566 indubitanter
1636 3521 1780 3564 esse
1807 3502 2194 3583 credendum
2236 3520 2428 3583 posse
2455 3503 2687 3583 dimitti
2737 3504 2826 3565 eis
2872 3505 2985 3582 qui
3040 3504 3162 3564 hoc
3197 3505 3408 3567 facere
3450 3523 3529 3568 ac

264 3608 297 3642 α
332 3581 640 3662 perﬁcere
698 3585 1066 3663 potuissent
1097 3605 1125 3638 »
1162 3583 1459 3664 (Possid.
1502 3583 1570 3643 in
1618 3583 1764 3664 Vita
1808 3581 2166 3664 Augustini,
2203 3581 2338 3664 cep.
2371 3582 2611 3664 9).Sed
2652 3581 2947 3664 miranda
2978 3587 3074 3644 est
3102 3583 3227 3664 hoc
3272 3585 3340 3664 in
3381 3585 3526 3647 loco

263 3661 614 3743 Augustini
645 3661 1028 3737 moderatio,
1061 3661 1233 3740 qudd
1255 3680 1402 3723 cum
1440 3679 1574 3743 non
1605 3661 1818 3722 solum
1856 3661 2126 3743 privatis
2158 3661 2716 3743 criminationibus
2742 3664 2824 3724 ab
2847 3663 3540 3743 adversariisimpete-

263 3740 468 3812 retur,
519 3743 629 3804 sed
668 3748 731 3803 et
769 3746 853 3805 ab
883 3743 974 3803 eis
1015 3746 1417 3819 quareretur
1449 3740 1530 3802 ad
1555 3758 1800 3812 necem,
1837 3741 2124 3817 privatas
2160 3741 2526 3803 inimicitias
2567 3741 2711 3802 illas
2765 3743 2854 3802 ita
2909 3741 3362 3817 aquanimiter
3390 3742 3539 3802 tulit

265 3840 345 3884 ac
374 3821 827 3894 dissimulavit,
867 3826 942 3882 ut
972 3821 1083 3882 vix
1113 3821 1315 3882 ullam
1346 3821 1423 3880 de
1465 3820 1556 3881 eis
1599 3819 1667 3878 in
1713 3820 1848 3880 suis
1880 3819 2426 3896 disputationibus
2470 3820 2693 3880 fecerit
2719 3820 3115 3880 mentionem
3149 3839 3163 3876 :
3195 3837 3315 3880 nec
3349 3820 3538 3897 quid-

263 3919 468 3980 quam
491 3903 654 3962 certi
679 3901 754 3962 de
807 3903 1134 3980 intentata
1165 3899 1464 3980 illi_necis
1491 3898 1984 3980 machinatione
2011 3899 2421 3980 resciremus,
2448 3898 2584 3980 nisi
2613 3897 2945 3980 Possidius
2961 3899 3030 3958 in
3055 3897 3194 3977 ejus
3221 3899 3371 3960 Vita
3396 3917 3537 3959 rem

263 3976 552 4058 posteris
585 3981 1064 4059 consignasset.
1097 3978 1281 4059 Quod
1317 3978 1372 4059 si
1428 3977 1821 4059 quandoque
1851 3976 1949 4059 ad_
1968 3976 2240 4059 injurias
2278 3976 2399 4059 sibi
2443 3977 2654 4038 illatas
2706 3976 2950 4059 aliquid
2985 3976 3304 4059 reponere
3352 3995 3541 4059 coge-

262 4055 512 4138 batur;
550 4059 615 4138 id
661 4055 798 4138 non'
828 4061 1018 4138 justa
1051 4057 1478 4138 indignationi
1533 4073 1664 4117 sua
1719 4055 2101 4138 tribuebat,_
2133 4055 2241 4138 sed
2289 4055 2602 4138 lectorum
2630 4055 2918 4129 utilitati,
2942 4057 3054 4138 qui
3087 4056 3333 4138 iniquis,
3357 4055 3542 4138 ejus—

262 4137 453 4197 modi
519 4133 1070 4198 criminationibus
1111 4154 1151 4198 a
1183 4133 1450 4213 veritate
1484 4141 1751 4212 possent
1779 4134 2033 4195 abduci.
2067 4133 2185 4194 Sed
2218 4151 2408 4194 nemo
2446 4135 2678 4195 melius
2710 4138 2842 4196 tam
2874 4135 3185 4196 moderati
3210 4133 3428 4197 animi
3470 4137 3539 4196 in

265 4217 373 4277 his
405 4216 855 4277 occasionibus
886 4221 1127 4278 statum
1162 4214 1578 4292 expresserit,
1609 4229 1808 4291 quam
1839 4214 2240 4292 Augustinus
2272 4213 2443 4290 ipse,
2478 4213 2662 4291 cujus
2700 4214 2836 4274 hac
2866 4216 3061 4276 verba
3088 4218 3240 4274 sunt
3271 4215 3335 4275 in
3371 4215 3540 4274 libro

267 4300 500 4358 contra
544 4295 926 4356 Petilianum
959 4296 1174 4366 tertio,
1202 4312 1340 4371 cap.
1378 4295 1408 4353 1
1447 4314 1462 4352 :
1495 4315 1523 4349 ‹‹
1555 4293 1690 4371 Ego
1721 4293 1982 4369 quando
2034 4293 2270 4370 cuique
2320 4292 2422 4352 vel
2453 4292 2720 4353 dicendo
2749 4293 2850 4354 vel
2877 4293 3235 4360 scribendo,
3270 4310 3544 4371 reSpon-

268 4395 304 4429 α
337 4373 480 4442 deo,
523 4375 717 4434 etiam
743 4374 1224 4435 contumeliosis
1253 4372 1808 4433 criminationibus
1849 4371 2208 4444 lacessitus,
2241 4375 2555 4448 quantum
2590 4371 2748 4431 mihi
2792 4372 3102 4431 Dominus
3136 4372 3353 4446 donat,
3401 4372 3542 4434 fra-

270 4475 304 4509 α
338 4455 506 4514 natis
537 4459 735 4530 atque
766 4453 1054 4515 contritis
1096 4469 1274 4513 vana
1303 4450 1763 4530 indignationis
1788 4451 2054 4530 aculeis,
2093 4449 2368 4530 auditori
2415 4450 2720 4530 lectorive
2751 4451 3122 4521 consulens,
3155 4469 3286 4511 non
3317 4469 3439 4530 ago
3469 4455 3544 4512 ut

272 4554 303 4586 α
344 4532 587 4593 efﬁciar
613 4529 861 4592 homini
887 4531 1307 4593 conviciando
1343 4529 1663 4608 superior,
1698 4529 1809 4590 sed
1851 4546 2137 4590 errorem
2163 4529 2600 4591 convincendo
2636 4530 2980 4590 salubrior.
3016 4552 3044 4585 »
3077 4531 3151 4589 ln
3183 4530 3281 4590 his
3316 4529 3538 4609 itaque

270 4610 820 4688 disputationibus
866 4630 970 4673 res
1001 4614 1136 4672 tota
1169 4610 1499 4670 rationum
1527 4615 1589 4670 et
1612 4613 2148 4687 argumentorum
2176 4609 2404 4670 validis
2436 4609 2777 4670 momentis
2809 4610 3141 4688 agebatur.
3185 4609 3325 4669 Non
3354 4611 3540 4670 illum

269 4705 314 4750 a
344 4687 678 4767 preposito
709 4688 1101 4751 difﬁcultatis
1127 4706 1324 4766 scopo
1368 4687 1810 4767 conviciorum
1843 4687 2202 4766 propriave
2232 4688 2512 4749 Iasionis
2544 4706 2774 4749 sensus
2820 4687 3130 4749 avocabat
3157 4708 3173 4757 ;
3221 4689 3331 4749 sed
3383 4689 3538 4750 satis

270 4767 395 4829 sibi
449 4766 690 4831 factum
722 4770 1171 4841 existimabat,
1210 4769 1264 4828 si
1298 4768 1398 4828 vel
1429 4766 1674 4848 proprii
1723 4767 1988 4848 honoris
2012 4767 2371 4848 dispendio
2393 4768 2708 4848 Ecclesia
2743 4772 2805 4848 et
2830 4767 3114 4829 veritatis
3143 4767 3294 4846 jura
3325 4767 3543 4848 (quod

268 4863 480 4908 unum
511 4848 634 4908 sibi
673 4849 756 4908 ob
783 4849 1007 4910 oculos
1039 4848 1344 4926 ponebat)
1375 4846 1781 4908 asseruisset.
1809 4847 1884 4906 In
1926 4847 2289 4908 refellendis
2323 4846 2516 4908 etiam
2546 4846 2995 4908 hareticorum
3031 4846 3424 4926 argumentis
3451 4847 3540 4908 ita

269 4944 342 4986 se
369 4929 636 5006 gerebat
664 4927 907 4989 Doctor
945 4931 1232 4999 sanctus,
1279 4933 1352 4986 ut
1381 4943 1513 4986 non
1544 4929 1794 4986 tantum
1822 4926 2330 5006 eorumanimos
2361 4942 2752 5006 exasperare
2796 4943 2993 5004 quam
3044 4927 3323 4988 maxime
3359 4943 3547 5006 cave-v

268 5004 411 5076 ret';
445 5005 556 5066 sed
583 5007 779 5066 etiam
803 5051 819 5080 ,
866 5013 1184 5084 quantum
1216 5006 1283 5064 in
1312 5006 1452 5082 ipso
1489 5010 1650 5075 erat,
1683 5022 1794 5066 eos
1825 5005 1901 5066 ad
1937 5005 2222 5080 veritatis
2254 5005 2650 5082 agnitionem
2679 5005 3084 5066 mollioribus
3115 5010 3177 5066 et
3203 5004 3545 5084 humanio-

265 5085 452 5145 ribus
508 5086 720 5145 verbis
766 5091 829 5145 et
882 5083 1427 5164 appellationibus
1487 5100 1795 5164 revocare
1823 5090 2191 5145 conaretur.
2223 5084 2414 5144 Hunc
2445 5084 2672 5162 agendi
2703 5085 3212 5164 modumstatim
3239 5086 3320 5144 ab
3360 5083 3544 5164 initio

267 5164 831 5244 concertationum
881 5163 1152 5244 suarum
1197 5163 1319 5244 sibi
1370 5163 1746 5244 proposuit,
1795 5164 1887 5244 uti
1924 5165 2060 5241 ipse
2116 5168 2389 5244 testatur
2421 5183 2435 5220 :
2471 5188 2503 5244 «γ
2531 5165 2735 5244 Deum
2769 5163 2992 5244 rogavi
3051 5168 3111 5223 et
3150 5178 3331 5240 rogo,
3363 5167 3434 5244 ut
3478 5163 3544 5222 in

267 5265 300 5297 ε
332 5243 685 5303 refellenda
713 5247 774 5302 et
810 5243 1198 5304 revincenda
1235 5243 1462 5303 haresi
1491 5247 1704 5303 vestra
1730 5287 1746 5316 ,
1791 5243 1893 5304 cui
1923 5248 1986 5303 et
2031 5260 2145 5303 vos
2190 5242 2460 5303 fortasse
2488 5242 2957 5320 imprudentius
3001 5259 3195 5318 quam
3252 5243 3541 5302 malitio~

267 5344 299 5378 α
338 5323 480 5382 sius
530 5322 916 5394 adhasistis,
951 5323 1055 5383 det
1099 5322 1257 5380 mihi
1298 5325 1576 5382 mentem
1625 5327 1922 5398 pacatam
1967 5326 2162 5399 atque
2187 5323 2606 5399 tranquillam
2639 5365 2654 5391 ,
2701 5327 2762 5382 et
2809 5321 3012 5399 magis
3044 5320 3119 5380 de
3145 5325 3361 5381 vestra
3407 5339 3548 5382 cor-

271 5424 301 5455 α
337 5402 653 5470 rectione,
685 5417 882 5478 quam
925 5401 1002 5460 de
1050 5402 1476 5461 subversione
1515 5401 1926 5479 cogitantem.
1959 5402 2346 5478 Quanquam
2404 5402 2576 5461 enim
2627 5401 2938 5461 Dominus
2975 5417 3086 5476 per
3115 5417 3341 5460 servos
3373 5417 3544 5460 suos

273 5503 304 5536 ε
337 5497 542 5558 regna
573 5481 912 5540 subvertat
960 5480 1240 5552 erroris;
1287 5481 1461 5556 ipsos
1511 5481 1727 5558 tamen
1776 5480 2092 5551 homines,
2131 5482 2195 5539 in
2224 5485 2542 5557 quantum
2573 5481 2868 5540 homines
2900 5484 3076 5551 sunt,
3110 5479 3544 5540 emendandos

271 5582 304 5614 α
341 5557 484 5619 esse
515 5559 728 5636 potius
760 5575 960 5636 quam
1009 5557 1364 5636 perdendos
1392 5559 1574 5638 jubet
1606 5557 1688 5636 »'(
1715 5558 1852 5619 Lib.
1903 5568 2126 5619 contra
2171 5559 2533 5638 Epistolam
2567 5557 2924 5624 Manio/tat,
2969 5577 3105 5637 cap.
3159 5559 3189 5616 1
3219 5560 3263 5638 ).
3294 5559 3548 5622 Utinam

268 5638 386 5716 qui
419 5637 564 5699 ﬁdei
602 5638 1080 5716 controversias
1112 5643 1413 5709 tractant,
1447 5636 1672 5698 eodem
1701 5639 1919 5698 animo
1945 5636 2375 5700 ducerentur!
2715 5705 2741 5712 Α

349 5718 486 5778 Etsi
526 5734 725 5798 porro
773 5714 842 5798 i_n
892 5718 1217 5798 omnibus
1245 5717 1586 5798 Augustini
1624 5718 1928 5794 operibus
1967 5735 2217 5780 summa
2248 5719 2385 5798 ejus
2420 5719 2690 5780 facultas
2728 5719 2971 5790 elucet,
3005 5718 3302 5778 nonnihil
3333 5723 3550 5778 tamen

264 5795 541 5876 majoris
579 5795 956 5875 splendoris
986 5796 1316 5858 catholica
1346 5796 1484 5876 ejus
1516 5797 2007 5875 disceptationes
2057 5816 2188 5875 pra
2217 5795 2298 5859 se'
2317 5798 2530 5859 ferunt
2563 5819 2576 5857 :
2615 5803 2687 5858 ut
2714 5798 2781 5860 in
2809 5798 2979 5860 bello
3005 5803 3068 5859 et
3092 5798 3549 5876 praliomagis

267 5875 472 5958 quam
499 5877 564 5938 in
613 5892 778 5954 pace
809 5877 1084 5937 militum
1141 5876 1342 5938 virtus
1377 5875 1710 5956 probatur.
1760 5877 1833 5942 lu
1871 5879 2025 5961 ipsis
2069 5878 2241 5939 enim
2275 5878 2524 5958 scriptis
2552 5878 2648 5944 vis
2698 5885 2762 5941 et
2795 5895 3068 5943 acumen
3095 5875 3336 5956 ingenii
3367 5919 3384 5949 ,
3431 5877 3552 5937 do—

547 5978 781 6042 Sacr.
828 5977 1106 6042 Aoeusr.
1143 5977 1310 6040 Vlll.
1871 6010 1892 6022 -
3202 5977 3394 6069 Uno.)
