4082 6446
534 271 597 327 η
1976 252 2355 310 ΡΞίᾸέἰἋΤίΟ.
3744 274 3814 332 η

539 386 780 459 ctrina,
814 380 1121 468 eruditio,
1151 378 1625 468 Scripturaru‘m
1659 376 1910 468 peritia,
1945 375 2339 468 eloquentia,
2397 375 2741 468 prudentia
2776 381 2851 468 et
2883 379 3233 468 dexteritas
3265 429 3279 459 ,
3334 388 3408 447 ut
3436 386 3503 448 in
3534 391 3801 468 proprio

540 454 923 543 argumcmo
951 463 1169 543 male?
1202 454 1389 543 simul
1425 458 1792 543 θΧΡῙίςξὶῐηρ
1846 454 1996 543 dum
2044 457 2415 543 urgentium
2462 457 2984 520 adversariorum
3023 454 3297 541 impetus
3345 454 3567 529 omnes
3599 454 3801 532 animi

540 536 775 607 nervos
808 543 884 604 ad
916 558 1025 602 eos
1056 536 1466 599 debellandos
1498 536 1782 595 excitant
1812 541 1873 595 et
1900 538 2243 611 proritant.

619 625 917 685 Jamvero
943 618 1249 697 quoniam
1276 618 1466 755 plura
1497 620 1647 674 sunt
1676 616 2017 704 Augustini
2052 614 2369 677 Polemica
2414 616 2749 753 epuscula,
2789 634 2985 694 quam
3025 625 3098 680 ut
3141 623 3207 683 in
3246 642 3450 687 unum
3500 628 3806 690 volumen

623 704 683 755 ei
716 700 1005 755 nossint:
1036 714 1113 755 ea
1142 697 1211 755 in
1241 715 1280 755 n
1310 713 1457 755 ures
1486 698 1688 755 tomos
1721 694 1947 755 partiri
1979 697 2417 755 necessarium
2486 696 2597 755 uit.
2629 697 2706 755 Et
2737 698 2980 755 primus
3014 701 3269 755 (luidem
3305 723 3375 755 ea
3411 723 3553 755 num
3578 708 3806 755 advor—

543 704 684 780 cogi
716 694 1005 780 possim}
1036 714 1113 759 ea
1129 694 1457 780 jnplnres
1486 698 1688 780 iomos
1721 694 1947 780 partiri
1979 697 2417 780 necessarium
2460 694 2597 755 fuit.
2629 697 2706 755 Et
2737 698 2980 780 primus
3014 701 3271 775 quidem
3305 723 3379 765 ea
3411 723 3553 780 qua:
3578 708 3807 768 adver-

543 773 655 841 sus
682 773 1097 849 Manichacus,
1128 773 1671 843 Priscillianistas,
1704 778 1765 831 et
1795 774 2070 833 Arianos
2119 775 2373 836 condita
2416 780 2567 835 sunt
2597 773 3054 852 complectetur
3087 798 3100 835 :
3133 780 3209 840 de
3239 773 3475 852 quiblfs
3510 786 3612 845 hic
3642 788 3808 845 mul-

543 801 655 841 sus
682 801 1097 849 manlcnwus,
1129 801 1671 843 ruscuuuulatds,
1704 801 1765 831 ct
1795 801 2070 833 Λιτιᾱιιυδ
2119 801 2373 836 cuuuuil
2416 801 2567 835 sunt
2597 801 3054 852 CUlllplt'Clellu'
3087 801 3100 835 :
3133 801 3209 840 ue
3285 801 3475 844 uinus
3510 801 3612 845 me
3642 801 3807 845 mul-

541 862 623 921 tis
677 858 932 941 Ρτέθίῖλῖί
981 856 1285 941 Otif’sum.
1330 857 1392 912 et
1439 868 1995 941 ευΡεὲτΥδίξδηεμιη
2055 852 2287 926 fuerit;
2330 872 2477 941 tium
2533 854 2742 941 primo
2796 856 2937 916 loco
2995 875 3139 916 sese
3187 801 3412 941 ogemt
3460 866 3807 941 Augustini

539 930 706 1020 liber
735 938 810 1020 de
836 935 1201 1020 Hieresibus
1221 977 1236 1004 ,
1270 932 1333 991 in
1368 948 1498 1008 quo
1528 930 1863 1019 historiam
1891 932 2125 1005 harum
2176 930 2599 1011 omniumque
2631 933 2965 994 haereseon
2996 939 3378 1015 compendio
3419 930 3808 1020 descriptam
3886 955 3895 1017 ξ

541 1018 748 1079 lector
778 1016 1084 1076 inveniet.
1808 1016 1815 1019 ·
3633 1016 3647 1020 -

622 1096 1126 1158 Manichaeorum
1156 1089 1447 1151 hatresim
1477 1133 1493 1160 ,
1544 1105 1675 1166 qua
1722 1088 2266 1167 deceptusatque
2318 1090 2599 1151 imbutus
2641 1092 2852 1153 fuerat
2882 1093 3281 1167 adolescens,
3335 1099 3549 1158 statim
3592 1116 3631 1161 a
3683 1119 3804 1162 suo

544 1177 862 1253 baptismo
892 1187 1249 1253 aggressus
1268 1172 1365 1228 est
1392 1164 2143 1253 strenuissimuspugibh
2158 1164 2469 1253 quinqui:
2484 1170 2665 1253 libris
2700 1173 2766 1231 in
2798 1188 2911 1253 eos
2946 1172 3153 1253 φαίης,
3189 1164 3423 1252 nempe
3454 1177 3536 1237 de
3570 1179 3805 1253 Libero

544 1246 854 1326 Arbitrio,
898 1246 1005 1310 de'
1023 1247 1250 1310 Genesi
1286 1246 1944 1326 contraiManichaaos,
1980 1246 2056 1326 de
2082 1246 2368 1306 Moribus
2422 1250 2723 1311 Ecclesia:
2758 1251 3089 1312 catholica:
3114 1297 3129 1323 ,
3159 1254 3234 1311 de
3280 1246 3569 1316 Moribus
3598 1248 3806 1319 Mani;

546 1324 896 1401 chasorum,
941 1333 1003 1390 et
1028 1329 1106 1412 de
1132 1328 1303 1412 Yera
1327 1325 1659 1412 Religione
1693 1338 1909 1412 ;_quos_
1924 1324 2087 1412 quia
2122 1325 2571 1412 neophytuset
2606 1329 2890 1412 nondum
2922 1333 3262 1409 presbyter
3307 1338 3701 1412 composuit,
3736 1339 3807 1399 in

544 1412 757 1491 primo
788 1413 987 1491 mmo!
1046 1405 1215 1491 utsin
1256 1408 1448 1491 antea
1482 1402 1790 1491 ’v_ulgat_is_,
1820 1402 2228 1491 reliquimus.
2271 1402 2404 1491 Hes
2437 1405 2634 1491 libros
2671 1402 3381 1491 nom_ine_Pentateuchi
3419 1402 3645 1477 contra
3670 1402 3808 1480 Ma-

548 1480 829 1571 iiicbaeos
856 1485 1149 1571 designat
1177 1484 1486 1544 Paulinus
1523 1483 1590 1571 in
1616 1480 1895 1571 epistola
1914 1480 2017 1571 35
2038 1483 2218 1571 inter
2251 1483 2783 1571 Augustinianas,
2812 1487 3161 1571 laudatque
3191 1490 3254 1551 in
3288 1491 3460 1571 hunc
3489 1496 3745 1556 modum
3787 1518 3804 1555 :

549 1561 577 1627 ἀ
612 1569 665 1651 Ο
694 1571 960 1651 lucerna
989 1561 1176 1644 digne
1203 1579 1400 1651 supra
1427 1561 2472 1651 candelabrum.Ecclesizenpos-ita,
2510 1582 2655 1651 quae
2683 1561 3169 1651 latecatholicis
3204 1570 3471 1631 urbibus
3506 1573 3578 1634 de
3611 1577 3809 1651 septi-

550 1673 579 1709 «
614 1639 1084 1731 formilychno:
1104 1645 1363 1721 pastum
1412 1640 1555 1731 oleo
1587 1640 1836 1731 laetitia)“
1881 1640 2117 1731 lumen‘
2154 1639 2792 1731 effundens,_densa_s
2825 1646 2972 1731 licei
3004 1648 3452 1731 haereticorum
3482 1639 3801 1731 caligines

549 1752 578 1785 «
614 1719 878 1789 discutis
907 1768 922 1795 ,
952 1730 1013 1785 et
1058 1719 1266 1782 lucem
1300 1720 1585 1800 veritatis
1617 1736 1656 1780 a
1682 1719 2059 1800 confusione
2093 1722 2515 1800 tenebrarum
2546 1724 2888 1800 splendore
2918 1726 3178 1787 clarifici
3213 1735 3524 1793 sermonis
3559 1719 3806 1794 enubi-

550 1831 579 1866 «
612 1808 709 1868 las
740 1807 755 1866 ι
792 1827 821 1862 ››
853 1804 1177 1883 Hactenus
1210 1800 1519 1883 i’aulinus
1547 1798 1624 1859 de
1649 1796 2041 1883 _primis_i_llis
2086 1796 2857 1883 iuManichaaos—scriplis
2885 1824 2901 1876 ;
2935 1804 3001 1863 in
3049 1808 3283 1883 quibus
3315 1810 3367 1869 si
3416 1817 3665 1873 tantum
3697 1813 3801 1873 lu-

546 1885 740 1970 minis
788 1879 1273 1970 acusplendoris
1305 1878 1761 1970 deprehendit,
1790 1877 1946 1970 quid
1967 1957 1976 1960 _
1997 1877 2081 1970 de
2116 1879 2259 1939 aliis
2298 1877 2841 1970 subsequentibus
2867 1927 2883 1956 ,
2917 1877 3436 1970 quae-progressu
3486 1894 3793 1970 temporis

547 1964 791 2042 majore
835 1958 1166 2042 diligentia
1195 1964 1258 2021 et
1285 1976 1504 2042 rerum
1536 1975 1661 2018 usu
1702 1958 1784 2042 ab
1813 1958 2176 2042 Augustino
2227 1958 2483 2020 condita
2523 1965 2713 2042 sunt,
2755 1958 3254 2039 exspectandum
3301 1969 3445 2027 est?

625 2036 862 2124 Exshis
896 2036 1174 2124 primum
1202 2037 1373 2115 quod
1419 2040 1784 2124 a_suscepto
1814 2036 2669 2124 sacerdotio_composuit_in
2712 2036 2986 2124 gratiam
3044 2045 3231 2124 amici
3281 2048 3379 2105 sui
3436 2048 3799 2124 Honorati,

548 2123 660 2202 qui
691 2116 1196 2203 Maniclunorum
1247 2116 1575 2203 erronibus
1608 2117 1971 2203 tenebatur,
2027 2116 2103 2176 de
2128 2116 2430 2203 _Utilitate
2460 2116 2754 2203 credendi
2785 2120 3146 2203 inscripsit,
3178 2125 3290 2185 ubi
3320 2125 3418 2186 his
3468 2116 3805 2203 praeclaris.

547 2195 708 2264 usus
742 2205 839 2269 est
867 2198 1103 2269 verbis,
1136 2214 1282 2274 qua:
1311 2196 1376 2279 in
1400 2195 1611 2279 fronte
1633 2196 2100 2279 Polemicorum
2124 2196 2326 2273 ipsius
2360 2214 2628 2279 operum
2651 2198 2940 2279 adhiberi
2972 2195 3320 2263 merentur.
3351 2228 3378 2261 «
3408 2195 3562 2279 Qum
3595 2214 3663 2267 ut
3689 2210 3805 2269 tibi

552 2304 581 2336 ι(
612 2280 865 2359 prosint
888 2281 1050 2360 ,μμ
1074 2280 1247 2337 certe
1280 2275 1441 2360 nihil
1471 2275 1687 2360 obsint
1711 2319 1726 2347 ,
1765 2275 2195 2360 omnibusque
2225 2276 2516 2360 omnino,
2549 2294 2829 2360 quorum
2859 2278 2926 2337 in
2958 2297 3183 2360 manus
3214 2282 3372 2344 forte
3398 2275 3796 2360 devenerint,

553 2382 582 2417 «
614 2353 931 2441 etrogavi
966 2357 1206 2441 Deum:
1239 2358 1303 2441 ct
1342 2371 1501 2433 rogo
1531 2374 1547 2441 ξ
1580 2358 1643 2415 et
1690 2371 1881 2431 spero
1920 2353 2021 2441 ita
2061 2354 2196 2414 fore
2222 2397 2245 2441 ,_
2286 2356 2338 2441 s_i
2388 2357 2734 2441 benemihi
2779 2358 3073 2418 conscius
3111 2378 3275 2431 sum,
3309 2364 3478 2441 quod
3520 2364 3599 2425 ad
3628 2353 3804 2427 hunc

552 2462 581 2495 ‹‹
622 2432 840 2501 stilum
870 2437 982 2516 pio
1009 2438 1071 2516 ct
1099 2433 1385 2516 ofﬁcioso
1432 2432 1681 2516 animo,
1712 2450 1843 2516 non
1877 2433 2035 2516 vani
2075 2432 2353 2516 nominis
2385 2435 2776 2516 appetitione
2812 2442 2927 2516 aut
2974 2432 3801 2516 nugatorize-ostentationis

552 2540 581 2574 «
617 2512 924 2580 δοβρεείῶ
964 2513 1150 2595 (Cap.
1182 2514 1218 2595 _1_
1250 2514 1480 2595 )._Post
1509 2512 1642 2574 haec
1683 2512 1941 2574 eosdem
1973 2513 2358 2595 Manichaeos
2387 2512 2601 2595 denuo
2633 2515 2983 2595 exagitavit
3025 2512 3191 2576 edito
3240 2519 3404 2581 libro
3432 2521 3506 2581 de
3533 2523 3800 2585 Duabus

545 2596 830 2667 Naturis,
858 2591 1135 2678 quarum
1164 2591 1458 2678 dicebant
1486 2608 1682 2678 unam
1709 2592 2270 2678 partem_Dei_e_sse
2297 2636 2326 2678 ,ν
2344 2593 2612 2678 alteram
2641 2593 2717 2678 de
2762 2591 2948 2678 gente
2979 2599 3389 2658 tenebrarum
3424 2620 3437 2658 :
3462 2619 3605 2678 qua:
3634 2603 3806 2661 deli—

546 2678 841 2755 ramenta
875 2670 1231 2755 perspicuis
1259 2675 1321 2731 et
1347 2688 1385 2755 a
1415 2670 1669 2755 lu_mine_
1689 2671 1969 2755 naturali
1998 2670 2207 2755 petitis
2234 2672 2610 2755 rationibus
2630 2673 2721 2755 sic
2760 2670 3084 2755 eludit,_ut
3110 2678 3312 2755 magis
3345 2670 3590 2739 animos
3624 2699 3806 2741 com—

546 2749 895 2827 movendo,
926 2749 1122 2831 quam
1153 2749 1562 2831 disputando,
1595 2749 2001 2831 adversarios
2042 2749 2120 2831 ad
2136 2751 2433 2831 veritatis
2466 2752 2859 2831 agnitionem
2890 2753 3195 2816 reducere
3222 2749 3552 2831 videatur;
3581 2759 3802 2821 dolens

549 2833 810 2913 interim
841 2828 1013 2913 quod
1040 2831 1193 2890 olim
1224 2828 1481 2913 easdem
1507 2828 1807 2913 rationes
1837 2846 1967 2913 non
2001 2828 2419 2913 adhibuisset,
2458 2828 2639 2913 utine
2688 2830 2754 2890 in
2806 2832 3202 2913 pravissimis
3239 2843 3426 2896 sectae
3454 2828 3803 2913 perniciem

547 2907 902 2973 laberetur.
929 2910 1043 2970 His
1099 2924 1293 2986 porro
1325 2907 1697 2987 scriptisﬂet
1725 2908 2029 2987 gravibus
2063 2908 2195 2968 suis
2228 2909 2306 2969 ad
2364 2910 2675 2986 pepulum
2714 2907 3135 2973 conciouibus
3165 2913 3254 2974 ita
3291 2907 3578 2974 omnium
3612 2917 3677 2975 in
3730 2936 3803 2979 se

547 2991 1043 3070 admirationem
1067 2987 1414 3070 excitavit,
1448 2990 1523 3045 ut
1566 2986 1742 3070 illam
1798 2986 2060 3070 causam
2092 2987 2337 3070 salvam
2376 2994 3121 3070 et_sanamreputarent
3163 3010 3408 3063 omnes,
3447 3011 3643 3070 quam
3700 2996 3806 3058 vir

544 3074 741 3132 tanta:
772 3066 1230 3151 moderationis
1259 3070 1329 3151 ei
1354 3064 1765 3151 sinceritatis,
1792 3070 1983 3151 tantae
2004 3065 2310 3151 doctrina;
2326 3068 2797 3151 et‘eioquentiaa
2817 3064 3305 3148 prepugnasset.
3330 3064 3493 3132 Hinc
3515 3077 3609 3132 est
3628 3076 3805 3151 quod

544 3150 672 3228 Hip
720 3166 845 3210 one
874 3147 1130 3209 civitate
1150 3162 1263 3224 per
1284 3145 1710 3206 Fortunatam
1757 3147 2201 3223 presbyterum
2232 3147 2658 3207 manichaaum
2688 3145 2987 3226 magnam
3034 3145 3277 3225 partem
3309 3145 3803 3228 corruptafnon

548 3169 738 3289 mod’o
767 3226 1101 3289 Catholici.
1137 3224 1245 3286 sed
1286 3230 1347 3285 et
1379 3224 1723 3285 Donatistae
1759 3229 2050 3285 sanctum
2080 3225 2419 3285 Doctorem
2472 3227 2549 3285 ad
2581 3227 2976 3289 singularem
3006 3245 3149 3287 cum
3183 3246 3259 3287 eo
3300 3229 3803 3289 disnutationem

548 3224 738 3290 modo
767 3226 1101 3307 Catholici,
1137 3224 1245 3286 sed
1286 3230 1347 3307 et
1379 3224 1723 3307 Donatistae
1759 3229 2050 3307 sanctum
2080 3225 2419 3285 Doctorem
2472 3227 2549 3285 ad
2581 3224 2976 3307 singularem
3006 3224 3149 3287 cum
3183 3246 3259 3287 eo
3300 3224 3803 3307 disputationem

548 3306 981 3387 adduxerint:
1011 3323 1105 3387 e_x_
1149 3321 1280 3381 qua
1328 3304 1417 3365 ita
1479 3302 1852 3387 debilitatus
1906 3308 1968 3364 et
1995 3304 2234 3365 fractus
2266 3306 2529 3387 recessit
2586 3302 3005 3387 Fortunatus,
3039 3311 3111 3366 ut
3149 3307 3287 3387 ejus
3341 3302 3803 3387 pestilentissi—

545 3405 653 3448 mo
698 3385 995 3464 contagio
1028 3384 1477 3466 Hipponenscs
1504 3383 2068 3466 omnesdeinceps
2084 3384 2434 3466 caruerint.
2467 3384 2808 3466 Possidius
2834 3385 3135 3466 describit
3180 3383 3559 3466 prosperum
3594 3389 3804 3452 fortu—

548 3461 921 3543 natumque
935 3481 1308 3543 successum
1338 3461 1622 3543 hujusce;
1654 3462 2015 3543 collationis
2052 3464 2156 3542 (In
2187 3464 2333 3525 Vita
2363 3464 2553 3542 Aug.,
2590 3482 2723 3542 cap.
2756 3464 2845 3543 6),
2879 3464 3063 3542 cujus
3091 3461 3235 3527 acta
3260 3461 3363 3529 hic
3386 3468 3754 3529 referuntur
3780 3490 3796 3529 :

548 3563 632 3606 ex
665 3541 900 3626 quibus
923 3541 2136 3626 discimushomineniloquacissimum
2179 3543 2257 3604 ad
2288 3541 2491 3626 unum
2522 3541 2864 3621 Augustini
2898 3541 3349 3624 argumentum
3383 3547 3400 3626 (
3433 3548 3595 3607 idem
3624 3549 3803 3609 scili-

545 3629 644 3717 cet
673 3621 845 3717 Quod
879 3624 1031 3717 olim
1066 3621 1751 3717 a‘Nebridio‘audierat
1776 3621 1909 3717 [a]‘)
1944 3626 2040 3717 ita
2072 3624 2493 3717 obmn'tuisse,
2536 3627 2889 3717 ut‘capiato
2925 3621 3040 3700 per
3070 3627 3345 3717 speciem
3375 3621 3802 3717 suos‘consu—

543 3700 717 3765 lendi
747 3703 1027 3765 asseclas
1060 3701 1139 3764 ad
1183 3700 1702 3778 respondendum
1739 3700 1947 3777 spatio
1978 3746 1992 3773 ,
2027 3702 2196 3777 turpi
2243 3701 2392 3779 fuga
2428 3719 2505 3761 ex
2535 3704 2694 3762 urbe
2722 3702 3017 3779 Hippone
3042 3748 3057 3775 ,
3086 3700 3324 3765 nedum
3352 3724 3433 3766 ex
3460 3706 3800 3769 collatione

545 3782 870 3862 aufugerit
898 3826 914 3855 ,
955 3797 1292 3863 nunquam
1324 3798 1399 3841 eo
1429 3780 1780 3863 rediturus.
1811 3781 2209 3863 Patrata__hac
2238 3780 2527 3863 victoria,
2569 3782 2903 3863 aliquanto
2936 3789 3080 3860 post
3109 3802 3459 3861 procusum
3502 3791 3597 3847 est
3626 3802 3803 3863 opu—

545 3860 798 3925 sculum
826 3864 1051 3923 contra
1076 3860 1484 3922 Adimantum
1518 3880 1531 3917 :
1566 3877 1696 3937 quo
1726 3861 1793 3919 in
1824 3878 2017 3937 Opere
2048 3860 2295 3920 Veteris
2325 3876 2399 3920 ac
2420 3860 2581 3921 Novi
2611 3862 3003 3922 Testamenti
3028 3860 3171 3924 loca
3218 3864 3407 3924 simul
3435 3860 3801 3926 concilian-

544 3945 677 4081 tun,
711 3940 1070 4080 sati(sﬁ(ique
1100 3938 1616 4079 advillationibus
1647 3956 1810 4017 quas
1848 3958 1928 4000 ex
1968 3939 2124 4000 locis
2157 3939 2282 4000 illis
2337 3944 2659 4002 veterator
2692 3942 2837 4014 iste,
2875 3941 3211 4004 Manichaai
3243 3944 3570 4022 quondam
3600 3944 3803 4005 disci-

544 4036 635 4081 nu
663 4039 739 4081 us
764 4066 780 4081 .
865 4038 899 4080 e
946 4036 1150 4081 uxera
1184 4064 1197 4078 .

591 4036 739 4083 ulus
764 4066 780 4093 ,
823 4036 1197 4081 deduxerat.
3552 4084 3557 4091 '

639 4036 705 4081 Ill
823 4036 1197 4081 deduxerat.

544 4036 799 4162 puldesm
848 4102 913 4159 in
947 4099 1334 4162 Manichaeos
1367 4102 1690 4161 certamen
1729 4103 2109 4179 prosecutus
2138 4101 2233 4158 est
2264 4099 2665 4178 Augustinus
2693 4100 2828 4179 jam
2872 4103 3236 4179 episc0pus,
3270 4084 3617 4162 refellendo
3658 4102 3802 4179 pri—

544 4189 723 4240 mum
775 4179 1109 4240 Manichaai
1144 4178 1494 4256 Epistolam
1524 4223 1539 4250 ,
1594 4177 2035 4257 Fundamenti
2068 4177 2456 4255 appellatam
2487 4224 2503 4252 ,
2554 4182 2622 4239 in
2684 4177 2815 4257 qua
2868 4177 3062 4241 totius
3095 4177 3439 4257 perversae
3498 4177 3804 4241 doctrinae

545 4276 800 4321 summa
834 4259 1305 4331 continebatur,
1349 4259 1411 4318 id
1438 4262 1533 4319 est
1561 4280 1589 4313 «
1622 4257 1925 4318 doctrinae
1952 4256 2235 4329 initium,
2286 4259 2590 4329 medium,
2629 4256 2711 4318 et
2737 4258 2907 4327 ﬁnis,
2950 4282 2976 4314 »
3008 4256 3280 4318 testante
3326 4260 3535 4319 Felice
3590 4259 3805 4319 mani-

545 4339 722 4400 chzeo
752 4337 917 4478 sub.
945 4337 985 4396 2
1032 4338 1104 4398 de
1133 4338 1305 4399 Actis
1351 4356 1487 4398 cum
1516 4338 1728 4398 Felice
1751 4384 1765 4403 ,
1812 4354 1945 4414 cap.
1990 4336 2074 4413 1).
2123 4338 2298 4398 Unde
2334 4344 2511 4399 tanta
2542 4340 2622 4397 ab
2654 4338 2807 4414 ipsis
2853 4338 3220 4399 Manicliaris
3252 4339 3616 4399 reverentia
3665 4340 3804 4399 haec

548 4417 754 4478 enisto
784 4434 822 4478 a
855 4418 1213 4478 legebatur.
1249 4422 1319 4478 ut
1350 4434 1478 4477 non
1504 4417 1630 4477 nisi
1659 4418 1739 4477 ab
1770 4416 2097 4477 inclinatis
2140 4416 2516 4478 disceretur.
2552 4418 2651 4477 Sic
2680 4417 2849 4476 enim
2880 4418 3155 4477 habetur
3186 4418 3288 4478 hic
3316 4418 3496 4478 locus
3530 4419 3597 4477 in
3635 4416 3804 4476 duo-

548 4416 822 4497 epistola
855 4418 1213 4496 legebatur,
1249 4422 1319 4478 ut
1350 4434 1478 4477 non
1504 4417 1630 4477 nisi
1659 4418 1739 4477 ab
1770 4416 2107 4497 inclinatis,
2128 4416 2516 4497 disceretur.
2552 4418 2651 4477 Sic
2680 4417 2849 4476 enim
2880 4418 3155 4477 habetur
3186 4418 3288 4478 hic
3316 4418 3496 4479 locus
3530 4419 3597 4477 in
3635 4416 3804 4476 duo-

550 4496 673 4558 bus
730 4498 1000 4560 vetustis
1064 4497 1542 4575 exemplaribus
1569 4541 1585 4567 ,
1639 4496 2025 4556 «Inclinatis
2079 4496 2444 4557 discebatur
2470 4515 2507 4557 a
2538 4498 2723 4557 nobis
2765 4515 2779 4554 :
2814 4518 2842 4551 »
2876 4497 3131 4558 tametsi
3173 4497 3366 4558 aliam
3398 4496 3799 4575 praetulimus

548 4575 890 4639 lectionem
921 4595 1004 4638 ex
1032 4574 1286 4655 optimae
1316 4580 1483 4637 nota:
1518 4574 1734 4637 codice
1764 4575 2159 4649 Corbeiensi,
2196 4600 2222 4633 ι(
2250 4577 2396 4654 Ipsa
2428 4578 2599 4636 enim
2636 4576 2820 4635 nobis
2852 4576 2962 4636 illo
2994 4580 3281 4654 tempore
3312 4574 3562 4638 miseris
3596 4592 3804 4653 quan-

549 4677 581 4713 α
614 4656 694 4717 do
723 4658 887 4719 lecta
916 4661 1051 4730 est,
1085 4657 1428 4719 illuminati
1455 4656 1827 4736 dicebamur
1863 4673 1903 4717 a
1938 4656 2169 4717 vobis»
2207 4656 2223 4735 (
2253 4656 2390 4717 Lib.
2422 4665 2641 4717 contra
2674 4656 2892 4733 Epist.
2925 4656 3237 4730 Manich.,
3290 4675 3424 4736 cap.
3472 4655 3559 4735 5).

628 4737 725 4797 Ab
750 4736 872 4799 hac
896 4737 1347 4799 lucubratione
1396 4736 1557 4796 forte
1616 4752 1744 4796 non
1774 4735 1865 4797 ita
1906 4736 2153 4812 pridem
2197 4754 2462 4797 manum
2492 4741 2858 4797 removerat
2903 4734 3528 4812 Augustinusfcum
3570 4734 3803 4795 Catho-

545 4814 652 4878 lici
683 4816 857 4878 aliud
894 4816 1098 4877 eidem
1127 4834 1292 4877 onus
1344 4817 1704 4892 imponunt,
1761 4820 1833 4875 ut
1876 4815 2118 4876 scilicet
2167 4816 2587 4893 responderet
2620 4816 2699 4877 ad
2750 4815 2989 4875 librum
3024 4814 3247 4876 Fausti
3298 4815 3803 4877 Manichaeorum

547 4898 831 4974 episc0pi
864 4900 1200 4973 tantopere
1228 4914 1266 4957 a
1293 4895 1426 4956 suis
1454 4894 1775 4971 praedicati
1810 4915 1825 4969 ;
1875 4916 1902 4951 «
1935 4895 2117 4972 cujus
2151 4897 2334 4955 nobis
2368 4896 2704 4967 adventus,
2741 4896 2832 4955 ait
2861 4896 3260 4974 Augustinus
3290 4942 3305 4967 ,
3355 4896 3434 4957 ad
3463 4895 3804 4974 explican-

549 4915 831 4974 episcopi
864 4915 1200 4973 tantopere
1228 4915 1266 4957 a
1293 4915 1426 4956 ειυς
1454 4915 1775 4971 przeuicau
1810 4915 1825 4969 ;
1875 4916 1902 4951 «
1935 4915 2117 4972 cujus
2151 4915 2334 4955 noms
2368 4915 2704 4967 adventus,
2741 4915 2832 4955 all.
2861 4915 2957 4955 Al]
3008 4915 3260 4957 usunus
3290 4942 3305 4967 ,
3355 4915 3434 4957 au
3463 4915 3798 4971 explican-

549 5000 579 5032 ‹‹
610 4976 691 5039 da
728 4976 948 5038 omnia
996 4994 1139 5053 qua:
1173 4992 1292 5036 nos
1351 4976 1717 5045 movebant,
1747 4975 1933 5051 quasi
1982 4974 2057 5035 de
2085 4976 2243 5035 ccelo
2270 4977 2765 5053 promittebatur
2800 4997 2828 5030 »
2864 4915 3028 5053 (Lig.
3063 4975 3134 5035 de
3167 4977 3454 5037 Utilitate
3486 4971 3798 5043 credendi,

556 5074 693 5133 cap.
747 5055 836 5135 8).
895 5052 1136 5135 Verum
1190 5059 1322 5115 tam
1370 5052 1727 5135 magniﬁcis
1786 5054 2120 5131 promissis
2155 5052 2287 5114 non
2345 5057 2507 5116 bene
2554 5052 2887 5133 respondit
2918 5060 3183 5117 eventus
3224 5076 3236 5113 :
3281 5056 3409 5115 imo
3437 5071 3591 5135 vero
3642 5070 3803 5135 con;

545 5130 753 5198 traria
784 5130 957 5197 sorte
985 5134 1221 5194 factum
1274 5136 1369 5194 est
1400 5177 1414 5206 ,
1448 5130 1520 5193 ut
1570 5130 1807 5193 Doctor
1837 5138 2097 5194 sanctus
2135 5135 2322 5211 quasi
2353 5135 2429 5195 de
2473 5136 2631 5195 cmlo
2664 5130 2915 5196 'missus
2948 5136 3178 5195 merito
3207 5134 3564 5195 existimari
3598 5130 3803 5210 possit

543 5213 621 5277 ad
653 5213 1037 5278 revincenda
1069 5217 1429 5273 commenta
1458 5213 1839 5293 ineptissimi
1868 5214 2375 5291 praastigiatoris,
2395 5216 2506 5292 qui
2538 5214 2917 5277 miserandis
2947 5216 3134 5293 nugis
3168 5215 3520 5273 multorum
3550 5213 3799 5293 animos

545 5296 895 5355 seduxerat
923 5314 941 5365 ;
973 5293 1255 5372 maxime
1285 5310 1437 5353 vero
1464 5292 1951 5354 advindicanda
1976 5290 2264 5353 veterum
2295 5290 2816 5355 Patriarcharum
2842 5299 2985 5356 acta
3017 5290 3306 5372 {quibus
3348 5293 3667 5353 infaustus
3696 5290 3801 5372 illc

542 5373 883 5436 hiereticus
917 5372 1134 5433 fucum
1164 5371 1373 5432 facere
1416 5376 1799 5434 tentaverat.
1833 5374 1969 5432 Hoc
1996 5374 2062 5433 in
2091 5391 2286 5450 Opere
2339 5392 2485 5434 cum
2516 5375 2791 5451 apostoli
2828 5376 2979 5434 Jesu
3012 5366 3250 5435 Christi
3288 5391 3522 5433 nomen
3553 5416 3568 5442 ,
3628 5366 3805 5446 quod

540 5452 932 5533 Manichaaus
963 5452 1147 5533 initio
1178 5451 1595 5533 epistularum
1623 5470 1889 5513 suarum
1916 5452 2035 5513 sibi
2074 5454 2416 5525 tribuebat,
2450 5456 2531 5517 ab
2562 5454 2824 5533 indigno
2852 5454 3109 5513 homine
3138 5458 3517 5521 removeret,
3550 5454 3798 5533 tempus

541 5539 784 5593 exorta:
814 5532 1003 5609 hujus
1051 5532 1313 5593 haeresis
1362 5533 1549 5593 nobis
1583 5532 1821 5594 indicat
1869 5533 1985 5593 Vir
2033 5539 2321 5607 sanctus,
2354 5535 2573 5612 aitque
2606 5530 2901 5595 constare
2928 5578 2944 5607 ,
2982 5557 3009 5589 «
3046 5549 3174 5591 non
3205 5533 3413 5592 solum
3440 5534 3588 5612 post
3639 5530 3800 5612 Ter—

541 5635 572 5671 «
602 5606 941 5693 tullianum
976 5656 1001 5693 ,ν
1046 5629 1273 5673 verum
1322 5614 1513 5675 etiam
1568 5618 1712 5692 post
1755 5612 2147 5693 Cyprianum
2206 5606 2372 5676 hanc
2426 5606 2719 5675 hieresim
2770 5606 2967 5693 fuisse
3035 5616 3332 5693 exortam
3367 5634 3394 5667 »
3433 5606 3623 5689 (Lib.
3673 5606 3748 5667 13
3785 5650 3805 5693 ,

536 5708 673 5769 cap.
724 5689 833 5769 li).
880 5690 1047 5752 Huic
1109 5693 1439 5753 sententia:
1515 5689 1868 5758 concordat
1920 5694 2356 5773 Epiphanius,
2416 5694 2527 5775 qui
2566 5693 2887 5773 ejusdem
2945 5692 3204 5755 haeresis
3240 5697 3477 5777 ortum
3538 5691 3805 5755 revocat

600 5793 673 5854 ια)
700 5794 814 5845 Vide
835 5793 1047 5849 confess.
1074 5792 1159 5845 lib.
1183 5795 1230 5858 7,
1260 5806 1365 5855 cap.
1384 5794 1429 5844 2.
