4082 6432
554 334 629 395 is
1240 296 1248 303 ’
1544 324 1916 386 ADMONITIO
1955 323 2021 382 IN
2058 320 2315 381 LIBRUM
2352 320 2442 380 DE
2479 321 2906 381 umesmus.
3289 354 3322 420 τ
3770 330 3839 387 ιθ

630 444 746 508 His
783 462 937 527 ergo
971 445 1227 508 Leviter
1255 443 1546 527 delibatis
1573 488 1589 516 ,
1620 444 1954 527 Lectorem
1983 441 2063 527 ad
2093 441 2613 527 subjecta_0pera
2660 440 3093 527 pervolvenda
3140 441 3556 527 festinantem
3594 442 3840 509 diutius

551 523 675 588 hoc
711 527 777 586 in
812 520 1031 587 limine
1083 526 1394 587 remorari
1428 522 1602 583 nefas
1632 522 1945 581 ducimus.
1997 523 2215 600 Longe
2253 520 2537 598 profecto
2581 520 2928 599 jucundius
2976 523 3097 581 erit
3137 523 3456 600 inspicere
3504 526 3840 587 hiereseon

552 607 958 669 eversionem
980 607 1134 665 Jesu
1160 604 1393 665 Christi
1431 604 1669 663 virtute
1704 602 1784 662 ab
1815 602 2179 681 Augustino
2214 600 2475 671 factam;
2515 600 2589 661 de
2625 616 2755 681 qua
2785 601 2968 681 nobis
2992 602 3048 660 id
3083 601 3293 663 dicere
3327 603 3540 673 liceat,
3574 606 3744 681 quod
3768 607 3837 666 in

554 703 857 748 sermone
888 685 965 745 de
996 685 1398 763 Cataclysmo
1419 682 1736 763 scriptum
1759 680 2031 757 legitur:
2067 704 2094 736 «
2130 681 2202 740 In
2232 681 2341 739 illo
2360 681 2619 763 populo,
2648 680 2897 763 fratres,
2924 680 2988 763 in
3021 686 3151 763 quo
3179 680 3720 763 multamiracula
3748 684 3842 745 fa-

556 787 586 822 «
637 766 847 825 ciebat
896 765 1152 843 Moyses
1200 758 1641 843 pervirgam,
1697 765 2209 843 exsurrexerunt
2257 760 2428 843 magi
2476 759 2866 843 Pharaonis,
2926 758 3232 843 facientes
3291 768 3353 821 et
3387 762 3844 843 ipsiprodigia

555 864 587 900 α
641 847 865 904 contra
900 837 1219 904 famulum
1242 840 1354 900 Dei
1386 837 1675 918 MOysen.
1705 838 1820 897 Sed
1848 838 1928 899 ad
1950 839 2069 900 hoc
2092 837 2385 918 quaedam
2408 840 2569 898 mira
2606 837 2813 918 facere
2841 838 3135 915 permissi
3155 846 3328 909 sunt,
3363 837 3435 899 ut
3458 837 3826 918 mirabilius

456 950 459 951 ν
555 942 587 981 ε(
638 922 1071 983 vincerentur.
1126 919 1296 995 Magi
1342 908 1697 982 Pharaonis
1749 918 1903 995 quid
1948 908 2131 978 aliud.
2167 917 2637 995 signiﬁcabant,
2678 917 2799 976 nisi
2841 908 3071 977 omnes
3110 908 3444 979 haereticos
3500 908 3837 982 ministros

553 1022 585 1059 κ
632 1001 894 1072 diaboli,
925 1003 1037 1078 qui
1066 1001 1185 1060 sub
1222 998 1483 1058 nomine
1514 997 1748 1058 Christi
1779 997 2089 1057 devorare
2120 998 2387 1073 cupiunt
2417 997 2725 1078 p0pulum
2753 996 2989 1078 Christi
3013 998 3040 1055 ?
3062 996 3320 1078 scatent
3351 1016 3527 1059 nunc
3553 1000 3831 1061 hmreses

551 1102 583 1139 ‹‹
630 1081 697 1140 in
738 1081 905 1141 hanc
938 1075 1175 1141 terram
1200 1123 1215 1149 ,
1254 1083 1565 1155 tanquam
1612 1081 1941 1152 serpentes
1986 1092 2360 1156 magorum,
2388 1093 2577 1156 quos
2612 1075 2951 1156 devoravit
2979 1081 3061 1156 get
3086 1075 3355 1137 devorat
3408 1078 3516 1137 ille
3565 1097 3835 1156 serpens

549 1181 582 1217 α
629 1161 950 1221 exaltatus
981 1158 1047 1217 in
1088 1157 1366 1236 ligno....
1410 1156 1556 1215 Fuit
1591 1156 1719 1236 hic1
1755 1154 2137 1236 utinostrisj,
2189 1155 2624 1236 dilectissimi,
2660 1154 3258 1236 vipereadoctrina
3304 1154 3837 1218 Donatistarum:

549 1260 583 1298 α
633 1238 909 1299 contrita
944 1242 1062 1308 est,
1095 1233 1475 1312 consumpta
1502 1239 1621 1295 est.
1656 1234 1807 1294 Mox
1840 1233 2474 1295 Maximianistarum
2506 1234 2879 1311 serpentina
2917 1233 3094 1295 fraus
3130 1235 3477 1311 pullulavit
3506 1255 3520 1295 :
3556 1238 3838 1300 contrita

549 1340 581 1376 α
629 1322 746 1387 est,
781 1320 1163 1392 consumpta
1191 1320 1307 1375 est.
1340 1314 1845 1375 Manichaeorum
1878 1330 2198 1375 venenum
2226 1313 2464 1389 aspidis
2497 1315 2915 1389 subrepserat
2947 1333 2961 1372 :
2992 1314 3342 1375 contritum
3381 1320 3499 1385 est,
3526 1333 3843 1377 consum—

549 1418 581 1455 α
628 1402 806 1473 ptum
835 1400 952 1456 est.
983 1394 1473 1472 Pelagianorum
1512 1410 1753 1473 novum
1798 1393 2028 1470 dogma
2055 1409 2094 1454 a
2138 1392 2448 1473 ministris
2492 1392 2763 1473 diaboli,
2812 1397 3127 1470 tanquam
3170 1410 3209 1473 a
3244 1394 3446 1472 magis
3478 1394 3837 1457 Pharaonis

548 1498 579 1534 α
629 1471 1000 1546 excitatum,
1037 1471 1158 1533 illi’
1186 1480 1409 1532 nostro
1448 1472 1734 1549 serpenti
1780 1478 2110 1533 certamen
2164 1471 2405 1531 indixit
2439 1491 2453 1529 :
2490 1472 2879 1542 conteritur,
2909 1471 3416 1533 consumitur”;
3448 1474 3612 1534 Ecce
3650 1474 3838 1535 nobis

547 1576 580 1613 σί
624 1570 793 1615 unus
819 1554 1047 1632 anguis
1082 1552 1383 1623 Arianus,
1409 1552 1561 1611 olim
1592 1556 1908 1632 mortuus,
1935 1552 2314 1632 insultat
2346 1549 2507 1632 redi,
2523 1550 2777 1630 Moyses
2807 1557 3056 1621 noster;
3085 1550 3225 1632 redi
3248 1551 3423 1630 virga
3455 1572 3471 1624 ;
3497 1551 3662 1632 redi,
3696 1571 3842 1614 ser-

556 1657 587 1693 «
633 1649 791 1711 pens
845 1630 1135 1704 Christe;
1194 1636 1455 1711 contere
1508 1636 1700 1708 caput
1726 1630 2116 1711 draconum,
2149 1631 2249 1691 dic
2274 1630 2428 1711 quid
2461 1630 2547 1691 sis
2577 1648 2721 1711 cum
2744 1632 2931 1711 Patre
2965 1650 2978 1687 :
3009 1633 3071 1690 te
3105 1630 3443 1693 audiamus
3475 1631 3836 1706 docentem,

552 1735 584 1773 α
632 1708 765 1773 non
798 1712 1170 1773 hwrelicum
1201 1710 1755 1789 blasphemantem
1780 1732 1809 1767 ››
1851 1710 2037 1789 (Cap.
2061 1708 2123 1785 5,
2151 1718 2297 1770 tom.
2326 1710 2385 1782 6,
2423 1711 2544 1770 col.
2579 1709 2918 1788 696-697).

548 1860 3832 1914 m

1745 1904 1884 1913 .————
1895 1902 2832 1912 ———_——__._——._._.._-—

1662 1995 2716 2129 ADMONITIO

1620 2199 1702 2263 IN
1742 2200 2045 2265 LIBRUM
2086 2202 2192 2264 DE
2234 2202 2718 2265 HIERESIBUS.

2049 2350 2309 2411 aeoeﬁ

629 2484 713 2541 Ad
741 2477 1244 2539 scribendumhunc
1279 2475 1476 2535 librum
1519 2474 1764 2534 hortator
1801 2487 1959 2549 atque
1986 2490 2175 2536 auctor
2212 2480 2510 2553 Augustino
2546 2482 2642 2538 fuit
2667 2483 3067 2552 Quodvultdeus
3096 2485 3353 2542 diaconus
3380 2487 3836 2561 Carthaginensis.

558 2575 641 2633 Eo
666 2582 907 2648 spectant
930 2572 1314 2642 subsequentes
1339 2569 1579 2639 epistola:
1608 2588 1623 2624 :
1653 2569 1822 2640 prima
1846 2570 2200 2635 Quodvultdei
2226 2583 2307 2627 est
2334 2574 2684 2644 Augustinum
2712 2578 2949 2647 rogantis
2978 2587 3037 2632 ut
3063 2579 3327 2633 haeresum
3363 2580 3488 2634 edat
3514 2583 3839 2649 catalogum,

550 2671 796 2742 proprios
844 2668 1144 2737 quibusque
1169 2678 1381 2719 errores
1406 2677 1470 2717 ac
1498 2663 1631 2718 ritus
1656 2663 1842 2733 paucis
1885 2664 2368 2733 complectentem;
2414 2668 2645 2721 secunda
2677 2683 2806 2723 vero
2845 2670 3124 2739 Augustini
3167 2673 3474 2726 excusantis
3500 2674 3681 2743 operis
3704 2673 3842 2727 diffi-

546 2765 796 2820 cultatem
822 2800 841 2827 ,
871 2772 1093 2827 remque
1142 2756 1210 2810 ab
1247 2756 1365 2810 aliis
1391 2763 1647 2810 tentatum
1670 2755 1782 2825 jam
1812 2771 1933 2810 esse
1962 2756 2318 2812 admonentis.
2371 2759 2635 2815 Rescribit
2671 2761 3075 2829 Quodvultdeus
3094 2806 3109 2829 ,
3137 2764 3488 2821 vehementer
3526 2768 3593 2820 ab
3623 2784 3687 2821 eo
3713 2783 3841 2821 con-

548 2856 773 2912 tendens
801 2859 860 2906 ut
880 2851 929 2905 id
957 2864 1149 2903 munus
1175 2846 1416 2916 petitioni
1440 2846 1637 2916 ipsius,
1672 2846 1780 2900 imo
1806 2847 2094 2901 universali
2124 2848 2391 2903 desiderio
2418 2867 2524 2904 non
2572 2851 2818 2921 deneget.
2869 2853 3017 2908 Tunc
3046 2855 3258 2910 demum
3306 2857 3476 2911 victus
3514 2858 3841 2927 Augustinus

547 2949 783 3015 laborem
806 2951 861 2998 et
879 2955 1060 2996 curam
1088 2939 1138 2993 in
1164 2952 1224 2993 se
1249 2937 1437 3007 recipit
1466 2936 1732 2992 scribendi
1756 2938 1824 2994 de
1851 2938 2177 3007 hmresibus,
2210 2941 2334 2995 dum
2366 2958 2458 3010 per
2494 2944 2626 2997 alias
2664 2947 3039 3015 occupationes
3079 2948 3273 3002 licebit.
3306 2948 3457 3003 Nunc
3493 2951 3633 3003 enim
3662 2951 3836 3018 impo-

545 3043 644 3096 sita
669 3039 766 3095 sibi
798 3035 1117 3093 necessitate
1146 3032 1419 3087 refellendi
1444 3031 1710 3086 Julianum
1736 3074 1751 3099 ,
1797 3047 1856 3086 se
1885 3033 2043 3087 etiam
2086 3034 2152 3088 ab
2178 3036 2409 3103 incomta
2438 3038 2816 3106 opusculorum
2855 3055 3071 3094 suorum
3099 3040 3461 3111 recognitione
3487 3041 3683 3111 (quam
3714 3057 3829 3096 rem

547 3132 834 3202 plurimum
864 3126 1217 3181 necessariam
1242 3122 1478 3191 judicat)
1504 3124 1720 3176 avocari
1751 3131 2000 3187 testatur;
2032 3123 2285 3195 additque
2304 3142 2362 3181 se
2393 3126 2551 3197 hujus
2572 3130 2948 3199 recognitionis
2964 3132 3068 3185 duo
3096 3118 3365 3185 volumina
3399 3133 3507 3201 jam
3538 3134 3842 3188 absolvisse

550 3224 850 3281 retractatis
869 3219 1113 3274 omnibus
1139 3215 1285 3271 libris
1310 3216 1439 3270 suis.
1468 3215 1592 3270 llwc
1608 3215 1713 3269 duo
1739 3217 2003 3271 volumina
2026 3218 2238 3272 circiter
2261 3234 2458 3273 annum
2490 3220 2686 3275 Christi
2714 3222 2816 3276 49.7
2840 3223 3069 3292 perfecta
3100 3223 3447 3285 observamus
3470 3225 3520 3276 in
3544 3232 3686 3278 tomo
3718 3226 3833 3294 pri-

553 3334 645 3375 mo
675 3334 688 3370 :
714 3316 905 3385 quibus
927 3308 1352 3380 quandoquidem
1384 3308 1649 3378 posterior
1675 3318 1757 3363 est
1785 3310 1897 3377 ipse
1926 3309 1991 3365 de
2014 3310 2318 3366 Hmresibus
2341 3312 2507 3377 liber.
2533 3313 2599 3367 ad
2623 3330 2820 3368 annum
2845 3315 3059 3369 circiter
3082 3315 3187 3368 428
3224 3316 3559 3369 revocandus
3604 3316 3838 3371 videtur.

553 3409 827 3469 Possidius
854 3408 909 3459 in
935 3404 1173 3459 lndiculo
1191 3442 1206 3468 ,
1229 3417 1348 3472 cap.
1377 3402 1431 3466 5,
1462 3410 1628 3466 notat,
1663 3402 1739 3456 De
1766 3401 2057 3458 Han'esibus
2082 3404 2149 3457 ad

2229 3406 2576 3461 uodvultdeum
2600 3410 2868 3461 diaconum
2891 3449 2906 3474 ,
2936 3410 3282 3479 imperfectum
3310 3426 3456 3480 Opus.
3512 3410 3577 3463 Et
3606 3409 3841 3465 Isidorus

551 3504 621 3558 de
646 3501 782 3554 Viris
808 3495 1132 3557 illustribus,
1159 3508 1279 3562 cap.
1310 3492 1343 3546 9
1368 3533 1382 3554 ,
1417 3491 1720 3558 Primasius,
1751 3493 1941 3563 inqttit,
1970 3494 2239 3564 Africanus
2268 3498 2533 3567 episwpus
2561 3502 2841 3568 composuit
2864 3516 3089 3553 sermone
3117 3500 3418 3554 scholastica
3447 3500 3510 3554 de
3541 3500 3834 3555 eresibus

550 3607 649 3652 tres
680 3595 851 3655 libros,
880 3589 1095 3641 directos
1123 3587 1189 3639 ad
1214 3584 1554 3639 Fortunatum
1579 3587 1893 3655 episcopum,
1924 3588 2183 3657 explicans
2208 3590 2258 3642 in
2288 3590 2359 3644 eis
2383 3591 2518 3658 quod
2544 3591 2665 3645 olim
2687 3590 2750 3644 Β.
2778 3591 3086 3662 Augustinus
3113 3594 3167 3646 in
3205 3594 3332 3647 libro
3364 3593 3638 3649 ereseon
3662 3596 3845 3665 imper-

552 3691 736 3758 fectum
765 3689 923 3733 morte
948 3677 1302 3732 interveniente
1328 3676 1616 3744 reliquerat.
1648 3677 1849 3746 Nempe
1878 3679 2098 3733 alteram
2121 3681 2297 3748 operis
2321 3690 2522 3749 partem
2548 3722 2563 3748 ,
2596 3683 2664 3736 ad
2701 3683 3091 3739 ostendendum
3123 3686 3249 3756 quid
3300 3686 3609 3743 ltmreticum
3657 3687 3833 3752 faciat,

554 3778 833 3851 pollicetur
859 3770 1185 3842 AuguStintts
1208 3769 1258 3823 in
1280 3768 1607 3838 prtefationis
1627 3768 1749 3837 fine,
1775 3786 1933 3841 quam
1966 3781 2165 3840 partem
2196 3782 2365 3827 morte
2386 3782 2688 3842 praeventus
2727 3789 2834 3830 non
2863 3776 3058 3846 attigit.

1645 3952 2183 3985 ’ἡ

2248 3951 2678 3986 εει-ι’·-

2197 3955 2235 3992 Ο

1143 4069 1313 4173 De
1370 4068 1745 4176 eodem
1821 4069 2099 4171 libro
2152 4052 2645 4206 epistolce
2720 4079 3245 4207 quatuor.

1852 4270 2232 4333 EPISTOLA
2284 4271 2561 4337 CCXXI.

719 4422 945 4477 Domino
970 4424 1160 4479 merito
1186 4420 1477 4479 venerabili
1503 4461 1519 4489 ,
1548 4427 1602 4476 et
1620 4432 1743 4474 vere
1768 4416 2075 4473 beatissimo
2096 4417 2233 4489 patri
2259 4418 2568 4473 Aucusrmo
2607 4418 2859 4489 episcopo
2880 4461 2894 4486 ,
2925 4420 3358 4499 Quonvumnsus
3387 4422 3663 4479 diaconus.

633 4558 687 4611 l.
735 4556 833 4612 Diu
858 4559 1094 4628 trepidus
1122 4559 1192 4613 fui
1211 4600 1225 4623 ,
1246 4566 1298 4613 et
1323 4572 1482 4613 ausus
1511 4556 1608 4609 hos
1644 4568 1794 4609 meos
1818 4552 2096 4623 aliquoties
2123 4551 2302 4606 distuli
2336 4570 2347 4605 :
2381 4552 2473 4607 sed
2522 4568 2608 4607 me
2636 4554 3000 4625 principaliter
3025 4598 3039 4622 ,
3089 4568 3145 4612 ut
3174 4558 3278 4614 dici
3307 4560 3507 4615 assolet
3530 4600 3545 4624 .
3585 4560 3840 4614 animavit

557 4645 907 4702 Beatitudinis
937 4658 1040 4704 tua:
1062 4647 1429 4705 benevolentia
1458 4645 1705 4701 omnibus
1730 4642 2069 4713 comprobata
2098 4659 2112 4707 ;
2139 4657 2297 4712 quam
2334 4643 2462 4697 dum
2491 4644 2772 4700 considero
2791 4687 2807 4713 ,
2833 4648 3001 4717 magis
3030 4648 3176 4702 timui
3200 4690 3214 4713 ,
3243 4666 3309 4704 ne
3349 4667 3452 4706 non
3492 4650 3721 4720 petendo
3746 4667 3839 4706 su-

558 4738 755 4810 perbus
774 4780 790 4805 ,
819 4754 923 4795 non
973 4740 1262 4811 quaerendo
1296 4738 1622 4804 desidiosus,
1645 4750 1752 4791 non
1782 4734 2042 4805 pulsando
2070 4736 2217 4805 piger
2263 4750 2294 4789 a
2344 4736 2569 4791 Domino
2590 4737 2878 4807 iudicarer.
2904 4740 3161 4796 Sufficere
3187 4752 3363 4798 autem
3396 4743 3525 4797 mihi
3548 4744 3827 4800 crederem

563 4832 868 4903 huiusmodi
895 4832 1258 4889 tantummodo
1287 4832 1613 4886 voluntatem
1637 4869 1652 4895 ,
1686 4831 1727 4884 si
1760 4828 1988 4883 fructum
2013 4828 2235 4898 adipisci
2265 4843 2374 4883 non
2400 4844 2613 4899 possem
2637 4846 2652 4885 :
2674 4846 2795 4886 cum
2837 4842 3014 4889 autem
3041 4849 3137 4903 pro
3165 4845 3311 4890 certo
3339 4838 3615 4905 noverim,
3643 4839 3839 4893 ostium

561 4924 723 4981 divini
751 4928 1045 4994 sermonis,
1073 4927 1215 4997 quod
1235 4923 1577 4980 Venerationi
1609 4931 1713 4977 tute
1740 4921 1973 4978 ccelestis
1997 4921 2163 4992 gratia
2188 4923 2459 4993 patefecit,
2487 4933 2725 4993 paratam
2773 4941 2895 4983 esse
2933 4937 3167 4983 mentem
3198 4939 3341 4984 tuam
3372 4942 3609 4985 sanctam
3630 4972 3646 4998 ,
3679 4948 3840 5001 quam

559 5017 801 5086 possidet
825 5018 1097 5083 Christus,
1129 5033 1233 5072 non
1270 5017 1442 5071 solum
1484 5016 1688 5070 cunctis
1730 5012 2035 5069 volentibus
2076 5013 2310 5084 pandere
2333 5056 2349 5082 ,
2380 5030 2565 5070 verum
2597 5016 2757 5071 etiam
2780 5020 3084 5076 nolentibus
3105 5062 3120 5088 ,
3152 5030 3211 5076 ut
3241 5024 3458 5080 introire
3506 5041 3610 5079 non
3644 5026 3837 5096 pigeat.

559 5110 917 5177 persuadere;
949 5109 1279 5178 occupationi
1307 5107 1640 5163 Reverentia:
1665 5114 1768 5162 tua:
1794 5104 2129 5176 multiloquio
2154 5107 2425 5176 superﬂuo
2450 5122 2654 5163 moram
2682 5124 2788 5165 non
2837 5110 3025 5167 faciam
3044 5154 3058 5181 ,
3092 5113 3186 5169 sed
3226 5115 3549 5171 desiderium
3586 5120 3840 5174 obsecra-

569 5202 728 5257 tionis
753 5217 886 5256 mea:
914 5201 1146 5256 breviter
1166 5198 1430 5253 indicabo.
1642 5194 1646 5197 Α

629 5294 685 5347 2.
728 5292 1013 5346 Nonnullos
1042 5292 1092 5344 in
1119 5290 1266 5344 clero
1292 5290 1510 5361 hujusce
1530 5290 1688 5345 etiam
1723 5288 2065 5360 amplissimae
2095 5288 2322 5345 civitatis
2349 5304 2466 5345 csse
2508 5291 2812 5361 imperitos,
2844 5310 2910 5350 ex
2944 5311 3031 5351 me
3059 5296 3174 5366 ipso
3204 5297 3431 5367 conjicio
3458 5314 3471 5361 ;
3501 5307 3556 5352 et
3582 5308 3837 5369 quantum

559 5386 809 5441 universo
840 5384 915 5436 illi
949 5382 1120 5436 ordini
1149 5382 1481 5452 profuturum
1514 5382 1582 5436 sit
1609 5381 1748 5451 quod
1776 5391 1966 5450 expeto
1992 5422 2006 5446 ,
2042 5381 2456 5436 considerationi
2481 5382 2787 5439 Sanctitatis
2830 5395 2933 5440 tua:
2975 5386 3363 5442 discutiendum
3392 5389 3575 5444 offero.
3612 5390 3839 5445 Privilc-

564 5478 649 5546 gio
681 5490 905 5542 namque
932 5484 1242 5529 cunctorum
1269 5476 1356 5544 qui
1382 5473 1482 5527 hoc
1510 5473 1576 5527 de
1608 5472 1967 5542 Spiritualibus
1997 5472 2100 5525 tuis
2129 5472 2397 5527 laboribus
2417 5483 2805 5543 promerentur,
2827 5479 2985 5532 etiam
3016 5495 3101 5534 me
3132 5480 3400 5549 indignum
3424 5490 3841 5537 consecuturum

558 5582 677 5621 esse
705 5581 996 5634 prresumo,
1028 5567 1242 5622 domine
1272 5567 1460 5621 merito
1488 5565 1806 5619 venerabilis
1827 5604 1842 5631 ,
1868 5574 1922 5618 et
1949 5579 2073 5619 vere
2100 5564 2403 5618 beatissime
2440 5575 2609 5634 pater.
2655 5568 2851 5622 Precor
2883 5569 3038 5637 igitur
3066 5570 3451 5625 Beatitudinem
3482 5580 3629 5626 tuam
3648 5614 3662 5640 ,
3693 5582 3749 5627 ut
3773 5588 3842 5628 ex

557 5672 665 5726 quo
690 5656 976 5713 christiana
1002 5660 1189 5731 religio
1217 5656 1542 5712 litereditatis
1567 5656 1841 5726 promissa:
1880 5672 2073 5711 nomen
2127 5658 2348 5726 accepit,
2373 5673 2490 5729 quae
2522 5659 2751 5714 haereses
2782 5659 3009 5727 fuerint,
3040 5663 3146 5717 sint
3171 5681 3185 5728 ;
3209 5680 3343 5733 quos
3379 5680 3592 5720 errores
3642 5666 3840 5720 intule-

557 5746 697 5819 rint,
720 5748 981 5819 inferant;
1012 5750 1140 5822 quid
1169 5749 1425 5807 adversus
1442 5747 1767 5825 catholicam
1789 5747 2079 5806 Ecclesiam
2108 5749 2405 5815 senserint,
2436 5751 2699 5816 sentiant,
2725 5750 2789 5806 de
2829 5751 2961 5821 fide,
2994 5753 3060 5809 de
3090 5754 3348 5813 Trinitate
3367 5799 3382 5825 ,
3414 5757 3480 5815 de
3520 5758 3831 5831 Baptismo,
