4082 6456
935 363 999 370 ,ν-

209 403 273 462 17
1173 390 1545 453 ΑΒΜΟΝΙΤΙΟ
1581 388 1647 449 ΙΝ
1684 388 1821 448 ΗΒΕ

1879 389 1940 450 Μ
1969 385 2061 447 DE
2101 385 2532 448 HERESIBUS.
3420 389 3491 454 13

212 517 276 572 de
299 513 617 586 ptenitentia
636 553 654 582 ,
683 510 754 568 de
782 507 1000 566 homine
1019 507 1268 576 Christo,
1291 508 1359 565 de
1401 509 1514 564 Deo
1555 507 1804 576 Christo,
1826 505 1895 563 de
1935 508 2362 576 resurrectione,
2384 505 2454 562 de
2499 503 2650 560 Novo
2689 511 2744 560 et
2779 503 2974 561 Vetere
3017 504 3360 562 Testamento
3384 550 3399 574 ,
3443 515 3500 561 et

215 609 385 667 omnia
418 607 673 674 omnino,
706 604 900 676 quibus
923 619 954 658 a
983 603 1208 659 veritate
1233 601 1587 658 dissentiunt:
1611 616 1732 672 quas
1771 601 1931 656 etiam
1958 599 2290 671 Baptismum
2317 601 2587 668 habeant,
2615 614 2801 670 quasve
2837 614 2946 656 non
2988 599 3253 666 habeant;
3279 608 3334 655 et
3375 609 3499 670 post

212 715 337 774 quas
366 700 636 770 baptizet,
669 711 770 753 nec
796 705 971 750 tamen
999 693 1294 764 rebaptizet
1318 693 1557 748 Ecclesia
1579 735 1594 763 ,
1621 691 1851 764 qualiter
1875 691 2130 763 suscipiat
2155 691 2431 748 venientes
2450 734 2466 761 ,
2495 700 2550 749 et
2567 691 2696 763 quid
2723 691 2946 764 singulis
2976 694 3093 763 iege
3116 733 3131 760 ,
3159 693 3499 760 auctoritate,

211 805 367 865 atque
394 792 610 848 ratione
633 789 991 860 respondeat,
1016 786 1250 859 digneris
1273 801 1566 856 exponere.

280 886 334 940 3.
376 883 493 940 Nec
514 899 604 939 me
635 891 795 937 tantae
815 878 1097 936 Beatitudo
1133 888 1222 932 tua
1265 877 1448 934 credat
1474 877 1685 947 ineptiae
1707 916 1724 944 ,
1751 883 1812 931 ut
1835 891 1942 932 non
1969 874 2246 947 inspiciam
2287 876 2497 946 quantis
2525 885 2582 933 et
2616 892 2774 949 quam
2805 877 3110 949 ingentibus
3146 877 3508 934 voluminibus

216 992 342 1049 opus
366 977 470 1044 sit,
500 985 562 1030 ut
588 974 796 1046 possint
819 973 918 1029 ista
939 971 1180 1028 dissolvi.
1209 969 1410 1026 Verum
1437 968 1539 1024 hoc
1567 984 1666 1040 ego
1695 968 1943 1023 ﬁerimon
1982 977 2210 1040 expeto;
2242 968 2296 1024 id
2327 971 2471 1025 enim
2498 969 2861 1040 multipliciter
2887 971 3082 1028 factum
3111 986 3238 1028 esse
3264 986 3372 1026 non
3398 969 3504 1026 du-
3597 1036 3599 1039 ι

215 1070 321 1124 bito
349 1088 364 1123 :
399 1067 500 1123 sed
528 1067 766 1122 breviter
784 1107 798 1129 ,
821 1065 1106 1136 perstricte
1145 1072 1301 1134 atque
1321 1062 1622 1117 summatim
1642 1102 1659 1130 ,
1692 1071 1747 1117 et
1774 1060 2053 1132 opiniones
2077 1077 2208 1133 rogo
2231 1061 2526 1132 cujuslibet
2543 1062 2762 1119 haeresis
2790 1065 3025 1134 exponi,
3051 1074 3107 1121 et
3147 1064 3276 1136 quid
3315 1073 3506 1120 contra

217 1171 392 1216 teneat
418 1159 665 1215 Ecclesia
687 1157 948 1213 catholica
967 1199 983 1224 ,
1011 1164 1268 1227 quantum
1297 1154 1630 1210 instructioni
1650 1155 1781 1210 satis
1813 1162 1930 1222 est,
1961 1155 2114 1210 subdi
2146 1171 2160 1207 :
2192 1163 2250 1210 ut
2273 1155 2419 1209 velut
2446 1155 2676 1226 quodam
2699 1171 2764 1212 ex
2794 1158 3044 1214 omnibus
3072 1167 3332 1228 concepto
3361 1173 3510 1213 com-

218 1252 505 1308 monitorio
526 1291 543 1316 ,
567 1251 611 1304 si
639 1250 759 1320 quis
782 1249 1016 1318 aliquam
1042 1247 1392 1317 objectionem
1417 1255 1510 1300 aut
1533 1244 1927 1302 convictio‘nem
1956 1247 2192 1312 uberius,
2228 1247 2435 1316 plenius
2475 1261 2540 1302 ac
2567 1247 2775 1318 planius
2800 1263 2959 1305 nosse
2983 1250 3249 1317 voluerit,
3281 1250 3348 1305 ad
3375 1265 3512 1320 opu-

216 1343 351 1397 lenta
379 1350 437 1396 et
486 1340 770 1410 magniﬁca
817 1339 1082 1393 volumina
1127 1337 1552 1400 transmittatur,
1583 1336 1776 1407 quibus
1801 1353 1832 1392 a
1857 1337 2110 1402 diversis,
2143 1346 2198 1392 et
2240 1339 2506 1408 praecipue
2545 1353 2574 1393 a
2600 1340 2954 1396 Veneratione
2991 1350 3077 1396 tua
3105 1342 3158 1397 in
3185 1341 3286 1398 hoc
3331 1342 3511 1412 ipsum

218 1443 427 1490 constat
454 1434 814 1488 elaboratum.
846 1431 1084 1486 Sufﬁciet
1107 1440 1285 1485 autem
1312 1429 1606 1485 admonitio
1633 1429 1757 1484 talis
1777 1471 1794 1497 ,
1824 1439 1882 1483 ut
1919 1438 2046 1500 puto
2065 1471 2080 1497 ,
2125 1429 2298 1486 doctis
2326 1440 2379 1486 et
2413 1431 2703 1502 imperitis,
2734 1433 2922 1488 otiosis
2949 1443 3005 1489 et
3031 1434 3333 1504 occupatis,
3364 1444 3417 1490 et
3442 1435 3513 1491 ad

222 1528 503 1598 cujuslibet
530 1526 729 1597 gradus
757 1525 1108 1580 ministerium
1136 1524 1390 1579 Ecclesia:
1419 1522 1789 1593 undecumque
1817 1523 2074 1593 promotis
2101 1540 2116 1588 ;
2147 1523 2273 1578 dum
2298 1531 2352 1580 et
2394 1524 2482 1579 ille
2509 1524 2600 1595 qui
2648 1527 2811 1580 multa
2855 1525 3012 1598 legit,
3051 1526 3238 1584 eadem
3281 1527 3513 1585 breviter

222 1619 553 1683 recordatur,
585 1628 642 1673 et
676 1616 994 1686 compendio
1025 1617 1240 1686 ignarus
1281 1615 1590 1681 instruitur,
1621 1624 1680 1669 ut
1723 1616 1932 1670 noverit
1954 1615 2080 1685 quid
2113 1623 2326 1684 teneat,
2359 1615 2487 1687 quid
2526 1617 2716 1685 evitet;
2748 1619 2874 1690 quid
2921 1627 3195 1675 aversetur
3220 1635 3288 1676 ne
3315 1620 3511 1691 faciat,

223 1711 353 1782 quid
395 1719 452 1764 ut
480 1709 994 1778 faciatassequatur.
1026 1708 1291 1764 Fortassis
1325 1718 1522 1773 autem,
1554 1707 1600 1762 si
1630 1717 1806 1763 tamen
1830 1709 1970 1779 quod
1997 1708 2226 1764 arbitror
2248 1725 2430 1766 verum
2451 1719 2562 1778 est,
2585 1713 2748 1768 etiam
2789 1712 3045 1770 adversus
3073 1715 3515 1774 calumniantium

224 1804 480 1872 malignas
527 1810 738 1856 mentes
768 1809 823 1855 et
849 1800 1033 1855 dolosa
1057 1800 1196 1854 labia
1227 1815 1362 1870 opus
1390 1800 1490 1855 hoc
1517 1815 1735 1869 parvum
1761 1801 1899 1856 inter
1917 1811 2109 1857 caetera
2139 1801 2360 1858 miriﬁca
2387 1804 2693 1860 testimonio
2741 1821 2958 1863 corona:
3001 1818 3104 1863 tua:
3149 1823 3254 1864 non
3295 1808 3468 1865 deerit
3500 1825 3518 1869 :

228 1903 287 1948 ut
311 1894 505 1962 quibus
535 1899 683 1962 patet
704 1905 923 1961 campus
948 1890 1303 1946 calumniandi
1335 1891 1635 1960 profusior,
1659 1891 1848 1947 validis
1877 1901 1932 1948 et
1977 1908 2046 1949 ex
2090 1894 2236 1948 omni
2277 1904 2426 1964 parte
2470 1896 2738 1954 conclusis
2780 1897 2901 1955 ﬁdei
2941 1899 3196 1956 limitibus
3222 1901 3476 1957 coarctati
3497 1941 3516 1970 ,

233 1986 588 2055 omnibusque
619 1983 857 2038 veritatis
889 1983 1111 2038 telorum
1137 1983 1424 2054 generibus
1445 1983 1753 2040 circumacti
1774 2025 1789 2052 ,
1821 1985 1984 2042 etiam
2007 2000 2115 2043 uno
2143 1986 2457 2045 multiformi
2472 1987 2650 2060 jaculo
2676 2001 2897 2063 repente
2918 1993 3518 2064 prostrati,morticinos

229 2081 438 2150 Spiritus
468 2094 580 2132 non
611 2076 843 2131 audeant
863 2076 1137 2131 anhelare.

294 2173 344 2226 4.
388 2171 563 2225 Video
593 2183 754 2239 quam
798 2181 1057 2223 onerosus
1094 2167 1317 2223 existam
1343 2167 1564 2224 meliora
1593 2168 1845 2241 cogitanti
1868 2209 1884 2237 ,
1909 2177 1964 2226 et
1986 2169 2288 2243 disponenti
2312 2173 2518 2245 majora
2545 2183 2732 2232 sancto
2753 2176 2903 2244 seni,
2932 2185 2988 2234 et
3006 2179 3252 2249 querelas
3275 2177 3520 2250 corporis

229 2267 527 2322 sustinenti.
554 2266 662 2323 Sed
686 2282 780 2337 per
807 2264 1076 2322 Christum
1101 2265 1383 2319 Dominum
1411 2279 1541 2336 rogo
1559 2307 1573 2330 ,
1615 2265 1706 2335 qui
1737 2275 1792 2322 te
1818 2266 2134 2338 participem
2168 2269 2444 2339 sapientia:
2469 2284 2580 2324 suae
2607 2269 2724 2326 sine
2751 2271 2946 2327 invidia
2973 2286 3098 2328 esse
3127 2273 3392 2329 concessit
3416 2315 3432 2341 ,
3462 2280 3522 2330 ut

231 2359 359 2415 banc
385 2360 620 2430 gratiam
641 2358 812 2415 dones
837 2357 1064 2414 indoctis
1087 2357 1361 2425 Ecclesiae,
1391 2358 1480 2428 qui
1513 2367 1565 2414 te
1593 2359 1840 2431 agnoscis
1863 2359 2191 2429 sapientibus
2218 2370 2377 2433 atque
2411 2362 2784 2434 insipientibus
2806 2363 3103 2420 debitorem
3127 2365 3304 2437 (Rom.
3335 2383 3374 2433 t,
3403 2365 3519 2438 14),

231 2453 412 2508 merito
437 2467 505 2507 ac
525 2452 652 2523 jure
676 2451 914 2508 dicturus
940 2468 954 2504 :
989 2449 1163 2504 Videte
1182 2453 1423 2521 quoniam
1448 2466 1551 2504 non
1578 2451 1702 2504 milii
1721 2451 1818 2505 soli
1847 2450 2092 2519 laboravi,
2116 2453 2207 2508 sed
2233 2454 2461 2510 omnibus
2477 2455 2848 2512 mairentibus
2875 2457 3132 2513 veritatem
3155 2457 3344 2529 (Eccli.
3363 2472 3520 2524 xxiv,

230 2545 322 2610 47,
347 2552 393 2597 et
413 2559 614 2608 xxxm,
649 2541 766 2613 18).
813 2541 967 2596 Potui
994 2539 1170 2596 adhuc
1197 2539 1393 2597 offerre
1417 2540 1688 2611 supplices
1717 2548 1774 2597 et
1795 2540 2113 2611 multiplices
2139 2558 2346 2615 preces,
2378 2553 2434 2603 et
2453 2559 2664 2604 mecum
2691 2546 3057 2620 imperitorum
3097 2547 3297 2607 classes
3348 2547 3522 2606 adsci-

229 2652 377 2695 scere
402 2653 420 2693 :
449 2635 548 2693 sed
575 2636 748 2692 malui
768 2635 881 2708 jam
900 2635 1086 2694 audire
1112 2635 1400 2704 dictantem
1418 2676 1434 2705 ,
1459 2649 1620 2706 quam
1642 2648 1907 2706 occupare
1928 2635 2214 2707 legentem.

1497 2767 1888 2833 EPISTOLA
1935 2768 2246 2833 CCXXII.
3090 2860 3094 2865 1

832 2911 1192 2972 Dilectissimo
1220 2911 1330 2970 ﬁlio
1359 2923 1413 2970 et
1435 2911 1766 2970 condiacono
1793 2914 2186 2982 Quonvuuneo
2207 2954 2223 2984 ,
2249 2915 2592 2976 Aucusrutos
2619 2901 2924 2993 episcopus.

297 3055 352 3110 1.
389 3054 646 3126 Acceptis
670 3053 865 3109 litteris
888 3053 1176 3110 Charitatis
1204 3061 1307 3109 tua;
1328 3093 1343 3119 ,
1369 3053 1461 3108 ubi
1486 3069 1516 3108 a
1545 3069 1632 3109 me
1658 3053 2034 3109 ardentissimo
2059 3054 2236 3111 studio
2261 3055 2582 3126 postulasti,
2609 3067 2670 3113 ut
2696 3057 2764 3116 de
2789 3058 3039 3116 omnibus
3063 3058 3379 3129 haeresibus,
3401 3076 3525 3134 qua:

231 3155 348 3218 post
373 3143 590 3202 Domini
618 3146 914 3202 Salvatoris
957 3146 1239 3202 adventum
1270 3145 1529 3202 adversus
1576 3147 1694 3214 ejus
1744 3147 2040 3202 doctrinam
2073 3148 2462 3218 pullulaverunt
2481 3191 2498 3216 ,
2529 3149 2726 3222 aliquid
2756 3151 2990 3209 breviter
3014 3153 3338 3222 scriberem;
3363 3170 3526 3226 quam

229 3241 296 3294 sit
335 3239 442 3295 hoc
481 3239 722 3303 difﬁcile,
751 3237 1007 3294 continuo
1025 3247 1234 3308 reperta
1259 3238 1538 3293 occasione
1565 3237 1814 3308 rescripsi
1844 3253 1939 3309 per
1969 3237 2135 3293 ﬁlium
2164 3253 2340 3294 meum
2366 3239 2785 3310 Hipponensium
2811 3243 3119 3313 primarium
3148 3244 3474 3301 Pbilocalum
3503 3259 3522 3301 :

229 3348 351 3388 mox
374 3342 558 3387 autem
590 3332 752 3387 etiam
779 3332 876 3386 ista
904 3331 1081 3385 oblata
1112 3339 1214 3392 est,
1239 3346 1340 3401 qua
1369 3345 1508 3385 nunc
1534 3329 1772 3385 rescribo
1792 3371 1807 3397 ,
1838 3338 1896 3385 et
1917 3330 2152 3386 breviter
2180 3330 2545 3388 difﬁcultatem
2569 3334 2746 3404 operis
2770 3336 2886 3404 ejus
2914 3335 3162 3392 ostendo.

301 3425 358 3479 2.
397 3425 720 3482 Philastrius
746 3424 961 3496 quidam
988 3423 1280 3479 Brixiensis
1307 3423 1588 3494 episcopus
1606 3464 1621 3489 ,
1649 3438 1807 3494 quem
1832 3439 1954 3478 cum
1982 3433 2170 3482 sancto
2210 3425 2495 3481 Ambrosio
2531 3426 2814 3484 Mediolani
2860 3429 3020 3486 etiam
3053 3431 3168 3501 ipse
3193 3430 3337 3499 vidi,
3387 3431 3525 3488 scri-

231 3521 333 3591 psit
357 3520 487 3574 hinc
509 3519 747 3584 librum;
780 3533 880 3575 nec
907 3517 1025 3572 illas
1050 3517 1280 3573 hereses
1309 3516 1721 3587 praetermittens
1741 3557 1756 3582 ,
1803 3532 1925 3587 quae
1947 3517 1999 3572 in
2031 3517 2229 3587 p0pulo
2257 3517 2444 3574 Judmo
2465 3520 2678 3575 fuerunt
2696 3531 2822 3577 ante
2841 3521 3128 3578 adventum
3157 3524 3388 3593 Domini,
3407 3539 3526 3580 eas-

231 3626 333 3681 que
361 3610 560 3681 viginti
600 3618 723 3665 octo
750 3607 1189 3664 commemoravit
1217 3624 1230 3661 :
1260 3615 1316 3662 ct
1343 3616 1463 3676 post
1490 3607 1700 3662 Domini
1747 3607 2040 3662 adventum
2089 3617 2302 3664 centum
2331 3610 2518 3680 viginti
2559 3619 2704 3668 octo.
2733 3612 2959 3683 Scripsit
2987 3615 3114 3671 hinc
3155 3617 3314 3672 etiam
3350 3632 3526 3688 graece

232 3703 516 3772 episcopus
542 3700 770 3773 Cyprius
795 3699 1142 3769 Epiphanius,
1172 3698 1226 3753 in
1252 3698 1492 3754 doctrina
1513 3699 1790 3754 catholicae
1823 3698 1948 3754 ﬁdei
1979 3699 2322 3755 laudabiliter
2342 3700 2644 3759 diﬁ‘amatus
2662 3722 2675 3758 :
2696 3704 2792 3760 sed
2824 3705 2938 3774 ipse
2964 3707 3241 3777 utriusque
3262 3709 3522 3778 temporis

234 3791 471 3848 hereses
493 3793 769 3862 colligens,
794 3792 1060 3862 octoginta
1084 3791 1393 3860 complexus
1421 3799 1521 3845 est.
1551 3790 1684 3846 Cum
1714 3806 1843 3861 ergo
1869 3791 2029 3846 ambo
2055 3790 2105 3845 id
2135 3792 2330 3846 vellent
2359 3792 2536 3848 facere
2559 3795 2700 3864 quod
2727 3810 2757 3848 a
2788 3811 2874 3849 me
2896 3797 3323 3868 petis,quantum
3343 3807 3524 3856 tamen

230 3887 370 3941 inter
389 3901 452 3941 se
480 3886 723 3942 differant
748 3885 815 3941 de
842 3901 1065 3940 numero
1096 3885 1306 3939 interim
1333 3894 1599 3939 sectarum
1618 3926 1632 3950 ,
1667 3883 1816 3938 vides
1844 3901 1859 3938 :
1895 3884 2036 3953 quod
2062 3886 2242 3955 utique
2287 3899 2393 3940 non
2421 3886 2716 3953 evenisset,
2749 3888 2849 3944 nisi
2874 3888 3014 3944 aliud
3041 3890 3132 3944 uni
3153 3906 3340 3946 eorum
3366 3892 3521 3948 vide-

232 3991 388 4034 retur
415 3995 539 4034 esse
561 3979 773 4034 hmresis
792 4021 807 4045 ,
831 3990 884 4034 et
909 3979 1053 4033 aliud
1075 3978 1250 4034 alteri.
1275 3978 1460 4048 Neque
1490 3977 1634 4031 enim
1679 3977 1976 4046 putandum
2029 3987 2111 4032 est
2158 3977 2362 4048 aliquas
2391 3978 2664 4049 ignorasse
2714 3980 3068 4051 Epiphanium
3089 4025 3104 4049 ,
3146 3998 3276 4054 quas
3305 3994 3526 4041 noverat

230 4071 587 4134 Philastrius,
615 4086 730 4125 cum
756 4072 1103 4142 Epiphanium
1135 4071 1290 4141 longe
1321 4069 1606 4124 Philostrio
1664 4068 1958 4124 doctiorem
1987 4069 2378 4136 invenerimus;
2404 4070 2476 4125 ita
2505 4079 2563 4126 ut
2585 4071 2925 4127 Pliilastrium
2947 4074 3124 4143 potius
3153 4073 3332 4130 dicere
3356 4076 3521 4132 debe-

233 4177 425 4216 remus
449 4161 662 4215 latuissc
685 4161 935 4230 plurimas
959 4205 974 4228 ,
1005 4163 1048 4216 si
1082 4172 1187 4216 tam
1230 4161 1412 4229 plures
1437 4169 1582 4214 esset
1605 4160 1692 4214 ille
1717 4159 2028 4230 complexus
2049 4201 2063 4226 ,
2094 4170 2149 4214 et
2188 4161 2288 4216 iste
2315 4163 2611 4231 pauciores.
2653 4163 2760 4219 Sed
2791 4166 2976 4235 procul
3015 4165 3174 4222 dubio
3201 4168 3252 4221 in
3284 4183 3345 4222 ea
3371 4184 3520 4238 qure—

237 4255 411 4307 stione
444 4253 532 4306 ubi
559 4253 879 4322 disceptatur
897 4253 1021 4322 quid
1071 4253 1141 4306 sit
1179 4253 1430 4317 haeresis,
1463 4266 1572 4305 non
1615 4251 1754 4305 idem
1792 4251 2069 4305 videbatur
2097 4250 2390 4318 ambobus;
2417 4261 2471 4307 et
2499 4268 2683 4308 revera
2716 4253 2819 4309 hoc
2863 4255 3083 4310 omnino
3107 4256 3334 4313 deﬁnire
3367 4257 3512 4312 difﬁ-

236 4347 337 4401 cile
366 4355 450 4401 est
480 4363 492 4398 :
525 4356 579 4401 et
606 4347 727 4402 ideo
753 4346 1078 4412 cavendum,
1105 4360 1224 4400 cum
1249 4359 1437 4403 omnes
1464 4345 1515 4397 in
1546 4359 1825 4398 numerum
1855 4343 2096 4413 redigere
2122 4347 2411 4412 conamur,
2441 4360 2508 4399 ne
2536 4347 3004 4415 praetermittamus
3029 4348 3251 4418 aliquas,
3276 4352 3520 4419 quamvis

239 4437 471 4493 haereses
495 4439 639 4505 sint;
668 4447 760 4492 aut
787 4453 1199 4515 annumeremus
1219 4437 1422 4506 aliquas
1442 4477 1457 4503 ,
1489 4451 1611 4490 cum
1639 4435 1872 4490 hcereses
1903 4450 2008 4490 non
2036 4435 2161 4489 sint.
2198 4435 2327 4490 Vide
2355 4451 2484 4506 ergo
2527 4451 2598 4492 ne
2643 4436 2779 4492 forte
2818 4437 3012 4493 librum
3039 4441 3210 4494 sancti
3237 4440 3524 4511 Epiplianii

238 4527 331 4580 tibi
385 4527 598 4582 mittere
650 4528 874 4584 debeam
909 4545 921 4579 :
951 4527 1124 4594 ipsum
1180 4527 1322 4580 enim
1375 4525 1606 4580 arbitror
1634 4525 1919 4579 Pliiiastrio
1965 4525 2170 4580 doctius
2219 4526 2344 4582 hinc
2394 4525 2664 4595 locutum;
2697 4529 2787 4599 qui
2838 4531 3005 4598 possit
3047 4531 3188 4602 apud
3243 4532 3524 4603 Carthagi-

239 4634 358 4674 nem
413 4619 467 4674 in
518 4620 739 4674 latinam
792 4619 1028 4690 linguam
1072 4619 1210 4675 verti
1251 4617 1459 4674 facilius
1514 4627 1673 4688 atque
1724 4617 2055 4673 commodius
2082 4659 2098 4685 ,
2149 4625 2207 4672 ut
2257 4628 2312 4673 tu
2358 4619 2538 4690 potius
2564 4628 2786 4691 praestes
2814 4622 3009 4690 nobis,
3059 4623 3205 4694 quod
3247 4625 3442 4695 quaeris
3489 4639 3523 4678 a

239 4712 414 4767 nobis.
1152 4769 1158 4774 κ

310 4804 363 4858 '5.
391 4802 722 4858 Perlatorem
752 4805 976 4859 multum
1006 4801 1341 4859 commendo.
1365 4801 1732 4858 Subdiaconus
1758 4808 1842 4856 est
1867 4800 1935 4856 de
1959 4810 2140 4856 nostra
2162 4800 2411 4868 dioecesi;
2440 4800 2508 4858 de
2538 4801 2703 4859 fundo
2723 4811 2898 4859 autem
2919 4805 3016 4860 viri
3039 4805 3343 4876 spectabilis
3364 4847 3379 4872 ,
3407 4820 3508 4860 uo-

240 4895 432 4966 bisque
453 4896 753 4951 cbarissimi
775 4897 1006 4952 Oronlii.
1031 4897 1135 4952 Pro
1156 4897 1250 4951 illo
1265 4905 1439 4951 autem
1456 4936 1470 4960 ,
1498 4903 1552 4949 et
1583 4909 1677 4965 pro
1704 4893 1818 4964 ejus
1841 4903 2018 4964 patre,
2040 4909 2070 4948 a
2091 4909 2196 4964 quo
2222 4894 2504 4964 adoptatus
2534 4903 2649 4960 est,
2674 4896 2832 4950 etiam
2860 4895 2926 4950 ad
2951 4897 3124 4967 ipsum
3145 4898 3366 4967 scripsi;
3390 4910 3523 4966 quas
3554 4952 3562 4965 ,
3600 4911 3612 4931 ³

237 4988 442 5044 litteras
469 5004 592 5044 cum
617 4989 804 5060 legerit
833 4990 1120 5044 christiana
1150 4988 1456 5060 Beuignitas
1485 4997 1569 5042 tua
1590 5028 1604 5053 ,
1635 4996 1760 5057 peto
1785 4994 1843 5040 ut
1871 5000 1963 5041 eas
2002 4986 2142 5056 apud
2170 4995 2519 5041 memoratum
2551 4988 2722 5042 virum
2753 4998 2838 5042 tua
2866 4988 3250 5044 intercessione
3269 4988 3523 5057 adjuvare
3592 5012 3602 5017 π

236 5079 493 5151 digneris.
517 5081 638 5136 Misi
665 5065 842 5136 autem
867 5095 986 5136 cum
1015 5082 1104 5136 illo
1131 5081 1290 5136 etiam
1319 5079 1589 5134 hominem
1617 5077 1896 5144 Ecclesize,
1927 5091 1996 5132 ne
2020 5077 2086 5131 ad
2119 5085 2259 5132 tuam
2305 5077 2651 5134 Sanctitatem
2681 5078 2912 5135 difﬁcilis
2957 5079 3007 5135 ei
3047 5089 3190 5135 esset
3225 5093 3472 5134 accessus
3504 5097 3518 5135 :
3583 5106 3594 5130 ε

234 5191 338 5231 non
361 5177 511 5232 enim
537 5193 721 5248 parum
750 5175 818 5232 de
845 5177 938 5231 illo
964 5176 1225 5231 sollicitus
1254 5189 1370 5230 sum
1391 5215 1406 5241 ,
1434 5189 1464 5227 a
1491 5187 1594 5243 qua
1616 5186 1703 5227 me
1729 5169 2084 5226 sollicitudine
2111 5170 2366 5227 Dominus
2385 5214 2401 5240 ,
2431 5179 2489 5226 ut
2512 5187 2670 5242 spero
2688 5214 2701 5236 ,
2731 5187 2827 5243 per
2852 5181 2956 5227 tuac
3006 5171 3276 5227 charitatis
3314 5171 3523 5228 instan-

231 5271 357 5325 tiam
387 5271 656 5328 liberabit.
684 5272 815 5328 Peto
837 5272 996 5327 etiam
1027 5271 1156 5327 mihi
1181 5270 1474 5327 rescribere
1509 5283 1618 5323 non
1636 5267 1905 5339 graveris,
1946 5268 2392 5339 quemadmodum
2431 5270 2502 5326 sit
2541 5272 2594 5326 in
2619 5271 2724 5327 ﬁde
2751 5272 3007 5334 catholica
3034 5271 3121 5325 ille
3147 5269 3510 5330 Theodosius.

236 5379 334 5434 per
350 5381 514 5434 quem
539 5365 814 5420 Mauiclnei
847 5365 1085 5420 nonnulli
1114 5372 1238 5420 sunt
1258 5362 1484 5434 proditi;
1507 5370 1562 5416 et
1591 5360 1690 5432 ipsi
1719 5374 1854 5430 quos
1877 5359 1945 5415 ab
1972 5375 2038 5416 eo
2061 5361 2301 5430 proditos
2317 5404 2332 5430 ,
2365 5371 2610 5433 putamus
2634 5380 2754 5422 esse
2789 5373 3080 5421 correctos.
3110 5361 3166 5424 Si
3195 5362 3322 5436 quid
3355 5365 3518 5419 etiam

236 5453 303 5511 de
329 5456 662 5527 profectione
691 5465 997 5513 sanctorum
1018 5455 1390 5528 episcoporum
1410 5453 1547 5510 forte
1575 5450 1855 5520 audivisti,
1880 5450 1964 5507 fac
1981 5460 2042 5506 ut
2060 5453 2319 5510 noverim.
2341 5455 2451 5512 Deo
2472 5456 2639 5512 vivas.

1496 5586 1886 5654 EPISTOLA
1927 5585 2021 5649 CC
2031 5588 2264 5650 XXIII.

319 5737 552 5795 Domino
590 5740 787 5796 merito
838 5737 1161 5807 venerabili,
1202 5753 1266 5794 ac
1302 5735 1610 5794 beatissimo
1649 5749 1804 5791 sacro
1841 5734 1978 5806 patri
2017 5735 2319 5794 Aucesrmo
2356 5736 2642 5808 episcopo,
2683 5737 3114 5808 Quonvunrnsus
3151 5741 3429 5801 diaconus.

313 5873 371 5932 i.
412 5872 592 5934 Unum
615 5875 836 5951 quidem
863 5872 1196 5934 Reverentia:
1225 5880 1328 5932 tuae
1355 5870 1820 5931 commonitorium
1841 5909 1857 5941 ,
1888 5870 2030 5942 quod
2057 5886 2152 5944 per
2178 5870 2597 5937 ecclesiasticum
2622 5871 2863 5949 dignatus
2887 5890 2946 5937 es
2975 5875 3264 5950 destinare,
3283 5872 3528 5953 suscepi.
