4082 6462
547 390 617 450 η
1496 389 1870 449 ΑυΜοΝιτιο
1904 389 1973 448 lN
2010 382 2265 450 LIBRUM
2305 394 2393 453 ne
2422 376 2864 459 'namesieus.
3738 372 3833 476 ao

547 506 682 561 Nam
710 504 854 577 quod
883 505 1027 575 prius
1054 504 1315 561 directum
1345 519 1464 561 esse
1489 506 1769 563 Beatitudo
1796 516 1885 563 tua
1914 507 2257 581 signiﬁcavit,
2290 528 2385 584 per
2413 516 2584 572 virum
2606 518 2974 577 bonorabilem
3001 521 3363 594 Philocalum,
3396 528 3625 585 necdum
3650 532 3717 588 ad
3746 552 3832 592 me

547 597 809 668 pervenit.
842 597 1036 651 Verum
1064 599 1304 668 quamvis
1327 598 1573 653 conscius
1595 600 1930 669 propriorum
1953 617 2167 673 semper
2195 603 2385 661 fuerim
2412 620 2746 678 peccatorum
2764 653 2779 679 ,
2807 628 2946 668 nunc
2975 623 3149 671 tamen
3171 593 3445 676 evidenter
3470 624 3696 692 agnovi,
3718 593 3846 682 adi}

524 688 801 771 ‘piscendo
848 689 924 744 illi
946 690 1088 759 quod
1116 692 1331 745 exoravi
1362 691 1609 755 muneri,
1662 707 1836 747 meam
1863 693 1961 749 toti
1992 696 2244 753 Ecclesiae
2270 700 2653 770 impedimento
2678 720 2797 761 esse
2819 721 3122 776 personam.
3173 711 3278 767 Sed
3317 688 3537 771 omnino
3585 688 3827 790 con—fido,

546 781 796 849 quoniam
820 781 909 843 qui
934 798 1027 850 per
1054 782 1206 838 Unici
1235 783 1317 837 sui
1343 784 1564 853 gratiam
1590 784 1807 840 humani
1830 791 2040 857 generis
2060 788 2305 860 dignatus
2330 802 2414 848 est
2444 794 2625 851 delere
2650 795 2884 853 facinora
2901 840 2916 865 ,
2943 814 3042 856 nec
3069 817 3185 856 mea
3215 804 3268 858 in
3297 807 3590 875 perniciem
3617 781 3834 867 cuncto;

542 889 663 928 rum
684 874 976 944 praevalere
1006 884 1309 945 permittet,
1329 877 1609 946 potiusque
1634 878 1721 933 ubi
1752 878 2039 935 abundavit
2061 892 2363 950 peccatum,
2396 888 2619 956 gratiam
2648 888 2803 945 faciet
2828 891 3129 949 redundare
3169 874 3344 967 (Rom.
3381 915 3435 964 v,
3465 899 3583 971 20),
3612 902 3834 962 domine

543 975 739 1068 merito
758 974 1111 1068 venerabilis,
1137 974 1533 1068 ac‘beatiss'tnte
1560 986 1728 1045 pater.
1762 976 2139 1034 Difllcultatem
2171 981 2348 1050 operis
2368 1024 2383 1049 ,
2412 984 2555 1054 quod
2580 985 2906 1044 instruendis
2955 990 3367 1061 imperitissimis
3396 994 3549 1052 nobis
3576 1014 3670 1068 per
3691 975 3832 1063 tuam

542 1064 949 1160 beneficentiam
987 1065 1230 1160 praestari
1271 1065 1581 1160 suppliciter
1606 1069 1854 1160 exoravi,
1890 1082 1988 1123 nec
2038 1069 2154 1139 ipse
2200 1071 2455 1141 ignorans
2498 1085 2622 1131 ante
2670 1078 2924 1148 praedixi;
2956 1080 3050 1138 sed
3080 1082 3150 1139 de
3176 1082 3342 1141 divini
3372 1084 3531 1142 fontis
3557 1064 3830 1160 ubertate,

543 1170 705 1225 quam
728 1156 822 1211 tibi
849 1155 1106 1212 Dominus
1131 1155 1332 1221 tribuit,
1362 1156 1539 1210 veraci
1568 1157 1729 1212 corde
1760 1160 2096 1227 praesumpsi.
2180 1184 2181 1187 η

607 1248 667 1344 (ζ.
689 1248 821 1304 Nam
843 1250 943 1344 etsi
974 1250 1288 1305 Pbilastrius
1313 1261 1367 1305 et
1396 1250 1727 1321 Epiphanius
1752 1251 2044 1309 venerandi
2072 1252 2307 1325 episcopi
2334 1258 2441 1314 tale
2488 1261 2685 1329 aliquid
2733 1265 3014 1335 scripsisse
3060 1278 3447 1337 memorantur,
3479 1272 3621 1343 quod
3649 1289 3831 1344 procm

546 1342 710 1397 dubio
736 1358 822 1398 me
844 1343 981 1398 inter
1001 1353 1194 1399 caetera
1217 1384 1232 1409 ,
1252 1345 1359 1397 imo
1390 1344 1526 1398 sicut
1547 1346 1722 1434 omnia
1746 1388 1759 1412 ,
1791 1348 1949 1415 latet;
1976 1365 2080 1405 non
2114 1359 2289 1405 tamen
2314 1350 2547 1407 arbitror
2570 1369 2661 1409 eos
2683 1353 2821 1412 hanc
2840 1373 3023 1415 curam
3038 1360 3473 1434 diligentiamque
3500 1342 3827 1435 adhibuisse,

543 1446 602 1492 ut
626 1437 849 1533 singulis
876 1439 1174 1533 quibusque
1204 1441 1542 1533 Opinionibus
1572 1445 1866 1501 contrarias
1899 1447 2057 1502 etiam
2082 1449 2360 1518 opiniones
2389 1451 2741 1523 adjungerent
2762 1499 2775 1521 ,
2808 1457 3049 1529 ritusque
3079 1459 3440 1531 subjicerent;
3469 1472 3578 1517 tum
3602 1462 3833 1533 denique

541 1543 677 1600 opus
698 1527 825 1584 illud
859 1530 1132 1599 utriusque
1158 1530 1546 1601 qualecumque
1587 1534 1652 1587 sit
1682 1550 1785 1588 non
1820 1536 1979 1593 habet
2008 1538 2249 1595 fortassis
2276 1556 2393 1597 eam
2414 1584 2428 1609 ,
2456 1558 2613 1614 quam
2653 1545 2899 1603 desidero
2944 1527 3277 1607 brevitatem.
3307 1553 3525 1610 Frustra
3553 1556 3709 1609 etiam
3738 1527 3831 1610 ho-

532 1623 705 1701 mini,
737 1626 824 1694 qui
852 1625 1008 1679 latina
1036 1640 1143 1678 non
1165 1624 1379 1691 didicit,
1407 1641 1582 1696 graeca
1613 1627 1853 1683 facundia
1883 1630 2189 1702 delegatur;
2233 1637 2356 1705 quia
2382 1652 2487 1692 non
2514 1652 2614 1708 ego
2641 1640 3014 1697 tantummodo
3038 1645 3316 1699 consilium
3335 1688 3350 1712 ,
3378 1645 3473 1701 sed
3502 1656 3555 1701 et
3580 1649 3831 1706 auxilium

528 1713 829 1786 postulavi.
866 1713 1003 1781 Quid
1029 1723 1207 1769 autem
1229 1714 1641 1772 Venerationem
1668 1728 1808 1773 tuam
1841 1720 1908 1776 de
1931 1722 2279 1794 interpretum
2306 1742 2413 1782 non
2441 1729 2613 1783 solum
2639 1729 2973 1801 diflicultate,
2998 1734 3088 1789 sed
3107 1737 3266 1790 etiam
3295 1737 3617 1795 obscuritate
3642 1740 3831 1795 admo-

541 1821 725 1898 neam,
749 1822 870 1862 cum
894 1808 1010 1877 ipse
1035 1806 1137 1862 hoc
1165 1810 1332 1878 magis
1359 1825 1422 1864 ac
1446 1811 1601 1880 plene
1623 1812 1882 1883 dijudices
1913 1815 1937 1869 ‘?
1962 1817 2183 1873 Accedit
2205 1820 2270 1873 ad
2301 1834 2514 1875 causam
2537 1863 2553 1887 ,
2587 1824 2727 1892 quod
2759 1826 3027 1883 nonnulla:
3054 1828 3215 1883 etiam
3244 1838 3365 1898 post
3390 1830 3605 1885 illorum
3626 1830 3830 1891 obitum

546 1897 783 1954 haereses
808 1900 1095 1955 emersisse
1116 1900 1429 1970 doceantur,
1457 1919 1680 1974 quarum
1713 1908 1910 1963 nullam
1942 1910 2016 1964 illi
2048 1910 2271 1966 fecerint
2296 1916 2645 1971 mentionem.

611 1992 666 2048 5.
693 1991 1050 2060 Quamobrem
1077 1994 1144 2048 ad
1172 1996 1440 2064 peculiare
1471 1998 2058 2070 patrocinium-pictatis
2082 2011 2184 2057 tuae
2205 2005 2486 2075 confugio,
2520 2018 2573 2063 et
2604 2024 2733 2064 voce
2764 2025 2881 2066 mea
2900 2053 2914 2077 ,
2940 2011 3033 2067 sed
3082 2014 3367 2070 universali
3394 2014 3663 2072 desiderio
3682 2056 3697 2083 ,
3732 2031 3829 2086 pa-

538 2091 713 2139 ratum
737 2084 804 2139 ad
832 2086 1254 2142 misericordiam
1302 2100 1701 2145 sacrosanctum
1732 2093 1941 2161 pietatis
1969 2102 2153 2163 peetus
2181 2098 2391 2165 appello
2417 2115 2430 2163 ;
2464 2104 2812 2170 sequestratis
2841 2106 3119 2174 saporibus
3142 2109 3466 2178 peregrinis,
3497 2084 3830 2166 considerato

538 2184 687 2232 textu
705 2180 899 2249 prioris
924 2180 1163 2250 epistolae
1181 2223 1199 2249 ,
1236 2195 1423 2251 panem
1452 2183 1636 2239 Afrum
1659 2225 1674 2252 ,
1702 2200 1859 2255 quem
1887 2196 2067 2242 nostra
2092 2187 2361 2257 provincia
2394 2192 2531 2246 solet
2559 2192 2757 2248 habere
2794 2196 3119 2265 praecipuum
3141 2238 3156 2264 ,
3188 2198 3394 2254 cmlesti
3436 2200 3597 2254 etiam
3636 2215 3829 2257 manna

533 2269 842 2338 conditum,
873 2286 995 2328 sero
1044 2273 1273 2342 pulsanti
1301 2282 1354 2330 et
1376 2274 1571 2330 famem
1600 2276 1823 2345 patienti
1846 2293 1952 2334 non
1974 2279 2225 2351 deneges.
2279 2281 2526 2337 Profecto
2567 2283 2711 2338 enim
2770 2300 2870 2340 nec
2918 2301 3018 2357 ego
3072 2288 3284 2357 pulsare
3334 2290 3557 2345 cessabo
3589 2332 3604 2357 ,
3656 2291 3829 2348 donec

536 2358 653 2432 ipse
678 2363 943 2421 concedas
972 2381 984 2419 :
1014 2372 1072 2421 ut
1097 2365 1238 2437 quod
1275 2382 1383 2423 non
1414 2368 1664 2439 impetrat
1692 2369 2025 2441 privilegium
2048 2411 2064 2438 ,
2096 2371 2188 2427 ubi
2227 2371 2429 2427 nullum
2462 2381 2544 2429 est
2590 2376 2837 2430 meritum
2859 2418 2874 2445 ,
2905 2378 3093 2434 saltem
3144 2378 3410 2436 indefessa
3455 2377 3828 2450 importunitas

532 2462 823 2512 mereatur.

1801 2593 2195 2682 EPISTOLA
2220 2595 2557 2660 CCXXIV.

814 2732 1042 2788 Domino
1071 2733 1350 2789 sinceriter
1374 2733 1750 2799 dilectissimo,
1779 2731 1934 2790 fratri
1958 2743 2015 2790 et
2036 2736 2367 2794 condiacono
2397 2738 2794 2806 Quonvuu‘neo
2816 2780 2831 2807 ,
2878 2741 3215 2797 Aucusrnvus
3242 2741 3543 2811 episcopus.

603 2831 656 2885 1.
686 2830 819 2887 Cum
859 2831 989 2886 mihi
1012 2831 1127 2887 btec
1152 2831 1417 2886 scribendi
1445 2832 1728 2886 offerretur
1754 2816 1965 2887 occasio
1991 2848 2088 2904 per
2113 2834 2489 2891 Fussalensem
2521 2836 2889 2906 presbyterum
2913 2876 2929 2901 ,
2978 2852 3136 2905 quem
3194 2836 3514 2893 commendo
3565 2835 3825 2893 Cbaritati

530 2931 671 2992 tute,
702 2922 946 2983 recensui
989 2923 1268 2993 epistolam
1296 2933 1465 2985 tuam,
1510 2923 1567 2978 in
1593 2936 1694 2993 qua
1738 2924 1906 2993 petis,
1937 2932 1996 2978 ut
2042 2924 2110 2981 de
2136 2924 2462 2991 bmresibus,
2509 2940 2628 2995 quae
2653 2926 2780 2980 oriri
2812 2934 3097 2996 potuerunt
3123 2941 3188 2981 ex
3212 2942 3318 2995 quo
3346 2927 3554 2980 Domini
3581 2927 3631 2979 in
3663 2941 3825 2983 carne

532 3016 764 3072 nuntiari
789 3016 950 3086 coepit
976 3015 1267 3083 adventus,
1313 3016 1511 3085 aliquid
1567 3015 1877 3071 scriberem.
1922 3016 2036 3071 Hoc
2087 3026 2265 3073 autem
2296 3018 2430 3083 feci,
2463 3026 2520 3072 ut
2563 3017 2799 3073 viderem
2847 3026 3023 3072 utrum
3045 3017 3153 3087 jam
3182 3016 3431 3072 deberem
3470 3031 3607 3087 opus
3649 3017 3824 3085 ipsum

532 3098 785 3177 aggredi,
813 3115 866 3162 et
887 3105 1011 3161 inde
1043 3106 1135 3161 tibi
1164 3105 1361 3175 aliquid
1390 3106 1635 3173 mittere;
1664 3106 1753 3161 ubi
1782 3108 2152 3164 considerares
2178 3118 2326 3165 tanto
2352 3122 2474 3165 esse
2498 3108 2796 3174 difficilius,
2828 3095 3029 3179 quanto
3058 3108 3139 3163 vis
3154 3105 3305 3163 efﬁci
3330 3108 3563 3163 brevius.
3606 3107 3712 3163 Sed
3752 3122 3825 3165 ne

529 3198 631 3256 hoc
651 3199 866 3270 quidem
891 3201 1073 3270 potui,
1098 3200 1291 3254 talibus
1321 3200 1463 3253 curis
1490 3201 1987 3270 supervenientibus
2010 3202 2295 3272 impeditus
2315 3244 2330 3272 ,
2363 3217 2396 3258 a
2434 3202 2626 3272 quibus
2652 3202 2870 3257 omnino
2892 3201 3231 3259 dissimulare
3257 3215 3363 3256 non
3414 3214 3627 3270 possem
3654 3219 3667 3257 :
3698 3216 3821 3257 nam

529 3307 618 3349 me
639 3301 693 3347 et
720 3292 785 3348 ab
806 3307 891 3359 eo,
920 3291 1061 3361 quod
1086 3291 1347 3347 habebam
1373 3291 1424 3345 in
1446 3291 1693 3347 manibus
1712 3332 1727 3358 ,
1767 3300 2098 3347 averterunt.

599 3384 655 3439 2.
686 3384 799 3440 Hoc
825 3392 1001 3439 autem
1017 3391 1099 3439 est
1122 3382 1212 3438 ubi
1238 3382 1538 3453 respondeo
1563 3380 1714 3437 libris
1742 3382 1957 3450 Juliani,
1988 3398 2122 3454 quos
2146 3393 2270 3439 octo
2296 3383 2460 3439 edidit
2481 3391 2603 3454 post
2628 3383 2749 3438 illos
2776 3392 3024 3453 quatuor,
3052 3383 3244 3453 quibus
3271 3392 3395 3438 ante
3417 3382 3689 3451 respondi.
3711 3374 3821 3438 Hos

530 3480 671 3533 enim
700 3492 819 3531 cum
849 3475 1032 3530 Romae
1052 3474 1346 3544 accepisset
1371 3474 1536 3529 frater
1557 3471 1799 3546 Alypius,
1825 3475 2064 3530 nondum
2085 3489 2271 3531 omnes
2294 3476 2683 3546 descripserat,
2712 3490 2833 3530 cum
2855 3475 3089 3530 oblatam
3115 3475 3453 3530 occasionem
3482 3475 3650 3549 noluit
3678 3490 3820 3545 prae-

533 3569 693 3625 terire
713 3611 727 3637 ,
759 3584 853 3638 per
872 3582 1030 3639 quam
1062 3566 1191 3621 mibi
1214 3566 1447 3636 quinque
1474 3566 1804 3631 transmisit;
1831 3568 2149 3636 promittens
2174 3567 2309 3621 alios
2335 3574 2442 3622 tres
2462 3567 2568 3621 cito
2597 3582 2655 3622 se
2678 3581 2796 3622 esse
2816 3567 3105 3621 missurum
3126 3607 3141 3633 ,
3173 3574 3227 3621 et
3266 3566 3489 3621 multum
3518 3566 3722 3620 instans
3751 3580 3820 3621 ne

529 3660 855 3731 respondere
876 3658 1164 3715 differrem.
1184 3657 1346 3728 Cujus
1369 3658 1616 3714 instantia
1635 3666 1850 3715 coactus
1870 3675 1987 3714 sum
2009 3659 2283 3715 remissius
2307 3674 2463 3728 agere
2486 3658 2628 3729 quod
2651 3660 2905 3730 agebam;
2933 3668 2988 3713 nt
3006 3660 3154 3729 operi
3181 3659 3390 3729 utrique
3408 3674 3514 3714 non
3535 3658 3816 3724 deessem,

529 3751 619 3806 uni
651 3750 856 3817 diebus,
880 3750 1031 3804 alteri
1054 3748 1319 3815 noctibus,
1346 3747 1558 3818 quando
1578 3748 1707 3803 mihi
1735 3749 1802 3805 ab
1831 3749 1947 3803 aliis
1975 3748 2410 3819 occupationibus
2439 3747 2563 3802 hinc
2588 3757 2745 3818 atque
2770 3747 2897 3804 hinc
2924 3750 3104 3804 venire
3136 3765 3241 3804 non
3267 3748 3647 3804 desistentibns
3689 3762 3814 3817 par-

528 3844 757 3899 ceretur.
788 3841 1021 3912 Agebam
1050 3854 1179 3894 vero
1205 3854 1319 3894 rem
1364 3838 1651 3909 plurimum
1691 3839 2048 3895 necessariam
2079 3855 2093 3892 :
2122 3854 2243 3893 nam
2285 3838 2635 3893 retractabam
2691 3839 2945 3905 opuscula
2990 3854 3141 3905 mea,
3175 3848 3231 3894 et
3280 3839 3324 3893 si
3355 3837 3483 3909 quid
3527 3837 3581 3891 in
3628 3835 3705 3891 cis
3731 3850 3821 3891 me

529 3932 826 3988 oil‘enderet
854 3973 870 4000 ,
900 3930 983 3986 vel
1008 3930 1139 3984 alios
1160 3929 1433 3986 offendere
1457 3941 1669 4001 posset,
1694 3933 1887 4002 partim
1918 3930 2359 4002 reprehendendo
2380 3972 2395 3999 ,
2428 3932 2616 4000 partim
2645 3930 2980 3989 defendendo
3000 3972 3015 4000 ,
3048 3932 3191 4002 quod
3224 3933 3328 4003 legi
3350 3932 3571 3987 deberet
3614 3938 3671 3986 et
3694 3944 3819 4000 pos-

532 4033 649 4093 set,
678 4025 957 4097 operabar.
999 4024 1065 4077 Et
1094 4024 1200 4077 duo
1232 4024 1499 4079 volumina
1523 4025 1634 4095 jam
1656 4025 1989 4081 absolveram
2008 4066 2023 4092 ,
2058 4026 2361 4080 retractatis
2386 4025 2634 4080 omnibus
2661 4025 2811 4081 libris
2841 4027 3005 4092 meis,
3046 4040 3271 4095 quorum
3305 4039 3587 4081 numerum
3615 4023 3819 4080 nescie-

532 4118 654 4175 bam
689 4137 702 4174 :
733 4132 933 4189 eosque
959 4118 1215 4173 ducentos
1244 4118 1454 4189 triginta
1496 4118 1630 4173 duos
1681 4132 1799 4172 esse
1851 4115 2097 4186 cognovi.
2130 4116 2429 4172 Restabant
2456 4117 2731 4185 epistolae,
2773 4116 2968 4172 deinde
3013 4126 3263 4173 tractatus
3315 4118 3633 4187 populares,
3682 4129 3819 4184 quos

529 4210 700 4266 Graeci
726 4210 971 4265 homilias
999 4217 1206 4264 vocant.
1241 4209 1306 4263 Et
1326 4210 1580 4279 plurimas
1597 4209 1706 4279 jam
1729 4208 2072 4278 epistolarum
2100 4208 2333 4278 legeram
2361 4248 2377 4274 ,
2399 4205 2493 4261 sed
2512 4205 2687 4260 adhuc
2716 4206 2849 4261 nihil
2879 4207 3002 4261 inde
3030 4206 3353 4261 dictaveram
3370 4246 3387 4274 ,
3410 4220 3530 4260 cum
3549 4220 3635 4260 me
3652 4205 3815 4260 etiam

532 4301 619 4358 isti
649 4301 842 4358 Juliani
873 4300 995 4355 libri
1024 4314 1286 4370 occupare
1334 4310 1607 4370 coeperant
1631 4341 1645 4367 ,
1700 4315 1926 4370 quorum
1974 4313 2118 4354 nunc
2172 4308 2362 4370 quarto
2407 4296 2733 4369 respondere
2760 4298 2920 4367 coepi.
2950 4297 3174 4363 Quando
3199 4312 3327 4366 ergo
3357 4296 3409 4351 id
3438 4297 3815 4366 eXplicavero,

530 4397 821 4466 quintoque
849 4391 1203 4465 respondero,
1237 4392 1281 4447 si
1312 4400 1418 4447 tres
1456 4408 1562 4447 non
1613 4391 2018 4466 supervenerint
2038 4432 2052 4457 ,
2083 4390 2311 4461 dispono
2337 4390 2404 4462 (si
2434 4390 2576 4444 Deus
2605 4388 2855 4462 voluerit)
2878 4398 2932 4445 et
2958 4388 3100 4459 quod
3141 4389 3316 4459 poscis
3354 4390 3593 4458 incipere
3612 4429 3627 4455 ,
3658 4389 3817 4444 simul

531 4462 694 4558 agens
716 4462 1022 4557 utrumque,
1053 4493 1105 4540 et
1136 4484 1239 4539 hoc
1265 4485 1499 4551 scilicet,
1534 4495 1587 4540 et
1616 4484 1747 4539 illud
1774 4462 1855 4540 de.
1868 4484 2251 4541 retractatione
2276 4482 2656 4554 opusculorum
2681 4496 2923 4538 meorum
2944 4524 2960 4551 ,
2991 4484 3265 4539 nocturnis
3291 4491 3345 4539 et
3373 4482 3579 4538 diurnis
3608 4491 3819 4554 tempo-

532 4581 682 4637 ribus
704 4580 761 4635 in
787 4579 991 4651 singula
1020 4576 1336 4634 distributis.

603 4676 657 4731 ὅ.
692 4674 805 4731 Hoc
828 4674 950 4730 ideo
977 4670 1247 4728 insinuavi
1275 4669 1552 4725 Sanctitati
1582 4678 1715 4736 tum,
1745 4678 1802 4723 ut
1831 4678 2089 4740 quantum
2119 4668 2214 4725 tibi
2238 4667 2563 4723 desiderium
2585 4676 2667 4721 est
2697 4666 2940 4722 sumendi
2962 4666 3104 4737 quod
3122 4667 3318 4738 poscis,
3342 4676 3489 4722 tanto
3508 4666 3818 4737 ﬂagrantius

532 4782 563 4822 a
595 4767 821 4822 Domino
847 4767 975 4822 mihi
1009 4778 1197 4834 poscas
1223 4760 1579 4831 adjutorium,
1603 4777 1709 4831 quo
1738 4763 1967 4816 serviam
1994 4760 2245 4816 laudabili
2274 4759 2449 4814 studio
2476 4768 2587 4825 tuo,
2611 4768 2768 4829 atque
2796 4759 3008 4814 utilitati
3032 4774 3220 4815 eorum
3248 4759 3438 4829 quibus
3457 4757 3509 4813 id
3537 4759 3818 4814 existimas

532 4860 863 4932 profuturum
887 4901 900 4925 ,
934 4858 1147 4914 domine
1176 4856 1453 4909 sinceriter
1480 4854 1826 4911 dilectissime
1846 4855 2034 4911 frater.
2065 4854 2398 4912 Commendo
2425 4855 2618 4910 iterum
2650 4855 2970 4926 perlatorem
3006 4896 3021 4922 ,
3049 4865 3105 4913 et
3129 4857 3400 4927 negotium
3431 4865 3650 4927 propter
3676 4856 3818 4927 quod

522 4964 600 5011 eo
629 4955 890 5024 perrexit;
919 4953 963 5007 si
988 4947 1302 5020 cognoveris
1326 4945 1466 5017 apud
1495 4963 1651 5019 quem
1681 4948 1945 5020 agendum
1969 4950 2070 5017 sit,
2106 4959 2234 5021 peto
2260 4964 2328 5003 ne
2358 4948 2533 5019 pigeat
2555 4948 2827 5017 adjuvare.
2852 4949 2969 5005 Non
2988 4951 3131 5005 enim
3163 4964 3450 5019 possumus
3470 4951 3817 5006 necessitates

534 5047 809 5103 hominum
840 5042 1100 5118 ejusmodi
1128 5038 1405 5107 deserere,
1429 5041 1519 5110 qui
1550 5043 1719 5097 nostri
1744 5059 1851 5099 non
1880 5044 2090 5114 coloni,
2118 5043 2242 5112 sed,
2273 5041 2415 5114 quod
2443 5042 2618 5114 majus
2647 5051 2749 5111 est,
2775 5040 2968 5101 fratres
3002 5051 3149 5114 sunt,
3177 5051 3231 5100 et
3256 5043 3310 5099 in
3336 5042 3591 5099 cbaritate
3616 5041 3814 5100 Christi

533 5141 601 5196 ad
624 5156 807 5197 curam
836 5138 1103 5212 pertinent
1129 5139 1387 5190 nostram.
1414 5132 1526 5190 Deo
1554 5137 1721 5193 vivas.
2076 5159 2102 5169 ο
