  <div class='ocr_page' id='page_1' title='image "/cluster/home/n/w/nwhite01/storage/ocr_20150623/42/hvd.32044015471493/016.png"; bbox 0 0 4082 6424; ppageno 0'>
   <div class='ocr_carea' id='block_1_1' title="bbox 1673 493 2440 503">
    <p class='ocr_par' dir='ltr' id='par_1_1' title="bbox 1673 493 2440 503">
     <span class='ocr_line' id='line_1_1' title="bbox 1673 493 2440 503; baseline -0.001 0"><span class='ocrx_word' id='word_1_1' title='bbox 1673 494 1932 503; x_wconf 59' lang='lat'><strong>___——————</strong></span> <span class='ocrx_word' id='word_1_2' title='bbox 1951 493 2440 503; x_wconf 69' lang='lat'><strong>——_.-.-—_-————---—-—-</strong></span> 
     </span>
    </p>
   </div>
   <div class='ocr_carea' id='block_1_2' title="bbox 837 579 2867 710">
    <p class='ocr_par' dir='ltr' id='par_1_2' title="bbox 837 579 2867 710">
     <span class='ocr_line' id='line_1_2' title="bbox 837 579 2867 710; baseline -0.006 0"><span class='ocrx_word' id='word_1_3' title='bbox 837 595 981 710; x_wconf 79' lang='lat' dir='ltr'><strong>S.</strong></span> <span class='ocrx_word' id='word_1_4' title='bbox 1062 588 1816 710; x_wconf 73' lang='lat' dir='ltr'><strong>AURELII</strong></span> <span class='ocrx_word' id='word_1_5' title='bbox 1871 579 2867 700; x_wconf 62' lang='lat' dir='ltr'><strong>AUGUSTI!!!</strong></span> 
     </span>
    </p>
   </div>
   <div class='ocr_carea' id='block_1_3' title="bbox 1369 787 2278 853">
    <p class='ocr_par' dir='ltr' id='par_1_3' title="bbox 1369 787 2278 853">
     <span class='ocr_line' id='line_1_3' title="bbox 1369 787 2278 853; baseline 0.001 -1"><span class='ocrx_word' id='word_1_6' title='bbox 1369 787 1882 852; x_wconf 81' lang='lat' dir='ltr'><strong>HIPPONENSIS</strong></span> <span class='ocrx_word' id='word_1_7' title='bbox 1923 789 2278 853; x_wconf 89' lang='lat' dir='ltr'><strong>EPISCOPI</strong></span> 
     </span>
    </p>
   </div>
   <div class='ocr_carea' id='block_1_4' title="bbox 503 971 3120 1228">
    <p class='ocr_par' dir='ltr' id='par_1_4' title="bbox 503 971 3120 1228">
     <span class='ocr_line' id='line_1_4' title="bbox 503 971 3120 1228; baseline 0.01 -29"><span class='ocrx_word' id='word_1_8' title='bbox 503 983 954 1200; x_wconf 89' lang='lat' dir='ltr'><strong>DE</strong></span> <span class='ocrx_word' id='word_1_9' title='bbox 1091 971 3120 1228; x_wconf 63' lang='lat' dir='ltr'><strong>HZERESIBUS</strong></span> 
     </span>
    </p>
   </div>
   <div class='ocr_carea' id='block_1_5' title="bbox 871 1333 2828 1504">
    <p class='ocr_par' dir='ltr' id='par_1_5' title="bbox 871 1333 2828 1504">
     <span class='ocr_line' id='line_1_5' title="bbox 871 1333 2828 1504; baseline 0.001 -36"><span class='ocrx_word' id='word_1_10' title='bbox 871 1338 1124 1468; x_wconf 84' lang='lat' dir='ltr'><strong>AD</strong></span> <span class='ocrx_word' id='word_1_11' title='bbox 1227 1333 2828 1504; x_wconf 88' lang='lat' dir='ltr'><strong>QUODVULTDEUM</strong></span> 
     </span>
    </p>
   </div>
   <div class='ocr_carea' id='block_1_6' title="bbox 1557 1531 2222 1666">
    <p class='ocr_par' dir='ltr' id='par_1_6' title="bbox 1557 1531 2222 1666">
     <span class='ocr_line' id='line_1_6' title="bbox 1557 1531 2222 1666; baseline 0.003 -25"><span class='ocrx_word' id='word_1_12' title='bbox 1557 1553 1832 1645; x_wconf 58' lang='lat' dir='ltr'><strong>wither</strong></span> <span class='ocrx_word' id='word_1_13' title='bbox 1894 1531 2222 1666; x_wconf 55' lang='lat' dir='ltr'><strong>unus“).</strong></span> 
     </span>
    </p>
   </div>
   <div class='ocr_carea' id='block_1_7' title="bbox 881 1749 2814 1792">
    <p class='ocr_par' dir='ltr' id='par_1_7' title="bbox 881 1749 2814 1792">
     <span class='ocr_line' id='line_1_7' title="bbox 881 1749 2814 1792; baseline 0.001 -8"><span class='ocrx_word' id='word_1_14' title='bbox 881 1749 2814 1792; x_wconf 43' lang='grc' dir='ltr'><strong>ᾠ-κῲ-ρ</strong></span> 
     </span>
    </p>
   </div>
   <div class='ocr_carea' id='block_1_8' title="bbox 291 1865 1802 1938">
    <p class='ocr_par' dir='ltr' id='par_1_8' title="bbox 291 1865 1802 1938">
     <span class='ocr_line' id='line_1_8' title="bbox 291 1865 1802 1938; baseline -0.003 -16"><span class='ocrx_word' id='word_1_15' title='bbox 291 1867 438 1936; x_wconf 84' lang='lat' dir='ltr'><strong>Quod</strong></span> <span class='ocrx_word' id='word_1_16' title='bbox 475 1869 617 1938; x_wconf 89' lang='lat' dir='ltr'><strong>petis</strong></span> <span class='ocrx_word' id='word_1_17' title='bbox 651 1867 946 1938; x_wconf 60' lang='lat' dir='ltr'><strong>saepissime</strong></span> <span class='ocrx_word' id='word_1_18' title='bbox 985 1877 1144 1938; x_wconf 88' lang='lat' dir='ltr'><strong>atque</strong></span> <span class='ocrx_word' id='word_1_19' title='bbox 1183 1865 1587 1930; x_wconf 72' lang='lat' dir='ltr'><strong>instantissime,</strong></span> <span class='ocrx_word' id='word_1_20' title='bbox 1619 1871 1802 1919; x_wconf 90' lang='lat' dir='ltr'><strong>sancte</strong></span> 
     </span>
    </p>
   </div>
   <div class='ocr_carea' id='block_1_9' title="bbox 221 1955 1804 2027">
    <p class='ocr_par' dir='ltr' id='par_1_9' title="bbox 221 1955 1804 2027">
     <span class='ocr_line' id='line_1_9' title="bbox 221 1955 1804 2027; baseline -0.003 -13"><span class='ocrx_word' id='word_1_21' title='bbox 221 1961 288 2016; x_wconf 87' lang='lat' dir='ltr'><strong>ﬁli</strong></span> <span class='ocrx_word' id='word_1_22' title='bbox 329 1959 738 2027; x_wconf 75' lang='lat' dir='ltr'><strong>Quodvultdeus</strong></span> <span class='ocrx_word' id='word_1_23' title='bbox 767 1999 782 2026; x_wconf 95' lang='lat'><strong>,</strong></span> <span class='ocrx_word' id='word_1_24' title='bbox 834 1969 892 2014; x_wconf 91' lang='lat' dir='ltr'><strong>ut</strong></span> <span class='ocrx_word' id='word_1_25' title='bbox 915 1959 984 2014; x_wconf 89' lang='lat' dir='ltr'><strong>de</strong></span> <span class='ocrx_word' id='word_1_26' title='bbox 1013 1958 1303 2014; x_wconf 62' lang='lat' dir='ltr'><strong>haeresibus</strong></span> <span class='ocrx_word' id='word_1_27' title='bbox 1341 1955 1537 2027; x_wconf 89' lang='lat' dir='ltr'><strong>aliquid</strong></span> <span class='ocrx_word' id='word_1_28' title='bbox 1577 1955 1804 2010; x_wconf 89' lang='lat' dir='ltr'><strong>scribam</strong></span> 
     </span>
    </p>
   </div>
   <div class='ocr_carea' id='block_1_10' title="bbox 221 2049 1804 2122">
    <p class='ocr_par' dir='ltr' id='par_1_10' title="bbox 221 2049 1804 2122">
     <span class='ocr_line' id='line_1_10' title="bbox 221 2049 1804 2122; baseline 0 -18"><span class='ocrx_word' id='word_1_29' title='bbox 221 2054 429 2122; x_wconf 72' lang='lat' dir='ltr'><strong>tliglllﬂll</strong></span> <span class='ocrx_word' id='word_1_30' title='bbox 473 2051 706 2108; x_wconf 81' lang='lat' dir='ltr'><strong>lectione</strong></span> <span class='ocrx_word' id='word_1_31' title='bbox 753 2053 1076 2122; x_wconf 90' lang='lat' dir='ltr'><strong>cupientium</strong></span> <span class='ocrx_word' id='word_1_32' title='bbox 1117 2051 1362 2122; x_wconf 77' lang='lat' dir='ltr'><strong>dogmata</strong></span> <span class='ocrx_word' id='word_1_33' title='bbox 1405 2049 1640 2104; x_wconf 87' lang='lat' dir='ltr'><strong>devitarc</strong></span> <span class='ocrx_word' id='word_1_34' title='bbox 1677 2065 1804 2104; x_wconf 90' lang='lat' dir='ltr'><strong>con-</strong></span> 
     </span>
    </p>
   </div>
   <div class='ocr_carea' id='block_1_11' title="bbox 221 2139 1802 2210">
    <p class='ocr_par' dir='ltr' id='par_1_11' title="bbox 221 2139 1802 2210">
     <span class='ocr_line' id='line_1_11' title="bbox 221 2139 1802 2210; baseline -0.003 -12"><span class='ocrx_word' id='word_1_35' title='bbox 221 2145 370 2198; x_wconf 82' lang='lat' dir='ltr'><strong>traria</strong></span> <span class='ocrx_word' id='word_1_36' title='bbox 401 2145 528 2198; x_wconf 89' lang='lat' dir='ltr'><strong>ﬁdei</strong></span> <span class='ocrx_word' id='word_1_37' title='bbox 549 2144 872 2210; x_wconf 80' lang='lat' dir='ltr'><strong>christianae,</strong></span> <span class='ocrx_word' id='word_1_38' title='bbox 898 2151 951 2198; x_wconf 90' lang='lat' dir='ltr'><strong>et</strong></span> <span class='ocrx_word' id='word_1_39' title='bbox 973 2143 1245 2197; x_wconf 82' lang='lat' dir='ltr'><strong>christiani</strong></span> <span class='ocrx_word' id='word_1_40' title='bbox 1271 2141 1499 2196; x_wconf 90' lang='lat' dir='ltr'><strong>nominis</strong></span> <span class='ocrx_word' id='word_1_41' title='bbox 1515 2139 1802 2194; x_wconf 81' lang='lat' dir='ltr'><strong>obumbra-</strong></span> 
     </span>
    </p>
   </div>
   <div class='ocr_carea' id='block_1_12' title="bbox 221 2236 1806 2306">
    <p class='ocr_par' dir='ltr' id='par_1_12' title="bbox 221 2236 1806 2306">
     <span class='ocr_line' id='line_1_12' title="bbox 221 2236 1806 2306; baseline 0 -16"><span class='ocrx_word' id='word_1_42' title='bbox 221 2237 356 2292; x_wconf 88' lang='lat' dir='ltr'><strong>tione</strong></span> <span class='ocrx_word' id='word_1_43' title='bbox 401 2236 683 2302; x_wconf 76' lang='lat' dir='ltr'><strong>fallentia;</strong></span> <span class='ocrx_word' id='word_1_44' title='bbox 725 2238 863 2293; x_wconf 84' lang='lat' dir='ltr'><strong>scias</strong></span> <span class='ocrx_word' id='word_1_45' title='bbox 902 2252 987 2293; x_wconf 90' lang='lat' dir='ltr'><strong>me</strong></span> <span class='ocrx_word' id='word_1_46' title='bbox 1025 2236 1152 2291; x_wconf 88' lang='lat' dir='ltr'><strong>olim</strong></span> <span class='ocrx_word' id='word_1_47' title='bbox 1189 2237 1348 2306; x_wconf 82' lang='lat' dir='ltr'><strong>longe</strong></span> <span class='ocrx_word' id='word_1_48' title='bbox 1393 2243 1678 2304; x_wconf 84' lang='lat' dir='ltr'><strong>antequam</strong></span> <span class='ocrx_word' id='word_1_49' title='bbox 1709 2239 1806 2304; x_wconf 86' lang='lat' dir='ltr'><strong>pe-</strong></span> 
     </span>
    </p>
   </div>
   <div class='ocr_carea' id='block_1_13' title="bbox 219 2327 1806 2404">
    <p class='ocr_par' dir='ltr' id='par_1_13' title="bbox 219 2327 1806 2404">
     <span class='ocr_line' id='line_1_13' title="bbox 219 2327 1806 2404; baseline -0.002 -19"><span class='ocrx_word' id='word_1_50' title='bbox 219 2339 374 2398; x_wconf 85' lang='lat' dir='ltr'><strong>teres,</strong></span> <span class='ocrx_word' id='word_1_51' title='bbox 415 2331 598 2388; x_wconf 84' lang='lat' dir='ltr'><strong>facere</strong></span> <span class='ocrx_word' id='word_1_52' title='bbox 635 2333 918 2404; x_wconf 81' lang='lat' dir='ltr'><strong>cogitasse,</strong></span> <span class='ocrx_word' id='word_1_53' title='bbox 960 2341 1119 2403; x_wconf 88' lang='lat' dir='ltr'><strong>atque</strong></span> <span class='ocrx_word' id='word_1_54' title='bbox 1161 2331 1326 2388; x_wconf 89' lang='lat' dir='ltr'><strong>fuisse</strong></span> <span class='ocrx_word' id='word_1_55' title='bbox 1371 2330 1656 2400; x_wconf 87' lang='lat' dir='ltr'><strong>facturum,</strong></span> <span class='ocrx_word' id='word_1_56' title='bbox 1701 2327 1806 2385; x_wconf 85' lang='lat' dir='ltr'><strong>nisi</strong></span> 
     </span>
    </p>
   </div>
   <div class='ocr_carea' id='block_1_14' title="bbox 221 2422 1801 2495">
    <p class='ocr_par' dir='ltr' id='par_1_14' title="bbox 221 2422 1801 2495">
     <span class='ocr_line' id='line_1_14' title="bbox 221 2422 1801 2495; baseline 0.001 -19"><span class='ocrx_word' id='word_1_57' title='bbox 221 2422 498 2492; x_wconf 83' lang='lat' dir='ltr'><strong>diligenter</strong></span> <span class='ocrx_word' id='word_1_58' title='bbox 547 2424 892 2480; x_wconf 88' lang='lat' dir='ltr'><strong>considerans</strong></span> <span class='ocrx_word' id='word_1_59' title='bbox 933 2425 1088 2495; x_wconf 86' lang='lat' dir='ltr'><strong>quale</strong></span> <span class='ocrx_word' id='word_1_60' title='bbox 1130 2435 1494 2495; x_wconf 88' lang='lat' dir='ltr'><strong>quantumque</strong></span> <span class='ocrx_word' id='word_1_61' title='bbox 1540 2423 1590 2478; x_wconf 90' lang='lat' dir='ltr'><strong>id</strong></span> <span class='ocrx_word' id='word_1_62' title='bbox 1637 2433 1801 2488; x_wconf 86' lang='lat' dir='ltr'><strong>esset,</strong></span> 
     </span>
    </p>
   </div>
   <div class='ocr_carea' id='block_1_15' title="bbox 223 2513 1807 2588">
    <p class='ocr_par' dir='ltr' id='par_1_15' title="bbox 223 2513 1807 2588">
     <span class='ocr_line' id='line_1_15' title="bbox 223 2513 1807 2588; baseline 0.001 -20"><span class='ocrx_word' id='word_1_63' title='bbox 223 2513 356 2570; x_wconf 88' lang='lat' dir='ltr'><strong>ultra</strong></span> <span class='ocrx_word' id='word_1_64' title='bbox 379 2515 524 2572; x_wconf 82' lang='lat' dir='ltr'><strong>vires</strong></span> <span class='ocrx_word' id='word_1_65' title='bbox 563 2531 713 2573; x_wconf 88' lang='lat' dir='ltr'><strong>meas</strong></span> <span class='ocrx_word' id='word_1_66' title='bbox 749 2531 870 2574; x_wconf 91' lang='lat' dir='ltr'><strong>esse</strong></span> <span class='ocrx_word' id='word_1_67' title='bbox 909 2517 1182 2572; x_wconf 88' lang='lat' dir='ltr'><strong>sentirem.</strong></span> <span class='ocrx_word' id='word_1_68' title='bbox 1222 2515 1328 2573; x_wconf 87' lang='lat' dir='ltr'><strong>Sed</strong></span> <span class='ocrx_word' id='word_1_69' title='bbox 1353 2517 1604 2588; x_wconf 88' lang='lat' dir='ltr'><strong>quoniam</strong></span> <span class='ocrx_word' id='word_1_70' title='bbox 1635 2514 1807 2571; x_wconf 87' lang='lat' dir='ltr'><strong>fateor</strong></span> 
     </span>
    </p>
   </div>
   <div class='ocr_carea' id='block_1_16' title="bbox 223 2605 1806 2679">
    <p class='ocr_par' dir='ltr' id='par_1_16' title="bbox 223 2605 1806 2679">
     <span class='ocr_line' id='line_1_16' title="bbox 223 2605 1806 2679; baseline 0.001 -21"><span class='ocrx_word' id='word_1_71' title='bbox 223 2605 426 2660; x_wconf 85' lang='lat' dir='ltr'><strong>nullum</strong></span> <span class='ocrx_word' id='word_1_72' title='bbox 461 2606 612 2672; x_wconf 88' lang='lat' dir='ltr'><strong>mihi,</strong></span> <span class='ocrx_word' id='word_1_73' title='bbox 646 2617 704 2662; x_wconf 92' lang='lat' dir='ltr'><strong>ut</strong></span> <span class='ocrx_word' id='word_1_74' title='bbox 739 2617 813 2674; x_wconf 90' lang='lat' dir='ltr'><strong>te,</strong></span> <span class='ocrx_word' id='word_1_75' title='bbox 847 2607 1102 2664; x_wconf 88' lang='lat' dir='ltr'><strong>institisse</strong></span> <span class='ocrx_word' id='word_1_76' title='bbox 1139 2608 1446 2679; x_wconf 90' lang='lat' dir='ltr'><strong>poscendo;</strong></span> <span class='ocrx_word' id='word_1_77' title='bbox 1479 2609 1532 2662; x_wconf 89' lang='lat' dir='ltr'><strong>in</strong></span> <span class='ocrx_word' id='word_1_78' title='bbox 1561 2607 1672 2677; x_wconf 87' lang='lat' dir='ltr'><strong>ipsa</strong></span> <span class='ocrx_word' id='word_1_79' title='bbox 1700 2616 1806 2660; x_wconf 89' lang='lat' dir='ltr'><strong>tam</strong></span> 
     </span>
    </p>
   </div>
   <div class='ocr_carea' id='block_1_17' title="bbox 225 2697 1808 2764">
    <p class='ocr_par' dir='ltr' id='par_1_17' title="bbox 225 2697 1808 2764">
     <span class='ocr_line' id='line_1_17' title="bbox 225 2697 1808 2764; baseline 0.001 -14"><span class='ocrx_word' id='word_1_80' title='bbox 225 2697 452 2754; x_wconf 87' lang='lat' dir='ltr'><strong>molesta</strong></span> <span class='ocrx_word' id='word_1_81' title='bbox 489 2700 738 2754; x_wconf 87' lang='lat' dir='ltr'><strong>instantia</strong></span> <span class='ocrx_word' id='word_1_82' title='bbox 768 2711 854 2754; x_wconf 88' lang='lat' dir='ltr'><strong>tua</strong></span> <span class='ocrx_word' id='word_1_83' title='bbox 895 2701 1056 2755; x_wconf 89' lang='lat' dir='ltr'><strong>etiam</strong></span> <span class='ocrx_word' id='word_1_84' title='bbox 1097 2709 1244 2756; x_wconf 93' lang='lat' dir='ltr'><strong>tuum</strong></span> <span class='ocrx_word' id='word_1_85' title='bbox 1277 2715 1474 2755; x_wconf 90' lang='lat' dir='ltr'><strong>nomen</strong></span> <span class='ocrx_word' id='word_1_86' title='bbox 1503 2699 1726 2764; x_wconf 88' lang='lat' dir='ltr'><strong>attendi,</strong></span> <span class='ocrx_word' id='word_1_87' title='bbox 1753 2707 1808 2755; x_wconf 87' lang='lat' dir='ltr'><strong>et</strong></span> 
     </span>
    </p>
   </div>
   <div class='ocr_carea' id='block_1_18' title="bbox 229 2787 1808 2863">
    <p class='ocr_par' dir='ltr' id='par_1_18' title="bbox 229 2787 1808 2863">
     <span class='ocr_line' id='line_1_18' title="bbox 229 2787 1808 2863; baseline 0.001 -19"><span class='ocrx_word' id='word_1_88' title='bbox 229 2787 344 2844; x_wconf 77' lang='lat' dir='ltr'><strong>dixi</strong></span> <span class='ocrx_word' id='word_1_89' title='bbox 377 2808 392 2844; x_wconf 92' lang='lat'><strong>:</strong></span> <span class='ocrx_word' id='word_1_90' title='bbox 419 2793 722 2862; x_wconf 79' lang='lat' dir='ltr'><strong>Aggrediar,</strong></span> <span class='ocrx_word' id='word_1_91' title='bbox 745 2801 798 2847; x_wconf 88' lang='lat' dir='ltr'><strong>et</strong></span> <span class='ocrx_word' id='word_1_92' title='bbox 827 2793 1012 2846; x_wconf 89' lang='lat' dir='ltr'><strong>faciam</strong></span> <span class='ocrx_word' id='word_1_93' title='bbox 1035 2792 1178 2863; x_wconf 87' lang='lat' dir='ltr'><strong>quod</strong></span> <span class='ocrx_word' id='word_1_94' title='bbox 1207 2793 1316 2848; x_wconf 83' lang='lat' dir='ltr'><strong>vult</strong></span> <span class='ocrx_word' id='word_1_95' title='bbox 1339 2793 1496 2847; x_wconf 92' lang='lat' dir='ltr'><strong>Deus.</strong></span> <span class='ocrx_word' id='word_1_96' title='bbox 1528 2791 1642 2848; x_wconf 79' lang='lat' dir='ltr'><strong>Hoc</strong></span> <span class='ocrx_word' id='word_1_97' title='bbox 1665 2791 1808 2846; x_wconf 87' lang='lat' dir='ltr'><strong>enim</strong></span> 
     </span>
    </p>
   </div>
   <div class='ocr_carea' id='block_1_19' title="bbox 227 2879 1806 2954">
    <p class='ocr_par' dir='ltr' id='par_1_19' title="bbox 227 2879 1806 2954">
     <span class='ocr_line' id='line_1_19' title="bbox 227 2879 1806 2954; baseline 0.001 -19"><span class='ocrx_word' id='word_1_98' title='bbox 227 2879 398 2937; x_wconf 87' lang='lat' dir='ltr'><strong>Deum</strong></span> <span class='ocrx_word' id='word_1_99' title='bbox 423 2883 552 2938; x_wconf 88' lang='lat' dir='ltr'><strong>velle</strong></span> <span class='ocrx_word' id='word_1_100' title='bbox 579 2884 808 2948; x_wconf 88' lang='lat' dir='ltr'><strong>conﬁdo,</strong></span> <span class='ocrx_word' id='word_1_101' title='bbox 840 2883 884 2938; x_wconf 89' lang='lat' dir='ltr'><strong>si</strong></span> <span class='ocrx_word' id='word_1_102' title='bbox 919 2899 1004 2938; x_wconf 88' lang='lat' dir='ltr'><strong>me</strong></span> <span class='ocrx_word' id='word_1_103' title='bbox 1038 2884 1102 2939; x_wconf 90' lang='lat' dir='ltr'><strong>ad</strong></span> <span class='ocrx_word' id='word_1_104' title='bbox 1135 2883 1290 2954; x_wconf 86' lang='lat' dir='ltr'><strong>hujus</strong></span> <span class='ocrx_word' id='word_1_105' title='bbox 1317 2883 1496 2954; x_wconf 86' lang='lat' dir='ltr'><strong>operis</strong></span> <span class='ocrx_word' id='word_1_106' title='bbox 1521 2882 1806 2938; x_wconf 89' lang='lat' dir='ltr'><strong>terminum</strong></span> 
     </span>
    </p>
   </div>
   <div class='ocr_carea' id='block_1_20' title="bbox 225 2975 1810 3046">
    <p class='ocr_par' dir='ltr' id='par_1_20' title="bbox 225 2975 1810 3046">
     <span class='ocr_line' id='line_1_20' title="bbox 225 2975 1810 3046; baseline 0.001 -18"><span class='ocrx_word' id='word_1_107' title='bbox 225 2975 554 3031; x_wconf 84' lang='lat' dir='ltr'><strong>misericordi</strong></span> <span class='ocrx_word' id='word_1_108' title='bbox 603 2977 784 3032; x_wconf 81' lang='lat' dir='ltr'><strong>favore</strong></span> <span class='ocrx_word' id='word_1_109' title='bbox 829 2977 1155 3046; x_wconf 79' lang='lat' dir='ltr'><strong>perduxerit,</strong></span> <span class='ocrx_word' id='word_1_110' title='bbox 1210 2987 1267 3032; x_wconf 88' lang='lat' dir='ltr'><strong>ut</strong></span> <span class='ocrx_word' id='word_1_111' title='bbox 1314 2991 1408 3046; x_wconf 90' lang='lat' dir='ltr'><strong>per</strong></span> <span class='ocrx_word' id='word_1_112' title='bbox 1457 2977 1810 3031; x_wconf 87' lang='lat' dir='ltr'><strong>ministerium</strong></span> 
     </span>
    </p>
   </div>
   <div class='ocr_carea' id='block_1_21' title="bbox 227 3067 1808 3140">
    <p class='ocr_par' dir='ltr' id='par_1_21' title="bbox 227 3067 1808 3140">
     <span class='ocr_line' id='line_1_21' title="bbox 227 3067 1808 3140; baseline 0.003 -18"><span class='ocrx_word' id='word_1_113' title='bbox 227 3067 416 3140; x_wconf 68' lang='lat' dir='ltr'><strong>linguae</strong></span> <span class='ocrx_word' id='word_1_114' title='bbox 457 3085 592 3124; x_wconf 69' lang='lat' dir='ltr'><strong>metu</strong></span> <span class='ocrx_word' id='word_1_115' title='bbox 621 3079 766 3124; x_wconf 87' lang='lat' dir='ltr'><strong>tanta</strong></span> <span class='ocrx_word' id='word_1_116' title='bbox 795 3071 950 3140; x_wconf 88' lang='lat' dir='ltr'><strong>hujus</strong></span> <span class='ocrx_word' id='word_1_117' title='bbox 992 3073 1068 3126; x_wconf 90' lang='lat' dir='ltr'><strong>rei</strong></span> <span class='ocrx_word' id='word_1_118' title='bbox 1095 3071 1378 3126; x_wconf 76' lang='lat' dir='ltr'><strong>difficultas</strong></span> <span class='ocrx_word' id='word_1_119' title='bbox 1423 3079 1516 3126; x_wconf 89' lang='lat' dir='ltr'><strong>aut</strong></span> <span class='ocrx_word' id='word_1_120' title='bbox 1555 3071 1808 3128; x_wconf 87' lang='lat' dir='ltr'><strong>ostenda-</strong></span> 
     </span>
    </p>
   </div>
   <div class='ocr_carea' id='block_1_22' title="bbox 227 3163 1810 3236">
    <p class='ocr_par' dir='ltr' id='par_1_22' title="bbox 227 3163 1810 3236">
     <span class='ocr_line' id='line_1_22' title="bbox 227 3163 1810 3236; baseline 0.003 -21"><span class='ocrx_word' id='word_1_121' title='bbox 227 3169 310 3217; x_wconf 87' lang='lat' dir='ltr'><strong>tur</strong></span> <span class='ocrx_word' id='word_1_122' title='bbox 347 3165 736 3231; x_wconf 83' lang='lat' dir='ltr'><strong>tantummodo,</strong></span> <span class='ocrx_word' id='word_1_123' title='bbox 779 3175 868 3219; x_wconf 89' lang='lat' dir='ltr'><strong>aut</strong></span> <span class='ocrx_word' id='word_1_124' title='bbox 911 3165 1028 3235; x_wconf 91' lang='lat' dir='ltr'><strong>ipso</strong></span> <span class='ocrx_word' id='word_1_125' title='bbox 1071 3166 1231 3220; x_wconf 89' lang='lat' dir='ltr'><strong>etiam</strong></span> <span class='ocrx_word' id='word_1_126' title='bbox 1275 3166 1482 3236; x_wconf 87' lang='lat' dir='ltr'><strong>plenius</strong></span> <span class='ocrx_word' id='word_1_127' title='bbox 1525 3163 1810 3235; x_wconf 89' lang='lat' dir='ltr'><strong>adjuvante</strong></span> 
     </span>
    </p>
   </div>
   <div class='ocr_carea' id='block_1_23' title="bbox 227 3253 1806 3328">
    <p class='ocr_par' dir='ltr' id='par_1_23' title="bbox 227 3253 1806 3328">
     <span class='ocr_line' id='line_1_23' title="bbox 227 3253 1806 3328; baseline 0.003 -20"><span class='ocrx_word' id='word_1_128' title='bbox 227 3253 454 3308; x_wconf 86' lang='lat' dir='ltr'><strong>tollatur.</strong></span> <span class='ocrx_word' id='word_1_129' title='bbox 496 3255 732 3322; x_wconf 85' lang='lat' dir='ltr'><strong>Quorum</strong></span> <span class='ocrx_word' id='word_1_130' title='bbox 775 3257 1022 3320; x_wconf 89' lang='lat' dir='ltr'><strong>duorum,</strong></span> <span class='ocrx_word' id='word_1_131' title='bbox 1073 3255 1214 3326; x_wconf 92' lang='lat' dir='ltr'><strong>quod</strong></span> <span class='ocrx_word' id='word_1_132' title='bbox 1261 3257 1436 3326; x_wconf 87' lang='lat' dir='ltr'><strong>priore</strong></span> <span class='ocrx_word' id='word_1_133' title='bbox 1477 3257 1594 3312; x_wconf 88' lang='lat' dir='ltr'><strong>loco</strong></span> <span class='ocrx_word' id='word_1_134' title='bbox 1633 3257 1806 3328; x_wconf 90' lang='lat' dir='ltr'><strong>posui,</strong></span> 
     </span>
    </p>
   </div>
   <div class='ocr_carea' id='block_1_24' title="bbox 221 3345 1808 3418">
    <p class='ocr_par' dir='ltr' id='par_1_24' title="bbox 221 3345 1808 3418">
     <span class='ocr_line' id='line_1_24' title="bbox 221 3345 1808 3418; baseline 0.002 -19"><span class='ocrx_word' id='word_1_135' title='bbox 221 3345 326 3415; x_wconf 77' lang='lat' dir='ltr'><strong>iam</strong></span> <span class='ocrx_word' id='word_1_136' title='bbox 353 3347 442 3400; x_wconf 89' lang='lat' dir='ltr'><strong>diu</strong></span> <span class='ocrx_word' id='word_1_137' title='bbox 477 3357 560 3401; x_wconf 88' lang='lat' dir='ltr'><strong>est</strong></span> <span class='ocrx_word' id='word_1_138' title='bbox 599 3357 660 3402; x_wconf 93' lang='lat' dir='ltr'><strong>ut</strong></span> <span class='ocrx_word' id='word_1_139' title='bbox 703 3349 882 3402; x_wconf 90' lang='lat' dir='ltr'><strong>animo</strong></span> <span class='ocrx_word' id='word_1_140' title='bbox 909 3349 1064 3402; x_wconf 88' lang='lat' dir='ltr'><strong>volvo</strong></span> <span class='ocrx_word' id='word_1_141' title='bbox 1106 3363 1171 3403; x_wconf 91' lang='lat' dir='ltr'><strong>ac</strong></span> <span class='ocrx_word' id='word_1_142' title='bbox 1213 3347 1451 3414; x_wconf 79' lang='lat' dir='ltr'><strong>revolvo,</strong></span> <span class='ocrx_word' id='word_1_143' title='bbox 1486 3357 1540 3404; x_wconf 91' lang='lat' dir='ltr'><strong>et</strong></span> <span class='ocrx_word' id='word_1_144' title='bbox 1581 3348 1808 3418; x_wconf 89' lang='lat' dir='ltr'><strong>quadam</strong></span> 
     </span>
    </p>
   </div>
   <div class='ocr_carea' id='block_1_25' title="bbox 227 3437 1811 3510">
    <p class='ocr_par' dir='ltr' id='par_1_25' title="bbox 227 3437 1811 3510">
     <span class='ocr_line' id='line_1_25' title="bbox 227 3437 1811 3510; baseline 0.004 -20"><span class='ocrx_word' id='word_1_145' title='bbox 227 3437 570 3494; x_wconf 81' lang='lat' dir='ltr'><strong>meditatione</strong></span> <span class='ocrx_word' id='word_1_146' title='bbox 594 3449 894 3494; x_wconf 87' lang='lat' dir='ltr'><strong>contueor:</strong></span> <span class='ocrx_word' id='word_1_147' title='bbox 923 3439 1062 3510; x_wconf 89' lang='lat' dir='ltr'><strong>quod</strong></span> <span class='ocrx_word' id='word_1_148' title='bbox 1103 3451 1278 3496; x_wconf 88' lang='lat' dir='ltr'><strong>autem</strong></span> <span class='ocrx_word' id='word_1_149' title='bbox 1317 3449 1500 3510; x_wconf 87' lang='lat' dir='ltr'><strong>postea</strong></span> <span class='ocrx_word' id='word_1_150' title='bbox 1543 3439 1672 3506; x_wconf 81' lang='lat' dir='ltr'><strong>dixi,</strong></span> <span class='ocrx_word' id='word_1_151' title='bbox 1705 3456 1811 3496; x_wconf 88' lang='lat' dir='ltr'><strong>non</strong></span> 
     </span>
    </p>
   </div>
   <div class='ocr_carea' id='block_1_26' title="bbox 229 3529 1813 3602">
    <p class='ocr_par' dir='ltr' id='par_1_26' title="bbox 229 3529 1813 3602">
     <span class='ocr_line' id='line_1_26' title="bbox 229 3529 1813 3602; baseline 0.004 -21"><span class='ocrx_word' id='word_1_152' title='bbox 229 3541 314 3582; x_wconf 88' lang='lat' dir='ltr'><strong>me</strong></span> <span class='ocrx_word' id='word_1_153' title='bbox 353 3529 626 3598; x_wconf 86' lang='lat' dir='ltr'><strong>accepisse</strong></span> <span class='ocrx_word' id='word_1_154' title='bbox 667 3530 964 3596; x_wconf 88' lang='lat' dir='ltr'><strong>conﬁteor;</strong></span> <span class='ocrx_word' id='word_1_155' title='bbox 1005 3539 1058 3586; x_wconf 91' lang='lat' dir='ltr'><strong>et</strong></span> <span class='ocrx_word' id='word_1_156' title='bbox 1100 3540 1276 3586; x_wconf 91' lang='lat' dir='ltr'><strong>utrum</strong></span> <span class='ocrx_word' id='word_1_157' title='bbox 1317 3531 1442 3588; x_wconf 92' lang='lat' dir='ltr'><strong>dum</strong></span> <span class='ocrx_word' id='word_1_158' title='bbox 1473 3531 1576 3588; x_wconf 91' lang='lat' dir='ltr'><strong>hoc</strong></span> <span class='ocrx_word' id='word_1_159' title='bbox 1603 3547 1720 3602; x_wconf 81' lang='lat' dir='ltr'><strong>ago,</strong></span> <span class='ocrx_word' id='word_1_160' title='bbox 1755 3541 1813 3588; x_wconf 89' lang='lat' dir='ltr'><strong>ut</strong></span> 
     </span>
    </p>
   </div>
   <div class='ocr_carea' id='block_1_27' title="bbox 225 3617 1812 3694">
    <p class='ocr_par' dir='ltr' id='par_1_27' title="bbox 225 3617 1812 3694">
     <span class='ocr_line' id='line_1_27' title="bbox 225 3617 1812 3694; baseline 0.004 -22"><span class='ocrx_word' id='word_1_161' title='bbox 225 3618 475 3686; x_wconf 77' lang='lat' dir='ltr'><strong>efﬁciam,</strong></span> <span class='ocrx_word' id='word_1_162' title='bbox 505 3617 632 3674; x_wconf 89' lang='lat' dir='ltr'><strong>dum</strong></span> <span class='ocrx_word' id='word_1_163' title='bbox 663 3631 804 3690; x_wconf 92' lang='lat' dir='ltr'><strong>peto,</strong></span> <span class='ocrx_word' id='word_1_164' title='bbox 829 3621 953 3676; x_wconf 89' lang='lat' dir='ltr'><strong>dum</strong></span> <span class='ocrx_word' id='word_1_165' title='bbox 985 3637 1186 3692; x_wconf 77' lang='lat' dir='ltr'><strong>quazro,</strong></span> <span class='ocrx_word' id='word_1_166' title='bbox 1217 3623 1344 3678; x_wconf 87' lang='lat' dir='ltr'><strong>dum</strong></span> <span class='ocrx_word' id='word_1_167' title='bbox 1366 3623 1542 3694; x_wconf 91' lang='lat' dir='ltr'><strong>pulso,</strong></span> <span class='ocrx_word' id='word_1_168' title='bbox 1569 3623 1668 3678; x_wconf 88' lang='lat' dir='ltr'><strong>sim</strong></span> <span class='ocrx_word' id='word_1_169' title='bbox 1697 3623 1812 3678; x_wconf 87' lang='lat' dir='ltr'><strong>for-</strong></span> 
     </span>
    </p>
   </div>
   <div class='ocr_carea' id='block_1_28' title="bbox 227 3713 1812 3784">
    <p class='ocr_par' dir='ltr' id='par_1_28' title="bbox 227 3713 1812 3784">
     <span class='ocr_line' id='line_1_28' title="bbox 227 3713 1812 3784; baseline 0.004 -21"><span class='ocrx_word' id='word_1_170' title='bbox 227 3721 364 3764; x_wconf 90' lang='lat' dir='ltr'><strong>tasse</strong></span> <span class='ocrx_word' id='word_1_171' title='bbox 393 3721 712 3782; x_wconf 89' lang='lat' dir='ltr'><strong>accepturus</strong></span> <span class='ocrx_word' id='word_1_172' title='bbox 751 3714 936 3782; x_wconf 90' lang='lat' dir='ltr'><strong>ignoro</strong></span> <span class='ocrx_word' id='word_1_173' title='bbox 967 3731 978 3766; x_wconf 90' lang='lat'><strong>:</strong></span> <span class='ocrx_word' id='word_1_174' title='bbox 1009 3713 1120 3768; x_wconf 89' lang='lat' dir='ltr'><strong>scio</strong></span> <span class='ocrx_word' id='word_1_175' title='bbox 1165 3729 1250 3770; x_wconf 94' lang='lat' dir='ltr'><strong>me</strong></span> <span class='ocrx_word' id='word_1_176' title='bbox 1281 3722 1460 3770; x_wconf 86' lang='lat' dir='ltr'><strong>tamen</strong></span> <span class='ocrx_word' id='word_1_177' title='bbox 1490 3729 1590 3770; x_wconf 88' lang='lat' dir='ltr'><strong>nec</strong></span> <span class='ocrx_word' id='word_1_178' title='bbox 1613 3715 1812 3784; x_wconf 86' lang='lat' dir='ltr'><strong>petitu-</strong></span> 
     </span>
    </p>
   </div>
   <div class='ocr_carea' id='block_1_29' title="bbox 225 3806 1809 3876">
    <p class='ocr_par' dir='ltr' id='par_1_29' title="bbox 225 3806 1809 3876">
     <span class='ocr_line' id='line_1_29' title="bbox 225 3806 1809 3876; baseline 0.003 -19"><span class='ocrx_word' id='word_1_179' title='bbox 225 3817 362 3868; x_wconf 86' lang='lat' dir='ltr'><strong>rum,</strong></span> <span class='ocrx_word' id='word_1_180' title='bbox 391 3819 494 3859; x_wconf 89' lang='lat' dir='ltr'><strong>nec</strong></span> <span class='ocrx_word' id='word_1_181' title='bbox 511 3813 854 3875; x_wconf 70' lang='lat' dir='ltr'><strong>qumsttnrum</strong></span> <span class='ocrx_word' id='word_1_182' title='bbox 876 3819 938 3860; x_wconf 92' lang='lat' dir='ltr'><strong>ac</strong></span> <span class='ocrx_word' id='word_1_183' title='bbox 959 3806 1290 3876; x_wconf 88' lang='lat' dir='ltr'><strong>pulsaturum</strong></span> <span class='ocrx_word' id='word_1_184' title='bbox 1318 3815 1573 3876; x_wconf 88' lang='lat' dir='ltr'><strong>quantum</strong></span> <span class='ocrx_word' id='word_1_185' title='bbox 1604 3815 1686 3862; x_wconf 87' lang='lat' dir='ltr'><strong>sat</strong></span> <span class='ocrx_word' id='word_1_186' title='bbox 1707 3817 1809 3874; x_wconf 87' lang='lat' dir='ltr'><strong>est,</strong></span> 
     </span>
    </p>
   </div>
   <div class='ocr_carea' id='block_1_30' title="bbox 225 3895 1812 3969">
    <p class='ocr_par' dir='ltr' id='par_1_30' title="bbox 225 3895 1812 3969">
     <span class='ocr_line' id='line_1_30' title="bbox 225 3895 1812 3969; baseline 0.003 -21"><span class='ocrx_word' id='word_1_187' title='bbox 225 3895 328 3948; x_wconf 83' lang='lat' dir='ltr'><strong>nisi</strong></span> <span class='ocrx_word' id='word_1_188' title='bbox 356 3903 415 3950; x_wconf 92' lang='lat' dir='ltr'><strong>et</strong></span> <span class='ocrx_word' id='word_1_189' title='bbox 437 3895 584 3950; x_wconf 90' lang='lat' dir='ltr'><strong>hunc</strong></span> <span class='ocrx_word' id='word_1_190' title='bbox 603 3895 846 3952; x_wconf 77' lang='lat' dir='ltr'><strong>aﬁ‘ectum</strong></span> <span class='ocrx_word' id='word_1_191' title='bbox 871 3913 1094 3952; x_wconf 88' lang='lat' dir='ltr'><strong>munere</strong></span> <span class='ocrx_word' id='word_1_192' title='bbox 1116 3897 1308 3952; x_wconf 81' lang='lat' dir='ltr'><strong>divinae</strong></span> <span class='ocrx_word' id='word_1_193' title='bbox 1336 3897 1696 3969; x_wconf 85' lang='lat' dir='ltr'><strong>inspirationis</strong></span> <span class='ocrx_word' id='word_1_194' title='bbox 1721 3912 1812 3952; x_wconf 89' lang='lat' dir='ltr'><strong>ac-</strong></span> 
     </span>
    </p>
   </div>
   <div class='ocr_carea' id='block_1_31' title="bbox 225 3987 1815 4059">
    <p class='ocr_par' dir='ltr' id='par_1_31' title="bbox 225 3987 1815 4059">
     <span class='ocr_line' id='line_1_31' title="bbox 225 3987 1815 4059; baseline 0.002 -19"><span class='ocrx_word' id='word_1_195' title='bbox 225 3999 453 4055; x_wconf 87' lang='lat' dir='ltr'><strong>cepero.</strong></span> <span class='ocrx_word' id='word_1_196' title='bbox 503 3987 566 4046; x_wconf 88' lang='lat' dir='ltr'><strong>ln</strong></span> <span class='ocrx_word' id='word_1_197' title='bbox 611 3987 710 4042; x_wconf 87' lang='lat' dir='ltr'><strong>hoc</strong></span> <span class='ocrx_word' id='word_1_198' title='bbox 751 3990 910 4059; x_wconf 79' lang='lat' dir='ltr'><strong>igitur</strong></span> <span class='ocrx_word' id='word_1_199' title='bbox 959 4004 1140 4058; x_wconf 88' lang='lat' dir='ltr'><strong>opere,</strong></span> <span class='ocrx_word' id='word_1_200' title='bbox 1191 3989 1332 4059; x_wconf 89' lang='lat' dir='ltr'><strong>quod</strong></span> <span class='ocrx_word' id='word_1_201' title='bbox 1386 3999 1436 4043; x_wconf 92' lang='lat' dir='ltr'><strong>te</strong></span> <span class='ocrx_word' id='word_1_202' title='bbox 1473 3989 1815 4044; x_wconf 88' lang='lat' dir='ltr'><strong>vehementer</strong></span> 
     </span>
    </p>
   </div>
   <div class='ocr_carea' id='block_1_32' title="bbox 225 4077 1812 4149">
    <p class='ocr_par' dir='ltr' id='par_1_32' title="bbox 225 4077 1812 4149">
     <span class='ocr_line' id='line_1_32' title="bbox 225 4077 1812 4149; baseline 0.001 -19"><span class='ocrx_word' id='word_1_203' title='bbox 225 4085 462 4146; x_wconf 82' lang='lat' dir='ltr'><strong>urgente</strong></span> <span class='ocrx_word' id='word_1_204' title='bbox 491 4077 547 4130; x_wconf 92' lang='lat' dir='ltr'><strong>in</strong></span> <span class='ocrx_word' id='word_1_205' title='bbox 579 4077 671 4134; x_wconf 88' lang='lat' dir='ltr'><strong>Dei</strong></span> <span class='ocrx_word' id='word_1_206' title='bbox 687 4078 942 4134; x_wconf 87' lang='lat' dir='ltr'><strong>voluntate</strong></span> <span class='ocrx_word' id='word_1_207' title='bbox 957 4079 1186 4149; x_wconf 87' lang='lat' dir='ltr'><strong>suscepi,</strong></span> <span class='ocrx_word' id='word_1_208' title='bbox 1213 4080 1388 4134; x_wconf 86' lang='lat' dir='ltr'><strong>cernis</strong></span> <span class='ocrx_word' id='word_1_209' title='bbox 1419 4093 1504 4132; x_wconf 91' lang='lat' dir='ltr'><strong>me</strong></span> <span class='ocrx_word' id='word_1_210' title='bbox 1525 4089 1580 4132; x_wconf 91' lang='lat' dir='ltr'><strong>ut</strong></span> <span class='ocrx_word' id='word_1_211' title='bbox 1607 4077 1656 4132; x_wconf 92' lang='lat' dir='ltr'><strong>id</strong></span> <span class='ocrx_word' id='word_1_212' title='bbox 1685 4093 1812 4148; x_wconf 89' lang='lat' dir='ltr'><strong>per—</strong></span> 
     </span>
    </p>
   </div>
   <div class='ocr_carea' id='block_1_33' title="bbox 226 4167 1815 4239">
    <p class='ocr_par' dir='ltr' id='par_1_33' title="bbox 226 4167 1815 4239">
     <span class='ocr_line' id='line_1_33' title="bbox 226 4167 1815 4239; baseline 0.003 -19"><span class='ocrx_word' id='word_1_213' title='bbox 226 4183 384 4239; x_wconf 83' lang='lat' dir='ltr'><strong>agam</strong></span> <span class='ocrx_word' id='word_1_214' title='bbox 441 4183 548 4224; x_wconf 89' lang='lat' dir='ltr'><strong>non</strong></span> <span class='ocrx_word' id='word_1_215' title='bbox 597 4178 696 4224; x_wconf 85' lang='lat' dir='ltr'><strong>tam</strong></span> <span class='ocrx_word' id='word_1_216' title='bbox 733 4169 1188 4226; x_wconf 86' lang='lat' dir='ltr'><strong>crebrescentibus</strong></span> <span class='ocrx_word' id='word_1_217' title='bbox 1231 4169 1296 4226; x_wconf 89' lang='lat' dir='ltr'><strong>ad</strong></span> <span class='ocrx_word' id='word_1_218' title='bbox 1345 4185 1428 4225; x_wconf 91' lang='lat' dir='ltr'><strong>me</strong></span> <span class='ocrx_word' id='word_1_219' title='bbox 1459 4167 1561 4224; x_wconf 90' lang='lat' dir='ltr'><strong>tuis</strong></span> <span class='ocrx_word' id='word_1_220' title='bbox 1601 4167 1815 4238; x_wconf 88' lang='lat' dir='ltr'><strong>petitio-</strong></span> 
     </span>
    </p>
   </div>
   <div class='ocr_carea' id='block_1_34' title="bbox 229 4261 1815 4334">
    <p class='ocr_par' dir='ltr' id='par_1_34' title="bbox 229 4261 1815 4334">
     <span class='ocr_line' id='line_1_34' title="bbox 229 4261 1815 4334; baseline 0.001 -20"><span class='ocrx_word' id='word_1_221' title='bbox 229 4261 386 4316; x_wconf 86' lang='lat' dir='ltr'><strong>nibus</strong></span> <span class='ocrx_word' id='word_1_222' title='bbox 415 4276 538 4317; x_wconf 90' lang='lat' dir='ltr'><strong>esse</strong></span> <span class='ocrx_word' id='word_1_223' title='bbox 560 4263 875 4333; x_wconf 81' lang='lat' dir='ltr'><strong>cogendum,</strong></span> <span class='ocrx_word' id='word_1_224' title='bbox 908 4279 1065 4334; x_wconf 90' lang='lat' dir='ltr'><strong>quam</strong></span> <span class='ocrx_word' id='word_1_225' title='bbox 1095 4263 1196 4334; x_wconf 91' lang='lat' dir='ltr'><strong>piis</strong></span> <span class='ocrx_word' id='word_1_226' title='bbox 1223 4264 1288 4320; x_wconf 88' lang='lat' dir='ltr'><strong>ad</strong></span> <span class='ocrx_word' id='word_1_227' title='bbox 1318 4263 1480 4320; x_wconf 92' lang='lat' dir='ltr'><strong>Deum</strong></span> <span class='ocrx_word' id='word_1_228' title='bbox 1513 4277 1618 4316; x_wconf 91' lang='lat' dir='ltr'><strong>non</strong></span> <span class='ocrx_word' id='word_1_229' title='bbox 1645 4263 1815 4317; x_wconf 92' lang='lat' dir='ltr'><strong>solum</strong></span> 
     </span>
    </p>
   </div>
   <div class='ocr_carea' id='block_1_35' title="bbox 230 4353 1818 4428">
    <p class='ocr_par' dir='ltr' id='par_1_35' title="bbox 230 4353 1818 4428">
     <span class='ocr_line' id='line_1_35' title="bbox 230 4353 1818 4428; baseline 0.005 -22"><span class='ocrx_word' id='word_1_230' title='bbox 230 4353 352 4416; x_wconf 87' lang='lat' dir='ltr'><strong>tuis,</strong></span> <span class='ocrx_word' id='word_1_231' title='bbox 397 4370 580 4408; x_wconf 89' lang='lat' dir='ltr'><strong>verum</strong></span> <span class='ocrx_word' id='word_1_232' title='bbox 623 4367 678 4410; x_wconf 92' lang='lat' dir='ltr'><strong>et</strong></span> <span class='ocrx_word' id='word_1_233' title='bbox 717 4358 943 4412; x_wconf 88' lang='lat' dir='ltr'><strong>aliorum</strong></span> <span class='ocrx_word' id='word_1_234' title='bbox 991 4355 1234 4422; x_wconf 83' lang='lat' dir='ltr'><strong>fratrum,</strong></span> <span class='ocrx_word' id='word_1_235' title='bbox 1276 4373 1410 4428; x_wconf 91' lang='lat' dir='ltr'><strong>quos</strong></span> <span class='ocrx_word' id='word_1_236' title='bbox 1453 4357 1549 4411; x_wconf 89' lang='lat' dir='ltr'><strong>tibi</strong></span> <span class='ocrx_word' id='word_1_237' title='bbox 1583 4357 1636 4410; x_wconf 90' lang='lat' dir='ltr'><strong>in</strong></span> <span class='ocrx_word' id='word_1_238' title='bbox 1681 4357 1818 4414; x_wconf 88' lang='lat' dir='ltr'><strong>hanc</strong></span> 
     </span>
    </p>
   </div>
   <div class='ocr_carea' id='block_1_36' title="bbox 229 4443 1816 4517">
    <p class='ocr_par' dir='ltr' id='par_1_36' title="bbox 229 4443 1816 4517">
     <span class='ocr_line' id='line_1_36' title="bbox 229 4443 1816 4517; baseline 0.003 -19"><span class='ocrx_word' id='word_1_239' title='bbox 229 4458 342 4499; x_wconf 90' lang='lat' dir='ltr'><strong>rem</strong></span> <span class='ocrx_word' id='word_1_240' title='bbox 373 4443 557 4501; x_wconf 85' lang='lat' dir='ltr'><strong>ﬁdeles</strong></span> <span class='ocrx_word' id='word_1_241' title='bbox 585 4447 758 4502; x_wconf 90' lang='lat' dir='ltr'><strong>socios</strong></span> <span class='ocrx_word' id='word_1_242' title='bbox 794 4449 1030 4517; x_wconf 90' lang='lat' dir='ltr'><strong>potueris</strong></span> <span class='ocrx_word' id='word_1_243' title='bbox 1070 4449 1328 4514; x_wconf 90' lang='lat' dir='ltr'><strong>invenire,</strong></span> <span class='ocrx_word' id='word_1_244' title='bbox 1359 4447 1691 4504; x_wconf 89' lang='lat' dir='ltr'><strong>orationibus</strong></span> <span class='ocrx_word' id='word_1_245' title='bbox 1718 4446 1816 4502; x_wconf 89' lang='lat' dir='ltr'><strong>ad-</strong></span> 
     </span>
    </p>
   </div>
   <div class='ocr_carea' id='block_1_37' title="bbox 229 4534 1817 4611">
    <p class='ocr_par' dir='ltr' id='par_1_37' title="bbox 229 4534 1817 4611">
     <span class='ocr_line' id='line_1_37' title="bbox 229 4534 1817 4611; baseline 0.003 -23"><span class='ocrx_word' id='word_1_246' title='bbox 229 4534 540 4604; x_wconf 79' lang='lat' dir='ltr'><strong>iuvandum.</strong></span> <span class='ocrx_word' id='word_1_247' title='bbox 587 4537 740 4606; x_wconf 85' lang='lat' dir='ltr'><strong>Quod</strong></span> <span class='ocrx_word' id='word_1_248' title='bbox 783 4547 843 4594; x_wconf 89' lang='lat' dir='ltr'><strong>ut</strong></span> <span class='ocrx_word' id='word_1_249' title='bbox 877 4538 986 4606; x_wconf 88' lang='lat' dir='ltr'><strong>ﬁat,</strong></span> <span class='ocrx_word' id='word_1_250' title='bbox 1017 4539 1112 4594; x_wconf 89' lang='lat' dir='ltr'><strong>has</strong></span> <span class='ocrx_word' id='word_1_251' title='bbox 1151 4539 1292 4611; x_wconf 90' lang='lat' dir='ltr'><strong>ipsas</strong></span> <span class='ocrx_word' id='word_1_252' title='bbox 1322 4539 1518 4609; x_wconf 87' lang='lat' dir='ltr'><strong>primas</strong></span> <span class='ocrx_word' id='word_1_253' title='bbox 1550 4538 1708 4608; x_wconf 91' lang='lat' dir='ltr'><strong>hujus</strong></span> <span class='ocrx_word' id='word_1_254' title='bbox 1737 4537 1817 4592; x_wconf 90' lang='lat' dir='ltr'><strong>la-</strong></span> 
     </span>
    </p>
   </div>
   <div class='ocr_carea' id='block_1_38' title="bbox 229 4625 1820 4703">
    <p class='ocr_par' dir='ltr' id='par_1_38' title="bbox 229 4625 1820 4703">
     <span class='ocr_line' id='line_1_38' title="bbox 229 4625 1820 4703; baseline 0.004 -21"><span class='ocrx_word' id='word_1_255' title='bbox 229 4625 374 4683; x_wconf 86' lang='lat' dir='ltr'><strong>boris</strong></span> <span class='ocrx_word' id='word_1_256' title='bbox 400 4631 504 4685; x_wconf 91' lang='lat' dir='ltr'><strong>mei</strong></span> <span class='ocrx_word' id='word_1_257' title='bbox 535 4639 735 4702; x_wconf 88' lang='lat' dir='ltr'><strong>partes,</strong></span> <span class='ocrx_word' id='word_1_258' title='bbox 775 4632 866 4687; x_wconf 92' lang='lat' dir='ltr'><strong>ubi</strong></span> <span class='ocrx_word' id='word_1_259' title='bbox 892 4641 974 4688; x_wconf 91' lang='lat' dir='ltr'><strong>est</strong></span> <span class='ocrx_word' id='word_1_260' title='bbox 1001 4634 1099 4688; x_wconf 89' lang='lat' dir='ltr'><strong>ista</strong></span> <span class='ocrx_word' id='word_1_261' title='bbox 1127 4633 1458 4703; x_wconf 76' lang='lat' dir='ltr'><strong>przelocutio,</strong></span> <span class='ocrx_word' id='word_1_262' title='bbox 1504 4633 1685 4688; x_wconf 88' lang='lat' dir='ltr'><strong>curavi</strong></span> <span class='ocrx_word' id='word_1_263' title='bbox 1714 4642 1820 4688; x_wconf 62' lang='lat' dir='ltr'><strong>tuae</strong></span> 
     </span>
    </p>
   </div>
   <div class='ocr_carea' id='block_1_39' title="bbox 231 4716 1821 4780">
    <p class='ocr_par' dir='ltr' id='par_1_39' title="bbox 231 4716 1821 4780">
     <span class='ocr_line' id='line_1_39' title="bbox 231 4716 1821 4780; baseline 0.003 -7"><span class='ocrx_word' id='word_1_264' title='bbox 231 4716 488 4774; x_wconf 83' lang='lat' dir='ltr'><strong>Charitati</strong></span> <span class='ocrx_word' id='word_1_265' title='bbox 515 4721 568 4776; x_wconf 91' lang='lat' dir='ltr'><strong>in</strong></span> <span class='ocrx_word' id='word_1_266' title='bbox 592 4723 796 4777; x_wconf 75' lang='lat' dir='ltr'><strong>auxilio</strong></span> <span class='ocrx_word' id='word_1_267' title='bbox 821 4723 1030 4778; x_wconf 89' lang='lat' dir='ltr'><strong>Domini</strong></span> <span class='ocrx_word' id='word_1_268' title='bbox 1069 4725 1370 4780; x_wconf 87' lang='lat' dir='ltr'><strong>accelerare</strong></span> <span class='ocrx_word' id='word_1_269' title='bbox 1399 4723 1686 4778; x_wconf 89' lang='lat' dir='ltr'><strong>mittendas</strong></span> <span class='ocrx_word' id='word_1_270' title='bbox 1717 4741 1729 4777; x_wconf 90' lang='lat'><strong>:</strong></span> <span class='ocrx_word' id='word_1_271' title='bbox 1761 4733 1821 4779; x_wconf 88' lang='lat' dir='ltr'><strong>ut</strong></span> 
     </span>
    </p>
   </div>
   <div class='ocr_carea' id='block_1_40' title="bbox 229 4814 1818 4886">
    <p class='ocr_par' dir='ltr' id='par_1_40' title="bbox 229 4814 1818 4886">
     <span class='ocr_line' id='line_1_40' title="bbox 229 4814 1818 4886; baseline 0.003 -20"><span class='ocrx_word' id='word_1_272' title='bbox 229 4823 446 4882; x_wconf 81' lang='lat' dir='ltr'><strong>prepter</strong></span> <span class='ocrx_word' id='word_1_273' title='bbox 491 4814 576 4868; x_wconf 89' lang='lat' dir='ltr'><strong>illa</strong></span> <span class='ocrx_word' id='word_1_274' title='bbox 605 4831 724 4884; x_wconf 71' lang='lat' dir='ltr'><strong>qua:</strong></span> <span class='ocrx_word' id='word_1_275' title='bbox 753 4823 974 4882; x_wconf 89' lang='lat' dir='ltr'><strong>restant,</strong></span> <span class='ocrx_word' id='word_1_276' title='bbox 1023 4817 1276 4872; x_wconf 83' lang='lat' dir='ltr'><strong>noveritis</strong></span> <span class='ocrx_word' id='word_1_277' title='bbox 1317 4823 1571 4886; x_wconf 90' lang='lat' dir='ltr'><strong>quantum</strong></span> <span class='ocrx_word' id='word_1_278' title='bbox 1603 4831 1700 4886; x_wconf 89' lang='lat' dir='ltr'><strong>pro</strong></span> <span class='ocrx_word' id='word_1_279' title='bbox 1732 4831 1818 4871; x_wconf 90' lang='lat' dir='ltr'><strong>me</strong></span> 
     </span>
    </p>
   </div>
   <div class='ocr_carea' id='block_1_41' title="bbox 229 4903 1820 4977">
    <p class='ocr_par' dir='ltr' id='par_1_41' title="bbox 229 4903 1820 4977">
     <span class='ocr_line' id='line_1_41' title="bbox 229 4903 1820 4977; baseline 0.004 -21"><span class='ocrx_word' id='word_1_280' title='bbox 229 4915 384 4957; x_wconf 86' lang='lat' dir='ltr'><strong>orare</strong></span> <span class='ocrx_word' id='word_1_281' title='bbox 411 4903 672 4972; x_wconf 86' lang='lat' dir='ltr'><strong>debeatis,</strong></span> <span class='ocrx_word' id='word_1_282' title='bbox 703 4905 1022 4977; x_wconf 86' lang='lat' dir='ltr'><strong>quicumque</strong></span> <span class='ocrx_word' id='word_1_283' title='bbox 1049 4921 1206 4962; x_wconf 89' lang='lat' dir='ltr'><strong>nosse</strong></span> <span class='ocrx_word' id='word_1_284' title='bbox 1235 4907 1532 4977; x_wconf 87' lang='lat' dir='ltr'><strong>potueritis,</strong></span> <span class='ocrx_word' id='word_1_285' title='bbox 1557 4923 1586 4961; x_wconf 91' lang='lat' dir='ltr'><strong>a</strong></span> <span class='ocrx_word' id='word_1_286' title='bbox 1608 4923 1694 4962; x_wconf 92' lang='lat' dir='ltr'><strong>me</strong></span> <span class='ocrx_word' id='word_1_287' title='bbox 1708 4906 1820 4977; x_wconf 89' lang='lat' dir='ltr'><strong>jam</strong></span> 
     </span>
    </p>
   </div>
   <div class='ocr_carea' id='block_1_42' title="bbox 231 4989 1818 5070">
    <p class='ocr_par' dir='ltr' id='par_1_42' title="bbox 231 4989 1818 5070">
     <span class='ocr_line' id='line_1_42' title="bbox 231 4989 1818 5070; baseline 0.005 -26"><span class='ocrx_word' id='word_1_288' title='bbox 231 4989 394 5048; x_wconf 84' lang='lat' dir='ltr'><strong>fuisse</strong></span> <span class='ocrx_word' id='word_1_289' title='bbox 436 5003 742 5064; x_wconf 88' lang='lat' dir='ltr'><strong>susceptum</strong></span> <span class='ocrx_word' id='word_1_290' title='bbox 773 4995 876 5052; x_wconf 89' lang='lat' dir='ltr'><strong>hoc</strong></span> <span class='ocrx_word' id='word_1_291' title='bbox 911 5005 1019 5052; x_wconf 92' lang='lat' dir='ltr'><strong>tam</strong></span> <span class='ocrx_word' id='word_1_292' title='bbox 1049 4997 1246 5068; x_wconf 83' lang='lat' dir='ltr'><strong>grande</strong></span> <span class='ocrx_word' id='word_1_293' title='bbox 1287 4998 1580 5068; x_wconf 77' lang='lat' dir='ltr'><strong>negotium,</strong></span> <span class='ocrx_word' id='word_1_294' title='bbox 1607 4997 1750 5070; x_wconf 89' lang='lat' dir='ltr'><strong>quod</strong></span> <span class='ocrx_word' id='word_1_295' title='bbox 1785 5015 1818 5052; x_wconf 72' lang='grc' dir='ltr'>α</span> 
     </span>
    </p>
   </div>
   <div class='ocr_carea' id='block_1_43' title="bbox 231 5083 907 5156">
    <p class='ocr_par' dir='ltr' id='par_1_43' title="bbox 231 5083 907 5156">
     <span class='ocr_line' id='line_1_43' title="bbox 231 5083 907 5156; baseline 0.006 -20"><span class='ocrx_word' id='word_1_296' title='bbox 231 5095 314 5136; x_wconf 87' lang='lat' dir='ltr'><strong>me</strong></span> <span class='ocrx_word' id='word_1_297' title='bbox 335 5083 655 5139; x_wconf 86' lang='lat' dir='ltr'><strong>desideratis</strong></span> <span class='ocrx_word' id='word_1_298' title='bbox 679 5085 907 5156; x_wconf 92' lang='lat' dir='ltr'><strong>impleri.</strong></span> 
     </span>
    </p>
   </div>
   <div class='ocr_carea' id='block_1_44' title="bbox 281 5173 1822 5253">
    <p class='ocr_par' dir='ltr' id='par_1_44' title="bbox 281 5173 1822 5253">
     <span class='ocr_line' id='line_1_44' title="bbox 281 5173 1822 5253; baseline 0.009 -27"><span class='ocrx_word' id='word_1_299' title='bbox 281 5173 444 5228; x_wconf 87' lang='lat' dir='ltr'><strong>~Petis</strong></span> <span class='ocrx_word' id='word_1_300' title='bbox 473 5190 600 5245; x_wconf 81' lang='lat' dir='ltr'><strong>ergo</strong></span> <span class='ocrx_word' id='word_1_301' title='bbox 627 5177 792 5248; x_wconf 87' lang='lat' dir='ltr'><strong>(quod</strong></span> <span class='ocrx_word' id='word_1_302' title='bbox 818 5187 923 5236; x_wconf 74' lang='lat' dir='ltr'><strong>tua:</strong></span> <span class='ocrx_word' id='word_1_303' title='bbox 963 5181 1200 5236; x_wconf 89' lang='lat' dir='ltr'><strong>indicant</strong></span> <span class='ocrx_word' id='word_1_304' title='bbox 1231 5182 1438 5248; x_wconf 81' lang='lat' dir='ltr'><strong>litterae,</strong></span> <span class='ocrx_word' id='word_1_305' title='bbox 1471 5197 1602 5253; x_wconf 89' lang='lat' dir='ltr'><strong>quas</strong></span> <span class='ocrx_word' id='word_1_306' title='bbox 1641 5182 1706 5238; x_wconf 89' lang='lat' dir='ltr'><strong>ad</strong></span> <span class='ocrx_word' id='word_1_307' title='bbox 1735 5199 1822 5240; x_wconf 90' lang='lat' dir='ltr'><strong>me</strong></span> 
     </span>
    </p>
   </div>
   <div class='ocr_carea' id='block_1_45' title="bbox 231 5263 1825 5344">
    <p class='ocr_par' dir='ltr' id='par_1_45' title="bbox 231 5263 1825 5344">
     <span class='ocr_line' id='line_1_45' title="bbox 231 5263 1825 5344; baseline 0.006 -25"><span class='ocrx_word' id='word_1_308' title='bbox 231 5263 442 5334; x_wconf 85' lang='lat' dir='ltr'><strong>dedisti,</strong></span> <span class='ocrx_word' id='word_1_309' title='bbox 485 5283 606 5323; x_wconf 91' lang='lat' dir='ltr'><strong>cum</strong></span> <span class='ocrx_word' id='word_1_310' title='bbox 649 5270 878 5340; x_wconf 89' lang='lat' dir='ltr'><strong>primum</strong></span> <span class='ocrx_word' id='word_1_311' title='bbox 925 5287 955 5327; x_wconf 90' lang='lat' dir='ltr'><strong>a</strong></span> <span class='ocrx_word' id='word_1_312' title='bbox 1001 5288 1094 5329; x_wconf 91' lang='lat' dir='ltr'><strong>me</strong></span> <span class='ocrx_word' id='word_1_313' title='bbox 1141 5283 1326 5344; x_wconf 86' lang='lat' dir='ltr'><strong>petere</strong></span> <span class='ocrx_word' id='word_1_314' title='bbox 1365 5275 1465 5328; x_wconf 87' lang='lat' dir='ltr'><strong>ista</strong></span> <span class='ocrx_word' id='word_1_315' title='bbox 1504 5273 1734 5344; x_wconf 66' lang='lat' dir='ltr'><strong>coepisti)</strong></span> <span class='ocrx_word' id='word_1_316' title='bbox 1767 5283 1825 5328; x_wconf 90' lang='lat' dir='ltr'><strong>ut</strong></span> 
     </span>
    </p>
   </div>
   <div class='ocr_carea' id='block_1_46' title="bbox 1911 1869 3491 1946">
    <p class='ocr_par' dir='ltr' id='par_1_46' title="bbox 1911 1869 3491 1946">
     <span class='ocr_line' id='line_1_46' title="bbox 1911 1869 3491 1946; baseline 0.005 -26"><span class='ocrx_word' id='word_1_317' title='bbox 1911 1879 2172 1936; x_wconf 78' lang='lat' dir='ltr'><strong>exponam</strong></span> <span class='ocrx_word' id='word_1_318' title='bbox 2197 1869 2425 1938; x_wconf 78' lang='lat' dir='ltr'><strong>breuiter,</strong></span> <span class='ocrx_word' id='word_1_319' title='bbox 2467 1875 2725 1942; x_wconf 79' lang='lat' dir='ltr'><strong>pet-stricte</strong></span> <span class='ocrx_word' id='word_1_320' title='bbox 2763 1881 2912 1946; x_wconf 86' lang='lat' dir='ltr'><strong>atque</strong></span> <span class='ocrx_word' id='word_1_321' title='bbox 2946 1875 3255 1942; x_wconf 72' lang='lat' dir='ltr'><strong>summatim,</strong></span> <span class='ocrx_word' id='word_1_322' title='bbox 3297 1887 3361 1928; x_wconf 78' lang='lat' dir='ltr'><strong>ea:</strong></span> <span class='ocrx_word' id='word_1_323' title='bbox 3392 1877 3491 1944; x_wconf 82' lang='lat' dir='ltr'><strong>quo</strong></span> 
     </span>
    </p>
   </div>
   <div class='ocr_carea' id='block_1_47' title="bbox 1911 1959 3486 2038">
    <p class='ocr_par' dir='ltr' id='par_1_47' title="bbox 1911 1959 3486 2038">
     <span class='ocr_line' id='line_1_47' title="bbox 1911 1959 3486 2038; baseline 0.005 -27"><span class='ocrx_word' id='word_1_324' title='bbox 1911 1959 2186 2014; x_wconf 86' lang='lat' dir='ltr'><strong>christiana</strong></span> <span class='ocrx_word' id='word_1_325' title='bbox 2223 1965 2398 2035; x_wconf 79' lang='lat' dir='ltr'><strong>religio</strong></span> <span class='ocrx_word' id='word_1_326' title='bbox 2426 1966 2729 2022; x_wconf 64' lang='lat' dir='ltr'><strong>hereditatis</strong></span> <span class='ocrx_word' id='word_1_327' title='bbox 2770 1967 3032 2038; x_wconf 71' lang='lat' dir='ltr'><strong>promissa:</strong></span> <span class='ocrx_word' id='word_1_328' title='bbox 3057 1981 3238 2022; x_wconf 80' lang='lat' dir='ltr'><strong>nomen</strong></span> <span class='ocrx_word' id='word_1_329' title='bbox 3271 1965 3486 2035; x_wconf 86' lang='lat' dir='ltr'><strong>accepit,</strong></span> 
     </span>
    </p>
   </div>
   <div class='ocr_carea' id='block_1_48' title="bbox 1911 2053 3495 2130">
    <p class='ocr_par' dir='ltr' id='par_1_48' title="bbox 1911 2053 3495 2130">
     <span class='ocr_line' id='line_1_48' title="bbox 1911 2053 3495 2130; baseline 0.004 -27"><span class='ocrx_word' id='word_1_330' title='bbox 1911 2067 2026 2122; x_wconf 76' lang='lat' dir='ltr'><strong>qua:</strong></span> <span class='ocrx_word' id='word_1_331' title='bbox 2049 2053 2260 2110; x_wconf 67' lang='lat' dir='ltr'><strong>haereses</strong></span> <span class='ocrx_word' id='word_1_332' title='bbox 2288 2059 2494 2126; x_wconf 77' lang='lat' dir='ltr'><strong>fuerint,</strong></span> <span class='ocrx_word' id='word_1_333' title='bbox 2534 2059 2668 2125; x_wconf 87' lang='lat' dir='ltr'><strong>sint;</strong></span> <span class='ocrx_word' id='word_1_334' title='bbox 2711 2075 2832 2130; x_wconf 89' lang='lat' dir='ltr'><strong>quos</strong></span> <span class='ocrx_word' id='word_1_335' title='bbox 2865 2075 3056 2113; x_wconf 85' lang='lat' dir='ltr'><strong>errores</strong></span> <span class='ocrx_word' id='word_1_336' title='bbox 3079 2057 3365 2124; x_wconf 77' lang='lat' dir='ltr'><strong>intulerint,</strong></span> <span class='ocrx_word' id='word_1_337' title='bbox 3403 2057 3495 2111; x_wconf 51' lang='lat' dir='ltr'><strong>in:</strong></span> 
     </span>
    </p>
   </div>
   <div class='ocr_carea' id='block_1_49' title="bbox 1911 2146 3489 2218">
    <p class='ocr_par' dir='ltr' id='par_1_49' title="bbox 1911 2146 3489 2218">
     <span class='ocr_line' id='line_1_49' title="bbox 1911 2146 3489 2218; baseline 0.003 -22"><span class='ocrx_word' id='word_1_338' title='bbox 1911 2146 2112 2212; x_wconf 79' lang='lat' dir='ltr'><strong>ferant,-</strong></span> <span class='ocrx_word' id='word_1_339' title='bbox 2153 2148 2274 2218; x_wconf 85' lang='lat' dir='ltr'><strong>quid</strong></span> <span class='ocrx_word' id='word_1_340' title='bbox 2303 2149 2540 2206; x_wconf 88' lang='lat' dir='ltr'><strong>adversus</strong></span> <span class='ocrx_word' id='word_1_341' title='bbox 2569 2153 2866 2206; x_wconf 83' lang='lat' dir='ltr'><strong>catholicam</strong></span> <span class='ocrx_word' id='word_1_342' title='bbox 2896 2151 3178 2205; x_wconf 80' lang='lat' dir='ltr'><strong>Ecclesium</strong></span> <span class='ocrx_word' id='word_1_343' title='bbox 3226 2149 3489 2216; x_wconf 79' lang='lat' dir='ltr'><strong>senserint,</strong></span> 
     </span>
    </p>
   </div>
   <div class='ocr_carea' id='block_1_50' title="bbox 1911 2239 3494 2312">
    <p class='ocr_par' dir='ltr' id='par_1_50' title="bbox 1911 2239 3494 2312">
     <span class='ocr_line' id='line_1_50' title="bbox 1911 2239 3494 2312; baseline 0.003 -23"><span class='ocrx_word' id='word_1_344' title='bbox 1911 2239 2148 2306; x_wconf 82' lang='lat' dir='ltr'><strong>sentiant,</strong></span> <span class='ocrx_word' id='word_1_345' title='bbox 2179 2239 2240 2293; x_wconf 88' lang='lat' dir='ltr'><strong>de</strong></span> <span class='ocrx_word' id='word_1_346' title='bbox 2264 2241 2383 2310; x_wconf 84' lang='lat' dir='ltr'><strong>ﬁde,</strong></span> <span class='ocrx_word' id='word_1_347' title='bbox 2428 2243 2492 2296; x_wconf 87' lang='lat' dir='ltr'><strong>de</strong></span> <span class='ocrx_word' id='word_1_348' title='bbox 2537 2243 2796 2310; x_wconf 88' lang='lat' dir='ltr'><strong>Trinitate,</strong></span> <span class='ocrx_word' id='word_1_349' title='bbox 2835 2243 2898 2297; x_wconf 87' lang='lat' dir='ltr'><strong>de</strong></span> <span class='ocrx_word' id='word_1_350' title='bbox 2921 2241 3201 2312; x_wconf 86' lang='lat' dir='ltr'><strong>Baptismo,</strong></span> <span class='ocrx_word' id='word_1_351' title='bbox 3243 2241 3304 2294; x_wconf 86' lang='lat' dir='ltr'><strong>de</strong></span> <span class='ocrx_word' id='word_1_352' title='bbox 3329 2241 3494 2310; x_wconf 73' lang='lat' dir='ltr'><strong>paeni-</strong></span> 
     </span>
    </p>
   </div>
   <div class='ocr_carea' id='block_1_51' title="bbox 1911 2329 3494 2398">
    <p class='ocr_par' dir='ltr' id='par_1_51' title="bbox 1911 2329 3494 2398">
     <span class='ocr_line' id='line_1_51' title="bbox 1911 2329 3494 2398; baseline 0.002 -18"><span class='ocrx_word' id='word_1_353' title='bbox 1911 2330 2086 2394; x_wconf 85' lang='lat' dir='ltr'><strong>tentia,</strong></span> <span class='ocrx_word' id='word_1_354' title='bbox 2125 2329 2188 2384; x_wconf 88' lang='lat' dir='ltr'><strong>de</strong></span> <span class='ocrx_word' id='word_1_355' title='bbox 2213 2331 2411 2386; x_wconf 81' lang='lat' dir='ltr'><strong>homine</strong></span> <span class='ocrx_word' id='word_1_356' title='bbox 2435 2331 2654 2398; x_wconf 82' lang='lat' dir='ltr'><strong>Christo,</strong></span> <span class='ocrx_word' id='word_1_357' title='bbox 2683 2333 2746 2387; x_wconf 84' lang='lat' dir='ltr'><strong>de</strong></span> <span class='ocrx_word' id='word_1_358' title='bbox 2785 2333 2892 2388; x_wconf 84' lang='lat' dir='ltr'><strong>Deo</strong></span> <span class='ocrx_word' id='word_1_359' title='bbox 2921 2331 3139 2398; x_wconf 86' lang='lat' dir='ltr'><strong>Christo,</strong></span> <span class='ocrx_word' id='word_1_360' title='bbox 3172 2331 3234 2384; x_wconf 85' lang='lat' dir='ltr'><strong>de</strong></span> <span class='ocrx_word' id='word_1_361' title='bbox 3259 2345 3494 2384; x_wconf 85' lang='lat' dir='ltr'><strong>resurre-</strong></span> 
     </span>
    </p>
   </div>
   <div class='ocr_carea' id='block_1_52' title="bbox 1913 2419 3495 2498">
    <p class='ocr_par' dir='ltr' id='par_1_52' title="bbox 1913 2419 3495 2498">
     <span class='ocr_line' id='line_1_52' title="bbox 1913 2419 3495 2498; baseline 0.001 -26"><span class='ocrx_word' id='word_1_362' title='bbox 1913 2419 2094 2485; x_wconf 82' lang='lat' dir='ltr'><strong>ctione,</strong></span> <span class='ocrx_word' id='word_1_363' title='bbox 2123 2421 2188 2476; x_wconf 87' lang='lat' dir='ltr'><strong>de</strong></span> <span class='ocrx_word' id='word_1_364' title='bbox 2207 2421 2354 2498; x_wconf 62' lang='grc' dir='ltr'><strong>ῌουο</strong></span> <span class='ocrx_word' id='word_1_365' title='bbox 2387 2433 2436 2478; x_wconf 86' lang='lat' dir='ltr'><strong>et</strong></span> <span class='ocrx_word' id='word_1_366' title='bbox 2476 2423 2652 2479; x_wconf 84' lang='lat' dir='ltr'><strong>Vetere</strong></span> <span class='ocrx_word' id='word_1_367' title='bbox 2679 2423 3016 2480; x_wconf 86' lang='lat' dir='ltr'><strong>Testamento.</strong></span> <span class='ocrx_word' id='word_1_368' title='bbox 3041 2423 3174 2478; x_wconf 88' lang='lat' dir='ltr'><strong>Istas</strong></span> <span class='ocrx_word' id='word_1_369' title='bbox 3201 2429 3380 2477; x_wconf 91' lang='lat' dir='ltr'><strong>autem</strong></span> <span class='ocrx_word' id='word_1_370' title='bbox 3409 2421 3495 2474; x_wconf 88' lang='lat' dir='ltr'><strong>in-</strong></span> 
     </span>
    </p>
   </div>
   <div class='ocr_carea' id='block_1_53' title="bbox 1913 2511 3492 2587">
    <p class='ocr_par' dir='ltr' id='par_1_53' title="bbox 1913 2511 3492 2587">
     <span class='ocr_line' id='line_1_53' title="bbox 1913 2511 3492 2587; baseline 0.001 -22"><span class='ocrx_word' id='word_1_371' title='bbox 1913 2513 2226 2581; x_wconf 86' lang='lat' dir='ltr'><strong>quisitiones</strong></span> <span class='ocrx_word' id='word_1_372' title='bbox 2249 2523 2366 2571; x_wconf 89' lang='lat' dir='ltr'><strong>tuas</strong></span> <span class='ocrx_word' id='word_1_373' title='bbox 2387 2517 2440 2570; x_wconf 88' lang='lat' dir='ltr'><strong>in</strong></span> <span class='ocrx_word' id='word_1_374' title='bbox 2464 2517 2783 2572; x_wconf 89' lang='lat' dir='ltr'><strong>immensum</strong></span> <span class='ocrx_word' id='word_1_375' title='bbox 2809 2515 3100 2587; x_wconf 90' lang='lat' dir='ltr'><strong>procedere</strong></span> <span class='ocrx_word' id='word_1_376' title='bbox 3125 2527 3245 2569; x_wconf 90' lang='lat' dir='ltr'><strong>cum</strong></span> <span class='ocrx_word' id='word_1_377' title='bbox 3265 2511 3492 2574; x_wconf 80' lang='lat' dir='ltr'><strong>videres,</strong></span> 
     </span>
    </p>
   </div>
   <div class='ocr_carea' id='block_1_54' title="bbox 1914 2605 3494 2678">
    <p class='ocr_par' dir='ltr' id='par_1_54' title="bbox 1914 2605 3494 2678">
     <span class='ocr_line' id='line_1_54' title="bbox 1914 2605 3494 2678; baseline 0.002 -23"><span class='ocrx_word' id='word_1_378' title='bbox 1914 2605 2110 2672; x_wconf 85' lang='lat' dir='ltr'><strong>putasti</strong></span> <span class='ocrx_word' id='word_1_379' title='bbox 2136 2607 2412 2676; x_wconf 86' lang='lat' dir='ltr'><strong>cujusdam</strong></span> <span class='ocrx_word' id='word_1_380' title='bbox 2427 2611 2801 2678; x_wconf 63' lang='lat' dir='ltr'><strong>generalitatis</strong></span> <span class='ocrx_word' id='word_1_381' title='bbox 2827 2609 3183 2666; x_wconf 87' lang='lat' dir='ltr'><strong>adhibendum</strong></span> <span class='ocrx_word' id='word_1_382' title='bbox 3205 2621 3324 2663; x_wconf 90' lang='lat' dir='ltr'><strong>esse</strong></span> <span class='ocrx_word' id='word_1_383' title='bbox 3345 2619 3494 2660; x_wconf 91' lang='lat' dir='ltr'><strong>com-</strong></span> 
     </span>
    </p>
   </div>
   <div class='ocr_carea' id='block_1_55' title="bbox 1913 2693 3498 2768">
    <p class='ocr_par' dir='ltr' id='par_1_55' title="bbox 1913 2693 3498 2768">
     <span class='ocr_line' id='line_1_55' title="bbox 1913 2693 3498 2768; baseline 0.001 -21"><span class='ocrx_word' id='word_1_384' title='bbox 1913 2693 2185 2762; x_wconf 84' lang='lat' dir='ltr'><strong>pendium,</strong></span> <span class='ocrx_word' id='word_1_385' title='bbox 2227 2705 2386 2767; x_wconf 86' lang='lat' dir='ltr'><strong>atque</strong></span> <span class='ocrx_word' id='word_1_386' title='bbox 2421 2698 2598 2754; x_wconf 85' lang='lat' dir='ltr'><strong>dixisti</strong></span> <span class='ocrx_word' id='word_1_387' title='bbox 2629 2715 2642 2754; x_wconf 90' lang='lat'><strong>:</strong></span> <span class='ocrx_word' id='word_1_388' title='bbox 2675 2697 2742 2753; x_wconf 86' lang='lat' dir='ltr'><strong>Et</strong></span> <span class='ocrx_word' id='word_1_389' title='bbox 2781 2701 2950 2754; x_wconf 84' lang='lat' dir='ltr'><strong>omnia</strong></span> <span class='ocrx_word' id='word_1_390' title='bbox 2979 2700 3204 2764; x_wconf 88' lang='lat' dir='ltr'><strong>omnino,</strong></span> <span class='ocrx_word' id='word_1_391' title='bbox 3247 2697 3428 2768; x_wconf 79' lang='lat' dir='ltr'><strong>quibus</strong></span> <span class='ocrx_word' id='word_1_392' title='bbox 3465 2713 3498 2748; x_wconf 86' lang='lat' dir='ltr'><strong>a</strong></span> 
     </span>
    </p>
   </div>
   <div class='ocr_carea' id='block_1_56' title="bbox 1913 2785 3500 2857">
    <p class='ocr_par' dir='ltr' id='par_1_56' title="bbox 1913 2785 3500 2857">
     <span class='ocr_line' id='line_1_56' title="bbox 1913 2785 3500 2857; baseline 0.001 -19"><span class='ocrx_word' id='word_1_393' title='bbox 1913 2787 2120 2840; x_wconf 77' lang='lat' dir='ltr'><strong>ueritate</strong></span> <span class='ocrx_word' id='word_1_394' title='bbox 2143 2785 2459 2844; x_wconf 84' lang='lat' dir='ltr'><strong>dissentiunt.</strong></span> <span class='ocrx_word' id='word_1_395' title='bbox 2507 2789 2710 2847; x_wconf 88' lang='lat' dir='ltr'><strong>Deinde</strong></span> <span class='ocrx_word' id='word_1_396' title='bbox 2735 2791 2985 2846; x_wconf 87' lang='lat' dir='ltr'><strong>addidisti</strong></span> <span class='ocrx_word' id='word_1_397' title='bbox 3019 2807 3033 2844; x_wconf 88' lang='lat'><strong>:</strong></span> <span class='ocrx_word' id='word_1_398' title='bbox 3069 2791 3197 2857; x_wconf 70' lang='lat' dir='ltr'><strong>Quae</strong></span> <span class='ocrx_word' id='word_1_399' title='bbox 3221 2790 3370 2843; x_wconf 87' lang='lat' dir='ltr'><strong>etiam</strong></span> <span class='ocrx_word' id='word_1_400' title='bbox 3397 2787 3500 2841; x_wconf 86' lang='lat' dir='ltr'><strong>Ba-</strong></span> 
     </span>
    </p>
   </div>
   <div class='ocr_carea' id='block_1_57' title="bbox 1915 2877 3502 2952">
    <p class='ocr_par' dir='ltr' id='par_1_57' title="bbox 1915 2877 3502 2952">
     <span class='ocr_line' id='line_1_57' title="bbox 1915 2877 3502 2952; baseline 0.002 -22"><span class='ocrx_word' id='word_1_401' title='bbox 1915 2879 2152 2946; x_wconf 87' lang='lat' dir='ltr'><strong>ptismum</strong></span> <span class='ocrx_word' id='word_1_402' title='bbox 2205 2879 2440 2948; x_wconf 76' lang='lat' dir='ltr'><strong>habeant,</strong></span> <span class='ocrx_word' id='word_1_403' title='bbox 2481 2899 2650 2952; x_wconf 73' lang='lat' dir='ltr'><strong>quam</strong></span> <span class='ocrx_word' id='word_1_404' title='bbox 2695 2877 2798 2938; x_wconf 75' lang='lat' dir='ltr'><strong>nan</strong></span> <span class='ocrx_word' id='word_1_405' title='bbox 2838 2883 3086 2947; x_wconf 87' lang='lat' dir='ltr'><strong>habeant;</strong></span> <span class='ocrx_word' id='word_1_406' title='bbox 3133 2891 3178 2936; x_wconf 86' lang='lat' dir='ltr'><strong>et</strong></span> <span class='ocrx_word' id='word_1_407' title='bbox 3222 2890 3334 2950; x_wconf 88' lang='lat' dir='ltr'><strong>post</strong></span> <span class='ocrx_word' id='word_1_408' title='bbox 3374 2895 3502 2951; x_wconf 80' lang='lat' dir='ltr'><strong>quas</strong></span> 
     </span>
    </p>
   </div>
   <div class='ocr_carea' id='block_1_58' title="bbox 1915 2969 3502 3044">
    <p class='ocr_par' dir='ltr' id='par_1_58' title="bbox 1915 2969 3502 3044">
     <span class='ocr_line' id='line_1_58' title="bbox 1915 2969 3502 3044; baseline 0.003 -22"><span class='ocrx_word' id='word_1_409' title='bbox 1915 2969 2150 3040; x_wconf 82' lang='lat' dir='ltr'><strong>baptizet,</strong></span> <span class='ocrx_word' id='word_1_410' title='bbox 2182 2987 2270 3026; x_wconf 88' lang='lat' dir='ltr'><strong>nec</strong></span> <span class='ocrx_word' id='word_1_411' title='bbox 2309 2981 2476 3028; x_wconf 88' lang='lat' dir='ltr'><strong>tamen</strong></span> <span class='ocrx_word' id='word_1_412' title='bbox 2499 2975 2770 3044; x_wconf 76' lang='lat' dir='ltr'><strong>rebaptizet</strong></span> <span class='ocrx_word' id='word_1_413' title='bbox 2809 2975 3078 3029; x_wconf 84' lang='lat' dir='ltr'><strong>Ecclesia:</strong></span> <span class='ocrx_word' id='word_1_414' title='bbox 3102 2975 3314 3044; x_wconf 84' lang='lat' dir='ltr'><strong>qualiter</strong></span> <span class='ocrx_word' id='word_1_415' title='bbox 3341 2973 3502 3028; x_wconf 75' lang='lat' dir='ltr'><strong>susci-</strong></span> 
     </span>
    </p>
   </div>
   <div class='ocr_carea' id='block_1_59' title="bbox 1915 3061 3502 3136">
    <p class='ocr_par' dir='ltr' id='par_1_59' title="bbox 1915 3061 3502 3136">
     <span class='ocr_line' id='line_1_59' title="bbox 1915 3061 3502 3136; baseline 0.001 -22"><span class='ocrx_word' id='word_1_416' title='bbox 1915 3061 2023 3132; x_wconf 82' lang='lat' dir='ltr'><strong>piat</strong></span> <span class='ocrx_word' id='word_1_417' title='bbox 2049 3063 2329 3130; x_wconf 81' lang='lat' dir='ltr'><strong>uenientes;</strong></span> <span class='ocrx_word' id='word_1_418' title='bbox 2359 3073 2408 3119; x_wconf 91' lang='lat' dir='ltr'><strong>et</strong></span> <span class='ocrx_word' id='word_1_419' title='bbox 2434 3065 2556 3136; x_wconf 87' lang='lat' dir='ltr'><strong>quid</strong></span> <span class='ocrx_word' id='word_1_420' title='bbox 2591 3067 2802 3136; x_wconf 84' lang='lat' dir='ltr'><strong>singulis</strong></span> <span class='ocrx_word' id='word_1_421' title='bbox 2842 3065 2968 3136; x_wconf 86' lang='lat' dir='ltr'><strong>lege,</strong></span> <span class='ocrx_word' id='word_1_422' title='bbox 3015 3065 3325 3129; x_wconf 82' lang='lat' dir='ltr'><strong>auctoritate,</strong></span> <span class='ocrx_word' id='word_1_423' title='bbox 3355 3071 3502 3130; x_wconf 83' lang='lat' dir='ltr'><strong>atque</strong></span> 
     </span>
    </p>
   </div>
   <div class='ocr_carea' id='block_1_60' title="bbox 1915 3153 3500 3226">
    <p class='ocr_par' dir='ltr' id='par_1_60' title="bbox 1915 3153 3500 3226">
     <span class='ocr_line' id='line_1_60' title="bbox 1915 3153 3500 3226; baseline 0.004 -23"><span class='ocrx_word' id='word_1_424' title='bbox 1915 3153 2110 3208; x_wconf 85' lang='lat' dir='ltr'><strong>ratione</strong></span> <span class='ocrx_word' id='word_1_425' title='bbox 2137 3155 2453 3225; x_wconf 82' lang='lat' dir='ltr'><strong>respondeat.</strong></span> <span class='ocrx_word' id='word_1_426' title='bbox 2493 3157 2622 3216; x_wconf 65' lang='lat' dir='ltr'><strong>Haec</strong></span> <span class='ocrx_word' id='word_1_427' title='bbox 2650 3157 2827 3211; x_wconf 89' lang='lat' dir='ltr'><strong>omnia</strong></span> <span class='ocrx_word' id='word_1_428' title='bbox 2857 3173 2975 3212; x_wconf 89' lang='lat' dir='ltr'><strong>cum</strong></span> <span class='ocrx_word' id='word_1_429' title='bbox 3004 3157 3199 3226; x_wconf 73' lang='lat' dir='ltr'><strong>qumris</strong></span> <span class='ocrx_word' id='word_1_430' title='bbox 3242 3165 3299 3210; x_wconf 89' lang='lat' dir='ltr'><strong>ut</strong></span> <span class='ocrx_word' id='word_1_431' title='bbox 3335 3169 3500 3225; x_wconf 86' lang='lat' dir='ltr'><strong>expo-</strong></span> 
     </span>
    </p>
   </div>
   <div class='ocr_carea' id='block_1_61' title="bbox 1917 3247 3503 3318">
    <p class='ocr_par' dir='ltr' id='par_1_61' title="bbox 1917 3247 3503 3318">
     <span class='ocr_line' id='line_1_61' title="bbox 1917 3247 3503 3318; baseline 0.004 -21"><span class='ocrx_word' id='word_1_432' title='bbox 1917 3253 2112 3299; x_wconf 90' lang='lat' dir='ltr'><strong>nantur</strong></span> <span class='ocrx_word' id='word_1_433' title='bbox 2139 3261 2169 3300; x_wconf 91' lang='lat' dir='ltr'><strong>a</strong></span> <span class='ocrx_word' id='word_1_434' title='bbox 2214 3261 2318 3314; x_wconf 91' lang='lat' dir='ltr'><strong>me,</strong></span> <span class='ocrx_word' id='word_1_435' title='bbox 2353 3248 2518 3302; x_wconf 87' lang='lat' dir='ltr'><strong>miror</strong></span> <span class='ocrx_word' id='word_1_436' title='bbox 2543 3247 2872 3302; x_wconf 89' lang='lat' dir='ltr'><strong>luculentum</strong></span> <span class='ocrx_word' id='word_1_437' title='bbox 2921 3249 3192 3318; x_wconf 83' lang='lat' dir='ltr'><strong>ingenium</strong></span> <span class='ocrx_word' id='word_1_438' title='bbox 3223 3259 3390 3314; x_wconf 86' lang='lat' dir='ltr'><strong>tuum,</strong></span> <span class='ocrx_word' id='word_1_439' title='bbox 3421 3253 3503 3303; x_wconf 79' lang='lat' dir='ltr'><strong>tot</strong></span> 
     </span>
    </p>
   </div>
   <div class='ocr_carea' id='block_1_62' title="bbox 1919 3339 3500 3407">
    <p class='ocr_par' dir='ltr' id='par_1_62' title="bbox 1919 3339 3500 3407">
     <span class='ocr_line' id='line_1_62' title="bbox 1919 3339 3500 3407; baseline 0.004 -19"><span class='ocrx_word' id='word_1_440' title='bbox 1919 3343 2290 3406; x_wconf 87' lang='lat' dir='ltr'><strong>tantarumque</strong></span> <span class='ocrx_word' id='word_1_441' title='bbox 2333 3353 2512 3393; x_wconf 91' lang='lat' dir='ltr'><strong>rerum</strong></span> <span class='ocrx_word' id='word_1_442' title='bbox 2550 3347 2606 3396; x_wconf 92' lang='lat' dir='ltr'><strong>et</strong></span> <span class='ocrx_word' id='word_1_443' title='bbox 2632 3340 2782 3396; x_wconf 89' lang='lat' dir='ltr'><strong>sitire</strong></span> <span class='ocrx_word' id='word_1_444' title='bbox 2813 3341 3108 3407; x_wconf 79' lang='lat' dir='ltr'><strong>veritatem,</strong></span> <span class='ocrx_word' id='word_1_445' title='bbox 3147 3350 3200 3396; x_wconf 86' lang='lat' dir='ltr'><strong>et</strong></span> <span class='ocrx_word' id='word_1_446' title='bbox 3226 3339 3500 3396; x_wconf 86' lang='lat' dir='ltr'><strong>fastidium</strong></span> 
     </span>
    </p>
   </div>
   <div class='ocr_carea' id='block_1_63' title="bbox 1913 3426 3504 3500">
    <p class='ocr_par' dir='ltr' id='par_1_63' title="bbox 1913 3426 3504 3500">
     <span class='ocr_line' id='line_1_63' title="bbox 1913 3426 3504 3500; baseline 0.003 -19"><span class='ocrx_word' id='word_1_447' title='bbox 1913 3426 2024 3498; x_wconf 86' lang='lat' dir='ltr'><strong>jam</strong></span> <span class='ocrx_word' id='word_1_448' title='bbox 2065 3430 2302 3485; x_wconf 91' lang='lat' dir='ltr'><strong>timendo</strong></span> <span class='ocrx_word' id='word_1_449' title='bbox 2345 3447 2565 3500; x_wconf 88' lang='lat' dir='ltr'><strong>poscere</strong></span> <span class='ocrx_word' id='word_1_450' title='bbox 2609 3433 2944 3489; x_wconf 85' lang='lat' dir='ltr'><strong>brevitatem.</strong></span> <span class='ocrx_word' id='word_1_451' title='bbox 2977 3435 3084 3490; x_wconf 90' lang='lat' dir='ltr'><strong>Sed</strong></span> <span class='ocrx_word' id='word_1_452' title='bbox 3119 3433 3293 3488; x_wconf 83' lang='lat' dir='ltr'><strong>vidisti</strong></span> <span class='ocrx_word' id='word_1_453' title='bbox 3339 3433 3504 3488; x_wconf 88' lang='lat' dir='ltr'><strong>etiam</strong></span> 
     </span>
    </p>
   </div>
   <div class='ocr_carea' id='block_1_64' title="bbox 1917 3519 3506 3596">
    <p class='ocr_par' dir='ltr' id='par_1_64' title="bbox 1917 3519 3506 3596">
     <span class='ocr_line' id='line_1_64' title="bbox 1917 3519 3506 3596; baseline 0.004 -24"><span class='ocrx_word' id='word_1_454' title='bbox 1917 3519 2032 3589; x_wconf 88' lang='lat' dir='ltr'><strong>ipse</strong></span> <span class='ocrx_word' id='word_1_455' title='bbox 2061 3521 2186 3591; x_wconf 89' lang='lat' dir='ltr'><strong>quid</strong></span> <span class='ocrx_word' id='word_1_456' title='bbox 2225 3521 2325 3578; x_wconf 88' lang='lat' dir='ltr'><strong>hoc</strong></span> <span class='ocrx_word' id='word_1_457' title='bbox 2359 3523 2477 3579; x_wconf 89' lang='lat' dir='ltr'><strong>loco</strong></span> <span class='ocrx_word' id='word_1_458' title='bbox 2513 3539 2728 3594; x_wconf 85' lang='lat' dir='ltr'><strong>possem</strong></span> <span class='ocrx_word' id='word_1_459' title='bbox 2757 3533 2862 3580; x_wconf 75' lang='lat' dir='ltr'><strong>tum</strong></span> <span class='ocrx_word' id='word_1_460' title='bbox 2903 3525 3060 3596; x_wconf 87' lang='lat' dir='ltr'><strong>hujus</strong></span> <span class='ocrx_word' id='word_1_461' title='bbox 3095 3525 3335 3596; x_wconf 67' lang='lat' dir='ltr'><strong>epistola:</strong></span> <span class='ocrx_word' id='word_1_462' title='bbox 3361 3527 3506 3595; x_wconf 79' lang='lat' dir='ltr'><strong>cogi-</strong></span> 
     </span>
    </p>
   </div>
   <div class='ocr_carea' id='block_1_65' title="bbox 1917 3615 3499 3688">
    <p class='ocr_par' dir='ltr' id='par_1_65' title="bbox 1917 3615 3499 3688">
     <span class='ocr_line' id='line_1_65' title="bbox 1917 3615 3499 3688; baseline 0.005 -24"><span class='ocrx_word' id='word_1_463' title='bbox 1917 3619 2072 3677; x_wconf 89' lang='lat' dir='ltr'><strong>tare;</strong></span> <span class='ocrx_word' id='word_1_464' title='bbox 2115 3623 2168 3668; x_wconf 90' lang='lat' dir='ltr'><strong>et</strong></span> <span class='ocrx_word' id='word_1_465' title='bbox 2191 3615 2342 3683; x_wconf 84' lang='lat' dir='ltr'><strong>quasi</strong></span> <span class='ocrx_word' id='word_1_466' title='bbox 2377 3616 2657 3686; x_wconf 78' lang='lat' dir='ltr'><strong>vigilanter</strong></span> <span class='ocrx_word' id='word_1_467' title='bbox 2685 3619 2964 3672; x_wconf 89' lang='lat' dir='ltr'><strong>occurristi</strong></span> <span class='ocrx_word' id='word_1_468' title='bbox 2999 3619 3303 3688; x_wconf 83' lang='lat' dir='ltr'><strong>cogitationi</strong></span> <span class='ocrx_word' id='word_1_469' title='bbox 3343 3615 3499 3682; x_wconf 71' lang='lat' dir='ltr'><strong>mete,</strong></span> 
     </span>
    </p>
   </div>
   <div class='ocr_carea' id='block_1_66' title="bbox 1919 3703 3502 3781">
    <p class='ocr_par' dir='ltr' id='par_1_66' title="bbox 1919 3703 3502 3781">
     <span class='ocr_line' id='line_1_66' title="bbox 1919 3703 3502 3781; baseline 0.004 -24"><span class='ocrx_word' id='word_1_470' title='bbox 1919 3703 2102 3759; x_wconf 86' lang='lat' dir='ltr'><strong>dicens</strong></span> <span class='ocrx_word' id='word_1_471' title='bbox 2130 3722 2142 3758; x_wconf 93' lang='lat'>:</span> <span class='ocrx_word' id='word_1_472' title='bbox 2179 3705 2290 3760; x_wconf 87' lang='lat' dir='ltr'><strong>Nec</strong></span> <span class='ocrx_word' id='word_1_473' title='bbox 2313 3723 2392 3762; x_wconf 89' lang='lat' dir='ltr'><strong>me</strong></span> <span class='ocrx_word' id='word_1_474' title='bbox 2421 3717 2575 3763; x_wconf 69' lang='lat' dir='ltr'><strong>tanta:</strong></span> <span class='ocrx_word' id='word_1_475' title='bbox 2603 3709 2872 3764; x_wconf 85' lang='lat' dir='ltr'><strong>Beatitudo</strong></span> <span class='ocrx_word' id='word_1_476' title='bbox 2893 3721 2977 3764; x_wconf 86' lang='lat' dir='ltr'><strong>tua</strong></span> <span class='ocrx_word' id='word_1_477' title='bbox 3002 3712 3172 3764; x_wconf 80' lang='lat' dir='ltr'><strong>credat</strong></span> <span class='ocrx_word' id='word_1_478' title='bbox 3193 3711 3414 3781; x_wconf 72' lang='lat' dir='ltr'><strong>ineptire,</strong></span> <span class='ocrx_word' id='word_1_479' title='bbox 3445 3717 3502 3764; x_wconf 86' lang='lat' dir='ltr'><strong>ut</strong></span> 
     </span>
    </p>
   </div>
   <div class='ocr_carea' id='block_1_67' title="bbox 1919 3798 3504 3872">
    <p class='ocr_par' dir='ltr' id='par_1_67' title="bbox 1919 3798 3504 3872">
     <span class='ocr_line' id='line_1_67' title="bbox 1919 3798 3504 3872; baseline 0.004 -22"><span class='ocrx_word' id='word_1_480' title='bbox 1919 3813 2020 3850; x_wconf 90' lang='lat' dir='ltr'><strong>non</strong></span> <span class='ocrx_word' id='word_1_481' title='bbox 2057 3798 2322 3866; x_wconf 83' lang='lat' dir='ltr'><strong>inspiciam</strong></span> <span class='ocrx_word' id='word_1_482' title='bbox 2348 3801 2548 3868; x_wconf 83' lang='lat' dir='ltr'><strong>quantis</strong></span> <span class='ocrx_word' id='word_1_483' title='bbox 2588 3809 2636 3854; x_wconf 86' lang='lat' dir='ltr'><strong>et</strong></span> <span class='ocrx_word' id='word_1_484' title='bbox 2670 3817 2822 3871; x_wconf 86' lang='lat' dir='ltr'><strong>quant</strong></span> <span class='ocrx_word' id='word_1_485' title='bbox 2849 3801 3130 3872; x_wconf 80' lang='lat' dir='ltr'><strong>ingentibus</strong></span> <span class='ocrx_word' id='word_1_486' title='bbox 3165 3801 3504 3856; x_wconf 80' lang='lat' dir='ltr'><strong>voluminibus</strong></span> 
     </span>
    </p>
   </div>
   <div class='ocr_carea' id='block_1_68' title="bbox 1920 3881 3508 3963">
    <p class='ocr_par' dir='ltr' id='par_1_68' title="bbox 1920 3881 3508 3963">
     <span class='ocr_line' id='line_1_68' title="bbox 1920 3881 3508 3963; baseline 0.005 -23"><span class='ocrx_word' id='word_1_487' title='bbox 1920 3901 2048 3957; x_wconf 80' lang='lat' dir='ltr'><strong>opus</strong></span> <span class='ocrx_word' id='word_1_488' title='bbox 2091 3888 2174 3952; x_wconf 88' lang='lat' dir='ltr'><strong>sit,</strong></span> <span class='ocrx_word' id='word_1_489' title='bbox 2216 3897 2271 3942; x_wconf 88' lang='lat' dir='ltr'><strong>ut</strong></span> <span class='ocrx_word' id='word_1_490' title='bbox 2297 3890 2490 3959; x_wconf 80' lang='lat' dir='ltr'><strong>possint</strong></span> <span class='ocrx_word' id='word_1_491' title='bbox 2517 3891 2616 3944; x_wconf 90' lang='lat' dir='ltr'><strong>ista</strong></span> <span class='ocrx_word' id='word_1_492' title='bbox 2654 3891 2877 3946; x_wconf 84' lang='lat' dir='ltr'><strong>dissolvi.</strong></span> <span class='ocrx_word' id='word_1_493' title='bbox 2929 3881 3112 3947; x_wconf 76' lang='lat' dir='ltr'><strong>Verum</strong></span> <span class='ocrx_word' id='word_1_494' title='bbox 3143 3895 3236 3948; x_wconf 86' lang='lat' dir='ltr'><strong>hoc</strong></span> <span class='ocrx_word' id='word_1_495' title='bbox 3275 3909 3366 3963; x_wconf 83' lang='lat' dir='ltr'><strong>ego</strong></span> <span class='ocrx_word' id='word_1_496' title='bbox 3393 3895 3508 3962; x_wconf 79' lang='lat' dir='ltr'><strong>ﬁeri</strong></span> 
     </span>
    </p>
   </div>
   <div class='ocr_carea' id='block_1_69' title="bbox 1921 3981 3508 4055">
    <p class='ocr_par' dir='ltr' id='par_1_69' title="bbox 1921 3981 3508 4055">
     <span class='ocr_line' id='line_1_69' title="bbox 1921 3981 3508 4055; baseline 0.004 -23"><span class='ocrx_word' id='word_1_497' title='bbox 1921 3995 2022 4033; x_wconf 87' lang='lat' dir='ltr'><strong>non</strong></span> <span class='ocrx_word' id='word_1_498' title='bbox 2049 3989 2280 4050; x_wconf 67' lang='lat' dir='ltr'><strong>exspecto</strong></span> <span class='ocrx_word' id='word_1_499' title='bbox 2301 3981 2318 4012; x_wconf 89' lang='grc'>¹</span> <span class='ocrx_word' id='word_1_500' title='bbox 2346 3999 2360 4036; x_wconf 90' lang='lat'><strong>:</strong></span> <span class='ocrx_word' id='word_1_501' title='bbox 2391 3981 2444 4035; x_wconf 87' lang='lat' dir='ltr'><strong>id</strong></span> <span class='ocrx_word' id='word_1_502' title='bbox 2485 3983 2623 4037; x_wconf 86' lang='lat' dir='ltr'><strong>enim</strong></span> <span class='ocrx_word' id='word_1_503' title='bbox 2663 3983 3008 4055; x_wconf 84' lang='lat' dir='ltr'><strong>multipliciter</strong></span> <span class='ocrx_word' id='word_1_504' title='bbox 3040 3989 3226 4055; x_wconf 81' lang='lat' dir='ltr'><strong>factum</strong></span> <span class='ocrx_word' id='word_1_505' title='bbox 3265 3999 3372 4040; x_wconf 83' lang='lat' dir='ltr'><strong>esse</strong></span> <span class='ocrx_word' id='word_1_506' title='bbox 3405 3999 3508 4038; x_wconf 89' lang='lat' dir='ltr'><strong>non</strong></span> 
     </span>
    </p>
   </div>
   <div class='ocr_carea' id='block_1_70' title="bbox 1921 4071 3510 4146">
    <p class='ocr_par' dir='ltr' id='par_1_70' title="bbox 1921 4071 3510 4146">
     <span class='ocr_line' id='line_1_70' title="bbox 1921 4071 3510 4146; baseline 0.003 -21"><span class='ocrx_word' id='word_1_507' title='bbox 1921 4071 2112 4126; x_wconf 89' lang='lat' dir='ltr'><strong>dubito.</strong></span> <span class='ocrx_word' id='word_1_508' title='bbox 2159 4073 2226 4127; x_wconf 79' lang='lat' dir='ltr'><strong>Et</strong></span> <span class='ocrx_word' id='word_1_509' title='bbox 2265 4081 2516 4143; x_wconf 87' lang='lat' dir='ltr'><strong>tanquam</strong></span> <span class='ocrx_word' id='word_1_510' title='bbox 2562 4076 2841 4130; x_wconf 87' lang='lat' dir='ltr'><strong>consilium</strong></span> <span class='ocrx_word' id='word_1_511' title='bbox 2885 4075 3194 4146; x_wconf 87' lang='lat' dir='ltr'><strong>subjiciens,</strong></span> <span class='ocrx_word' id='word_1_512' title='bbox 3241 4075 3510 4146; x_wconf 86' lang='lat' dir='ltr'><strong>quomodo</strong></span> 
     </span>
    </p>
   </div>
   <div class='ocr_carea' id='block_1_71' title="bbox 1923 4157 3510 4240">
    <p class='ocr_par' dir='ltr' id='par_1_71' title="bbox 1923 4157 3510 4240">
     <span class='ocr_line' id='line_1_71' title="bbox 1923 4157 3510 4240; baseline 0.001 -18"><span class='ocrx_word' id='word_1_513' title='bbox 1923 4157 2092 4234; x_wconf 88' lang='lat' dir='ltr'><strong>possit</strong></span> <span class='ocrx_word' id='word_1_514' title='bbox 2129 4173 2183 4222; x_wconf 92' lang='lat' dir='ltr'><strong>et</strong></span> <span class='ocrx_word' id='word_1_515' title='bbox 2219 4168 2420 4222; x_wconf 87' lang='lat' dir='ltr'><strong>servari</strong></span> <span class='ocrx_word' id='word_1_516' title='bbox 2449 4167 2700 4236; x_wconf 87' lang='lat' dir='ltr'><strong>brevitas,</strong></span> <span class='ocrx_word' id='word_1_517' title='bbox 2733 4179 2788 4224; x_wconf 90' lang='lat' dir='ltr'><strong>et</strong></span> <span class='ocrx_word' id='word_1_518' title='bbox 2825 4169 3022 4224; x_wconf 84' lang='lat' dir='ltr'><strong>veritas</strong></span> <span class='ocrx_word' id='word_1_519' title='bbox 3053 4169 3232 4240; x_wconf 89' lang='lat' dir='ltr'><strong>pandi,</strong></span> <span class='ocrx_word' id='word_1_520' title='bbox 3265 4169 3510 4240; x_wconf 73' lang='lat' dir='ltr'><strong>adiungis</strong></span> 
     </span>
    </p>
   </div>
   <div class='ocr_carea' id='block_1_72' title="bbox 1923 4261 3514 4334">
    <p class='ocr_par' dir='ltr' id='par_1_72' title="bbox 1923 4261 3514 4334">
     <span class='ocr_line' id='line_1_72' title="bbox 1923 4261 3514 4334; baseline 0.001 -20"><span class='ocrx_word' id='word_1_521' title='bbox 1923 4275 1986 4314; x_wconf 89' lang='lat' dir='ltr'><strong>ea</strong></span> <span class='ocrx_word' id='word_1_522' title='bbox 2026 4261 2185 4316; x_wconf 88' lang='lat' dir='ltr'><strong>verba</strong></span> <span class='ocrx_word' id='word_1_523' title='bbox 2215 4273 2336 4332; x_wconf 65' lang='lat' dir='ltr'><strong>qua:</strong></span> <span class='ocrx_word' id='word_1_524' title='bbox 2379 4263 2538 4332; x_wconf 87' lang='lat' dir='ltr'><strong>paulo</strong></span> <span class='ocrx_word' id='word_1_525' title='bbox 2581 4271 2705 4318; x_wconf 90' lang='lat' dir='ltr'><strong>ante</strong></span> <span class='ocrx_word' id='word_1_526' title='bbox 2737 4265 2846 4332; x_wconf 88' lang='lat' dir='ltr'><strong>jam</strong></span> <span class='ocrx_word' id='word_1_527' title='bbox 2891 4263 3065 4334; x_wconf 87' lang='lat' dir='ltr'><strong>posui,</strong></span> <span class='ocrx_word' id='word_1_528' title='bbox 3107 4271 3160 4318; x_wconf 88' lang='lat' dir='ltr'><strong>et</strong></span> <span class='ocrx_word' id='word_1_529' title='bbox 3197 4264 3372 4318; x_wconf 83' lang='lat' dir='ltr'><strong>dicis:</strong></span> <span class='ocrx_word' id='word_1_530' title='bbox 3405 4261 3514 4318; x_wconf 76' lang='lat' dir='ltr'><strong>Sed</strong></span> 
     </span>
    </p>
   </div>
   <div class='ocr_carea' id='block_1_73' title="bbox 1925 4352 3510 4426">
    <p class='ocr_par' dir='ltr' id='par_1_73' title="bbox 1925 4352 3510 4426">
     <span class='ocr_line' id='line_1_73' title="bbox 1925 4352 3510 4426; baseline 0.003 -22"><span class='ocrx_word' id='word_1_531' title='bbox 1925 4352 2155 4418; x_wconf 81' lang='lat' dir='ltr'><strong>breviter,</strong></span> <span class='ocrx_word' id='word_1_532' title='bbox 2187 4353 2442 4422; x_wconf 86' lang='lat' dir='ltr'><strong>perstricte</strong></span> <span class='ocrx_word' id='word_1_533' title='bbox 2476 4365 2624 4424; x_wconf 89' lang='lat' dir='ltr'><strong>atque</strong></span> <span class='ocrx_word' id='word_1_534' title='bbox 2655 4357 2942 4410; x_wconf 86' lang='lat' dir='ltr'><strong>summatim</strong></span> <span class='ocrx_word' id='word_1_535' title='bbox 2968 4357 3230 4426; x_wconf 84' lang='lat' dir='ltr'><strong>opiniones</strong></span> <span class='ocrx_word' id='word_1_536' title='bbox 3263 4371 3384 4426; x_wconf 84' lang='lat' dir='ltr'><strong>rogo</strong></span> <span class='ocrx_word' id='word_1_537' title='bbox 3419 4371 3510 4409; x_wconf 86' lang='lat' dir='ltr'><strong>cu-</strong></span> 
     </span>
    </p>
   </div>
   <div class='ocr_carea' id='block_1_74' title="bbox 1915 4441 3512 4516">
    <p class='ocr_par' dir='ltr' id='par_1_74' title="bbox 1915 4441 3512 4516">
     <span class='ocr_line' id='line_1_74' title="bbox 1915 4441 3512 4516; baseline 0.003 -20"><span class='ocrx_word' id='word_1_538' title='bbox 1915 4441 2128 4512; x_wconf 85' lang='lat' dir='ltr'><strong>juslibet</strong></span> <span class='ocrx_word' id='word_1_539' title='bbox 2169 4441 2374 4498; x_wconf 56' lang='lat' dir='ltr'><strong>haeresis</strong></span> <span class='ocrx_word' id='word_1_540' title='bbox 2403 4446 2544 4514; x_wconf 86' lang='lat' dir='ltr'><strong>poni,</strong></span> <span class='ocrx_word' id='word_1_541' title='bbox 2595 4453 2642 4498; x_wconf 90' lang='lat' dir='ltr'><strong>et</strong></span> <span class='ocrx_word' id='word_1_542' title='bbox 2685 4445 2806 4516; x_wconf 85' lang='lat' dir='ltr'><strong>quid</strong></span> <span class='ocrx_word' id='word_1_543' title='bbox 2852 4455 3030 4500; x_wconf 87' lang='lat' dir='ltr'><strong>contra</strong></span> <span class='ocrx_word' id='word_1_544' title='bbox 3072 4455 3234 4501; x_wconf 89' lang='lat' dir='ltr'><strong>teneat</strong></span> <span class='ocrx_word' id='word_1_545' title='bbox 3283 4447 3512 4501; x_wconf 86' lang='lat' dir='ltr'><strong>Ecclesia</strong></span> 
     </span>
    </p>
   </div>
   <div class='ocr_carea' id='block_1_75' title="bbox 1924 4523 3514 4606">
    <p class='ocr_par' dir='ltr' id='par_1_75' title="bbox 1924 4523 3514 4606">
     <span class='ocr_line' id='line_1_75' title="bbox 1924 4523 3514 4606; baseline 0.005 -19"><span class='ocrx_word' id='word_1_546' title='bbox 1924 4523 2195 4602; x_wconf 82' lang='lat' dir='ltr'><strong>catholica,</strong></span> <span class='ocrx_word' id='word_1_547' title='bbox 2235 4543 2480 4606; x_wconf 88' lang='lat' dir='ltr'><strong>quantum</strong></span> <span class='ocrx_word' id='word_1_548' title='bbox 2520 4535 2838 4592; x_wconf 86' lang='lat' dir='ltr'><strong>instructioni</strong></span> <span class='ocrx_word' id='word_1_549' title='bbox 2875 4539 3000 4594; x_wconf 86' lang='lat' dir='ltr'><strong>satis</strong></span> <span class='ocrx_word' id='word_1_550' title='bbox 3043 4547 3136 4605; x_wconf 89' lang='lat' dir='ltr'><strong>est,</strong></span> <span class='ocrx_word' id='word_1_551' title='bbox 3172 4539 3338 4593; x_wconf 83' lang='lat' dir='ltr'><strong>subdi.</strong></span> <span class='ocrx_word' id='word_1_552' title='bbox 3371 4537 3514 4595; x_wconf 86' lang='lat' dir='ltr'><strong>Ecce</strong></span> 
     </span>
    </p>
   </div>
   <div class='ocr_carea' id='block_1_76' title="bbox 1925 4627 3514 4702">
    <p class='ocr_par' dir='ltr' id='par_1_76' title="bbox 1925 4627 3514 4702">
     <span class='ocr_line' id='line_1_76' title="bbox 1925 4627 3514 4702; baseline 0.004 -21"><span class='ocrx_word' id='word_1_553' title='bbox 1925 4627 2120 4682; x_wconf 87' lang='lat' dir='ltr'><strong>iterum</strong></span> <span class='ocrx_word' id='word_1_554' title='bbox 2159 4627 2329 4683; x_wconf 87' lang='lat' dir='ltr'><strong>mittis</strong></span> <span class='ocrx_word' id='word_1_555' title='bbox 2355 4629 2410 4682; x_wconf 91' lang='lat' dir='ltr'><strong>in</strong></span> <span class='ocrx_word' id='word_1_556' title='bbox 2445 4629 2700 4700; x_wconf 80' lang='lat' dir='ltr'><strong>longum:</strong></span> <span class='ocrx_word' id='word_1_557' title='bbox 2731 4645 2834 4685; x_wconf 89' lang='lat' dir='ltr'><strong>non</strong></span> <span class='ocrx_word' id='word_1_558' title='bbox 2867 4633 2988 4702; x_wconf 87' lang='lat' dir='ltr'><strong>quia</strong></span> <span class='ocrx_word' id='word_1_559' title='bbox 3019 4631 3122 4687; x_wconf 84' lang='lat' dir='ltr'><strong>dici</strong></span> <span class='ocrx_word' id='word_1_560' title='bbox 3153 4632 3248 4686; x_wconf 90' lang='lat' dir='ltr'><strong>ista</strong></span> <span class='ocrx_word' id='word_1_561' title='bbox 3281 4631 3514 4689; x_wconf 88' lang='lat' dir='ltr'><strong>breviter</strong></span> 
     </span>
    </p>
   </div>
   <div class='ocr_carea' id='block_1_77' title="bbox 1927 4719 3510 4794">
    <p class='ocr_par' dir='ltr' id='par_1_77' title="bbox 1927 4719 3510 4794">
     <span class='ocr_line' id='line_1_77' title="bbox 1927 4719 3510 4794; baseline 0.001 -20"><span class='ocrx_word' id='word_1_562' title='bbox 1927 4719 2039 4774; x_wconf 89' lang='lat' dir='ltr'><strong>sive</strong></span> <span class='ocrx_word' id='word_1_563' title='bbox 2090 4733 2196 4772; x_wconf 90' lang='lat' dir='ltr'><strong>non</strong></span> <span class='ocrx_word' id='word_1_564' title='bbox 2242 4719 2440 4788; x_wconf 89' lang='lat' dir='ltr'><strong>valent,</strong></span> <span class='ocrx_word' id='word_1_565' title='bbox 2492 4723 2606 4776; x_wconf 89' lang='lat' dir='ltr'><strong>sive</strong></span> <span class='ocrx_word' id='word_1_566' title='bbox 2647 4736 2754 4776; x_wconf 90' lang='lat' dir='ltr'><strong>non</strong></span> <span class='ocrx_word' id='word_1_567' title='bbox 2806 4721 3032 4788; x_wconf 88' lang='lat' dir='ltr'><strong>debent;</strong></span> <span class='ocrx_word' id='word_1_568' title='bbox 3082 4721 3177 4779; x_wconf 90' lang='lat' dir='ltr'><strong>sed</strong></span> <span class='ocrx_word' id='word_1_569' title='bbox 3225 4723 3346 4794; x_wconf 83' lang='lat' dir='ltr'><strong>quia</strong></span> <span class='ocrx_word' id='word_1_570' title='bbox 3405 4731 3510 4777; x_wconf 88' lang='lat' dir='ltr'><strong>tam</strong></span> 
     </span>
    </p>
   </div>
   <div class='ocr_carea' id='block_1_78' title="bbox 1928 4813 3512 4884">
    <p class='ocr_par' dir='ltr' id='par_1_78' title="bbox 1928 4813 3512 4884">
     <span class='ocr_line' id='line_1_78' title="bbox 1928 4813 3512 4884; baseline 0.001 -15"><span class='ocrx_word' id='word_1_571' title='bbox 1928 4813 2094 4869; x_wconf 87' lang='lat' dir='ltr'><strong>multa</strong></span> <span class='ocrx_word' id='word_1_572' title='bbox 2135 4821 2278 4879; x_wconf 90' lang='lat' dir='ltr'><strong>sunt,</strong></span> <span class='ocrx_word' id='word_1_573' title='bbox 2323 4821 2384 4868; x_wconf 88' lang='lat' dir='ltr'><strong>ut</strong></span> <span class='ocrx_word' id='word_1_574' title='bbox 2426 4813 2717 4884; x_wconf 85' lang='lat' dir='ltr'><strong>quamlibet</strong></span> <span class='ocrx_word' id='word_1_575' title='bbox 2773 4813 3008 4873; x_wconf 89' lang='lat' dir='ltr'><strong>breviter</strong></span> <span class='ocrx_word' id='word_1_576' title='bbox 3053 4817 3276 4873; x_wconf 87' lang='lat' dir='ltr'><strong>dicenda</strong></span> <span class='ocrx_word' id='word_1_577' title='bbox 3319 4817 3512 4872; x_wconf 89' lang='lat' dir='ltr'><strong>multas</strong></span> 
     </span>
    </p>
   </div>
   <div class='ocr_carea' id='block_1_79' title="bbox 1927 4901 3508 4980">
    <p class='ocr_par' dir='ltr' id='par_1_79' title="bbox 1927 4901 3508 4980">
     <span class='ocr_line' id='line_1_79' title="bbox 1927 4901 3508 4980; baseline 0.003 -22"><span class='ocrx_word' id='word_1_578' title='bbox 1927 4904 2133 4960; x_wconf 86' lang='lat' dir='ltr'><strong>litteras</strong></span> <span class='ocrx_word' id='word_1_579' title='bbox 2173 4901 2410 4975; x_wconf 82' lang='lat' dir='ltr'><strong>ﬂagitent</strong></span> <span class='ocrx_word' id='word_1_580' title='bbox 2441 4923 2454 4959; x_wconf 90' lang='lat'><strong>:</strong></span> <span class='ocrx_word' id='word_1_581' title='bbox 2483 4913 2540 4960; x_wconf 90' lang='lat' dir='ltr'><strong>tu</strong></span> <span class='ocrx_word' id='word_1_582' title='bbox 2574 4915 2751 4962; x_wconf 88' lang='lat' dir='ltr'><strong>autem</strong></span> <span class='ocrx_word' id='word_1_583' title='bbox 2789 4915 2844 4961; x_wconf 90' lang='lat' dir='ltr'><strong>ut</strong></span> <span class='ocrx_word' id='word_1_584' title='bbox 2881 4907 3014 4962; x_wconf 83' lang='lat' dir='ltr'><strong>velut</strong></span> <span class='ocrx_word' id='word_1_585' title='bbox 3041 4909 3279 4980; x_wconf 84' lang='lat' dir='ltr'><strong>quodam,</strong></span> <span class='ocrx_word' id='word_1_586' title='bbox 3311 4908 3508 4978; x_wconf 88' lang='lat' dir='ltr'><strong>inquis,</strong></span> 
     </span>
    </p>
   </div>
   <div class='ocr_carea' id='block_1_80' title="bbox 1929 4995 3504 5072">
    <p class='ocr_par' dir='ltr' id='par_1_80' title="bbox 1929 4995 3504 5072">
     <span class='ocr_line' id='line_1_80' title="bbox 1929 4995 3504 5072; baseline 0 -21"><span class='ocrx_word' id='word_1_587' title='bbox 1929 5012 1992 5051; x_wconf 82' lang='lat' dir='ltr'><strong>ea:</strong></span> <span class='ocrx_word' id='word_1_588' title='bbox 2019 4995 2254 5051; x_wconf 82' lang='lat' dir='ltr'><strong>omnibus</strong></span> <span class='ocrx_word' id='word_1_589' title='bbox 2273 5007 2512 5068; x_wconf 87' lang='lat' dir='ltr'><strong>concepto</strong></span> <span class='ocrx_word' id='word_1_590' title='bbox 2533 4999 2934 5068; x_wconf 85' lang='lat' dir='ltr'><strong>commonitorio,</strong></span> <span class='ocrx_word' id='word_1_591' title='bbox 2963 5000 3008 5054; x_wconf 86' lang='lat' dir='ltr'><strong>si</strong></span> <span class='ocrx_word' id='word_1_592' title='bbox 3031 5001 3142 5072; x_wconf 86' lang='lat' dir='ltr'><strong>quis</strong></span> <span class='ocrx_word' id='word_1_593' title='bbox 3172 4999 3394 5071; x_wconf 83' lang='lat' dir='ltr'><strong>aliquam</strong></span> <span class='ocrx_word' id='word_1_594' title='bbox 3415 4997 3504 5052; x_wconf 85' lang='lat' dir='ltr'><strong>ob-</strong></span> 
     </span>
    </p>
   </div>
   <div class='ocr_carea' id='block_1_81' title="bbox 1923 5087 3516 5162">
    <p class='ocr_par' dir='ltr' id='par_1_81' title="bbox 1923 5087 3516 5162">
     <span class='ocr_line' id='line_1_81' title="bbox 1923 5087 3516 5162; baseline 0.003 -21"><span class='ocrx_word' id='word_1_595' title='bbox 1923 5087 2198 5160; x_wconf 86' lang='lat' dir='ltr'><strong>jectionem</strong></span> <span class='ocrx_word' id='word_1_596' title='bbox 2224 5097 2314 5143; x_wconf 90' lang='lat' dir='ltr'><strong>aut</strong></span> <span class='ocrx_word' id='word_1_597' title='bbox 2347 5089 2706 5146; x_wconf 82' lang='lat' dir='ltr'><strong>convictionem</strong></span> <span class='ocrx_word' id='word_1_598' title='bbox 2730 5092 2952 5158; x_wconf 82' lang='lat' dir='ltr'><strong>uberius,</strong></span> <span class='ocrx_word' id='word_1_599' title='bbox 2983 5093 3196 5162; x_wconf 84' lang='lat' dir='ltr'><strong>plenius,</strong></span> <span class='ocrx_word' id='word_1_600' title='bbox 3225 5107 3282 5143; x_wconf 83' lang='lat' dir='ltr'><strong>ac</strong></span> <span class='ocrx_word' id='word_1_601' title='bbox 3312 5091 3516 5160; x_wconf 86' lang='lat' dir='ltr'><strong>planius</strong></span> 
     </span>
    </p>
   </div>
   <div class='ocr_carea' id='block_1_82' title="bbox 1928 5179 3514 5255">
    <p class='ocr_par' dir='ltr' id='par_1_82' title="bbox 1928 5179 3514 5255">
     <span class='ocr_line' id='line_1_82' title="bbox 1928 5179 3514 5255; baseline 0.003 -23"><span class='ocrx_word' id='word_1_602' title='bbox 1928 5195 2075 5234; x_wconf 89' lang='lat' dir='ltr'><strong>nosse</strong></span> <span class='ocrx_word' id='word_1_603' title='bbox 2101 5179 2332 5248; x_wconf 79' lang='lat' dir='ltr'><strong>uoluerit,</strong></span> <span class='ocrx_word' id='word_1_604' title='bbox 2358 5181 2428 5234; x_wconf 85' lang='lat' dir='ltr'><strong>ad</strong></span> <span class='ocrx_word' id='word_1_605' title='bbox 2445 5183 2684 5254; x_wconf 87' lang='lat' dir='ltr'><strong>opulenta</strong></span> <span class='ocrx_word' id='word_1_606' title='bbox 2712 5191 2760 5238; x_wconf 89' lang='lat' dir='ltr'><strong>et</strong></span> <span class='ocrx_word' id='word_1_607' title='bbox 2777 5184 3048 5255; x_wconf 82' lang='lat' dir='ltr'><strong>magniﬁca</strong></span> <span class='ocrx_word' id='word_1_608' title='bbox 3067 5181 3320 5236; x_wconf 77' lang='lat' dir='ltr'><strong>volumina</strong></span> <span class='ocrx_word' id='word_1_609' title='bbox 3348 5183 3514 5236; x_wconf 83' lang='lat' dir='ltr'><strong>trans-</strong></span> 
     </span>
    </p>
   </div>
   <div class='ocr_carea' id='block_1_83' title="bbox 1930 5271 3511 5348">
    <p class='ocr_par' dir='ltr' id='par_1_83' title="bbox 1930 5271 3511 5348">
     <span class='ocr_line' id='line_1_83' title="bbox 1930 5271 3511 5348; baseline 0.004 -24"><span class='ocrx_word' id='word_1_610' title='bbox 1930 5271 2179 5336; x_wconf 87' lang='lat' dir='ltr'><strong>mittatur,</strong></span> <span class='ocrx_word' id='word_1_611' title='bbox 2209 5271 2385 5342; x_wconf 86' lang='lat' dir='ltr'><strong>quibus</strong></span> <span class='ocrx_word' id='word_1_612' title='bbox 2409 5291 2440 5327; x_wconf 92' lang='lat' dir='ltr'><strong>a</strong></span> <span class='ocrx_word' id='word_1_613' title='bbox 2472 5274 2699 5340; x_wconf 84' lang='lat' dir='ltr'><strong>diversis,</strong></span> <span class='ocrx_word' id='word_1_614' title='bbox 2741 5283 2786 5330; x_wconf 87' lang='lat' dir='ltr'><strong>et</strong></span> <span class='ocrx_word' id='word_1_615' title='bbox 2815 5276 3085 5348; x_wconf 68' lang='lat' dir='ltr'><strong>praecipue,</strong></span> <span class='ocrx_word' id='word_1_616' title='bbox 3115 5273 3312 5345; x_wconf 84' lang='lat' dir='ltr'><strong>inquis,</strong></span> <span class='ocrx_word' id='word_1_617' title='bbox 3343 5289 3378 5330; x_wconf 85' lang='grc' dir='ltr'><strong>α</strong></span> <span class='ocrx_word' id='word_1_618' title='bbox 3415 5275 3511 5330; x_wconf 82' lang='lat' dir='ltr'><strong>Ve-</strong></span> 
     </span>
    </p>
   </div>
   <div class='ocr_carea' id='block_1_84' title="bbox 1413 5379 2342 5420">
    <p class='ocr_par' dir='ltr' id='par_1_84' title="bbox 1413 5379 2342 5420">
     <span class='ocr_line' id='line_1_84' title="bbox 1413 5379 2342 5420; baseline -0.003 0"><span class='ocrx_word' id='word_1_619' title='bbox 1413 5379 1700 5420; x_wconf 71' lang='lat' dir='ltr'><strong>ADIONITIO</strong></span> <span class='ocrx_word' id='word_1_620' title='bbox 1741 5381 1822 5419; x_wconf 83' lang='lat' dir='ltr'><strong>PP.</strong></span> <span class='ocrx_word' id='word_1_621' title='bbox 1863 5379 2342 5419; x_wconf 75' lang='lat' dir='ltr'><strong>BENEDICTINORUI.</strong></span> 
     </span>
    </p>
   </div>
   <div class='ocr_carea' id='block_1_85' title="bbox 293 5447 3516 5518">
    <p class='ocr_par' dir='ltr' id='par_1_85' title="bbox 293 5447 3516 5518">
     <span class='ocr_line' id='line_1_85' title="bbox 293 5447 3516 5518; baseline 0.004 -22"><span class='ocrx_word' id='word_1_622' title='bbox 293 5447 430 5518; x_wconf 66' lang='lat' dir='ltr'><strong>liber</strong></span> <span class='ocrx_word' id='word_1_623' title='bbox 446 5448 514 5498; x_wconf 89' lang='lat' dir='ltr'><strong>de</strong></span> <span class='ocrx_word' id='word_1_624' title='bbox 537 5451 811 5518; x_wconf 27' lang='lat' dir='ltr'><strong>utet-Aesibus</strong></span> <span class='ocrx_word' id='word_1_625' title='bbox 838 5452 896 5518; x_wconf 79' lang='lat' dir='ltr'><strong>ad</strong></span> <span class='ocrx_word' id='word_1_626' title='bbox 914 5451 1296 5518; x_wconf 80' lang='lat' dir='ltr'><strong>Quodvultdeum</strong></span> <span class='ocrx_word' id='word_1_627' title='bbox 1315 5457 1598 5518; x_wconf 84' lang='lat' dir='ltr'><strong>recognitus</strong></span> <span class='ocrx_word' id='word_1_628' title='bbox 1623 5461 1701 5504; x_wconf 87' lang='lat' dir='ltr'><strong>est</strong></span> <span class='ocrx_word' id='word_1_629' title='bbox 1723 5455 1886 5518; x_wconf 88' lang='lat' dir='ltr'><strong>denuo</strong></span> <span class='ocrx_word' id='word_1_630' title='bbox 1919 5454 1980 5502; x_wconf 87' lang='lat' dir='ltr'><strong>ad</strong></span> <span class='ocrx_word' id='word_1_631' title='bbox 1999 5452 2192 5502; x_wconf 85' lang='lat' dir='ltr'><strong>codices</strong></span> <span class='ocrx_word' id='word_1_632' title='bbox 2206 5457 2554 5518; x_wconf 81' lang='lat' dir='ltr'><strong>manuscripr</strong></span> <span class='ocrx_word' id='word_1_633' title='bbox 2577 5458 2823 5506; x_wconf 77' lang='lat' dir='ltr'><strong>Vaticancs</strong></span> <span class='ocrx_word' id='word_1_634' title='bbox 2848 5455 3080 5518; x_wconf 81' lang='lat' dir='ltr'><strong>quinque,</strong></span> <span class='ocrx_word' id='word_1_635' title='bbox 3101 5463 3151 5506; x_wconf 90' lang='lat' dir='ltr'><strong>et</strong></span> <span class='ocrx_word' id='word_1_636' title='bbox 3174 5457 3233 5508; x_wconf 89' lang='lat' dir='ltr'><strong>ad</strong></span> <span class='ocrx_word' id='word_1_637' title='bbox 3255 5457 3516 5510; x_wconf 81' lang='lat' dir='ltr'><strong>Gallicanos</strong></span> 
     </span>
    </p>
   </div>
   <div class='ocr_carea' id='block_1_86' title="bbox 231 5505 3512 5582">
    <p class='ocr_par' dir='ltr' id='par_1_86' title="bbox 231 5505 3512 5582">
     <span class='ocr_line' id='line_1_86' title="bbox 231 5505 3512 5582; baseline 0.003 -23"><span class='ocrx_word' id='word_1_638' title='bbox 231 5505 513 5582; x_wconf 55' lang='lat' dir='ltr'><strong>Metam;</strong></span> <span class='ocrx_word' id='word_1_639' title='bbox 547 5509 734 5582; x_wconf 70' lang='lat' dir='ltr'><strong>scilicet</strong></span> <span class='ocrx_word' id='word_1_640' title='bbox 757 5505 1088 5582; x_wconf 34' lang='lat' dir='ltr'><strong>Regios‘duos,</strong></span> <span class='ocrx_word' id='word_1_641' title='bbox 1113 5523 1314 5582; x_wconf 83' lang='lat' dir='ltr'><strong>quatuor</strong></span> <span class='ocrx_word' id='word_1_642' title='bbox 1337 5505 1656 5582; x_wconf 51' lang='lat' dir='ltr'><strong>Colli&#39;ertinos,</strong></span> <span class='ocrx_word' id='word_1_643' title='bbox 1681 5517 2093 5582; x_wconf 79' lang='lat' dir='ltr'><strong>Dominicanorum</strong></span> <span class='ocrx_word' id='word_1_644' title='bbox 2123 5516 2316 5582; x_wconf 83' lang='lat' dir='ltr'><strong>majoris</strong></span> <span class='ocrx_word' id='word_1_645' title='bbox 2337 5505 2608 5582; x_wconf 62' lang='lat' dir='ltr'><strong>conventus</strong></span> <span class='ocrx_word' id='word_1_646' title='bbox 2641 5505 2920 5567; x_wconf 70' lang='lat' dir='ltr'><strong>Parisiensis</strong></span> <span class='ocrx_word' id='word_1_647' title='bbox 2941 5505 3512 5582; x_wconf 56' lang='lat' dir='ltr'><strong>uinuti,&#39;mi’i?i5{or&#39;iﬁiiiii;</strong></span> 
     </span>
    </p>
   </div>
   <div class='ocr_carea' id='block_1_87' title="bbox 233 5571 3512 5646">
    <p class='ocr_par' dir='ltr' id='par_1_87' title="bbox 233 5571 3512 5646">
     <span class='ocr_line' id='line_1_87' title="bbox 233 5571 3512 5646; baseline 0.004 -26"><span class='ocrx_word' id='word_1_648' title='bbox 233 5571 672 5646; x_wconf 57' lang='lat' dir='ltr'><strong>Epcherouensem,</strong></span> <span class='ocrx_word' id='word_1_649' title='bbox 693 5571 1006 5636; x_wconf 77' lang='lat' dir='ltr'><strong>Beccénsem,</strong></span> <span class='ocrx_word' id='word_1_650' title='bbox 1027 5571 1398 5646; x_wconf 55' lang='lat' dir='ltr'><strong>lilotfiacenscm,</strong></span> <span class='ocrx_word' id='word_1_651' title='bbox 1421 5571 1785 5646; x_wconf 52' lang='lat' dir='ltr'><strong>\Iichaelinumi</strong></span> <span class='ocrx_word' id='word_1_652' title='bbox 1809 5577 1868 5646; x_wconf 76' lang='lat' dir='ltr'><strong>ad</strong></span> <span class='ocrx_word' id='word_1_653' title='bbox 1889 5579 2046 5646; x_wconf 72' lang='lat' dir='ltr'><strong>varias</strong></span> <span class='ocrx_word' id='word_1_654' title='bbox 2081 5571 2320 5646; x_wconf 73' lang='lat' dir='ltr'><strong>lectiones</strong></span> <span class='ocrx_word' id='word_1_655' title='bbox 2343 5578 2641 5646; x_wconf 77' lang='lat' dir='ltr'><strong>Belgicorum</strong></span> <span class='ocrx_word' id='word_1_656' title='bbox 2679 5585 2872 5639; x_wconf 84' lang='lat' dir='ltr'><strong>septem</strong></span> <span class='ocrx_word' id='word_1_657' title='bbox 2903 5582 3078 5646; x_wconf 85' lang='lat' dir='ltr'><strong>quibus</strong></span> <span class='ocrx_word' id='word_1_658' title='bbox 3087 5571 3344 5646; x_wconf 30' lang='lat' dir='ltr'><strong>f&#39;l&#39;heologi</strong></span> <span class='ocrx_word' id='word_1_659' title='bbox 3366 5571 3512 5633; x_wconf 50' lang='lat' dir='ltr'><strong>laeva-1</strong></span> 
     </span>
    </p>
   </div>
   <div class='ocr_carea' id='block_1_88' title="bbox 235 5632 3198 5700">
    <p class='ocr_par' dir='ltr' id='par_1_88' title="bbox 235 5632 3198 5700">
     <span class='ocr_line' id='line_1_88' title="bbox 235 5632 3198 5700; baseline 0.004 -20"><span class='ocrx_word' id='word_1_660' title='bbox 235 5632 432 5682; x_wconf 69' lang='lat' dir='ltr'><strong>nienses</strong></span> <span class='ocrx_word' id='word_1_661' title='bbox 447 5636 523 5683; x_wconf 88' lang='lat' dir='ltr'><strong>usi</strong></span> <span class='ocrx_word' id='word_1_662' title='bbox 543 5632 689 5698; x_wconf 78' lang='lat' dir='ltr'><strong>sunt;</strong></span> <span class='ocrx_word' id='word_1_663' title='bbox 715 5645 960 5698; x_wconf 82' lang='lat' dir='ltr'><strong>postremo</strong></span> <span class='ocrx_word' id='word_1_664' title='bbox 981 5632 1042 5688; x_wconf 80' lang='lat' dir='ltr'><strong>ad</strong></span> <span class='ocrx_word' id='word_1_665' title='bbox 1067 5639 1308 5690; x_wconf 87' lang='lat' dir='ltr'><strong>editiones</strong></span> <span class='ocrx_word' id='word_1_666' title='bbox 1329 5632 1522 5691; x_wconf 77' lang='lat' dir='ltr'><strong>Joannis</strong></span> <span class='ocrx_word' id='word_1_667' title='bbox 1541 5632 1858 5700; x_wconf 74' lang='lat' dir='ltr'><strong>Amerbachii,</strong></span> <span class='ocrx_word' id='word_1_668' title='bbox 1883 5639 2122 5688; x_wconf 84' lang='lat' dir='ltr'><strong>Desiderii</strong></span> <span class='ocrx_word' id='word_1_669' title='bbox 2147 5642 2340 5700; x_wconf 78' lang='lat' dir='ltr'><strong>Erasmi,</strong></span> <span class='ocrx_word' id='word_1_670' title='bbox 2367 5632 2794 5700; x_wconf 56' lang='lat' dir='ltr'><strong>acVTheologoru&#39;m</strong></span> <span class='ocrx_word' id='word_1_671' title='bbox 2817 5632 3198 5692; x_wconf 68' lang='lat' dir='ltr'><strong>lovdniensium.</strong></span> 
     </span>
    </p>
   </div>
   <div class='ocr_carea' id='block_1_89' title="bbox 301 5713 3388 5800">
    <p class='ocr_par' dir='ltr' id='par_1_89' title="bbox 301 5713 3388 5800">
     <span class='ocr_line' id='line_1_89' title="bbox 301 5713 3388 5800; baseline 0.003 -22"><span class='ocrx_word' id='word_1_672' title='bbox 301 5713 822 5796; x_wconf 79' lang='lat' dir='ltr'><strong>Comparaot&#39;mus</strong></span> <span class='ocrx_word' id='word_1_673' title='bbox 837 5729 1140 5800; x_wconf 68' lang='lat' dir='ltr'><strong>praetcrea</strong></span> <span class='ocrx_word' id='word_1_674' title='bbox 1168 5741 1266 5784; x_wconf 87' lang='lat' dir='ltr'><strong>eas</strong></span> <span class='ocrx_word' id='word_1_675' title='bbox 1298 5741 1501 5785; x_wconf 86' lang='lat' dir='ltr'><strong>omnes</strong></span> <span class='ocrx_word' id='word_1_676' title='bbox 1529 5723 1832 5786; x_wconf 81' lang='lat' dir='ltr'><strong>editiones</strong></span> <span class='ocrx_word' id='word_1_677' title='bbox 1864 5721 2053 5785; x_wconf 82' lang='lat' dir='ltr'><strong>initio</strong></span> <span class='ocrx_word' id='word_1_678' title='bbox 2081 5723 2251 5782; x_wconf 79' lang='lat' dir='ltr'><strong>Betr.</strong></span> <span class='ocrx_word' id='word_1_679' title='bbox 2277 5727 2332 5778; x_wconf 86' lang='lat' dir='ltr'><strong>et</strong></span> <span class='ocrx_word' id='word_1_680' title='bbox 2351 5715 2664 5794; x_wconf 86' lang='lat' dir='ltr'><strong>Confess.,</strong></span> <span class='ocrx_word' id='word_1_681' title='bbox 2687 5729 2732 5781; x_wconf 84' lang='lat' dir='ltr'><strong>t.</strong></span> <span class='ocrx_word' id='word_1_682' title='bbox 2767 5723 2824 5796; x_wconf 91' lang='grc'><strong>1,</strong></span> <span class='ocrx_word' id='word_1_683' title='bbox 2851 5733 3236 5787; x_wconf 78' lang='lat' dir='ltr'><strong>memoratas.</strong></span> <span class='ocrx_word' id='word_1_684' title='bbox 3323 5727 3388 5788; x_wconf 87' lang='lat' dir='ltr'><strong>M</strong></span> 
     </span>
    </p>
   </div>
   <div class='ocr_carea' id='block_1_90' title="bbox 289 5895 1139 5982">
    <p class='ocr_par' dir='ltr' id='par_1_90' title="bbox 289 5895 1139 5982">
     <span class='ocr_line' id='line_1_90' title="bbox 289 5895 1139 5982; baseline 0.002 -32"><span class='ocrx_word' id='word_1_685' title='bbox 289 5895 366 5962; x_wconf 70' lang='grc' dir='ltr'><strong>(ι)</strong></span> <span class='ocrx_word' id='word_1_686' title='bbox 387 5899 598 5982; x_wconf 75' lang='lat' dir='ltr'><strong>Scriptus</strong></span> <span class='ocrx_word' id='word_1_687' title='bbox 622 5901 812 5954; x_wconf 68' lang='lat' dir='ltr'><strong>circiter</strong></span> <span class='ocrx_word' id='word_1_688' title='bbox 833 5913 1010 5953; x_wconf 86' lang='lat' dir='ltr'><strong>annum</strong></span> <span class='ocrx_word' id='word_1_689' title='bbox 1031 5901 1139 5952; x_wconf 72' lang='lat'><strong>428.</strong></span> 
     </span>
    </p>
   </div>
   <div class='ocr_carea' id='block_1_91' title="bbox 1961 5840 2844 5908">
    <p class='ocr_par' dir='ltr' id='par_1_91' title="bbox 1961 5840 2844 5908">
     <span class='ocr_line' id='line_1_91' title="bbox 1961 5840 2844 5908; baseline 0.009 -20"><span class='ocrx_word' id='word_1_690' title='bbox 1961 5843 1978 5874; x_wconf 70' lang='grc'>⁸</span> <span class='ocrx_word' id='word_1_691' title='bbox 2011 5840 2151 5903; x_wconf 84' lang='lat' dir='ltr'><strong>Editi,</strong></span> <span class='ocrx_word' id='word_1_692' title='bbox 2174 5849 2356 5904; x_wconf 67' lang='lat' dir='ltr'><strong>expeto.</strong></span> <span class='ocrx_word' id='word_1_693' title='bbox 2385 5849 2440 5890; x_wconf 82' lang='lat' dir='ltr'><strong>At</strong></span> <span class='ocrx_word' id='word_1_694' title='bbox 2455 5848 2580 5902; x_wconf 68' lang='lat' dir='ltr'><strong>Mss,</strong></span> <span class='ocrx_word' id='word_1_695' title='bbox 2605 5854 2844 5908; x_wconf 69' lang='lat' dir='ltr'><strong>exspecto.</strong></span> 
     </span>
    </p>
   </div>
  </div>
