4082 6432
545 365 623 429 as
1661 369 1752 427 na
1790 365 2219 440 umnasmus.
2258 364 2320 426 s.
2359 369 2730 431 AUGUSTINI
2935 336 2937 338 ’
3484 327 3496 338 ’
3610 360 3668 442 ‘,
3779 387 3857 455 ει

545 484 806 541 neratione
849 493 938 541 tua
977 483 1032 542 in
1067 484 1162 542 hoc
1201 483 1364 558 ipsum
1415 491 1617 541 constat
1651 499 1756 540 esse
1797 483 2130 538 elaboratum.

545 672 798 728 omnibus
843 680 896 752 te
936 672 1246 730 desiderare
1288 671 1556 743 signiﬁcas
1589 688 1604 726 :
1635 669 1760 726 audi
1810 683 1940 741 ergo
1990 667 2133 726 unde

546 763 939 819 commonearis
962 764 1090 835 quid
1117 774 1286 835 petas.
1958 759 1964 764 ’

613 852 903 923 Opiniones
940 855 1179 910 omnium
1215 853 1679 924 philosophorum,
1715 849 1806 922 qui
1835 859 2010 907 sectas
2034 865 2131 907 va-

540 943 652 999 rias
672 944 1044 1014 condiderunt,
1075 960 1241 1016 usque
1266 944 1333 1000 ad
1364 953 1602 1016 tempora
1642 959 1736 1000 sua
1764 945 1962 1016 (neque
1986 944 2130 1000 enim

549 1035 675 1104 plus
716 1037 966 1106 poterat),
1015 1053 1108 1092 sex
1153 1051 1260 1093 non
1303 1036 1482 1106 parvis
1520 1036 1874 1092 voluminibus
1915 1035 2130 1107 quidam

545 1124 734 1182 Celsus
769 1126 1016 1183 absolvit.
1049 1127 1159 1183 Nec
1187 1127 1456 1199 redarguit
1499 1122 1753 1197 aliquem,
1786 1127 1884 1182 sed
1923 1135 2127 1182 tantum

545 1218 674 1288 quid
719 1211 1292 1290 sentirent'aperuit‘,
1341 1236 1404 1276 ea
1441 1221 1700 1276 brevitate
1745 1221 2030 1287 sermonis,
2070 1228 2129 1276 ut

543 1318 750 1365 tantum
775 1310 1052 1367 adhiberet
1075 1312 1291 1382 eloquii,
1314 1321 1571 1382 quantum
1600 1311 1680 1368 rei
1707 1327 1806 1368 nec
1827 1311 2120 1378 laudandae,

541 1416 644 1456 nec
680 1401 1063 1471 vituperandae,
1112 1417 1214 1458 nec
1259 1402 1586 1458 alﬁrmandae
1629 1411 1722 1457 aut
1756 1401 2120 1468 defendendae,

541 1491 637 1546 sed
667 1491 967 1560 aperiendae
1009 1491 1414 1564 indicandacque
1455 1492 1750 1560 sufﬁceret;
1797 1507 1918 1550 cum
1957 1491 2126 1548 ferme

538 1591 754 1638 centum
783 1583 1129 1654 philosophos
1158 1584 1524 1640 nominasset:
1548 1600 1774 1655 quorum
1805 1599 1912 1639 non
1937 1596 2125 1639 omnes

535 1673 879 1731 instituerunt
918 1675 1151 1732 haereses
1187 1676 1468 1746 proprias;
1497 1676 1750 1747 quoniam
1783 1690 1882 1730 nec
1907 1674 2025 1732 illos
2045 1683 2125 1730 ta-

535 1767 736 1823 cendos
765 1770 988 1839 putavit,
1037 1769 1126 1839 qui
1163 1784 1289 1825 suos
1319 1769 1602 1841 magistros
1627 1769 1744 1825 sine
1769 1768 1875 1824 ulla
1912 1768 2123 1824 dissen-

534 1861 688 1916 sione
729 1861 898 1917 secuti
936 1871 1079 1918 sunt.
1119 1861 1314 1918 Noster
1357 1876 1488 1917 vero
1531 1861 1859 1932 Epiphanius
1895 1859 2124 1932 Cyprius

535 1953 819 2024 episcopus
864 1954 977 2025 (a),
1031 1953 1226 2009 abhinc
1279 1968 1387 2009 non
1455 1953 1614 2024 longe
1666 1952 1913 2008 humanis
1964 1950 2125 2008 rebus

536 2052 840 2114 exemptus,
873 2045 941 2100 de
978 2045 1243 2116 octoginta
1273 2044 1564 2100 hacresihus
1587 2044 1809 2115 loquens
1833 2057 1930 2100 sex
1958 2041 2124 2098 libros

531 2134 694 2188 etiam
717 2134 830 2204 ipse
855 2135 1191 2205 conscripsit,
1217 2135 1470 2190 historica
1494 2134 1800 2190 narratione
1819 2147 2124 2189 memorans

531 2213 734 2290 omnia,
789 2226 932 2281 nulla
981 2226 1342 2297 disputatione
1383 2225 1640 2282 adversus
1686 2225 1972 2281 falsitatem
1999 2237 2124 2295 -pro

529 2316 754 2373 veritate
791 2317 1092 2374 decertans.
1124 2317 1321 2374 Breves
1349 2332 1478 2373 sane
1522 2325 1648 2374 sunt
1674 2315 1730 2371 hi
1760 2316 1944 2381 libelli,
1987 2322 2043 2370 et
2075 2313 2122 2369 si

528 2405 587 2462 in
613 2423 778 2462 unum
809 2408 1001 2464 librum
1044 2408 1372 2480 redigantur,
1403 2423 1502 2465 nec
1529 2408 1643 2479 ipse
1670 2407 1775 2464 erit
1813 2406 2010 2464 nostris
2037 2405 2122 2462 vel

527 2501 758 2557 aliorum
785 2503 1103 2572 quibusdam
1142 2502 1293 2558 libris
1336 2501 1667 2573 longitudine
1709 2499 2118 2571 comparandus.

527 2591 704 2660 Ilujus
741 2592 1058 2648 brevitatem
1101 2595 1147 2648 si
1181 2593 1330 2649 fuero
1359 2594 1414 2650 in
1439 2591 1926 2649 commemorandis
1952 2592 2122 2648 haere-

525 2685 674 2742 sibus
715 2685 976 2753 imitatus,
1025 2686 1151 2757 quid
1179 2701 1212 2742 a
1251 2701 1340 2743 me
1363 2685 1580 2742 brevius
1608 2685 1879 2756 postulare
1907 2684 1992 2739 vel
2025 2698 2121 2739 ex-

525 2786 772 2847 spectare
799 2779 996 2835 debeas
1014 2819 1031 2848 ,
1063 2795 1170 2835 non
1199 2779 1438 2835 habebis.
1469 2779 1573 2835 Sed
1601 2794 1706 2834 non
1733 2779 1804 2834 ibi
1832 2777 1989 2848 hujus
2013 2777 2119 2834 mei

523 2866 726 2924 laboris
769 2883 979 2924 summa
1027 2870 1294 2938 consistit,
1345 2869 1488 2941 quod
1529 2879 1586 2925 et
1617 2869 1730 2937 tibi,
1784 2870 1869 2926 vel
1898 2884 1985 2924 me
2024 2869 2120 2924 de-

523 2968 878 3026 monstrante,
908 2960 990 3016 vel
1027 2960 1186 3015 etiam
1220 2969 1270 3015 te
1309 2969 1670 3030 praicurrente
1709 2961 1906 3031 poterit
1953 2975 2118 3031 appa-

522 3066 666 3119 rere,
689 3065 809 3107 cum
839 3051 940 3107 hoc
960 3051 1159 3108 fecero.
1183 3052 1399 3108 Videbis
1419 3053 1561 3107 cnim
1590 3052 1642 3106 in
1668 3067 1736 3108 eo
1760 3052 1901 3122 quod
1931 3067 2116 3122 supra-

522 3142 702 3198 dictus
721 3144 1002 3213 episcopus
1030 3143 1175 3210 fecit,
1203 3153 1460 3215 quantum
1482 3143 1622 3199 desit
1648 3144 1798 3213 operi
1830 3143 1971 3214 quod
1999 3143 2114 3214 ipse

525 3234 608 3288 vis
631 3233 745 3289 ﬁeri
765 3251 780 3301 ;
797 3243 1003 3305 quanto
1026 3234 1194 3306 magis
1214 3235 1356 3306 quod
1383 3234 1515 3305 ego?
1541 3233 1621 3289 Tu
1654 3249 1904 3304 namque,
1928 3249 2115 3304 quam-

521 3328 607 3383 vis
635 3327 890 3396 breviter,
921 3328 1202 3398 perstricte
1237 3336 1395 3398 atque
1441 3327 1767 3392 summatim,
1813 3335 1989 3382 tamen
2031 3326 2113 3382 vis

522 3420 685 3476 etiam
741 3420 1058 3491 responderi
1109 3419 1546 3475 commemoratis
1598 3417 1892 3474 haeresibus
1926 3435 1940 3474 :
1969 3417 2112 3490 quod

518 3513 613 3569 ille
645 3528 750 3570 non
781 3513 924 3571 fecit.
957 3513 1070 3585 Ego
1098 3527 1227 3570 vero
1267 3511 1370 3568 hoc
1408 3511 1578 3583 magis
1606 3511 1730 3567 volo
1755 3510 1953 3575 facere.
1982 3512 2028 3565 si
2058 3519 2113 3568 et

519 3605 664 3662 Deus
688 3605 836 3672 velit,
878 3607 1018 3662 unde
1046 3605 1212 3676 possit
1241 3604 1416 3660 omnis
1457 3603 1698 3670 haeresis,
1743 3611 1801 3658 et
1840 3615 1960 3672 quae
1985 3609 2112 3656 nota

519 3703 624 3761 est,
645 3702 700 3752 et
727 3709 846 3766 qua:
879 3694 1080 3766 ignota,
1111 3693 1300 3760 vitari;
1333 3701 1389 3749 et
1420 3692 1564 3748 unde
1593 3701 1741 3747 recte
1769 3690 1938 3760 possit
1966 3705 2112 3761 quaa-

517 3801 748 3859 cumque
772 3786 1088 3855 innotuerit,
1111 3785 1367 3858 iudicari.
1409 3784 1527 3841 Non
1567 3783 1714 3841 enim
1753 3784 1930 3839 omnis
1959 3795 2110 3838 error

519 3879 744 3936 haeresis
785 3888 903 3946 est;
933 3879 1178 3950 quamvis
1224 3877 1399 3934 omnis
1441 3876 1684 3944 haeresis,
1729 3891 1850 3947 quae
1887 3874 1940 3930 in
1980 3873 2111 3930 vitio

522 3970 762 4042 ponitur,
789 3971 891 4026 nisi
931 3985 1116 4027 errore
1151 3970 1330 4040 aliquo
1363 3969 1583 4026 haeresis
1609 3982 1730 4025 esse
1768 3982 1873 4023 non
1916 3967 2107 4037 possit.

523 4062 663 4131 Quid
691 4078 820 4135 ergo
847 4062 1006 4119 faciat
1039 4063 1371 4128 haereticum,
1397 4061 1628 4133 regulari
1665 4049 1895 4131 quadam
1919 4057 2110 4113 defini-

518 4153 668 4210 tione
709 4153 1110 4223 comprehendi,
1153 4153 1292 4207 sicut
1319 4167 1418 4223 ego
1446 4151 1713 4215 existimo,
1759 4157 1852 4204 aut
1887 4146 2108 4203 omnino

517 4260 627 4300 non
667 4253 858 4315 potest,
888 4253 981 4299 aut
1006 4243 1316 4300 difﬁcillime
1356 4252 1563 4314 potest:
1593 4240 1734 4312 quod
1760 4240 1815 4295 in
1851 4253 2108 4310 processu

517 4335 682 4406 hujus
717 4335 896 4407 operis
924 4335 1298 4401 declarabitur,
1339 4334 1384 4389 si
1425 4335 1566 4389 Deus
1594 4331 1817 4398 rexerit,
1847 4338 2007 4400 atque
2033 4327 2102 4384 ad

520 4428 578 4483 id
618 4427 760 4498 quod
803 4427 1040 4492 intendo,
1074 4426 1379 4498 perduxerit
1413 4423 1824 4494 diSputationem
1861 4421 2098 4476 meam'.

518 4519 660 4587 Quid
683 4527 861 4575 autem
885 4520 1058 4590 prosit
1083 4519 1196 4590 ipsa
1227 4517 1522 4587 inquisitio,
1551 4513 1761 4570 etiamsi
1789 4527 1895 4567 non
1923 4520 2110 4581 potue-

517 4611 689 4666 rimus
719 4608 1176 4682 comprehendere
1201 4607 1472 4680 quomodo
1510 4606 1581 4661 sit
1623 4602 1960 4660 deﬁniendus
1996 4601 2108 4658 hce-

517 4702 737 4771 reticus,
763 4717 861 4759 suo
884 4701 1005 4758 loco
1026 4700 1311 4756 videndum
1340 4708 1499 4769 atque
1523 4695 1808 4753 dicendum
1836 4703 1956 4751 est:
1982 4709 2107 4749 nam

516 4793 566 4849 si
591 4791 696 4849 hoc
731 4792 1111 4864 comprehendi
1141 4791 1391 4863 potuerit,
1425 4789 1543 4860 quis
1567 4803 1673 4844 non
1709 4786 1888 4843 videat
1907 4786 2107 4842 utilitas

519 4895 715 4958 quanta
741 4886 849 4942 sit?
875 4887 1047 4942 Erunt
1071 4900 1200 4956 ergo
1227 4883 1414 4955 prima:
1449 4889 1629 4952 partes
1657 4880 1833 4951 operis
1857 4878 2016 4949 hujus
2038 4877 2108 4933 de

517 4978 838 5047 haeresibus,
865 4995 985 5051 quae
1023 4986 1143 5049 post
1166 4975 1364 5033 Christi
1410 4974 1697 5030 adventum
1727 4981 1784 5029 et
1821 4986 2106 5028 ascensum

516 5070 775 5127 adversus
816 5070 1110 5126 doctrinam
1143 5069 1308 5139 ipsius
1344 5067 1683 5131 exstiterunt,
1731 5073 1785 5120 et
1822 5055 2108 5134 utcumque

516 5161 676 5218 nobis
706 5161 1041 5218 innotescere
1067 5166 1373 5231 potuerunt.
1405 5157 1463 5213 In
1503 5155 1890 5229 posterioribus
1929 5163 2107 5210 autem

516 5252 777 5325 partibus,
808 5251 936 5324 quid
974 5251 1134 5308 faciat
1172 5250 1504 5319 hacreticum,
1537 5247 1929 5320 disputabitur.
1971 5245 2105 5305 Cum

580 5428 602 5462 ι
635 5436 737 5478 Am.
763 5433 839 5476 Er.
865 5431 918 5475 et
939 5431 1067 5486 Mss,
1090 5423 1208 5488 quid
1230 5423 1426 5488 sentiret
1441 5422 1651 5488 aperuit.

579 5491 603 5524 ³
637 5489 859 5551 Plerique
881 5493 1007 5547 Mss,
1033 5484 1318 5551 perduxerit
1341 5484 1696 5550 dispositionem
1715 5494 1887 5534 meam.

583 5571 658 5656 ςα)
683 5570 968 5656 Epiphanius
989 5575 1272 5656 Constantia:
1295 5581 1386 5617 seu
1418 5567 1664 5656 Salamina:
1694 5563 2109 5656 gypsonirnrsul'a

521 5628 797 5694 episcopus,
836 5631 1061 5694 humanis
1091 5633 1244 5679 rebus
1286 5637 1546 5694 exemptus
1587 5635 1663 5676 est
1698 5628 1892 5676 circiter
1930 5639 2109 5694 annum

521 5646 552 5681 θ
585 5646 794 5694 iscopus,
837 5646 1056 5680 humanis
1091 5646 1244 5679 renus
1286 5646 1546 5691 exemptus
1587 5646 1663 5676 est
1698 5646 1892 5676 Circuer
1930 5646 2109 5676 annum

518 5646 689 5743 CIIristi
713 5692 820 5754 403.
838 5694 987 5754 Ipsius
1006 5692 1240 5741 adversus
1255 5691 1507 5754 octoginta
1520 5691 1738 5754 haereses
1751 5691 1973 5737 immensi
1987 5702 2109 5754 ope-

458 5767 462 5771 ·
517 5758 605 5826 ris,
623 5753 751 5826 quod
776 5753 1020 5826 Panarium
1041 5755 1299 5826 inscripsit,
1324 5753 1513 5806 nonnisi
1534 5753 1746 5815 epitome
1770 5758 1822 5803 et
1838 5753 2108 5816 anacepha-

519 5816 681 5873 tmesis
701 5818 965 5882 Augustino
983 5817 1192 5882 cognita.

2308 691 2353 747 I.

2308 780 2376 838 II.

2307 872 2396 930 III.

2306 966 2398 1026 IV.

2307 1058 2354 1115 V

2238 1197 2242 1202 .
2304 1103 2400 1212 vi.

2305 1246 2421 1303 VII.

2304 1339 2445 1398 VIII.

2301 1431 2398 1491 IX.

2299 1523 2371 1580 X.

2300 1617 2395 1676 XI.

2299 1709 2418 1766 XII.

2299 1799 2440 1858 XIII.

2300 1889 2443 1948 XIV.

2299 1982 2418 2038 XV.

2300 2073 2441 2131 XVI.

2298 2167 2464 2225 XVII.

2300 2258 2486 2315 XVIII.

2296 2351 2442 2408 XIX.
2511 2369 2524 2380 ·

2299 2445 2419 2502 ΧΧ.

2295 2537 2442 2594 XXI.

2295 2633 2464 2690 XXII.

2294 2723 2486 2780 XXIII.

2251 2814 2253 2816 ’
2294 2816 2489 2873 XXIV.

2292 2907 2462 2964 XXV.
2559 2927 2564 2931 ·

2292 3000 2484 3056 XXVI.

2290 3092 2507 3149 XXVII.

2289 3184 2533 3242 XXVIII.

2289 3278 2484 3334 XXIX.

2286 3369 2458 3427 XXX.

2289 3460 2484 3517 XXXI.

2287 3552 2505 3609 XXXII.

2287 3631 2530 3700 XXXIII.

2285 3736 2530 3794 XXXIV.

2288 3827 2510 3887 XXXV.

2284 3921 2529 3978 XXXVI.

2284 4015 2554 4074 XXXVII.

2286 4107 2576 4165 XXXVIII.

2285 4198 2534 4256 XXXIX.

2284 4293 2400 4350 XL.

2285 4386 2426 4443 XLI.

2283 4479 2446 4537 XLII.

2285 4569 2472 4628 XLIII.

2282 4662 2468 4720 XLIV.

2281 4753 2446 4812 XLV.

2283 4845 2470 4904 XLVI.

2282 4935 2489 4994 XLVII.

2283 5025 2517 5084 XLVIII.

2282 5119 2474 5178 XLIX.

2282 5203 2397 5270 L.'

2282 5303 2372 5359 LI.

2284 5394 2394 5452 LlI.

2284 5487 2417 5544 LIII.

2238 497 2367 556 ergo
2417 485 2675 544 Dominus
2722 484 3050 552 ascendisset
3099 493 3156 554 in
3198 493 3415 568 coelum,
3466 495 3524 557 hi
3573 498 3823 562 haeretici

544 579 676 647 Quae
713 595 834 636 cum
863 580 1021 648 dicis,
1065 596 1227 636 unum
1260 580 1412 652 quasi
1438 577 1903 634 commonitorium
1941 575 2009 632 de
2048 574 2134 630 his
2241 578 2416 663 exorti
2437 587 2562 637 sunt
2581 579 2680 652 (a).
3852 577 3859 589 '

2723 694 3033 755 Simoniani.

2730 786 3111 847 Menandriani.

2719 881 3096 938 Saturniniani.

2711 973 3035 1032 Basilidiani.

2708 1064 3002 1124 Nicolaitw.
3392 1091 3443 1122 .·
3520 1081 3556 1147 :13

2717 1159 2968 1218 Gnostici.
3234 1152 3237 1154 ’
3868 1185 3878 1248 ι
3907 1165 3911 1169 ‘
3950 1165 3953 1167 ”

2713 1252 3119 1323 Carpocratiani.
3871 1256 3876 1323 ξ

2716 1346 3048 1418 Cerinthiani,
3072 1351 3148 1408 vel
3171 1351 3522 1414 Merinthtani.

2713 1437 2768 1492 Ν
2769 1444 2976 1497 azarrei.

2707 1527 2959 1586 Ebiomei.

2717 1621 3080 1682 Valentiniani.

2707 1713 3045 1772 Secundiam.

2704 1804 2990 1864 Ptolemtei.

2704 1895 2968 1953 Marciae.

2707 1986 3005 2044 Colorbasii.

2716 2077 3105 2138 Heracleonitw.

2710 2171 2932 2242 Ophilw.

2709 2260 2908 2319 Caiani.

2709 2355 2967 2412 Selhiani.

2706 2447 3018 2506 Arcliontici.

2710 2541 3036 2598 Cerdoniani.

2704 2634 3044 2691 Marcianum.

2704 2727 2960 2795 Apellitae.

2707 2817 2993 2873 Seueriani.

2707 2909 2929 2975 Tatiani,
2955 2908 3032 2964 vel
3056 2908 3356 2966 Encratilte.

2702 3000 3067 3074 Cataphryges.

2704 3092 3008 3164 Pepuziani,
3039 3092 3538 3163 alias-Quintilliam.

2700 3185 3015 3258 Artotyrilw.

2701 3278 3266 3336 Tessarescwdeeatitte.

2697 3370 2886 3442 Alogii.

2699 3462 2993 3518 Adamiani.

2698 3552 2932 3621 Elceswi,
2962 3562 3010 3608 et
3037 3552 3309 3625 Sampstei.

2700 3643 3057 3699 Theodotiani.
3073 3634 3082 3652 ¹

2699 3737 3166 3794 Melchisedeciani.

2690 3829 3086 3888 Bardesanisue.

2693 3922 2959 3980 Noctiani.

2709 4017 2918 4074 Valesii.

2695 4109 2922 4176 Cathari,
2953 4110 3056 4167 sive
3075 4108 3379 4167 Novatiam‘.

2700 4199 2948 4270 Angelici.

2691 4290 2992 4361 Apostolici.
3206 4351 3209 4354 _

2699 4383 3004 4451 Sabelliani,
3032 4382 3134 4438 sive
3154 4380 3554 4452 Patripassiani.

2702 4476 3019 4548 Origeniani.

2691 4569 2797 4636 Alii
2821 4567 3138 4640 Origeniani.

2687 4661 2951 4716 Pauliam'.

2696 4749 3014 4806 Pliotiniani.

2699 4842 2996 4898 Manichwi.

2697 4931 2991 4987 Hieracitw.

2701 5022 2985 5081 Meletiani.

2690 5115 2890 5172 Ariani.

2694 5205 2936 5272 Vadiani,
2966 5204 3069 5259 sive
3092 5199 3644 5274 Anthropomorpltitte.

2697 5295 3030 5354 Semiariani.
3055 5353 3061 5360 ,

2698 5385 3075 5444 Macedoniam’.
3841 5395 3850 5454 ι

2698 5479 2924 5536 Aeriani.

2277 5646 2347 5708 (a)
2371 5651 2618 5708 Baetem
2643 5633 2880 5708 indicu'us
2901 5633 2965 5708 =12
2987 5628 3500 5708 autiaceas.in
3513 5633 3777 5708 ἓξὲξ,ξὲἰὶεὲ

2212 5686 2677 5766 ιδίιῖιῗίἦῖἶιᾷῖνῖέᾳῂβ
2697 5706 2799 5746 Mss.
2827 5709 2921 5744 non
2946 5694 3035 5766 hoc
3058 5686 3178 5766 Ioco,
3197 5691 3284 5766 sed
3382 5691 3538 5766 fronte
3562 5686 3806 5766 libriﬁan't?

2213 5745 2845 5834 prfgaia'tjioiieim-ch—lIocatus,
2857 5745 3278 5834 cumbuij
3311 5750 3450 5805 titulo
3475 5765 3488 5805 :
3523 5769 3546 5803 α
3565 5757 3614 5801 tn
3637 5751 3726 5800 hoc
3748 5745 3803 5797 II-

2222 5820 2247 5883 ἱ
2267 5833 2356 5883 bro
2375 5831 2481 5880 istac
2497 5827 2717 5878 haereses
2740 5820 3067 5874 continentur.
3090 5833 3113 5865 υ

3740 5860 3826 5960 .;’
