4082 6436
213 375 292 444 s
875 345 902 350 ’⁷
959 342 982 348 ”
1645 363 1848 428 LIBER
1884 363 2087 426 unus.
3427 373 3501 436 9,,,

283 491 424 555 LIV.
711 490 928 560 Aetiani,
957 489 1044 557 qui
1063 497 1111 547 et
1137 477 1466 546 Eunomiani.

283 585 398 646 LV.
705 582 1098 653 Apollinarium.

285 677 420 736 LVI.
701 675 1145 729 Antidicomaritw.
1169 727 1196 749 ι,

279 768 442 828 LVII.
705 764 1028 830 Massaliani,
1056 765 1156 819 sive
1183 761 1434 817 Eua/title.

285 860 468 918 LVIII.
703 857 1182 929 Metangismonitaz.

283 951 420 1008 LIX.
703 948 1012 1016 Seleuciani,
1039 947 1115 1002 vel
1137 945 1420 1002 Hermiani.

283 1041 396 1099 LX.
700 1039 1050 1095 Proclianitce.

286 1133 421 1189 LXI.
704 1127 1004 1184 Putriciani.

283 1222 442 1282 LXII.
693 1220 896 1275 Ascitae.

287 1315 462 1378 LXIII.
695 1311 1180 1384 Passalorynchitce.

289 1407 468 1464 LXIV.
690 1405 920 1475 Aquarii.

287 1501 444 1562 LXV.
685 1497 994 1552 Coluthiani.

287 1590 470 1646 LXVI.
686 1587 997 1643 Floriniani.

287 1683 491 1740 LXVII.
693 1681 774 1737 De
799 1682 970 1735 mundi
991 1686 1126 1736 statu
1155 1678 1516 1733 dissentientes.

287 1776 510 1833 LXVIII.
690 1773 862 1828 Nudis
889 1773 1095 1845 pedibus
1119 1772 1446 1826 ambulantes.

287 1869 466 1926 LXIX.
698 1867 998 1934 Donatistae,
1031 1868 1133 1922 sive
1161 1864 1454 1921 Donationi.

287 1963 372 2018 LX
383 1963 446 2016 X.
697 1959 1122 2015 Priscillianistaz.

285 2053 466 2110 LXXI.
687 2049 812 2107 Cum
839 2049 1122 2105 hominibus
1147 2065 1250 2126 non
1277 2047 1656 2102 manducantes.

281 2143 484 2216 LXXII.
693 2143 1011 2216 Rhetoriani.

283 2233 510 2290 LXXIII.
689 2235 875 2290 Christi
929 2235 1239 2290 divinitatem
1295 2230 1582 2304 passibilem
1624 2229 1802 2283 dicen-

748 2337 839 2382 tes.

279 2418 510 2477 LXXIV.
687 2417 994 2491 Triformem
1017 2415 1182 2472 Deum
1209 2425 1462 2486 putantes.

279 2509 488 2566 LXXV.
685 2509 882 2578 Aquam
911 2508 1018 2563 Deo
1040 2518 1341 2563 coaeternam
1361 2507 1596 2560 dicentes.

281 2601 511 2658 LXXVI.
683 2599 970 2671 Imaginem
997 2597 1095 2654 Dei
1121 2614 1223 2654 non
1243 2614 1348 2652 esse
1373 2596 1595 2650 animam
1623 2593 1798 2648 dicen-

736 2701 829 2746 tes.

279 2781 535 2838 LXXVII.
683 2779 1090 2836 Innumerabiles
1115 2780 1332 2836 mundos
1353 2779 1636 2850 apinantes.

261 2875 560 2932 LXXVIII.
685 2876 896 2932 Animas
925 2877 1143 2930 converti
1170 2875 1224 2929 in
1247 2875 1498 2928 dtemones
1517 2880 1564 2925 et
1587 2872 1641 2924 in
1660 2883 1800 2940 qua:-

745 2982 956 3037 cumque
979 2966 1222 3020 animalia
1247 2965 1606 3018 existimantes.

277 3055 512 3114 LXXIX.
693 3057 1067 3113 Liberationem
1118 3056 1344 3110 omnium
1411 3053 1549 3124 apud
1611 3052 1800 3122 inferos

742 3151 930 3220 {actam
959 3149 1144 3205 Christi
1178 3148 1498 3202 descensione
1522 3145 1795 3198 credentes.

275 3244 490 3302 LXXX.
686 3242 874 3300 Christi
899 3245 963 3297 de
1004 3242 1160 3296 Patre
1184 3239 1435 3296 nativitati
1457 3239 1654 3294 initium
1684 3248 1804 3292 tem-

755 3331 893 3400 poris
915 3331 1109 3384 dantes.

277 3421 516 3478 LXXXI.
688 3419 1024 3492 Luciferiani.

275 3511 542 3570 LXXXII.
689 3511 1062 3566 Jovinianistat.

275 3604 562 3660 LXXXIII.
690 3603 913 3657 Arabici.

275 3697 564 3752 LXXXIV.
686 3695 1002 3751 Helvidiani.

273 3789 545 3846 LXXXV.
682 3788 1008 3854 Paterniani,
1041 3787 1143 3843 sive
1177 3785 1491 3842 Venustiani.

275 3879 572 3938 LXXXVI.
677 3879 1089 3934 Tertullianista'.

275 3971 600 4027 LXXXVII.
693 3973 944 4027 Abeloitte.

277 4064 625 4126 LXXXVIII.
699 4064 977 4138 Pelagiani,
1009 4065 1097 4138 qui
1123 4073 1169 4121 et
1198 4063 1502 4121 leestiani.

275 4220 326 4275 1.
357 4219 636 4276 Suionum
661 4234 694 4274 a
717 4218 938 4274 Simone
963 4232 1150 4288 mago,
1183 4215 1272 4286 qui
1297 4215 1592 4284 baptizatus
1617 4227 1646 4267 a
1678 4211 1804 4266 Phi-

213 4311 356 4384 lippo
379 4311 610 4366 diacono
629 4353 644 4379 ,
675 4311 814 4366 sicut
841 4313 898 4364 in
930 4309 1148 4364 Actibus
1175 4305 1554 4377 Apostolorum
1587 4303 1798 4373 legitur,

213 4405 438 4474 pecunia
465 4403 632 4459 voluit
653 4417 685 4458 a
713 4403 911 4458 sanctis
935 4400 1210 4470 Apostolis
1237 4413 1416 4454 emere
1441 4406 1500 4452 ut
1526 4397 1684 4452 etiam
1711 4409 1803 4464 per

214 4497 605 4566 impositionem
647 4511 840 4552 manus
885 4497 1000 4566 ejus
1041 4495 1260 4550 daretur
1291 4493 1518 4562 Spiritus
1561 4499 1814 4569 sanctus.

213 4589 312 4644 llic
335 4590 554 4660 magicis
577 4587 804 4644 fallaciis
825 4589 1108 4659 deceperat
1122 4588 1315 4642 multos
1333 4586 1466 4658 (Act.
1486 4601 1597 4650 vni,
1620 4584 1769 4654 9-19)
1785 4623 1800 4638 .

213 4679 446 4736 Docebat
469 4689 648 4735 autem
685 4679 1052 4735 detestandam
1083 4678 1462 4748 turpitudinem
1495 4676 1800 4732 indill'eren-

215 4780 296 4828 ter
319 4772 502 4827 utendi
531 4771 766 4827 feminis.
797 4771 907 4826 Nec
929 4772 1096 4827 Deum
1127 4770 1320 4826 fecisse
1346 4769 1621 4835 mundum,
1654 4769 1802 4826 dice-

213 4862 320 4920 bat.
343 4863 589 4934 Negabat
607 4866 771 4920 etiam
796 4865 973 4920 carnis
999 4864 1464 4920 resurrectionem.
1497 4863 1564 4918 Et
1592 4878 1803 4919 assere-

211 4956 300 5012 bat
329 4973 395 5013 se
429 4973 550 5013 esse
584 4957 875 5013 Christum.
911 4957 1160 5029 Idemque
1189 4957 1374 5013 Jovem
1401 4973 1459 5014 se
1483 4957 1631 5014 credi
1659 4958 1807 5013 vole-

211 5051 326 5118 bat;
363 5053 664 5110 Minervam
685 5069 814 5108 vero
837 5055 1173 5110 meretricem
1194 5051 1476 5125 quamdam
1507 5053 1742 5108 Helenen
1761 5053 1801 5118 ί,

211 5160 362 5215 quam
407 5147 512 5201 sibi
552 5148 752 5202 sociam
793 5149 1058 5203 scelerum
1091 5148 1326 5213 fecerat,
1369 5145 1730 5217 imaginesque
1754 5152 1808 5200 et

205 5251 354 5292 suam
389 5248 448 5295 et
489 5239 731 5310 ejusdem
771 5241 1068 5295 meretricis
1095 5239 1369 5310 discipulis
1400 5239 1514 5294 suis
1539 5237 1808 5308 praebebat

205 5329 528 5398 adorandas,
553 5347 688 5402 quas
710 5342 764 5388 et
791 5333 974 5388 Romte
997 5342 1248 5403 tanquam
1273 5333 1494 5388 deorum
1520 5332 1804 5387 simulacra

213 5423 525 5478 Auctoritate
563 5423 779 5495 publica
817 5425 1188 5481 constituerat.
1227 5425 1286 5480 ln
1312 5441 1416 5496 qua
1441 5424 1574 5480 urbe
1592 5432 1806 5495 aposto-

265 5599 288 5630 ³
321 5599 464 5666 aditi,
479 5601 713 5666 Selenen,
733 5610 788 5666 At
809 5611 935 5666 Mss,
952 5603 1204 5666 Helenam,
1227 5609 1328 5664 aut,
1352 5603 1557 5655 Helenen
1578 5618 1595 5655 :
1616 5607 1800 5658 verius.

355 5665 495 5732 enirn
511 5665 924 5732 simon_deliraba_t
941 5665 1090 5714 fuisse
1114 5665 1348 5732 Helenam
1367 5667 1516 5732 ipsam
1535 5669 1800 5732 'I‘rojanam,

211 5734 271 5789 es
293 5723 612 5789 Tel-tulliano,
638 5723 722 5774 lib.
749 5727 814 5776 de
839 5729 1014 5784 Anima,
1043 5739 1146 5788 cap.
1185 5727 1262 5784 54,
1305 5723 1674 5789 ex'Philastrib,
1700 5723 1796 5780 etc:

209 5783 378 5834 item
396 5793 550 5854 etiam
571 5783 788 5854 nominat
807 5783 1112 5854 Epiphanius,
1134 5803 1227 5846 nec
1243 5783 1386 5842 aliter
1409 5783 1728 5847 Danmcenus
1748 5795 1800 5845 in

209 5856 358 5910 opere
375 5847 444 5900 de
468 5851 763 5902 missibus.

1916 480 2000 538 Ius
2045 481 2235 540 Petrus
2278 495 2401 540 eum
2439 494 2564 541 vera
2603 481 2798 540 virtute
2840 481 2940 544 Dei
2980 484 3356 559 omnipotentis
3401 504 3497 548 ex-

1913 575 2150 632 stinxit‘.

1985 668 2048 724 ll.
2077 669 2442 726 Mensorum
2475 686 2506 727 a
2535 669 2825 728 Menandro
2873 672 3031 729 etiam
3057 674 3172 744 ipso
3198 688 3373 748 mago,
3405 674 3492 732 di-

1911 759 2116 830 scipulo
2139 759 2274 830 ejus,
2302 761 2394 832 qui
2413 763 2666 819 mundum
2692 763 2962 821 asserebat
2981 780 3088 821 non
3103 781 3134 821 a
3151 765 3284 836 Deo,
3308 767 3402 823 sed
3423 767 3491 823 ab

1911 851 2129 923 Angelis
2157 850 2373 908 factum.

1981 943 2067 998 lll.
2109 945 2487 1002 Summanum
2512 948 2533 978 ²
2562 962 2594 1002 a
2630 948 2859 1018 quodam
2896 949 3182 1006 Saturnino
3205 992 3220 1019 ,
3252 951 3341 1022 qui
3372 959 3488 1006 tur-

1907 1037 2202 1108 pitudinem
2229 1040 2593 1096 Simonianam
2616 1042 2668 1096 in
2697 1042 2848 1114 Syria
2867 1047 3214 1101 confirmasse
3241 1045 3489 1116 perhibe-

1909 1139 1997 1184 tur
2021 1147 2034 1184 :
2060 1131 2149 1200 qui
2169 1131 2329 1186 etiam
2355 1131 2610 1188 mundum
2650 1133 2796 1190 solos
2820 1136 3035 1206 angelos
3063 1148 3269 1214 septem
3295 1147 3490 1209 printer

1908 1226 2288 1280 conscientiam
2309 1224 2328 1255 ³
2357 1225 2448 1279 Dei
2480 1225 2654 1280 Patris
2679 1225 2866 1281 fecisse
2891 1228 3117 1283 dicebat.

1981 1314 2070 1370 IV.
2112 1315 2434 1370 Basnnmam
2463 1331 2492 1370 a
2530 1317 2758 1372 Basilide
2778 1360 2793 1384 ,
2825 1319 2912 1387 qui
2944 1319 3045 1375 hoc
3082 1319 3310 1375 distabat
3346 1335 3376 1375 a
3403 1319 3494 1376 Si-

1909 1409 2196 1476 monianis,
2241 1409 2382 1480 quod
2422 1418 2690 1466 trecentos
2735 1412 3008 1481 sexaginta
3049 1414 3280 1484 quinque
3327 1414 3496 1469 caelos

1907 1517 2028 1557 esse
2073 1501 2305 1568 dicebat,
2346 1518 2450 1572 quo
2491 1518 2714 1558 numero
2743 1503 2947 1556 dierum
2992 1519 3162 1558 annus
3189 1505 3490 1560 includitur.

1907 1595 2062 1650 Unde
2117 1595 2275 1650 etiam
2321 1596 2472 1666 quasi
2521 1604 2762 1650 sanetum
2813 1611 3008 1650 nomen
3053 1597 3492 1662 commendabat,

1906 1689 2048 1760 quod
2075 1699 2175 1755 est,
2217 1695 2431 1759 ἄϐρασαε
2453 1688 2496 1755 ³,
2537 1689 2689 1760 cujus
2719 1689 2950 1743 nominis
2981 1689 3169 1744 littera:
3204 1687 3495 1743 secundum

1904 1797 2134 1851 graecam
2157 1783 2585 1850 supputationem
2619 1781 2863 1836 eumdem
2901 1796 3180 1836 numerum
3205 1781 3492 1848 complent.

1906 1873 2044 1930 Sunt
2081 1873 2222 1927 enim
2250 1883 2473 1944 septem,
2504 1897 2557 1940 α,
2589 1883 2642 1950 et
2663 1886 2722 1945 β,
2746 1882 2800 1928 et
2823 1897 2868 1944 ρ,
2895 1884 2946 1928 et
2976 1897 3028 1939 α,
3053 1882 3105 1928 et
3125 1899 3170 1940 σ,
3194 1881 3248 1928 et
3269 1874 3325 1936 ά,
3351 1879 3448 1937 et;
3477 1888 3491 1926 :

1905 1966 1958 2020 id
1989 1974 2070 2020 est
2099 1981 2283 2029 unum,
2311 1976 2365 2020 et
2389 1965 2516 2031 duo,
2540 1974 2592 2020 et
2623 1976 2859 2032 centum,
2883 1975 2936 2020 et
2959 1982 3142 2031 unum,
3171 1975 3224 2019 et
3243 1963 3492 2029 ducenta,

1905 2068 1960 2114 et
1985 2075 2170 2124 unum,
2212 2066 2262 2112 et
2289 2057 2596 2127 sexaginta;
2629 2073 2747 2128 qua:
2772 2057 2907 2112 ﬁunt
2935 2059 2986 2112 in
3017 2071 3224 2114 summa
3257 2063 3493 2111 trecenta

1904 2152 2176 2220 sexaginta
2202 2150 2434 2220 quinque
2463 2150 2516 2201 ⁵.’

1976 2241 2042 2295 V.
2098 2240 2409 2296 NICOLAITE
2449 2257 2480 2295 a
2521 2240 2741 2296 Nicolao
2767 2239 3024 2296 nominati
3066 2246 3221 2304 sunt,
3263 2252 3406 2304 uno,
3435 2245 3496 2292 ut

1905 2332 2238 2404 perhibetur,
2270 2349 2332 2388 ex
2375 2333 2478 2386 illis
2526 2341 2730 2402 septem
2773 2348 2906 2402 quos
2947 2331 3190 2401 Apostoli
3237 2329 3492 2384 diaconos

1904 2426 2284 2482 ordinaverunt
2314 2425 2446 2498 (Act.
2473 2441 2546 2490 vr,
2579 2425 2654 2496 5).
2685 2424 2787 2480 Iste
2813 2441 2934 2480 cum
2961 2424 3027 2479 de
3053 2424 3168 2478 zelo
3199 2421 3494 2493 pulcherri-

1903 2532 2005 2572 ma:
2031 2515 2270 2586 conjugis
2295 2517 2620 2586 culparetur,
2655 2517 2800 2570 velut
2826 2513 3082 2584 purgandi
3113 2527 3170 2567 se
3191 2527 3350 2566 causa
3371 2527 3493 2580 per-

1901 2607 2114 2680 misisse
2157 2607 2350 2672 fertur,
2386 2618 2442 2660 ut
2481 2622 2542 2660 ea
2585 2607 2674 2675 qui
2701 2607 2864 2660 vellet
2895 2611 3152 2659 uteretur.
3195 2602 3347 2670 Quod
3377 2602 3492 2671 ejus

1801 2717 1804 2722 ·
1901 2698 2100 2752 factum
2127 2700 2178 2752 in
2203 2705 2402 2752 sectam
2429 2698 2790 2766 turpissimam
2823 2711 3035 2750 versum
3063 2701 3166 2760 est,
3191 2709 3294 2762 qua
3319 2693 3494 2761 placet

1901 2807 2028 2846 usus
2061 2789 2368 2844 indill‘erens
2399 2789 2736 2843 feminarum.
2779 2787 2844 2841 Ili
2881 2801 2982 2841 nec
3007 2787 3076 2840 ab
3099 2785 3165 2839 iis
3191 2799 3309 2854 qua:
3337 2782 3493 2838 idolis

1901 2881 2247 2935 immolantur
2275 2881 2423 2934 cibos
2449 2895 2574 2933 suos
2600 2879 2882 2948 separant:
2911 2885 2964 2933 et
3003 2877 3137 2932 alios
3165 2876 3295 2930 ritus
3322 2875 3495 2944 genti-

1903 2972 2031 3026 lium
2062 2972 2498 3041 superstitionum
2527 2987 2631 3025 non
2654 2978 2968 3026 aversantur
2992 2969 3031 3022 θ.
3061 2968 3288 3023 Narrant
3331 2968 3490 3022 etiam

1901 3066 2143 3135 quaedam
2191 3064 2427 3119 fabulosa
2477 3064 2545 3118 de
2592 3063 2826 3128 mundo,
2875 3062 3058 3117 nescio
3106 3076 3223 3131 quae
3265 3059 3491 3113 barbara

1901 3157 2200 3228 principum
2255 3157 2470 3210 nomina
2517 3155 2805 3212 miscentes
2847 3153 3301 3224 disputationibus
3345 3151 3490 3216 suis,

1902 3249 2091 3318 quibus
2115 3257 2345 3301 terreant
2367 3246 2668 3311 auditores;
2695 3261 2812 3316 quae
2840 3245 3185 3314 prudentibus
3211 3243 3374 3297 risum
3401 3257 3494 3311 po-

1903 3341 2008 3394 tius
2029 3339 2248 3405 faciunt,
2273 3353 2428 3408 quam
2457 3339 2724 3392 timorem.
2745 3336 3116 3406 lntelliguntur
3134 3343 3310 3388 autem
3332 3333 3492 3386 etiam

1901 3431 1990 3485 isti
2017 3446 2123 3484 non
2153 3429 2261 3484 Deo
2289 3429 2522 3484 tribuere
2551 3435 2850 3482 creaturam
2873 3467 2887 3491 ,
2920 3425 3014 3480 sed
3039 3423 3355 3496 quibusdam
3393 3437 3494 3493 po-

1901 3520 2218 3590 testatibus,
2267 3535 2400 3590 quas
2441 3519 2676 3574 mirabili
2717 3517 2804 3574 vel
2848 3517 3054 3589 ﬁngunt
3095 3517 3364 3584 vanitate,
3405 3513 3494 3570 vel

1903 3613 2150 3668 credunt.

1972 3703 2062 3758 VI.
2108 3701 2360 3759 Gnos'ncr
2397 3711 2614 3772 prepter
2651 3700 3019 3770 excellentiam
3058 3699 3297 3755 scientia:
3329 3697 3407 3753 sic
3432 3713 3494 3754 se

1903 3795 2202 3866 appellatos
2247 3809 2366 3850 esse
2391 3836 2405 3859 ,
2437 3794 2524 3848 vel
2562 3793 2819 3862 appellari
2859 3791 3106 3848 debuisse
3142 3789 3437 3862 gloriantur
3475 3808 3492 3846 :

1903 3903 2022 3942 cum
2049 3887 2156 3940 sint
2182 3885 2546 3956 superioribus
2575 3885 2820 3940 omnibus
2849 3877 3096 3940 vaniores
3115 3893 3273 3954 atque
3295 3885 3497 3954 turpio-

1903 3993 2010 4033 res.
2043 3977 2280 4048 Denique
2301 3993 2419 4032 cum
2451 3978 2517 4031 ab
2539 3977 2659 4031 aliis
2689 3986 2848 4046 atque
2874 3977 2991 4031 aliis
3015 3993 3108 4047 per
3128 3976 3365 4031 diversas
3387 3985 3495 4031 ter-

1902 4085 2078 4124 rarum
2123 4081 2300 4140 partes
2341 4069 2494 4124 aliter
2531 4081 2691 4140 atque
2730 4069 2884 4125 aliter
2919 4081 3325 4140 nuncupentur,
3357 4085 3494 4125 non-

1903 4161 2032 4214 nulli
2072 4175 2165 4215 eos
2203 4162 2361 4216 etiam
2401 4161 2706 4216 Borboritas
2739 4171 2964 4228 vocant,
3009 4163 3161 4232 quasi
3204 4177 3452 4219 ccenosos
3477 4204 3492 4229 ,

1903 4263 2120 4321 prepter
2158 4253 2373 4306 nimiam
2403 4254 2779 4323 turpitudinem
2806 4269 2964 4324 quam
2996 4254 3048 4308 in
3080 4255 3192 4309 suis
3223 4257 3496 4328 mysteriis

1903 4359 2152 4400 exercere
2208 4345 2476 4402 dicuntur.
2524 4347 2697 4417 Aliqui
2737 4361 2831 4401 eos
2876 4361 2907 4400 a
2950 4345 3224 4401 Nicolaitis
3282 4355 3496 4402 exortes

1903 4448 2091 4509 putant
2130 4457 2143 4494 :
2190 4440 2351 4510 aliqui
2377 4455 2408 4495 a
2433 4441 2752 4511 Carpocrate
2772 4482 2787 4509 ,
2816 4439 2884 4496 de
2912 4454 3018 4511 quo
3047 4449 3166 4510 post
3195 4439 3493 4510 loquemur.

1969 4612 1988 4641 ι
2023 4611 2105 4660 Hic
2129 4612 2178 4659 in
2200 4610 2344 4660 editis
2367 4609 2586 4660 additur:
2622 4627 2644 4657 ι
2667 4611 2865 4660 Dixerat
2888 4611 3018 4660 enim
3041 4623 3098 4661 se
3128 4612 3178 4661 in
3201 4617 3368 4661 monte
3390 4611 3497 4661 Sina

1913 4687 1934 4716 tt
1957 4670 2125 4736 legem
2150 4675 2290 4736 Moysi
2313 4675 2364 4721 in
2387 4675 2534 4722 Patris
2557 4685 2764 4736 persona
2795 4671 2991 4723 dedisse
3023 4674 3240 4730 iudicis:
3273 4682 3496 4735 tempore

1912 4750 1935 4778 ι
1957 4735 2132 4798 ζιζὶυθινὶἱ
2157 4735 2207 4798 in
2223 4734 2326 4784 Filii
2350 4748 2556 4798 persona
2579 4735 2796 4796 putative
2813 4737 3124 4798 apparuisse:
3161 4741 3328 4796 postea
3367 4734 3422 4784 Se
3447 4737 3494 4783 in

1913 4812 1936 4841 α
1958 4792 2135 4860 linguis
2157 4797 2317 4858 igneis
2337 4792 2560 4858 Spiritum
2581 4792 2800 4860 sanctum
2821 4792 2970 4860 sit-per
2989 4792 3242 4860 Apostolos
3268 4799 3492 4847 venisse:

1913 4875 1936 4902 α
1957 4857 2194 4966 (stili-istum
2215 4857 2380 4908 autem
2400 4871 2496 4908 nec
2511 4859 2726 4921 venisse,
2753 4871 2848 4908 nec
2863 4857 2895 4909 a
2911 4857 3089 4908 Judaéis
3102 4859 3362 4922 quidquam
3383 4871 3496 4920 per-

1914 4935 1937 4965 ι
1983 4932 2011 4966 υ
2033 4933 2143 4966 ISSG.
2165 4936 2185 4964 θ

1914 4935 1937 4965 ι
1961 4932 2143 4969 ιωιδδρ.
2165 4936 2185 4964 D

1971 4981 2138 5043 ’Apud
2174 4979 2484 5044 Epiplianium
2518 4990 2570 5032 et
2605 4989 2952 5044 Damascenum
2975 4981 3285 5033 saturniliani
3327 4979 3492 5042 appel-

1908 5049 2086 5103 lantur,
2117 5043 2384 5106 eorumque
2403 5050 2586 5104 auctor,
2615 5043 2900 5096 satumilus.
2925 5046 2999 5094 Sic
3021 5047 3168 5094 etiam
3187 5051 3323 5094 vocat
3337 5045 3484 5092 Justi-

1909 5117 2002 5170 nus
2025 5106 2074 5153 in
2104 5104 2294 5168 dialogo
2303 5104 2421 5170 cum
2435 5107 2706 5170 'l‘rypbone,
2733 5119 2790 5155 ac
2811 5107 3159 5170 'rheodoretus.

1973 5167 1994 5232 ξ
2018 5173 2145 5232 Unus
2169 5181 2197 5216 e
2217 5166 2448 5232 Vaticanis
2470 5166 2734 5232 codicibus,
2759 5177 2939 5232 praeter
2963 5166 3228 5219 scientiam.

1970 5227 1994 5259 ⁸
2016 5230 2088 5292 sic
2111 5231 2424 5292 manuscripti
2445 5229 2704 5292 Epiphanio
2724 5227 2780 5280 'e't
2797 5237 3085 5280 Damasceno
3105 5229 3492 5280 consentientes.

1909 5296 1968 5340 At
1984 5290 2121 5350 editi,
2139 5289 2365 5340 abraxas'.

1973 5353 2244 5418 {veterum
2268 5355 2701 5418 niannsai-iptorum
2723 5355 3011 5418 auctoritate
3031 5355 3358 5418 expungimns
3380 5365 3495 5402 ver-

1973 5369 1994 5384 υ
2018 5369 2244 5404 veterum
2268 5369 2507 5403 manust‘rt
2533 5369 2701 5406 iterum
2723 5369 3008 5404 auctoritate
3031 5369 3358 5418 expungimus
3380 5369 3495 5402 ver-

1899 5414 1968 5464 ba
1991 5413 2115 5474 haec,
2139 5427 2248 5477 qua:
2268 5415 2332 5477 de
2357 5369 2649 5466 Basilidianis
2671 5417 2913 5466 haereticis
2937 5415 3054 5464 editi
3073 5416 3252 5465 addunt
3277 5430 3289 5464 :
3325 5433 3346 5460 ις
3365 5423 3498 5477 Mun-

1915 5493 1940 5524 e
1962 5477 2076 5527 dum
2093 5475 2239 5527 istum
2254 5475 2336 5527 vel
2358 5479 2603 5528 hominem
2637 5493 2733 5534 non
2749 5477 2954 5526 credunt
2973 5489 3000 5525 a
3022 5483 3120 5526 Deo
3137 5477 3332 5534 factum,
3356 5476 3444 5526 sed
3469 5489 3498 5526 a

1915 5555 1939 5586 ι
1961 5540 2308 5602 trecentesimo
2331 5543 2640 5602 sexagesimo
2677 5541 2845 5602 quinto
2865 5537 3006 5602 crelo.
3029 5544 3260 5590 Amatoria
3283 5540 3498 5602 carmina

1915 5618 1938 5648 α
1960 5603 2176 5652 studiose
2212 5601 2418 5652 discunt.
2445 5599 2480 5650 Ᾰ
2499 5603 2676 5650 ludatis
2695 5599 2808 5650 'nou
2831 5601 3042 5652 credunt
3077 5603 3310 5652 Christum
3340 5599 3497 5648 cruci-

1914 5681 1937 5710 α
1959 5662 2128 5723 ﬁxum,
2156 5663 2244 5713 sed
2267 5666 2505 5713 Simonem
2527 5670 2872 5726 Cyrenensetn,
2896 5665 2980 5728 qui
3003 5665 3280 5726 angariatus
3303 5659 3498 5711 sustulit

1914 5745 1936 5776 α
1959 5737 2156 5776 crucem
2176 5729 2299 5788 ejus.
2325 5744 2347 5770 »

1967 5793 1988 5824 θ
2025 5799 2153 5850 ωγ.,
2177 5802 2268 5840 non
2291 5788 2623 5840 adversantur.
2653 5787 2822 5840 Melius
2849 5795 2923 5840 Er.
2944 5802 3054 5842 cum
3077 5797 3204 5852 Mss,
3229 5801 3320 5840 non
3357 5800 3496 5839 aver-

1905 5863 2092 5906 santur.
