4054 6468
510 442 581 510 97

516 659 585 713 tis
624 676 640 713 :
679 660 841 714 etiam
882 658 981 727 ipsi
1023 658 1319 727 principum
1360 656 1439 711 vel
1468 655 1772 723 angelorum
1806 656 2107 711 nominibus

515 748 841 805 terribilibus
882 747 1122 805 inﬁrmas
1161 749 1364 803 animas
1405 747 1654 816 capiunt;
1697 754 1751 801 et
1788 746 1854 801 de
1885 748 1993 801 Deo
2024 762 2109 801 re-

514 855 741 911 rumque
767 847 954 895 natura
973 882 989 909 ,
1021 840 1261 896 fabulosa
1287 848 1341 893 et
1366 853 1397 892 a
1423 838 1645 892 sanitate
1673 838 1909 893 veritatis
1935 838 2106 893 aliena

490 934 682 990 .multa
710 942 1023 990 contexunt.
1051 932 1361 987 Animarum
1389 929 1738 985 substantiam
1757 970 1773 995 ,
1804 929 1895 983 Dei
1921 928 2106 983 dicunt

515 1039 636 1082 esse
662 1034 905 1082 naturam
929 1066 945 1093 ,
973 1036 1257 1092 earumque
1284 1021 1569 1077 adventum
1596 1020 1648 1074 in
1673 1021 1785 1074 haec
1806 1035 2028 1090 corpora
2052 1028 2106 1075 et

514 1120 745 1175 reditum
780 1118 848 1173 ad
889 1118 1053 1171 Deum
1097 1115 1282 1170 iisdem
1320 1113 1431 1170 suis
1470 1111 1659 1167 fabulis
1694 1112 2015 1182 longissimis
2054 1121 2106 1167 et

513 1207 840 1264 stultissimis
881 1203 1172 1261 secundum
1212 1219 1337 1259 suos
1362 1217 1573 1258 errores
1600 1202 1840 1256 inserunt
1872 1219 1884 1254 :
1915 1209 1969 1257 et
1990 1200 2107 1255 illos

515 1300 605 1371 qui
636 1300 715 1355 eis
742 1297 969 1355 credunt
992 1297 1217 1362 faciunt,
1246 1310 1355 1350 non
1381 1294 1543 1349 multa
1566 1335 1579 1359 ,
1602 1304 1661 1348 ut
1687 1301 1909 1364 putant,
1934 1292 2107 1347 scien-

515 1390 586 1444 tia
617 1387 931 1458 praeponere
951 1429 967 1453 ,
998 1387 1090 1442 sed
1120 1386 1283 1440 multa
1308 1428 1322 1452 ,
1356 1395 1413 1439 ut
1440 1386 1507 1439 ita
1530 1384 1700 1440 dicam
1727 1426 1740 1447 ,
1770 1384 2104 1437 fabulositate

514 1494 801 1535 vanescere
830 1479 868 1532 ί.
900 1478 1155 1533 Dicuntur
1179 1492 1389 1547 quoque
1416 1475 1615 1532 bonum
1640 1475 1798 1531 deum
1830 1482 1883 1531 et
1906 1474 2104 1530 malum

515 1570 673 1626 deum
703 1571 757 1625 in
783 1569 893 1624 suis
918 1568 1115 1623 habere
1139 1568 1492 1637 dogmatibus.

514 1676 522 1721 ξ
584 1662 697 1718 VII.
726 1662 1153 1719 CARPOCRATIANI
1179 1669 1301 1715 sunt
1320 1676 1351 1714 a
1376 1658 1698 1729 Carpocrate
1716 1698 1729 1724 ,
1756 1658 1844 1727 qui
1874 1652 2107 1712 docebat

513 1770 724 1811 omnem
748 1764 956 1825 turpem
983 1753 1345 1824 operationem
1362 1794 1376 1817 ,
1408 1765 1729 1821 omnemque
1768 1748 2107 1804 adinvenlio-

517 1863 639 1904 nem
670 1848 873 1919 peccati
899 1864 912 1899 :
946 1862 1045 1902 nec
1071 1846 1224 1901 aliter
1245 1845 1395 1900 evadi
1428 1855 1583 1915 atque
1608 1842 1819 1898 transiri
1844 1842 2110 1913 principa-

515 1950 599 1997 tus
640 1950 693 1996 et
734 1948 1029 2013 potestates
1054 1981 1069 2007 ,
1102 1941 1294 2010 quibus
1323 1938 1437 1994 haec
1467 1938 1709 2009 placent,
1746 1946 1802 1992 ut
1843 1937 2011 2008 possit
2043 1934 2110 1990 ad

516 2032 713 2087 ctelum
743 2032 991 2102 superius
1013 2031 1297 2101 perveniri.
1325 2031 1421 2084 llic
1443 2031 1602 2085 etiam
1629 2030 1810 2084 Jesum
1839 2028 2108 2083 hominem

519 2121 907 2189 tantummodo,
949 2131 1003 2177 et
1026 2122 1093 2177 de
1120 2130 1342 2191 utroque
1372 2136 1501 2176 sexu
1531 2130 1712 2175 natum
1751 2129 1966 2189 putasse
1988 2134 2108 2188 per-

524 2212 738 2268 hibetur
762 2254 778 2281 ,
807 2212 901 2267 sed
927 2213 1195 2283 accepisse
1223 2212 1379 2267 talem
1422 2215 1687 2279 animam,
1719 2226 1821 2281 qua
1862 2211 2022 2264 sciret
2049 2225 2111 2264 ea

519 2318 637 2375 qua:
660 2318 887 2374 superna
909 2312 1110 2369 essent,
1136 2312 1296 2373 atque
1324 2305 1614 2359 nuntiaret.
1647 2302 2112 2357 Resurrectioncm

519 2396 757 2466 corporis
795 2396 954 2452 simul
993 2411 1113 2450 cum
1154 2394 1295 2467 Lege
1340 2396 1648 2466 abjiciebat.
1671 2394 1906 2466 Negabat
1931 2410 1961 2447 a
2002 2393 2113 2448 Deo

519 2483 759 2553 factum,
807 2485 903 2542 sed
950 2502 982 2541 a
1029 2487 1211 2541 nescio
1262 2487 1451 2556 quibus
1505 2486 1785 2542 virtutibus
1832 2485 2111 2540 mundum.

523 2573 697 2631 Secta:
725 2576 891 2646 ipsius
912 2575 1077 2632 fuisse
1107 2576 1332 2631 traditur
1352 2576 1591 2646 quaedam
1625 2576 1925 2631 Marcellina
1946 2617 1961 2641 ,
1996 2592 2114 2645 quce

520 2667 730 2724 colebat
773 2669 1030 2740 imagines
1061 2668 1188 2725 Jesu
1229 2678 1282 2724 et
1320 2670 1469 2724 Pauli
1500 2678 1554 2726 et
1596 2670 1811 2725 Ilomeri
1837 2678 1890 2725 et
1917 2669 2116 2740 Pytha-

522 2775 689 2831 gorae,
717 2760 989 2815 adoranda
1012 2763 1397 2830 incensumque
1420 2762 1684 2830 ponendo.

596 2851 729 2907 VIII.
762 2851 1111 2907 CEBINTHIANI
1131 2868 1161 2906 a
1190 2852 1464 2919 Cerintho,
1499 2852 1762 2922 iidemque
1783 2852 2116 2907 Merinthiani

525 2959 555 2999 a
584 2944 864 3011 Merintho,
890 2944 1145 3000 mundum
1165 2944 1233 2999 ab
1263 2945 1466 3014 angelis
1495 2945 1687 2998 factum
1715 2960 1832 3000 esse
1854 2945 2112 3012 dicentes,

526 3046 582 3092 et
617 3052 780 3093 carne
818 3037 1122 3092 circumcidi
1163 3046 1441 3107 oportere,
1483 3045 1641 3106 atque
1671 3037 1770 3090 alia
1818 3036 2116 3105 huiusmodi

529 3126 683 3196 Legis
709 3135 973 3196 przecepta
1003 3129 1222 3182 servari.
1250 3126 1431 3181 .lesum
1459 3125 1727 3181 hominem
1753 3125 2118 3181 tantummodo

529 3217 693 3273 fuisse
714 3260 728 3283 ,
761 3234 860 3274 nec
884 3218 1241 3274 resurrexisse
1260 3260 1277 3283 ,
1307 3217 1398 3272 sed
1445 3228 1867 3272 resurrecturum
1908 3232 2119 3273 asseve—

530 3321 730 3366 rantes.
780 3311 921 3368 Mille
954 3327 1166 3383 quoque
1200 3326 1369 3366 annos
1410 3320 1530 3381 post
1573 3311 2016 3367 resurrectionem
2063 3311 2119 3365 in

532 3416 745 3462 terreno
779 3423 946 3479 regno
976 3406 1207 3473 Christi,
1250 3404 1544 3461 secundum
1573 3405 1812 3461 carnales
1841 3406 2042 3461 ventris
2068 3414 2121 3462 et

531 3497 765 3554 libidinis
803 3500 1129 3569 voluptates,
1161 3497 1365 3553 futuros
1406 3496 1706 3551 fabulantur
1748 3514 1761 3549 :
1794 3495 1934 3551 unde
1962 3496 2121 3552 etiam

531 3590 803 3647 Chiliasta:
831 3599 955 3647 sunt
972 3590 1219 3662 appellati
1243 3588 1392 3659 (Vid.
1423 3589 1513 3643 lib.
1544 3586 1614 3641 20
1666 3586 1728 3642 de
1749 3584 1959 3643 Civitate
1984 3586 2079 3641 Dei
2102 3627 2117 3655 ,

533 3698 648 3753 cap.
674 3681 751 3755 7).

605 3775 695 3830 ΙΧ.
726 3774 1015 3842 ΝΑΖΔΜΙ,
1060 3790 1181 3831 cum
1222 3774 1318 3829 Dei
1366 3774 1558 3829 Filium
1605 3774 1960 3829 confiteantur
2004 3787 2123 3829 esse

532 3865 825 3933 Christum,
854 3868 1030 3922 omnia
1060 3875 1240 3923 tamen
1260 3866 1456 3923 veteris
1484 3866 1642 3938 Legis
1671 3866 1977 3933 observant,
2006 3879 2124 3935 quae

532 3955 820 4013 Christiani
852 3973 946 4029 per
968 3958 1318 4028 apostolicam
1338 3958 1673 4013 traditionem
1714 3973 1819 4012 non
1842 3958 2124 4012 observare

536 4049 863 4117 carnaliter,
934 4048 1028 4104 sed
1084 4049 1434 4117 spiritualiter
1482 4049 1779 4118 intelligere
1827 4048 2126 4106 didicerunt

540 4138 692 4211 (Viti.
720 4139 807 4195 lib.
838 4141 860 4194 1
896 4148 1075 4194 contra
1092 4140 1417 4195 Cresconium
1436 4181 1452 4209 ,
1479 4157 1594 4211 cap.
1625 4139 1735 4209 51).

614 4232 682 4285 X.
712 4232 946 4287 Emonam
973 4229 1241 4287 Christum
1267 4232 1427 4287 etiam
1450 4231 1549 4301 ipsi
1574 4228 1939 4285 tantummodo
1960 4227 2126 4283 homi-

548 4339 670 4379 nem
699 4324 900 4379 dicunt.
940 4323 1184 4379 Mandata
1209 4324 1443 4379 carnalia
1473 4323 1631 4393 Legis
1655 4323 1979 4387 observant,
2016 4320 2119 4374 cir-

553 4413 934 4471 cumcisionem
982 4414 1185 4469 scilicet
1231 4415 1439 4480 carnis,
1471 4422 1525 4469 et
1575 4422 1764 4469 cmtera
1787 4452 1801 4479 ,
1831 4427 1860 4467 a
1897 4425 2125 4481 quorum

548 4504 801 4559 oneribus
846 4519 941 4574 per
986 4502 1189 4559 Novum
1226 4504 1628 4560 Testamentum
1668 4502 1875 4557 liberati
1916 4516 2122 4557 sumus.

542 4588 675 4643 Iluic
706 4587 899 4645 haeresi
933 4587 1259 4659 Epiphanius
1285 4588 1584 4659 Sampsazos
1610 4596 1663 4641 et
1701 4587 1966 4642 Elcesatos
2000 4588 2021 4617 ’
2054 4586 2126 4641 ita

540 4682 773 4752 copulat,
807 4691 863 4737 ut
890 4682 991 4738 sub
1019 4682 1213 4738 eodem
1243 4696 1490 4749 numero,
1517 4690 1765 4750 tanquam
1791 4694 1893 4735 una
1920 4679 1989 4734 sit
2018 4678 2128 4733 hae-

543 4775 713 4841 resis,
759 4783 953 4846 ponat,
995 4774 1189 4845 aliquid
1242 4782 1420 4830 tamen
1470 4775 1729 4830 interesse
1786 4774 2123 4845 signiﬁcans:

541 4869 786 4940 quamvis
812 4877 868 4925 et
894 4868 948 4924 in
976 4869 1428 4940 consequentibus
1459 4869 1708 4939 loquatur
1737 4867 1804 4922 de
1840 4867 1947 4923 illis
1971 4909 1987 4935 ,
2030 4881 2128 4937 po-

542 4976 676 5017 nens
705 4976 798 5017 eos
823 4960 923 5016 sub
952 4975 1176 5016 numero
1206 4976 1323 5016 suo.
1373 4961 1634 5017 Eusebius
1662 4976 1790 5017 vero
1829 4960 2124 5015 Elcesaita-

541 5070 661 5110 rum
707 5062 905 5110 sectam
948 5068 1411 5123 commemorans,
1456 5053 1615 5109 ﬁdem
1658 5053 1712 5108 in
1760 5054 2129 5124 persecutione

543 5144 673 5201 dicit
693 5145 989 5217 negantiam
1008 5144 1253 5202 docuisse
1273 5187 1290 5214 ,
1317 5153 1371 5202 et
1395 5144 1450 5201 in
1471 5144 1633 5202 corde
1654 5144 1968 5202 servandam
1993 5142 2127 5216 (Eu-

534 5238 676 5305 ,seb.,
703 5238 790 5292 lib.
817 5238 871 5306 6,
898 5256 1014 5310 cap.
1037 5239 1151 5311 38).

622 5327 714 5383 XI.
745 5327 1125 5387 VALENTINIANI
1153 5345 1184 5385 a
1210 5328 1514 5399 Valentino,
1538 5330 1630 5402 qui
1655 5329 1721 5387 de
1742 5338 1927 5385 natura
1947 5343 2127 5385 rerum

605 5439 807 5507 {__Editio
826 5446 922 5507 E_r.,
948 5458 972 5489 ι
993 5454 1261 5507 earumque
1295 5442 1557 5507 adventum
1579 5445 1628 5493 in
1649 5444 1755 5495 htec
1790 5457 1989 5506 corpora
2014 5440 2153 5494 cum'

547 5516 569 5545 «
592 5499 697 5549 aliis
732 5499 1369 5569 aereisanlmabus'dicunt
1408 5505 1530 5569 ﬁeri,
1564 5519 1653 5567 per
1696 5520 1817 5569 quas
1857 5499 2052 5567 peccata
2078 5508 2129 5556 in

547 5578 569 5607 ι
591 5565 872 5631 corporibus
892 5568 1252 5631 committuntur
1277 5582 1289 5616 ε
1319 5579 1426 5616 nam
1449 5565 1769 5631 illas—animas
1807 5565 1915 5631 quae
1941 5582 2003 5618 ex
2038 5569 2127 5617 Dei

548 5639 571 5669 ι
595 5626 860 5685 procedunt
895 5627 1179 5685 substantia,
1204 5632 1386 5678 reverti
1412 5630 1469 5679 ad
1496 5637 1645 5678 Deum
1677 5626 2016 5680 immaculatas.
2044 5632 2125 5679 Di-

548 5695 765 5751 ¢_euntur
789 5701 984 5751 quoque
1007 5689 1185 5737 bonum
1201 5695 1371 5749 Deum,
1390 5707 1411 5735 ν
1444 5699 1538 5742 etc.
1556 5699 1727 5742 Locum
1747 5706 1807 5741 ex
1824 5698 1927 5741 Mss.
1955 5705 2126 5742 exem-

546 5745 754 5820 plaribus
768 5745 1168 5820 redintegrarunt
1187 5745 1525 5820 Lovani'enses.

605 5810 624 5837 ¹
661 5816 706 5856 tn
735 5813 945 5879 antiquis
970 5810 1222 5879 codicibus
1239 5815 1470 5879 scriptum
1495 5818 1783 5879 reperimus
1813 5830 1923 5879 cum
1946 5816 2125 5879 aSpira-

536 5869 1018 5985 ξίᾶἒθέεὲῗέἧξεωοκ
1042 5880 1094 5924 et
1110 5872 1248 5937 infra,
1289 5869 1681 5940 Hélcesaitar'um,
1708 5893 1815 5941 seu,
1838 5869 2124 5931 Ilelces'et’ta-

1622 448 1710 504 DE
1749 446 2182 517 HERESIBUS,
2220 445 2278 505 S.
2319 447 2687 507 AUGUSTINI

513 568 754 625 Tradunt
785 573 963 623 autem
991 565 1236 637 dogmata
1262 562 1666 621 fabulosissimis
1692 564 1849 634 plena
1878 564 2104 635 ﬁgmen-
2148 583 2154 591 ·

3719 456 3790 513 28

2218 564 2381 620 multa
2412 566 2648 623 fabulosa
2674 568 2948 635 conﬁnxit,
2981 572 3197 643 triginta
3226 573 3447 640 Aleuas,
3479 574 3532 629 id
3560 583 3664 642 est,
3684 590 3791 631 stem

2215 657 2365 723 cula,
2406 673 2653 715 asserens
2705 662 3007 731 exstitisse,
3039 682 3265 735 quorum
3310 668 3625 737 principium
3668 684 3788 725 esse

2216 748 2536 816 profundum
2564 761 2617 806 et
2646 753 2915 808 silentium
2936 798 2951 823 ,
2984 758 3123 826 quod
3156 758 3477 827 profundum
3506 761 3662 814 etiam
3692 774 3786 829 pa-

2214 847 2350 893 trem
2380 843 2609 912 appellat
2635 845 2678 898 ².
2721 844 2800 899 Ex
2827 847 3020 916 quibus
3048 848 3256 904 duobus
3289 850 3429 905 velut
3454 866 3516 905 ex
3547 851 3792 922 conjugio

2215 932 2541 998 processisse
2571 935 2815 1004 perhibet
2838 938 3167 994 intellectum
3190 949 3243 995 et
3270 942 3564 1007 veritatem,
3591 950 3645 996 et
3673 957 3793 1012 pro-

2216 1020 2399 1077 tulisse
2428 1024 2480 1077 in
2512 1024 2770 1081 honorem
2800 1030 2964 1097 patris
2994 1029 3198 1086 [Eonas
3227 1042 3369 1087 octo.
3418 1033 3493 1088 De
3523 1032 3793 1090 intellectu

2215 1122 2392 1168 autem
2414 1123 2467 1169 et
2492 1116 2711 1172 veritate
2731 1120 3056 1187 processisse
3072 1119 3291 1179 verbum
3314 1132 3370 1179 et
3392 1124 3577 1190 vitam,
3592 1133 3646 1179 et
3671 1140 3796 1194 pro-

2213 1203 2398 1259 tulisse
2424 1204 2623 1260 onnas
2647 1206 2854 1263 decem.
2880 1210 3045 1265 Porro
3070 1211 3139 1267 de
3168 1213 3332 1269 verbo
3362 1222 3415 1269 et
3442 1214 3552 1268 vita
3579 1228 3796 1284 proces-

2217 1296 2353 1349 sisse
2398 1295 2667 1352 hominem
2712 1308 2766 1354 et
2808 1300 3143 1371 Ecclesiam,
3180 1312 3235 1359 et
3279 1304 3569 1375 protulisse
3599 1304 3799 1361 .Eonas

2214 1384 2513 1440 duodecim.
2539 1388 2719 1459 Itaque
2740 1399 2861 1446 octo
2886 1401 2939 1447 et
2966 1393 3150 1448 decem
3178 1403 3233 1450 et
3256 1393 3538 1450 duodecim
3567 1394 3681 1450 ﬁeri
3708 1395 3801 1450 tri-

2214 1476 2356 1546 ginta
2388 1478 2591 1534 .Eonas
2612 1522 2625 1544 ,
2658 1481 2935 1549 habentes,
2968 1494 3025 1539 ut
3053 1485 3305 1553 diximus,
3337 1488 3567 1557 primum
3597 1488 3796 1557 princi-

2215 1568 2359 1638 pium
2380 1570 2446 1624 de
2478 1572 2739 1640 profundo
2759 1583 2812 1629 et
2841 1577 3074 1632 silentio.
3101 1578 3371 1634 Christum
3394 1589 3572 1634 autem
3594 1595 3623 1634 a
3651 1589 3802 1650 patre

2215 1660 2434 1717 missum
2459 1703 2474 1729 ,
2520 1662 2572 1716 id
2618 1671 2732 1731 est,
2771 1680 2800 1717 a
2846 1667 3144 1735 profundo,
3174 1670 3445 1741 spirituale
3470 1670 3556 1726 vel
3583 1672 3803 1727 eteleste

2215 1765 2408 1822 corpus
2436 1768 2615 1810 secum
2644 1757 2888 1814 attulisse
2914 1780 2926 1815 :
2950 1762 3190 1832 nihilque
3222 1765 3576 1835 assumpsisse
3599 1765 3668 1820 de
3688 1765 3797 1820 vir-

2214 1846 2338 1916 gine
2385 1846 2577 1916 Maria,
2611 1849 2703 1905 sed
2747 1866 2842 1921 per
2882 1852 3025 1906 illam
3056 1861 3304 1924 tanquam
3337 1870 3428 1924 per
3452 1856 3624 1910 rivum
3652 1857 3671 1886 ²
3708 1863 3801 1910 aut

2218 1951 2313 2005 per
2351 1935 2577 1992 ﬁstulam
2618 1940 2736 1996 sine
2776 1942 2882 1996 ulla
2917 1942 2983 1997 de
3014 1944 3112 2011 illa
3131 1953 3399 2014 assumpta
3432 1960 3591 2000 carne
3625 1955 3803 2001 trans-

2218 2026 2344 2081 isse.
2378 2028 2397 2059 ³
2430 2028 2596 2099 Negat
2625 2032 2782 2087 etiam
2814 2036 3261 2092 resurrectionem
3287 2037 3482 2103 carnis,
3506 2038 3679 2092 solum
3708 2054 3804 2108 per

2217 2117 2485 2175 Christum
2511 2123 2754 2193 spiritum
2779 2134 2832 2181 et
2860 2127 3092 2182 animam
3124 2129 3350 2185 salutem
3379 2130 3626 2201 accipere
3650 2130 3801 2185 afﬁr-

2218 2228 2391 2268 mans.

2289 2306 2403 2360 XII.
2434 2307 2755 2365 Sscunnum
2778 2310 2799 2343 ἰ
2824 2310 2925 2367 hoc
2948 2328 2980 2369 a
2998 2313 3379 2373 Valentinianis
3400 2317 3599 2374 distare
3619 2317 3808 2374 dicun-

2220 2404 2323 2462 tur,
2355 2399 2495 2468 quod
2526 2400 2727 2457 addunt
2752 2418 2913 2473 opera
2945 2405 3310 2476 turpitudinis.

2291 2493 2428 2548 XIII.
2462 2494 2790 2553 Pronus-ms
2810 2513 3026 2569 quoque
3047 2499 3340 2570 discipulus
3372 2500 3664 2568 Valentini,
3696 2501 3808 2557 hae-

2220 2585 2381 2638 resim
2408 2600 2597 2639 novam
2618 2587 2849 2642 condere
2869 2589 3109 2659 cupiens,
3134 2599 3363 2661 quatuor
3378 2590 3584 2647 ZEonas
3603 2600 3660 2647 et
3676 2592 3809 2648 alios

2220 2684 2447 2745 quatuor
2476 2692 2716 2733 asserere
2741 2680 2945 2734 maluit.

2292 2765 2432 2821 XIV.
2470 2767 2689 2823 Mancus
2717 2769 2876 2823 etiam
2904 2770 3087 2826 nescio
3113 2772 3232 2841 quis
3260 2772 3506 2827 hmresim
3536 2771 3809 2839 condidit,

2221 2872 2424 2927 negans
2454 2861 2904 2915 resurrectionem
2931 2863 3127 2927 carnis,
3150 2872 3205 2917 et
3227 2864 3500 2919 Christum
3526 2879 3634 2918 non
3660 2879 3808 2931 vere,

2222 2946 2313 3000 sed
2343 2948 2576 3015 putative
2604 2964 2816 3018 passum
2845 2965 3189 3007 asseverans.
3242 2954 3356 3008 Duo
3379 2969 3593 3023 quoque
3619 2955 3811 3022 opina-

2224 3049 2306 3095 tus
2328 3050 2494 3093 estex
2520 3040 2745 3096 adverso
2766 3042 2866 3097 sibi
2889 3058 3008 3097 esse
3036 3043 3313 3114 principia,
3334 3044 3586 3115 quiddam
3616 3047 3721 3101 tale
3744 3044 3813 3100 de

2222 3129 2485 3187 IEonibus
2515 3132 2671 3201 quale
2691 3131 3005 3189 Valentinus
3033 3134 3331 3190 afﬁrmans.

2294 3221 2410 3277 XV.
2442 3221 2782 3279 Coronnasus
2811 3224 2831 3255 ⁸
2858 3233 3072 3279 secutus
3117 3235 3199 3281 est
3242 3227 3407 3294 istos,
3440 3241 3547 3283 non
3587 3229 3814 3285 multum

2224 3312 2379 3367 aliter
2423 3314 2658 3369 sentiens
2681 3356 2695 3381 ,
2730 3314 2890 3369 vitam
2923 3317 3158 3370 omnium
3191 3316 3466 3372 hominum
3499 3327 3553 3372 et
3579 3334 3813 3388 genera-

2225 3409 2424 3460 tionem
2460 3407 2511 3459 in
2544 3414 2751 3475 septem
2779 3406 3042 3462 sideribus
3068 3408 3364 3463 consistere
3392 3408 3689 3465 afﬁrmans.

2295 3496 2433 3551 XVI.
2468 3496 2893 3552 Henacuzonim:
2915 3497 2982 3552 ab
3004 3498 3329 3553 Heracleone
3352 3498 3617 3569 discipulo
3654 3516 3816 3571 supe-

2224 3590 2448 3654 riorum,
2469 3589 2574 3643 duo
2596 3598 2844 3644 asserunt
2870 3590 3148 3659 principia,
3177 3605 3340 3644 unum
3368 3605 3435 3644 ex
3458 3591 3654 3657 altero,
3672 3602 3727 3647 et
3748 3608 3816 3648 ex

2226 3680 2311 3736 his
2347 3681 2553 3735 duobus
2592 3680 2693 3734 alia
2739 3680 2989 3749 plurima.
3031 3679 3299 3735 Feruntur
3326 3688 3503 3735 autem
3536 3696 3665 3737 suos
3694 3696 3817 3737 mo-

2225 3773 2424 3827 rientes
2450 3786 2588 3826 novo
2610 3772 2771 3826 modo
2797 3772 2945 3841 quasi
2975 3770 3260 3838 redimere,
3292 3770 3343 3826 id
3364 3780 3466 3839 est,
3492 3787 3588 3841 per
3609 3773 3813 3839 oleum,

2227 3863 2520 3917 balsamum
2562 3873 2615 3917 et
2654 3878 2846 3933 aquam
2866 3904 2881 3927 ,
2915 3872 2968 3917 et
2995 3862 3359 3918 invocationes
3385 3877 3518 3932 quas
3547 3862 3817 3920 hebraicis

2229 3955 2405 4010 verbis
2434 3954 2617 4008 dicunt
2643 3969 2805 4024 super
2828 3954 3004 4023 capita
3024 3968 3232 4009 eorum.

2302 4047 2462 4103 XVII.
2495 4048 2713 4102 Orum;
2753 4061 2783 4100 a
2828 4046 3051 4101 eolubro
3095 4044 3350 4101 nominati
3402 4052 3527 4100 sunt
3555 4061 3568 4099 :
3594 4044 3818 4100 coluber

2228 4139 2372 4194 enim
2402 4153 2572 4207 graece
2602 4145 2704 4208 ερις
2728 4136 2943 4191 dicitur.
2991 4136 3143 4191 Hunc
3167 4146 3342 4190 autem
3370 4134 3641 4189 Christum
3671 4134 3820 4189 arbi-

2228 4236 2435 4283 trantur
2454 4245 2466 4281 :
2487 4227 2581 4281 sed
2612 4227 2808 4281 habent
2831 4227 2992 4280 etiam
3022 4240 3203 4279 verum
3225 4225 3501 4279 colubrum
3532 4236 3813 4280 assuetum

2230 4334 2415 4376 eorum
2462 4333 2626 4388 panes
2668 4318 2941 4380 lambere,
2983 4324 3145 4385 atque
3181 4316 3253 4368 ita
3284 4316 3363 4369 eis
3393 4315 3539 4369 velut
3565 4316 3821 4371 euchari-

2230 4414 2385 4468 stiam
2427 4411 2782 4467 sanctiﬁcare.
2834 4408 3059 4476 Quidam
3099 4407 3282 4462 dicunt
3324 4407 3456 4462 istos
3484 4406 3712 4476 Ophitas
3751 4426 3822 4465 ex

2229 4502 2501 4557 Nicolaitis
2532 4502 2648 4556 sive
2677 4500 2951 4557 Gnostieis
2980 4499 3281 4564 exstitisse,
3313 4507 3364 4554 et
3395 4514 3491 4568 per
3516 4514 3705 4555 eorum
3736 4500 3853 4574 ἴδη

2232 4595 2413 4650 hulosa
2462 4598 2713 4665 tigmenta
2755 4593 2824 4650 ad
2864 4592 3144 4649 colubrum
3186 4591 3470 4648 colendum
3498 4591 3664 4650 fuisse
3696 4586 3845 4681 per-ﬁ

2230 4696 2447 4744 ventum
2475 4688 2516 4741 °.
3834 4683 3849 4747 ξ

3835 4756 3843 4780 ι

2296 4825 2313 4853 ι
2348 4819 2673 4879 Michaelinus,
2696 4818 2999 4869 colbertinus
3030 4823 3082 4868 et
3114 4817 3367 4867 Vaticanus
3404 4815 3597 4867 codices
3619 4815 3823 4879 addunt,

2231 4881 2468 4934 silentium
2492 4888 2709 4931 matrem.

2297 4947 2316 4977 ³
2342 4945 2490 4993 Editio
2514 4950 2607 5001 Er.,
2632 4950 2858 5001 tanquam
2878 4954 2963 5001 per
2987 4941 3178 4991 rimam.

2297 4957 2316 4977 ι
2342 4957 2490 4993 homo
2514 4957 2607 5015 an,
2632 4957 2963 5052 mngttqrntper
2987 4957 3178 5013 amant.

2297 5007 2318 5039 ³
2345 5006 2649 5071 ρυρςηιιρᾴῃ
2686 5019 2714 5071 e
2752 5012 2828 5054 ttts
2885 5012 3025 5071 uerat
3057 5003 3345 5071 additum,_«
3367 5010 3435 5071 pe
3458 5003 3711 5071 trigesimo
3734 5014 3824 5071 sas:

2240 5086 2264 5115 α
2285 5068 2395 5117 culo
2417 5068 2531 5116 dicit
2552 5066 2795 5115 diabolum
2819 5068 3057 5126 genitum,
3104 5072 3157 5114 et
3177 5077 3206 5114 a
3227 5064 3416 5114 diabolo
3438 5063 3559 5113 alios
3574 5071 3715 5113 natos
3735 5066 3823 5126 qui

2240 5129 2493 5179 «fecerint
2528 5129 2656 5178 hunc
2696 5126 2943 5178 mundum.
2982 5136 3035 5179 Et
3070 5127 3183 5177 ideo
3217 5126 3445 5176 malitiam
3484 5139 3582 5175 non
3617 5127 3820 5174 arbitrio

2235 5192 2481 5305 sbté‘siitiuitm,
2527 5191 2616 5240 sed
2659 5200 2843 5242 natura;
2886 5190 3067 5252 mundi,
3115 5189 3164 5240 id
3191 5198 3267 5240 est
3304 5189 3477 5252 generi
3515 5186 3769 5244 diabolico,
3794 5202 3819 5231 »

2392 5266 2420 5302 a
2481 5266 2547 5303 ss.

2356 5260 2420 5303 ta
2443 5262 2547 5303 MSS.

2297 5317 2320 5348 ⁸
2352 5322 2461 5381 l_.ov.
2489 5323 2539 5366 et
2562 5314 2745 5381 aliquot
2755 5324 2891 5381 AMss.,
2927 5310 3230 5381 Sevandiam'.
3257 5310 3345 5381 Alii
3363 5323 3478 5381 curn
3501 5314 3603 5381 ξω
3636 5316 3823 5381 _Scc_tm_-

2236 5376 2373 5429 ditmi
2397 5390 2413 5428 :
2437 5371 2847 5441 quornm'scilicet
2871 5371 3109 5439 princeps,
3126 5372 3371 5425 Secundus
3386 5385 3414 5421 a
3433 5371 3699 5429 Philastrio,
3720 5373 3825 5433 Epi-

2235 5441 2409 5503 phanio
2425 5440 2485 5503 et
2509 5440 2570 5489 ab
2592 5440 2701 5490 aliis
2720 5440 2910 5503 dicitur.

2298 5505 2319 5537 ⁵
2352 5501 2658 5552 (olarbasum
2682 5502 2801 5551 editi
2844 5500 2954 5549 libri
2992 5497 3255 5561 appellant,
3280 5501 3461 5546 mutata
3484 5493 3637 5545 altera
3660 5494 3819 5545 vocali

2235 5578 2264 5615 ο
2286 5567 2334 5614 in
2353 5578 2401 5624 a,
2422 5564 2772 5629 reluctantibus
2788 5562 2996 5629 antiquis
3017 5560 3287 5629 ῥοιδίρῃιιζῆεο
3325 5621 3334 5629 _
3372 5619 3400 5629 Α,
3512 5618 3525 5629 _
3677 5619 3688 5629 ,
3735 5618 3747 5629 _
3772 5576 3775 5581 '

2304 5629 2323 5659 ⁸
2357 5618 2423 5676 ιιὶι
2448 5628 2494 5675 in
2521 5634 2622 5675 MSS.
2652 5632 2704 5675 At
2725 5626 2774 5672 in
2801 5618 2999 5673 excusis
3014 5618 3304 5672 describitur
3322 5619 3491 5669 isthtec
3512 5618 3718 5669 haeresis
3735 5618 3826 5667 hoc

2236 5689 2343 5738 fere
2366 5689 2507 5737 modo
2519 5702 2545 5754 _:
2580 5706 2601 5754 gi
2626 5694 2757 5735 Hunc
2780 5693 2943 5754 autem
2972 5684 3345 5754 colubrum_qui
3386 5682 3583 5754 decepit
3605 5680 3750 5743 Adam
3773 5686 3826 5728 et

2244 5758 2449 5807 «Evam,
2486 5750 2723 5798 Christum
2753 5749 3080 5797 arbitrantur:
3108 5746 3197 5794 sed
3236 5746 3419 5794 habent
3465 5746 3611 5811 etiam
3648 5753 3824 5811 verum

2244 5831 2267 5860 ι
2288 5812 2557 5868 colubrum,
2589 5824 2739 5872 quem
2777 5811 2993 5858 nutriunt
3017 5817 3070 5872 et
3108 5815 3422 5872 venerantur.
3461 5808 3545 5864 Qui
3572 5813 3621 5872 ᾳ
3658 5808 3825 5849 incan-

2245 5892 2268 5921 α
2290 5880 2423 5923 tante
2441 5867 2692 5921 sacerdote
2730 5872 2980 5934 egreditur
2999 5871 3062 5919 de
3086 5868 3336 5934 spelunca,
3363 5876 3413 5917 et
3428 5867 3645 5934 ascendit
3663 5875 3822 5934 super

2247 5953 2272 5986 ι
2292 5934 2466 5998 altare,
2490 5936 2708 5987 innixum
2729 5926 2996 5998 speluncae,
3021 5940 3072 5985 et
3090 5926 3362 5983 oblationes
3380 5942 3547 5981 eorum
3566 5926 3752 5989 lambit,
3772 5930 3826 5975 et

2114 6023 2227 6049 (123v
2258 6042 2263 6045 ν
