4082 6438
233 425 304 486 ss
1347 393 1350 396 ’
1649 413 1829 476 LIBEI

1935 415 2092 476 NUS.
3437 413 3512 487 Illi

303 545 486 606 XVIII.
509 546 698 604 Cum
719 553 1002 620 prepterea
1027 543 1104 602 sic
1127 539 1398 616 appellati,
1417 539 1666 613 quoniam
1683 535 1814 593 Cain

239 639 514 706 honorant,
539 639 784 696 dicentes
808 655 932 695 eum
970 637 1276 694 fortissimae
1305 651 1425 692 esse
1451 633 1683 690 virtutis.
1731 631 1819 688 Si-

235 731 340 788 mul
369 739 422 789 et
449 729 645 788 Iudam
677 729 992 787 traditorem
1020 729 1259 785 divinum
1289 725 1488 798 aliquid
1525 731 1730 796 putant,
1763 729 1819 778 et

235 825 400 880 scelus
447 825 568 893 ejus
619 823 940 880 beneficium
994 823 1287 892 deputant;
1333 826 1642 875 asserentes
1693 831 1816 872 eum

235 913 509 984 prtescisse
533 905 800 986 quantum
823 919 967 970 esset
991 911 1176 984 generi
1207 911 1439 966 humano
1467 909 1662 964 Christi
1693 921 1819 976 pas-

195 1001 314 1068 isio
349 1005 665 1076 profutura,
697 1015 752 1061 et
779 1005 1130 1062 occidendum
1158 1003 1358 1060 .Iudteis
1389 1001 1666 1070 propterea
1707 1007 1818 1054 tra-

231 1095 452 1152 didisse.
499 1095 625 1152 Illos
667 1097 828 1152 etiam
847 1139 860 1164 ,
903 1097 990 1167 qui
1021 1095 1252 1151 schisma
1283 1091 1536 1148 facientes
1565 1092 1618 1144 in
1649 1089 1822 1160 primo

233 1189 424 1256 populo
439 1187 553 1255 Dei,
571 1195 716 1244 terra
742 1189 1049 1244 dehiscente
1067 1183 1363 1257 perierunt‘
1381 1183 1564 1255 (Num.
1595 1198 1701 1249 xvr,
1719 1181 1821 1238 5i-

233 1283 298 1338 55
323 1285 361 1350 ),
399 1289 457 1336 et
503 1281 810 1338 Sodomitas
839 1283 1016 1338 colere
1045 1279 1414 1351 perhibentur.
1443 1276 1824 1346 Blasphemant

235 1373 446 1443 Legem,
475 1381 532 1428 et
563 1373 734 1429 Deum
761 1373 918 1446 Legis
947 1381 1244 1440 auctorem,
1273 1371 1556 1441 carnisque
1583 1381 1824 1424 resurre-

235 1466 460 1520 ctionem
491 1473 710 1534 negant.

299 1553 446 1609 XIX.
479 1555 738 1611 Seruum
767 1569 964 1612 nomen
992 1561 1315 1625 acceperunt
1341 1567 1370 1607 a
1399 1553 1510 1608 tilio
1535 1551 1696 1618 Adae,
1733 1549 1824 1621 qui

235 1655 452 1703 vocatus
477 1657 560 1702 est
585 1647 722 1704 Seth
745 1665 758 1701 :
783 1661 904 1703 eum
935 1647 1130 1718 quippe
1157 1646 1442 1712 honorant,
1467 1643 1560 1698 sed
1585 1642 1825 1697 fabulosa

239 1746 294 1794 et
337 1737 586 1797 hteretica
633 1740 887 1794 vanitate.
935 1737 1130 1793 Dicunt
1165 1737 1308 1793 enim
1337 1749 1460 1791 eum
1495 1733 1562 1790 de
1595 1747 1826 1804 superna

239 1837 406 1886 matre
429 1837 640 1896 uatum,
673 1845 832 1900 quam
861 1829 1141 1900 perhibent
1169 1827 1485 1884 convenisse
1505 1839 1626 1880 cum
1649 1839 1828 1894 super-

239 1936 308 1976 no
333 1929 508 1989 patre,
535 1921 680 1977 unde
707 1921 942 1976 divinum
971 1935 1156 1976 semen
1182 1918 1326 1975 aliud
1353 1925 1680 1983 nasceretur,
1713 1923 1830 1969 tan-

239 2025 390 2082 quam
415 2013 652 2067 tiliorum
678 2013 792 2068 Dei.
821 2013 886 2068 Hi
913 2027 1124 2084 quoque
1153 2011 1318 2066 multa
1343 2011 1410 2066 de
1439 2007 1826 2080 principatibus

239 2115 290 2160 et
313 2105 674 2174 potestatibus
699 2107 984 2161 vanissima
1014 2105 1342 2160 fabulantur.
1371 2103 1597 2172 Quidam
1625 2117 1719 2158 eos
1740 2101 1826 2156 di-

237 2209 362 2256 cunt
387 2201 521 2258 Sem
553 2201 718 2256 filium
747 2202 860 2258 Noe
883 2201 1152 2257 Christum
1179 2209 1386 2270 putare.

303 2289 424 2347 XX.
457 2291 792 2348 ARCIIONTICI
818 2307 848 2346 a
881 2291 1216 2362 principibus
1243 2289 1524 2360 appellati,
1557 2287 1826 2344 universi-

237 2391 396 2439 tatem
415 2425 432 2449 ,
461 2399 624 2455 quam
671 2385 812 2439 Deus
855 2383 1128 2451 condidit,
1157 2395 1320 2452 opera
1360 2393 1484 2437 esse
1529 2377 1829 2450 principum

241 2473 440 2530 dicunt.
469 2473 774 2544 Operantur
795 2474 957 2529 etiam
983 2471 1270 2544 quamdam
1291 2470 1694 2542 turpitudinem.
1725 2468 1831 2524 Ite-

239 2568 628 2622 surrectiouem
657 2567 836 2622 carnis
859 2573 1076 2636 negant.

315 2657 458 2713 XXI.
507 2657 837 2714 Csnnosimt
883 2671 912 2711 a
957 2655 1202 2712 Cerdone
1245 2653 1542 2720 nominati,
1587 2653 1678 2724 qui
1724 2651 1832 2708 duo

245 2749 506 2821 principia
543 2749 640 2804 sibi
693 2748 1036 2804 adversantia
1078 2747 1456 2817 dogmatizavit
1499 2763 1512 2798 :
1559 2743 1832 2813 Deumque

243 2841 404 2912 Legis
427 2857 488 2897 ac
515 2841 900 2911 PrOphetarum
929 2856 1035 2896 non
1064 2855 1184 2895 esse
1219 2847 1428 2910 patrem
1458 2838 1692 2904 Christi,
1733 2851 1832 2892 nec

243 2933 440 2989 bonum
467 2935 634 2990 Deum
661 2949 784 2990 esse
802 2975 818 3001 ,
846 2934 940 2989 sed
971 2933 1202 3004 justum;
1233 2939 1440 3002 patrem
1471 2946 1601 2986 vero
1631 2929 1831 2986 Christi

243 3025 438 3082 bonum
464 3045 478 3080 :
505 3025 886 3096 Christumque
911 3027 1084 3096 ipsum
1113 3040 1286 3096 neque
1313 3033 1494 3080 uatum
1521 3039 1586 3079 ex
1611 3023 1830 3090 femina,

243 3133 412 3190 neque
436 3119 690 3175 habuisse
713 3133 960 3184 carnem;
993 3133 1094 3174 nec
1119 3133 1242 3174 vere
1269 3125 1539 3173 mortuum
1567 3117 1651 3172 vel
1676 3115 1832 3186 quid-

243 3225 396 3282 quam
417 3225 658 3281 passum,
679 3211 773 3267 sed
799 3211 1082 3266 simulasse
1104 3211 1425 3281 passionem.
1452 3209 1678 3277 Quidam
1708 3223 1834 3264 vero

251 3302 304 3355 in
331 3301 540 3358 duobus
583 3301 863 3373 principiis
897 3303 1008 3356 suis
1035 3301 1168 3356 duos
1201 3301 1332 3356 deos
1367 3301 1436 3355 ita
1473 3315 1596 3355 eum
1635 3299 1833 3355 dixisse

241 3393 558 3464 perhibent,
587 3403 648 3448 ut
695 3411 834 3450 unus
857 3409 1044 3450 eorum
1073 3401 1216 3450 esset
1241 3393 1414 3450 bonus
1436 3436 1450 3460 ,
1482 3395 1620 3448 alter
1653 3403 1832 3448 autem

243 3487 434 3542 malus.
479 3487 956 3544 Heaut-rectionem
987 3493 1321 3543 mortuorum
1349 3495 1540 3557 negat,
1571 3501 1832 3557 spernens

239 3579 400 3634 etiam
427 3577 832 3635 Testamentum
855 3579 1040 3635 Vetus.

311 3667 480 3726 XXII.
508 3671 758 3726 Macros
781 3685 1018 3742 quoque,
1041 3684 1072 3724 a
1097 3684 1204 3740 quo
1231 3667 1556 3724 Marcionita:
1581 3667 1832 3738 appellati

243 3771 372 3816 sunt
389 3761 436 3826 ⁸,
455 3761 722 3818 Cerdonis
747 3769 960 3818 secutus
985 3769 1070 3817 est
1091 3761 1337 3832 dogmata
1363 3759 1430 3815 de
1453 3759 1660 3815 duobus
1687 3759 1835 3830 prin-

239 3852 398 3921 cipiis
423 3870 438 3906 :
463 3853 706 3923 quamvis
733 3853 1066 3925 Epiphanius
1093 3867 1216 3908 eum
1243 3852 1343 3906 tria
1371 3851 1512 3907 dicat
1539 3851 1835 3907 asseruisse

237 3943 512 4013 principia
531 3983 546 4010 ,
583 3945 780 3999 bonum
801 3985 817 4012 ,
862 3944 1064 4015 justum
1086 3983 1099 4008 ,
1147 3957 1410 4014 pravum:
1439 3943 1534 3997 sed
1573 3941 1836 3998 Eusebius

235 4031 504 4088 Sinerum
541 4035 852 4103 quemdam,
883 4049 991 4089 non
1037 4034 1358 4089 Marcionem
1380 4075 1395 4099 ,
1429 4033 1588 4088 trium
1634 4031 1834 4102 princi-

237 4124 464 4194 piorum
489 4133 646 4195 atque
663 4133 962 4180 naturarum
975 4125 1160 4180 scribit
1175 4131 1471 4191 auctorem,
1502 4121 1714 4194 (Euseb.
1743 4121 1830 4176 lib.

239 4213 298 4280 5,
325 4229 445 4280 cap.
479 4213 592 4288 ιδ).

313 4309 508 4366 XXIII.
543 4311 828 4368 APELLI'I'E
867 4321 1026 4382 sunt,
1068 4329 1292 4384 quorum
1317 4313 1533 4383 Apelles
1561 4323 1644 4368 est
1683 4314 1832 4382 prin-

241 4413 392 4472 ceps,
419 4403 510 4472 qui
529 4402 667 4459 duos
687 4405 904 4474 quidem
927 4407 1060 4461 deos
1087 4405 1396 4472 introducit,
1423 4421 1584 4460 unum
1613 4406 1831 4472 bonum,

245 4495 472 4550 alterum
501 4496 704 4550 malum
729 4515 742 4552 :
767 4511 874 4553 non
907 4507 1083 4553 tamen
1113 4499 1169 4552 in
1197 4497 1406 4554 duobus
1435 4497 1658 4554 diversis
1678 4507 1835 4569 atque

245 4591 386 4647 inter
407 4605 464 4646 se
485 4590 726 4646 adversis
755 4607 874 4648 esse
897 4593 1204 4663 principiis;
1235 4591 1331 4648 sed
1359 4607 1520 4646 unum
1546 4607 1665 4646 esse
1691 4593 1835 4660 prin-

245 4681 462 4750 cipium,
495 4681 659 4738 deum
687 4681 896 4738 scilicet
925 4683 1151 4748 bonum;
1185 4691 1238 4738 et
1266 4681 1334 4736 ab
1359 4681 1451 4736 illo
1479 4681 1674 4736 factum
1701 4681 1834 4738 alte-

245 4785 404 4826 rum:
435 4773 529 4842 qui
571 4789 694 4828 cum
739 4774 1002 4844 malignus
1043 4783 1218 4840 esset,
1249 4773 1498 4828 inventus
1536 4783 1618 4828 est
1657 4773 1834 4840 in_sua

245 4861 502 4917 mundum
547 4865 880 4936 malignitate
927 4863 1138 4920 fecisse.
1189 4863 1340 4919 llunc
1381 4861 1622 4934 Apellein
1650 4863 1835 4918 dicunt

241 4959 456 5028 quidam
478 4961 640 5023 etiam
665 4961 730 5018 de
751 4962 964 5018 Christo
987 4971 1092 5016 tam
1119 4959 1252 5016 falsa
1275 4959 1531 5026 sensisse,
1557 4968 1614 5014 ut
1633 4959 1835 5014 diceret

241 5063 362 5104 eum
385 5065 496 5106 non
515 5051 730 5123 quidem
753 5069 970 5110 carnem
999 5053 1310 5124 deposuisse
1331 5051 1399 5108 de
1421 5051 1559 5106 coelo
1580 5051 1622 5118 ³,
1652 5051 1747 5106 sed
1767 5065 1834 5107 ex

237 5141 524 5198 elementis
565 5145 750 5199 mundi
792 5145 1065 5216 accepisse
1087 5185 1102 5213 ,
1149 5159 1307 5215 quam
1337 5141 1537 5198 mundo
1563 5143 1829 5212 reddidit,

237 5243 362 5288 ann
389 5231 511 5290 sine
531 5247 694 5290 carne
717 5247 1005 5306 resurgens
1029 5233 1272 5291 ascendit
1301 5233 1354 5288 in
1383 5233 1600 5289 coelum.

245 5439 272 5472 ι
289 5425 548 5494 involvens
567 5439 626 5479 se
649 5429 777 5494 circa
800 5441 902 5491 eas,
935 5429 1216 5493 regreditur
1255 5431 1316 5480 ad
1349 5429 1632 5494 speluncam
1655 5445 1666 5479 :
1693 5439 1744 5482 et
1765 5433 1830 5482 tta

247 5503 272 5535 ι
289 5487 904 5556 oblationes
925 5495 974 5542 in
996 5487 1360 5556 Eucharistiam,
1377 5487 1522 5556 'quasi
1540 5507 1574 5556 a
1597 5501 1831 5555 serpente

247 5565 270 5594 ι
289 5548 502 5617 ϐιινίξῑοζ
527 5559 584 5617 u_t
605 5551 674 5602 illi
700 5553 1238 5617 putant,_sanctillcatas.
1285 5548 1498 5612 't‘rad'unt
1540 5548 1696 5617 hujus'
1725 5569 1828 5606 ser-

244 5627 270 5658 ι
290 5615 453 5674 pentis
489 5613 674 5665 cultum
700 5613 740 5666 ‘a
777 5615 1016 5668 Nicolaitis
1051 5618 1158 5666 sive
1189 5619 1420 5668 Gnosticis
1449 5617 1510 5666 ad
1533 5613 1651 5668 istos
1672 5617 1828 5668 dedu-

241 5681 482 5726 coturni.»

299 5735 318 5767 ³
353 5743 482 5804 P_o_st,
521 5739 774 5804 perierunt
791 5775 806 5800 ,
827 5741 945 5792 editi
968 5739 1228 5802 addebant,
1249 5740 1419 5804 chore,
1437 5741 1622 5794 Dathan
1643 5747 1690 5796 et
1715 5743 1824 5798 Αω-

233 5809 355 5858 m;
377 5801 426 5850 id
445 5801 540 5852 non
551 5803 740 5852 habent
757 5809 860 5852 uss.

297 5861 320 5936 ξ
337 5861 490 5936 Fami.
507 5877 550 5936 9.
567 5877 663 5936 φφ
688 5863 1007 5936 “nam
1031 5863 1260 5936 appellati
1276 5871 1398 5936 ςυηε-

297 5921 320 5958 ⁸
334 5923 442 5980 Sola
459 5921 608 5979 editio
629 5928 1016 5991 Lovantensium,
1041 5921 1242 5982 duxisse
1261 5921 1322 5982 de
1343 5925 1478 5984 calo.

2001 531 2190 592 XXIV.
2223 535 2512 593 Sevenuut
2555 549 2584 592 a
2610 537 2822 610 {Severo
2848 540 3020 596 exorti
3039 583 3054 608 ,
3083 540 3271 597 vinum
3297 551 3406 600 non
3427 545 3514 600 bi-

1929 627 2082 695 bunt,
2114 643 2180 684 eo
2218 629 2360 699 quod
2399 631 2636 688 fabulosa
2677 633 2912 689 vanitate
2950 633 3018 690 de
3051 643 3234 690 satana
3275 641 3329 691 et
3367 635 3514 693 terra

1929 721 2254 790 germinasse
2279 733 2521 780 asserunt
2539 727 2722 782 vitem.
2747 725 2921 781 Etiam
2948 725 3049 798 ipsi
3077 741 3182 784 non
3211 743 3395 784 sanam
3419 727 3518 785 do-

1928 815 2153 868 ctrinam
2177 831 2348 882 suam,
2373 817 2563 886 quibus
2591 819 2795 884 volunt,
2824 819 3012 875 inﬂant
3039 817 3346 877 nominibus
3369 821 3515 892 prin-

1927 905 1974 959 ci
1982 919 2127 974 pum,
2149 907 2326 963 carnis
2345 909 2790 966 resurrectionem
2813 925 2936 966 cum
2959 911 3152 968 Vetere
3171 911 3516 971 Testamento

1927 1009 2242 1068 respuentes
2271 999 2312 1054 ¹.

1999 1091 2166 1146 XXV.
2195 1091 2422 1148 Tuum
2451 1107 2482 1147 a
2506 1091 2730 1150 Tatiano
2751 1101 2773 1131 ³
2797 1095 3027 1165 quodam
3059 1096 3283 1152 instituti
3307 1140 3321 1164 ,
3345 1098 3433 1168 qui
3463 1106 3518 1154 et

1928 1183 2214 1238 Eucratitte
2255 1183 2502 1254 appellati
2551 1193 2713 1252 sunt,
2759 1187 2968 1255 nuptias
3013 1187 3308 1255 damnant,
3357 1197 3516 1257 atque

1927 1279 2146 1332 omnino
2185 1292 2341 1346 pares
2369 1293 2460 1333 eas
2487 1277 2929 1334 fornicationibus
2961 1281 3186 1351 aliisque
3211 1281 3516 1352 corruptio-

1927 1369 2084 1423 nibns
2109 1365 2310 1422 faciunt
2329 1385 2342 1422 :
2361 1383 2462 1424 nec
2485 1369 2749 1440 recipiunt
2769 1369 2824 1424 in
2845 1385 3062 1426 suorum
3085 1387 3366 1427 numerum
3390 1387 3520 1428 con-

1925 1461 2070 1530 jugio
2101 1467 2338 1516 utentem
2358 1503 2372 1526 ,
2403 1461 2516 1516 sive
2555 1477 2754 1517 marem
2775 1503 2790 1528 ,
2819 1464 2932 1518 sive
2961 1461 3234 1518 feminam.
3279 1464 3396 1520 Non
3425 1479 3518 1520 ve-

1929 1563 2148 1608 scuntur
2172 1555 2442 1620 carnibus,
2473 1569 2672 1626 easque
2700 1571 2888 1612 omnes
2917 1559 3308 1614 abominantur.
3333 1559 3520 1616 Prola-

1929 1644 2102 1698 tiones
2117 1643 2372 1714 quasdam
2389 1645 2656 1702 fabulosus
2671 1647 2986 1702 surculorum
3005 1649 3164 1704 etiam
3183 1650 3267 1705 isti
3286 1653 3517 1721 sapiunt.

1931 1738 2099 1793 Saluti
2127 1739 2281 1807 primi
2313 1739 2545 1795 hominis
2575 1739 2966 1797 contradicunt.
2993 1743 3320 1813 Epiphanius
3341 1743 3522 1799 Tatia-

1929 1847 2030 1887 nos
2059 1841 2110 1887 et
2137 1831 2438 1886 Encratitas
2465 1833 2539 1888 ita
2570 1831 2861 1902 discernit,
2895 1843 2949 1890 ut
2991 1833 3292 1892 Encratitas
3311 1833 3524 1893 Tatiani

1930 1923 2298 1978 schismaticos
2329 1923 2470 1978 dicat
2491 1925 2534 1976 ³.

2003 2014 2190 2068 XXVI.
2219 2015 2606 2073 CATAPIIBYGES
2627 2025 2770 2084 sunt,
2789 2033 3016 2088 quorum
3037 2025 3282 2075 auctores
3309 2019 3522 2076 fuerunt

1929 2103 2212 2161 Montanus
2255 2115 2506 2176 tanquam
2549 2107 2864 2177 paraclitus,
2899 2117 2952 2165 et
2997 2109 3116 2164 duae
3165 2109 3522 2180 praphetissae

1931 2197 2132 2268 ipsius,
2179 2195 2360 2253 Prisca
2405 2207 2460 2254 et
2507 2197 2815 2253 Maximilla.
2865 2199 2958 2254 llis
3001 2213 3198 2256 nomen
3249 2199 3522 2270 provincia

1933 2288 2160 2360 Phrygia
2185 2287 2350 2356 dedit,
2374 2289 2496 2359 quia
2517 2289 2590 2344 ibi
2611 2291 2950 2356 exstiterunt,
2977 2289 3156 2360 ibique
3175 2291 3452 2347 vixerunt:
3471 2301 3526 2349 et

1933 2384 2094 2437 etiam
2127 2397 2266 2437 nunc
2301 2383 2352 2436 in
2380 2379 2582 2438 eisdem
2621 2381 2864 2452 partibus
2903 2384 3127 2453 populos
3161 2383 3378 2440 habent.
3411 2381 3524 2439 Ad-

1931 2481 2150 2529 ventum
2178 2471 2407 2542 Spiritus
2433 2473 2606 2530 sancti
2647 2489 2678 2528 a
2717 2475 2944 2530 Domino
2975 2477 3294 2545 promissum
3315 2517 3330 2542 ,
3374 2477 3424 2531 in
3465 2492 3526 2534 se

1933 2563 2110 2633 potius
2151 2579 2308 2633 quam
2353 2565 2404 2616 in
2443 2562 2717 2632 Apostolis
2748 2563 2910 2620 fuisse
2956 2575 3204 2620 asserunt
3233 2565 3521 2622 redditum.

1933 2655 2210 2711 Secundus
2239 2655 2450 2726 nuptias
2477 2671 2576 2726 pro
2600 2655 3040 2711 fornicationihns
3063 2655 3264 2713 habent
3291 2677 3303 2713 :
3329 2669 3380 2714 et
3403 2659 3525 2716 ideo

1933 2745 2118 2801 dicunt
2165 2761 2255 2800 eas
2305 2747 2616 2816 permisisse
2657 2747 2953 2819 apostolum
2999 2747 3256 2813 Paulum,
3291 2749 3415 2818 quia
3457 2763 3524 2804 ex

1937 2847 2086 2909 parte
2117 2839 2339 2905 sciebat,
2363 2847 2418 2894 et
2445 2853 2510 2894 ex
2541 2847 2694 2908 parte
2723 2837 3077 2908 prophetabat
3095 2857 3106 2892 :
3127 2840 3361 2894 nondum
3379 2841 3524 2895 enim

1933 2937 2157 2984 venerat
2185 2929 2326 2998 quod
2355 2929 2648 2998 perfectum
2675 2937 2758 2986 est
2787 2929 2840 2999 (Ι
2873 2930 2995 2984 Cor.
3021 2947 3112 2984 xm
3139 2973 3150 2997 ,
3175 2931 3208 2987 9
3229 2973 3244 2996 ,
3271 2931 3383 3002 10).
3415 2931 3526 2988 Iloc

1937 3029 2112 3076 autem
2141 3023 2432 3092 perfectum
2461 3023 2512 3076 in
2535 3021 2840 3078 Montanum
2869 3032 2924 3078 et
2947 3023 2998 3077 in
3028 3023 3142 3094 ejus
3165 3023 3525 3094 prophetissae

1935 3115 2148 3169 venisse
2175 3114 2424 3170 delirant.
2471 3114 2816 3172 Sacramenta
2849 3115 3197 3186 perhibentur
3223 3115 3420 3172 habere
3447 3115 3526 3170 fu-

1937 3213 2088 3261 nesta
2115 3224 2127 3259 :
2157 3221 2277 3260 nam
2304 3206 2371 3261 de
2397 3206 2616 3261 infantis
2645 3207 2882 3262 anniculi
2923 3209 3180 3278 sanguine
3201 3251 3214 3274 ,
3260 3223 3420 3280 quem
3458 3207 3526 3266 de

1937 3303 2052 3353 toto
2081 3299 2196 3367 ejus
2223 3313 2446 3368 corpore
2477 3299 2699 3354 minutis
2727 3300 3070 3370 punctionem
3099 3301 3410 3357 vulneribus
3435 3317 3526 3356 ex-

1939 3397 2222 3459 torquent,
2263 3392 2412 3460 quasi
2451 3393 2826 3447 eucharistiam
2853 3407 3006 3448 suam
3035 3393 3301 3450 conficere
3343 3393 3526 3463 perhi-

1935 3483 2147 3548 bentur,
2183 3485 2470 3540 miscentcs
2509 3501 2632 3540 eum
2673 3485 2893 3552 farinae,
2944 3501 3242 3558 panemque
3287 3485 3409 3542 inde
3451 3485 3526 3542 fa-

1937 3575 2138 3630 cientes
2173 3591 2184 3628 :
2225 3575 2316 3645 qui
2359 3591 2494 3646 puer
2531 3577 2576 3632 si
2619 3585 2858 3632 mortuus
2897 3577 3086 3645 fuerit,
3127 3579 3352 3634 habetur
3384 3579 3526 3650 apud

1939 3679 2034 3720 eos
2065 3680 2160 3735 pro
2191 3677 2458 3739 martyre;
2495 3668 2538 3722 si
2565 3677 2740 3724 autem
2771 3670 2984 3736 vixerit,
3015 3683 3112 3739 pro
3137 3685 3330 3741 magno
3356 3681 3526 3726 sacer-

1937 3758 2062 3812 dote
2087 3757 2131 3811 ⁸.

2011 3847 2220 3902 XXVII.
2246 3849 2562 3904 Peruzum'
2579 3851 2694 3904 sive
2715 3849 3074 3916 Quintilliani,
3100 3865 3128 3904 a
3151 3851 3271 3906 loco
3293 3849 3525 3922 quodam

1937 3942 2194 3996 nominati
2225 3949 2366 4010 sunt,
2395 3955 2552 4013 quam
2599 3943 2868 3998 civitatem
2911 3942 3181 3999 desertam
3221 3941 3350 4002 dicit
3389 3943 3523 4016 Epi-

2003 4139 2020 4200 ξ
2055 4133 2533 4200 Suhjungnntediti:
2567 4134 2694 4200 artic
2717 4141 2961 4200 prmterea
2995 4133 3314 4200 Philumenen
3354 4147 3524 4200 quam-

1945 4217 1968 4247 ι
1990 4199 2098 4248 dam
2125 4197 2332 4258 puellam
2355 4197 2548 4246 dicebat
2569 4197 2845 4257 inspiratam
2867 4197 3098 4246 divinitus
3119 4197 3176 4246 ad
3207 4197 3526 4258 prtenuhtian-

1945 4279 1966 4307 α
1989 4261 2049 4308 da
2073 4259 2232 4307 futura
2269 4273 2280 4307 ε
2309 4258 2365 4306 ad
2392 4271 2534 4320 quam
2557 4259 2742 4306 somnia
2764 4265 2912 4320 atque
2949 4267 3098 4307 aestus
3119 4261 3194 4308 sui
3225 4262 3366 4308 animi
3393 4260 3524 4308 refe-

1945 4337 1967 4368 α
1991 4333 2124 4379 rens,
2143 4319 2517 4368 divinationibus
2540 4333 2630 4368 seu
2653 4319 2900 4381 prtesag’iis
2925 4319 3030 4380 ejus
3053 4323 3282 4370 secretim
3323 4327 3427 4370 erat
3449 4335 3527 4371 so-

1945 4402 1968 4430 α
1993 4382 2105 4432 litus
2131 4383 2440 4443 pra-moneri,
2465 4382 2641 4430 eodem
2671 4381 3008 4442 phantasmate
3049 4383 3212 4432 eidem
3234 4382 3527 4432 Philumenae

1945 4463 1967 4490 (ι
1993 4445 2130 4506 [.ucl‘i
2157 4443 2322 4506 habitu
2357 4457 2412 4492 se
2435 4443 2816 4506 tlemonstraute,
2861 4444 2943 4504 qui
2987 4457 3108 4505 puer
3131 4457 3369 4506 amarcns
3397 4443 3528 4494 Chri-

1943 4523 1966 4553 α
1990 4503 2116 4554 smul
2143 4519 2198 4554 se
2222 4503 2496 4566 aliquando,
2524 4503 2782 4566 aliquando
2815 4503 2927 4553 esSe
2949 4503 3206 4554 aSscreret
3235 4503 3450 4554 Paulum.
3491 4513 3528 4555 Α

1945 4585 1968 4616 α
1989 4582 2086 4630 quo
2111 4565 2450 4631 phantasmate
2465 4565 2729 4624 sciscitans,
2755 4565 3034 4631 e:i_soleret
3071 4567 3392 4631 respondere,
3416 4581 3526 4631 qua:

1946 4648 1967 4676 (ς
1991 4627 2047 4678 se
2081 4627 2387 4692 audientibus
2427 4629 2634 4692 diceret.
2661 4627 2890 4692 Nonnulla
2927 4641 3122 4692 quoque
3147 4627 3274 4677 illam
3299 4627 3528 4692 miracula

1945 4709 1967 4738 (ι
1991 4692 2187 4754 operari
2205 4689 2408 4754 solitam,
2436 4691 2692 4754 interqua!
2711 4689 2840 4754 illud
2889 4689 3201 4752 praecipuum,
3223 4691 3350 4754 quod
3373 4693 3422 4740 in
3445 4705 3528 4740 an-

1945 4771 1968 4799 ε
1991 4749 2256 4814 gustissimi
2275 4753 2373 4800 oris
2397 4749 2652 4814 ampullam
2677 4751 2882 4814 vitream
2892 4749 3073 4814 panem
3093 4749 3326 4814 grandem
3351 4755 3527 4803 immit-

1946 4833 1966 4860 ι
1993 4813 2138 4874 teret,
2167 4827 2379 4876 eumque
2403 4813 2639 4876 extremis
2669 4813 2884 4876 digitulis
2908 4813 3072 4876 levare
3097 4813 3284 4865 Solerct
3301 4815 3523 4874 illmsum,

1945 4893 1967 4921 α
1992 4873 2150 4938 eoque
2185 4873 2444 4936 snln'quasi
2481 4875 2712 4924 divinitus
2726 4873 2826 4924 'sibi
2854 4875 2970 4938 iciho
2992 4875 3104 4925 dato
3125 4877 3296 4926 fuisset
3331 4873 3526 4926 conten-

1945 4955 1967 4983 α
1990 4943 2054 4986 ta.
2073 4936 2098 4980 3»
2133 4939 2279 5000 Abest
2303 4937 2347 4984 id
2368 4944 2524 5000 totum
2547 4949 2576 4984 a
2590 4944 2704 5000 ωδε.
2739 4937 2870 4998 quod
2907 4936 3034 4987 forte
3065 4951 3176 4988 cum
3199 4947 3333 4988 esset
3351 4951 3380 4987 a
3401 4951 3526 5000 quo-

1924 5002 2062 5060 piam
2085 5002 2136 5064 in
2161 4997 2396 5064 oraqlibri,
2435 5013 2530 5064 non
2572 4999 2636 5047 de
2660 4997 2872 5064 Severo,
2897 5000 2986 5048 sed
3007 5000 3072 5064 de
3095 5000 3294 5064 Appelle
3327 4997 3526 5064 annota-

1937 5057 2056 5120 tum,
2084 5059 2264 5124 librarii
2284 5057 2639 5124 hallucinantes
2657 5061 2814 5124 isthuc
2838 5057 3207 5124 transtulerunt.
3235 5069 3300 5124 De
3319 5061 3522 5124 Appelle

1933 5136 1991 5234 ac
2015 5123 2236 5236 (:jgosdem
2251 5121 2531 5172 Philumene
2543 5122 2884 5184 'rertulliauus,
2900 5122 2986 5174 lib.
3003 5124 3066 5173 de
3081 5121 3368 5188 Praesuript.,
3383 5121 3522 5188 capp.

1991 5199 2018 5234 e
2125 5223 2135 5234 .

1991 5193 2041 5235 et
2059 5193 2135 5235 30.

1997 5249 2017 5278 ³
2049 5247 2166 5297 Editi
2189 5246 2371 5312 ferunt,
2394 5257 2425 5295 α
2451 5246 2618 5312 Tucia;
2641 5245 2730 5312 sed
2751 5255 2877 5310 Mss,
2902 5261 2934 5298 α
2953 5245 3142 5298 Tatiano
3157 5259 3170 5298 :
3185 5261 3286 5312 quo
3308 5261 3422 5300 eum
3437 5263 3526 5300 no-

1934 5311 2066 5359 mine
2091 5315 2291 5374 veteres
2307 5309 2519 5360 historici
2541 5310 2803 5374 appellant.

1999 5375 2020 5405 ³
2050 5372 2168 5436 editi
2187 5406 2202 5430 ,
2239 5371 2416 5436 dicunt.
2469 5369 2635 5424 Melius
2684 5371 2866 5436 aliquot
2909 5379 3013 5422 Mss.
3033 5369 3241 5436 ,idt'cqt.
3279 5372 3419 5425 Refer
3465 5375 3526 5425 ad

1933 5434 2262 5496 Epiphanium,
2278 5435 2362 5496 qui
2379 5437 2638 5488 Encratitas
2659 5434 2942 5498 apospasma
2968 5435 3194 5489 Talium
3213 5435 3330 5490 dicit
3351 5439 3403 5488 in
3425 5439 3528 5501 Epi-

1935 5503 2032 5546 tom
2037 5509 2064 5544 e
2071 5533 2082 5544 .

1996 5559 2018 5589 ι
2050 5557 2309 5628 polliertini
2331 5559 2525 5628 codices
2549 5559 2644 5628 duo
2669 5565 2720 5608 et
2741 5572 2870 5609 unus
2903 5575 2934 5612 e
2966 5561 3218 5628 Vaticanis,
3243 5574 3525 5628 pronaque

1931 5626 2175 5684 martyre;
2198 5619 2422 5684 siautem
2445 5621 2634 5684 texerit,
2661 5634 2750 5682 pro
2771 5635 2954 5674 summo
2974 5619 3253 5675 sacerdote:
3279 5625 3364 5675 Alt‘
3399 5619 3526 5675 vitl-

1931 5685 2036 5732 cani
2061 5683 2172 5732 cum
2193 5683 2526 5746 antiquissimo
2547 5683 2849 5746 Floriacensi,
2877 5699 2988 5736 cum
3002 5686 3376 5746 Becheronens,
3399 5692 3522 5746 eus.

1929 5759 2020 5808 pro
2043 5753 2285 5808 martyre;
2306 5743 2350 5794 ei
2370 5752 2530 5808 autem
2553 5745 2744 5805 vixerit,
2779 5760 2867 5808 pro
2905 5749 3120 5800 maximo
3148 5743 3412 5800 sacerdote.
3438 5743 3522 5796 Mi;

1930 5805 2184 5858 chaelinus
2205 5815 2304 5870 Ms,
2327 5819 2418 5868 pro
2439 5807 2596 5870 primo
2615 5805 2878 5860 sacerdote.

1993 5870 2012 5900 ⁵
2047 5876 2096 5917 In
2120 5869 2344 5940 omnibus
2361 5881 2510 5940 prope
2535 5877 2662 5926 Mss.
2691 5871 2988 5940 Pepudt'nni:
3019 5881 3074 5926 et
3087 5869 3212 5924 infra
3227 5883 3334 5938 pro,
3359 5881 3520 5940 Popl-

1847 5981 1852 5986 .
1931 5945 2006 5996 za,
2033 5938 2311 5983 constanter
2329 5933 2558 5997 scriptum
2582 5941 2675 5997 est,
2700 5933 2932 5999 Pepudia.
