4082 6420
549 392 616 450 Si
1650 373 1740 431 DE
1778 361 2204 433 HERESIBUS,
2244 361 2304 420 S.
2344 360 2713 421 AUGUSTINI

547 508 795 582 phanius.
828 506 977 563 Hane
1009 510 1185 560 autem
1218 500 1305 557 isti
1337 498 1574 556 divinum
1601 492 1799 563 aliquid
1829 505 1949 582 esse
1991 486 2133 582 arbi-

550 579 777 667 trantes,
804 598 1098 655 Jerusalem
1124 603 1318 650 vocant
1343 610 1354 645 :
1382 598 1583 644 tantum
1604 585 1792 639 dantes
1822 579 2134 637 mulieribus

550 692 926 763 principatum,
947 699 1003 743 ut
1027 685 1324 742 sacerdotio
1344 695 1553 751 quoque
1574 676 1712 748 apud
1740 690 1834 730 eos
1864 673 2136 763 honoren-

555 762 661 839 tur.
694 783 888 837 Dicunt
916 782 1057 835 enim
1086 776 1355 847 Quintillae
1383 782 1439 828 et
1473 770 1725 827 Priscillae
1755 769 1808 822 in
1838 766 2025 822 eadem
2054 762 2131 817 ci-

550 875 715 929 vitate
756 872 964 942 Pepuza
1008 871 1274 926 Christum
1321 864 1498 934 specie
1539 862 1753 916 feminm
1798 858 2130 915 revelatum:

552 968 693 1022 unde
722 967 789 1021 ab
820 966 919 1021 hac
948 959 1277 1031 Quintilliani
1304 960 1463 1014 etiam
1492 964 1883 1025 nuncupantur.
1913 951 2135 1006 Faciunt

551 1072 605 1116 et
628 1061 725 1131 ipsi
748 1060 814 1115 de
834 1059 1087 1128 sanguine
1109 1056 1346 1118 infantis,
1372 1050 1513 1122 quod
1535 1048 1899 1119 Cataphryges
1921 1044 2098 1098 facere
2115 1044 2131 1073 ¹

554 1168 713 1221 supra
756 1151 1171 1205 diximus:nam
1216 1154 1270 1199 et
1311 1144 1377 1198 ab
1425 1143 1502 1198 eis
1547 1138 1895 1209 perhibentur
1938 1134 2132 1189 exorti.

555 1244 792 1311 Denique
820 1241 907 1293 alii
938 1239 1076 1293 hanc
1110 1238 1372 1304 Pepuzam
1407 1249 1513 1288 non
1546 1245 1663 1286 esse
1692 1229 1959 1283 civitatem
1984 1267 1999 1291 ,
2039 1222 2134 1278 sed

554 1336 731 1389 villam
763 1334 944 1388 dicunt
978 1332 1138 1386 fuisse
1169 1328 1402 1384 Montani
1442 1335 1496 1382 et
1535 1323 1991 1395 prophetissarum
2019 1317 2135 1387 ejus

442 1461 454 1471 ι
520 1428 750 1483 ‘Prisca:
779 1436 833 1481 et
861 1425 1190 1487 Maximillze;
1224 1432 1277 1477 et
1316 1422 1436 1490 quia
1483 1420 1552 1473 ibi
1594 1418 1873 1481 vixerunt,
1906 1413 2026 1467 ideo
2057 1410 2137 1466 lo-

551 1534 671 1573 cum
705 1518 963 1571 meruisse
993 1515 1244 1584 appellari
1274 1512 1590 1567 Jerusalem.

623 1607 862 1663 XXVIII.
896 1609 1256 1661 Anrorvm'rA-z
1284 1612 1439 1667 sunt,
1476 1602 1667 1671 quibus
1703 1598 1902 1653 oblatio
1948 1610 2134 1651 eorum

554 1702 656 1755 hoc
699 1717 892 1755 nomen
932 1700 1116 1754 dedit:
1144 1697 1373 1752 offerunt
1397 1695 1536 1750 enim
1569 1709 1767 1764 panem
1799 1701 1853 1746 et
1881 1705 2128 1754 caseum,

552 1793 790 1848 dicentes
831 1798 863 1846 'a
904 1790 1089 1860 primis
1117 1788 1423 1843 hominibus
1451 1786 1747 1840 oblationes
1777 1783 1843 1836 de
1875 1779 2134 1834 fructibus

554 1895 709 1939 terrae
752 1894 805 1939 et
850 1885 1031 1938 ovimn
1084 1882 1245 1936 fuisse
1289 1880 1605 1935 celebratas.
1656 1875 1763 1930 Hos
1816 1870 2132 1943 Pepuzianis

547 1976 718 2047 jungit
744 1975 1089 2045 Epiphanius.

624 2066 815 2122 XXIX.
866 2067 1495 2122 ’l‘sssmescsznscnrm
1544 2061 1671 2115 hinc
1718 2057 1966 2131 appellati
2012 2064 2138 2111 sunt

552 2158 691 2228 quod
720 2174 823 2211 non
854 2158 953 2211 nisi
976 2167 1159 2226 quarta
1188 2157 1391 2210 decima
1421 2138 1542 2207 luna
1564 2156 1583 2185 ²
1611 2151 1815 2207 Pascha
1843 2149 2133 2215 celebrant,

554 2251 774 2320 quilibet
800 2260 1001 2315 septem
1027 2250 1232 2303 dierum
1255 2255 1498 2303 occurrat
1522 2246 1665 2309 dies;
1689 2254 1742 2299 et
1762 2246 1805 2298 si
1828 2244 1943 2299 dies
1963 2240 2139 2297 domi-

554 2343 706 2398 nicus
735 2344 1047 2411 occurrerit,
1076 2344 1190 2413 ipso
1216 2343 1303 2398 die
1321 2343 1567 2413 jejunant
1595 2350 1650 2396 et
1674 2340 1910 2410 vigilant.

626 2434 796 2488 XXX.
847 2435 1075 2500 ALoct’,
1117 2444 1396 2504 propterea
1444 2434 1521 2487 sic
1564 2439 1844 2494 vocantur,
1887 2439 2137 2498 tanquam

552 2526 668 2579 sine
698 2527 861 2581 verbo
912 2530 1073 2597 (λόγος
1100 2527 1242 2580 enim
1273 2541 1445 2595 graece
1472 2524 1693 2579 verbum
1718 2521 1947 2591 dicitur)
1971 2563 1985 2587 ,
2014 2522 2136 2590 quia

554 2617 721 2672 Deum
747 2619 979 2672 Verbum
1021 2618 1260 2688 recipere
1300 2618 1617 2679 noluerunt,
1641 2614 1861 2670 Joannis
1897 2613 2138 2681 Evange-

550 2709 680 2763 lium
722 2720 1066 2779 respuentcs,
1108 2710 1259 2779 cujus
1297 2724 1395 2764 nec
1436 2706 1792 2778 Apocalypsin
1834 2703 2134 2774 accipiunt,

552 2800 650 2856 has
678 2802 922 2856 videlicet
950 2802 1241 2870 scripturas
1270 2809 1527 2870 negantes
1556 2816 1676 2854 esse
1702 2799 1887 2867 ipsius.

625 2892 817 2947 XXXI.
846 2893 1112 2947 ADAHIANI
1144 2908 1207 2947 ex
1236 2892 1405 2947 Adam
1431 2892 1579 2957 dicti,
1606 2891 1761 2960 cujus
1787 2889 2058 2943 imitantur
2087 2887 2136 2941 in

554 2986 803 3057 paradiso
830 2986 1140 3050 nuditatem,
1171 3002 1287 3055 quae
1316 2986 1413 3039 fuit
1434 2993 1559 3039 ante
1584 2992 1881 3054 peccatum.
1908 2981 2061 3036 Unde
2087 2988 2141 3035 ct

553 3080 767 3147 nuptias
807 3086 1161 3141 aversantur:
1197 3078 1319 3147 quia
1368 3093 1469 3132 nec
1516 3078 1820 3146 priusquam
1866 3082 2141 3145 peccasset

554 3170 744 3233 Adam,
774 3186 870 3226 nec
895 3173 1200 3241 priusquam
1220 3170 1475 3225 dimissus
1497 3178 1643 3225 esset
1668 3169 1737 3224 de
1768 3168 2034 3238 paradiso,
2058 3181 2140 3221 co-

554 3262 733 3331 gnovit
755 3277 995 3317 uxorem.
1019 3262 1256 3318 Credunt
1277 3278 1404 3332 ergo
1425 3261 1568 3331 quod
1601 3261 1797 3331 nuptias
1820 3260 2010 3314 futura:
2034 3274 2139 3312 non

554 3353 795 3418 fuissent,
828 3356 872 3408 si
904 3372 1061 3410 nemo
1088 3365 1380 3425 peccasset.
1415 3355 1551 3409 Nudi
1584 3355 1759 3423 itaque
1784 3368 1961 3407 mares
1992 3352 2140 3407 femi-

554 3460 743 3515 naeque
760 3448 1101 3512 conveniunt,
1123 3448 1245 3502 nudi
1272 3448 1529 3503 lectiones
1545 3445 1786 3511 audiunt,
1806 3445 1933 3499 nudi
1962 3452 2137 3511 orant,

555 3535 680 3589 nudi
707 3537 979 3592 celebrant
999 3547 1352 3605 sacramenta,
1378 3548 1433 3593 et
1452 3554 1518 3593 ex
1543 3537 1646 3592 hoc
1667 3537 1967 3608 paradisum
1989 3550 2141 3591 suam

552 3626 878 3681 arbitrantur
906 3629 1225 3684 Ecclesiam.

626 3719 841 3775 XXXII.
873 3722 1162 3778 Encssmos
1188 3732 1240 3776 et
1260 3722 1546 3778 Saursmos
1567 3721 1655 3777 hic
1677 3730 1925 3791 tanquam
1945 3718 2135 3773 ordine

554 3826 653 3867 suo
680 3824 1061 3868 commemorat
1090 3814 1416 3883 Epiphanius
1436 3855 1452 3881 ,
1504 3830 1637 3885 quos
1686 3814 1813 3869 dicit
1855 3830 1884 3868 a
1912 3812 2140 3882 quodam

555 3903 1013 3973 pseudOpropheta
1042 3920 1161 3961 esse
1181 3906 1450 3975 deceptos,
1481 3907 1568 3976 qui
1587 3906 1870 3961 vocabatur
1897 3905 2009 3959 Elei
2040 3904 2137 3974 (a),

558 4008 623 4048 ex
666 3994 815 4063 cujus
858 4011 1053 4065 genere
1077 3996 1210 4051 duas
1236 3997 1484 4052 mulieres
1512 4006 1760 4067 tanquam
1792 3996 1921 4051 deas
1967 3994 2033 4048 ab
2058 3994 2139 4049 eis

558 4087 802 4156 perhibet
831 4088 1075 4143 adoratas
1105 4108 1117 4143 :
1148 4098 1338 4145 cmtera
1366 4089 1631 4145 Ebionaeis
1653 4097 1835 4143 tenere
1856 4088 2067 4141 similia.

634 4180 871 4235 XXXIII.
905 4182 1265 4237 TIIEODOTIANI
1292 4199 1320 4236 a
1352 4182 1627 4237 Theodoto
1654 4181 1675 4212 ⁸
1706 4182 1935 4251 quodam
1985 4179 2141 4234 insti-

560 4273 691 4341 turi,
750 4274 1016 4330 hominem
1068 4276 1432 4331 tantummodo
1490 4276 1758 4331 Christum
1812 4282 2140 4331 asseverant.

560 4363 711 4430 Quod
763 4366 953 4422 dicitur
997 4368 1134 4421 idem
1183 4367 1489 4422 Theodotus
1534 4377 1815 4437 propterea
1863 4367 2140 4433 docuisse,

561 4458 683 4528 quia
712 4459 763 4512 in
806 4461 1171 4528 persecutione
1219 4460 1397 4530 lapsus
1425 4460 1525 4514 isto
1574 4460 1731 4514 modo
1771 4475 1829 4515 se
1880 4474 2036 4515 casus
2062 4459 2143 4513 sui

560 4548 795 4604 devitarc
818 4552 1032 4620 putabat
1061 4552 1424 4622 opprobrium,
1454 4552 1497 4606 si
1528 4567 1635 4607 non
1682 4552 1851 4607 Deum
1878 4567 2100 4623 negasse
2123 4593 2139 4620 ,

561 4640 653 4697 sed
685 4642 953 4698 hominem
982 4644 1269 4698 videretur.

629 4733 875 4789 XXXIV.
904 4735 1410 4803 MELCIIISEDECIANI,
1433 4720 1787 4791 Melchisedec
1814 4733 2143 4789 sacerdotem

560 4823 651 4879 Dei
682 4828 909 4893 excelsi,
958 4844 1063 4883 non
1092 4829 1363 4885 hominem
1390 4829 1551 4885 fuisse
1575 4870 1589 4896 ,
1623 4828 1718 4883 sed
1743 4827 1992 4882 virtutem
2048 4827 2144 4883 Dei

560 4932 680 4973 esse
707 4920 1052 4974 arbitrantur.

634 5010 850 5065 XXXV.
892 5012 1305 5067 Bumesamsm:
1332 5000 1619 5081 a'quodam
1667 5011 2006 5076 Bardesane,
2056 5012 2144 5081 qui

562 5102 615 5156 in
642 5102 882 5157 doctrina
927 5103 1121 5157 Christi
1178 5105 1324 5172 prius
1353 5104 1621 5157 exstitisse
1658 5103 1973 5173 perhibetur
2016 5103 2142 5157 insi-

562 5193 681 5263 gnis
712 5211 723 5247 :
757 5192 849 5249 sed
876 5203 1083 5263 postea,
1116 5194 1356 5263 quamvis
1386 5210 1493 5248 non
1524 5210 1618 5265 per
1642 5195 1839 5263 omnia,
1869 5196 1920 5249 in
1952 5194 2146 5251 Valen-

544 5432 552 5438 _
625 5374 641 5405 ι
677 5380 804 5438 Mss.,
821 5373 948 5438 quod
962 5370 1298 5438 {falaphrygas
1320 5375 1496 5438 facere.

624 5439 645 5467 ²
677 5437 795 5484 Editi
819 5437 895 5484 hic
918 5434 1113 5491 addunt.
1131 5434 1288 5485 mense
1310 5434 1497 5486 htartio.

624 5498 644 5529 ³
679 5504 727 5564 In
752 5495 1167 5564 editis,_-rloqiq1_ii.
1196 5498 1556 5564 [testitueudum
1574 5511 1637 5564 es
1662 5505 1790 5559 Mss,
1815 5499 1950 5563 Alogi
1976 5512 1994 5551 :
2018 5501 2147 5564 quia

561 5561 733 5621 gra-cis
758 5558 1157 5619 haaresiographis
1178 5559 1401 5609 dicuntur
1427 5574 1438 5608 :
1472 5559 1644 5623 alogoi.
1778 5558 1781 5559 ⁷
1900 5558 1919 5563 ”
2034 5558 2049 5564 ’
2106 5558 2117 5564 ’

623 5621 643 5650 ⁸
680 5620 812 5674 aliti,
838 5633 867 5667 α
896 5618 1200 5669 Theodotimie
1223 5634 1238 5669 :
1263 5621 1503 5674 pauloque
1539 5631 1663 5674 post.
1687 5622 1817 5673 idem
1845 5622 2125 5674 Theodotion

623 5636 643 5650 ν
680 5636 812 5675 tum,
838 5636 867 5667 α
896 5636 1200 5669 ’meoaouone
1223 5636 1238 5669 .'
1263 5636 1503 5685 pauloque
1538 5636 1663 5685 pOSt,
1687 5636 1817 5673 mem
1845 5636 2144 5674 Tneoaouon.

560 5683 855 5741 Castigaatur
882 5693 943 5729 ex
973 5684 1191 5731 \aticano
1207 5684 1388 5732 codice.

625 5785 697 5859 (fr)
726 5788 793 5859 Ab
810 5787 1066 5859 Epiphanio
1090 5789 1137 5859 in
1181 5790 1831 5859 Anacephalzeosi_Elkesaios
1854 5794 2145 5859 nominatur,

565 5848 615 5901 In
637 5852 830 5902 Pauario
845 5848 1010 5914 'Elxai,
1034 5852 1084 5902 in
1104 5853 1286 5903 Pacarii
1309 5848 1505 5917 synopsi
1528 5853 1666 5906 L'lxa.

2241 484 2333 539 tini
2361 482 2605 539 haeresim
2631 486 2920 554 lapsusest
2947 482 2988 537 ί.

2309 575 2548 631 XXXVI.
2599 576 2861 632 Novarum
2906 592 2937 631 a
2992 576 3224 648 quodam
3248 576 3450 647 Noeto,
3491 578 3583 650 qui
3614 578 3825 639 dicebat

2239 668 2507 726 Christum
2554 671 2803 727 eumdem
2844 672 3019 743 ipsum
3050 686 3171 729 esse
3206 672 3423 729 Patrem
3470 674 3528 730 et'
3564 675 3824 746 Spiritum

2242 773 2506 819 sanctum.

2316 855 2580 911 XXXVII.
2609 857 2825 915 VALESII
2851 867 2906 915 et
2951 874 3010 915 se
3036 859 3181 931 ipsos
3223 869 3476 928 castraut,
3506 871 3561 918 et
3586 848 3826 932 hospites

2240 964 2396 1015 suos,
2430 952 2533 1006 hoc
2570 952 2728 1007 modo
2752 954 3120 1011 existimantes
3148 956 3258 1012 Deo
3286 972 3345 1013 se
3369 958 3568 1013 debere
3594 960 3823 1013 servire.

2239 1044 2354 1097 Alia
2382 1061 2594 1115 quoque
2617 1046 2865 1103 haeretica
2895 1048 3090 1106 docere
3116 1050 3366 1107 dicuntur
3401 1060 3455 1107 et
3485 1053 3656 1121 turpia
3687 1069 3699 1105 :
3730 1051 3826 1106 sed

2240 1149 2357 1204 quse
2380 1136 2469 1191 illa
2507 1139 2646 1205 sint,
2698 1155 2796 1194 nec
2821 1140 2934 1210 ipse
2969 1146 3410 1199 commemoravit
3456 1144 3825 1216 Epiphanius,

2241 1241 2340 1281 nec
2369 1232 2574 1297 uspiam
2604 1232 2751 1300 potui
2780 1233 3036 1301 reperire.

2316 1320 2615 1403 XXXVIII.
2647 1324 2883 1379 CATIIARI
2916 1328 2937 1357 ²
2961 1368 2977 1393 ,
3007 1328 3094 1397 qui
3142 1341 3200 1382 se
3240 1328 3385 1398 ipsos
3433 1328 3535 1383 isto
3574 1328 3823 1396 nomine,

2240 1415 2389 1484 quasi
2418 1427 2634 1486 prapter
2678 1419 2990 1473 munditiam
3016 1462 3029 1482 .
3062 1422 3444 1490 superbissime
3471 1431 3630 1491 atque
3671 1421 3825 1476 odio-

2240 1506 2451 1563 sissime
2501 1510 2811 1576 nominant,
2844 1512 3107 1567 secundas
3136 1515 3345 1584 nuptias
3374 1530 3480 1569 non
3508 1514 3823 1582 admittunt,

2240 1601 2607 1669 paenitentiam
2651 1602 2951 1672 denegant,
3002 1604 3263 1659 Novatum
3315 1614 3579 1662 sectantes
3607 1606 3825 1663 haereti-

2239 1705 2361 1746 cum
2391 1710 2403 1745 :
2436 1693 2576 1748 unde
2602 1694 2761 1749 etiam
2796 1695 3075 1750 Novatiani
3102 1697 3458 1767 appellantur.

2313 1784 2555 1840 XXXIX.
2587 1787 2842 1843 Ancsucr
2862 1828 2879 1854 ,
2908 1789 2960 1843 in
2989 1790 3298 1859 angelorum
3324 1791 3522 1845 cultum
3552 1790 3824 1861 inclinati,

2239 1895 2373 1949 quos
2400 1879 2730 1949 Epiphanius
2753 1882 2862 1951 jam
2889 1882 3109 1938 omnino
3134 1883 3395 1939 defecisse
3424 1894 3667 1940 testatur.

2312 1967 2427 2026 XL.
2458 1974 2797 2038 Arosroucr,
2830 1975 2918 2044 qui
2940 1992 2998 2030 se
3027 1975 3129 2030 isto
3158 1977 3371 2031 nomine
3387 1977 3824 2048 arrogantissime

2240 2075 2580 2131 voraverunt,
2606 2081 2671 2121 eo
2697 2066 2837 2137 quod
2866 2068 2916 2121 in
2943 2084 3092 2123 suam
3122 2070 3553 2126 communionem
3583 2085 3689 2125 non
3730 2086 3824 2126 re-

2242 2156 2479 2225 ciperent
2504 2154 2714 2213 utentes
2742 2159 3057 2229 conjugibus
3084 2170 3137 2215 et
3168 2176 3253 2216 res
3280 2161 3524 2231 proprias
3554 2160 3823 2231 possiden-

2243 2257 2323 2304 tes
2356 2267 2369 2303 :
2398 2250 2581 2319 quales
2612 2251 2773 2307 habet
2791 2251 3060 2308 Catholica
3084 2253 3104 2284 ³
3128 2263 3188 2309 et
3211 2253 3503 2309 monachos
3526 2261 3581 2309 et
3600 2254 3827 2309 clericos

2242 2340 2521 2409 plurimos.
2548 2341 2652 2397 Sed
2684 2341 2804 2397 ideo
2832 2344 2917 2398 isti
2949 2343 3179 2399 lueretici
3212 2354 3353 2410 sunt,
3384 2344 3633 2415 quoniam
3658 2360 3717 2399 se
3758 2345 3827 2399 ab

2242 2430 2481 2486 Ecclesia
2513 2443 2823 2502 separantes
2841 2476 2856 2499 ,
2880 2434 3076 2489 nullam
3098 2450 3248 2505 spem
3271 2444 3461 2505 putant
3488 2450 3583 2491 eos
3605 2436 3823 2503 habere,

2244 2521 2333 2590 qui
2356 2530 2573 2576 utuntur
2598 2522 2680 2578 his
2704 2524 2863 2580 rebus
2885 2566 2901 2591 ,
2952 2526 3144 2596 quibus
3177 2526 3274 2596 ipsi
3296 2535 3509 2582 carent.
3540 2526 3827 2581 Encratitis

2243 2612 2331 2667 isti
2361 2612 2561 2668 similes
2594 2624 2754 2670 sunt:
2787 2632 2910 2671 nam
2938 2627 2993 2672 et
3018 2618 3335 2687 Apotactitre
3363 2618 3437 2689 ((ι)
3469 2619 3823 2688 appellantur.

2245 2701 2351 2756 Sed
2380 2713 2433 2757 et
2452 2703 2553 2757 alia
2580 2706 2761 2761 nescio
2783 2722 2901 2777 quae
2926 2708 3141 2779 propria
3163 2708 3414 2765 haeretica
3433 2709 3628 2765 docere
3652 2709 3829 2781 perhi-

2242 2795 2457 2851 bentur.

2316 2887 2449 2942 XLI.
2480 2889 2797 2947 SABELLIANI
2847 2892 2914 2948 ab
2942 2892 3033 2949 illo
3058 2892 3226 2949 Noeto
3253 2909 3411 2964 quem
3441 2909 3600 2964 supra
3627 2909 3829 2950 memo~

2244 2982 2497 3048 ravimus,
2528 2984 2814 3041 defluxisse
2838 2987 3119 3051 dicuntur;
3149 3002 3271 3041 nam
3298 2998 3352 3041 et
3370 2986 3683 3057 discipulum
3705 2990 3824 3056 ejus

2244 3074 2458 3141 quidam
2486 3076 2770 3145 perhibent
2821 3078 2982 3134 fuisse
3028 3078 3337 3134 Sabellium.
3386 3078 3491 3133 Sed
3534 3095 3636 3148 qua
3667 3095 3828 3136 causa

2244 3167 2377 3222 duas
2407 3168 2639 3223 haereses
2666 3186 2758 3225 eas
2782 3169 3109 3240 Epiphanius
3136 3177 3428 3240 computet,
3462 3170 3644 3225 nescio
3671 3186 3826 3226 :cum

2247 3259 2359 3314 fieri
2383 3260 2619 3329 potuisse
2644 3261 2938 3327 videamus,
2968 3270 3025 3315 ut
3053 3261 3209 3316 fuerit
3241 3262 3505 3316 Sabellius
3529 3262 3628 3317 iste
3656 3262 3828 3317 famo-

2245 3350 2388 3415 sior,
2429 3360 2484 3405 ct
2512 3350 2632 3406 ideo
2676 3367 2743 3405 ex
2787 3351 2878 3405 illo
2906 3351 3176 3406 celebrius
3203 3352 3319 3407 haec
3363 3352 3585 3407 heresis
3632 3368 3829 3409 nomen

2244 3442 2526 3511 acceperit.
2559 3441 2801 3496 Noetiani
2828 3441 2970 3497 enim
3003 3442 3223 3499 difficile
3247 3443 3316 3498 ab
3339 3444 3518 3515 aliquo
3541 3445 3779 3499 sciuntur
3810 3461 3826 3498 :

2246 3532 2532 3588 Sabelliani
2584 3541 2759 3589 autem
2806 3544 2930 3589 sunt
2974 3535 3027 3589 in
3071 3550 3165 3590 ore
3208 3536 3522 3590 multorum.
3588 3535 3722 3590 Nam
3775 3544 3832 3591 et

2246 3625 2552 3681 Praxeauos
2576 3641 2671 3681 eos
2713 3642 2742 3679 a
2774 3626 2983 3683 Praxea
3012 3628 3229 3698 quidam
3265 3637 3495 3695 vocant;
3523 3636 3578 3684 et
3602 3628 3832 3683 Hermo-

2244 3718 2452 3787 geniani
2480 3717 2656 3773 vocari
2683 3718 2751 3773 ab
2779 3718 3115 3789 Hermogene
3171 3729 3464 3789 potuerunt
3519 3740 3533 3775 :
3578 3721 3670 3790 qui
3697 3720 3831 3774 Pra-

2244 3822 2373 3862 xeas
2397 3817 2450 3861 et
2466 3807 2826 3879 Hermogenes
2847 3808 3034 3865 eadem
3059 3810 3372 3877 sentientes,
3404 3811 3457 3865 in
3473 3810 3647 3865 Africa
3672 3810 3835 3865 fuisse

2246 3898 2518 3955 dicuntur.
2572 3899 2683 3955 Nec
2734 3909 2908 3955 tamen
2942 3902 3056 3956 ista:
3088 3902 3271 3972 plures
3315 3910 3475 3957 secta:
3515 3910 3679 3967 sunt;
3735 3901 3833 3956 sed

2247 3991 2404 4048 unius
2436 4002 2596 4048 scolae
2623 3993 2775 4062 plura
2804 3993 3018 4048 nomina
3044 4034 3059 4059 ,
3093 4008 3157 4047 ex
3186 3992 3270 4047 his
3298 3993 3599 4048 hominibus
3644 3993 3731 4062 qui
3778 3993 3833 4047 in

2247 4099 2312 4141 ea
2361 4086 2591 4139 maxime
2635 4085 2981 4139 innotuerunt
3025 4103 3038 4138 :
3090 4086 3228 4139 sicut
3284 4084 3616 4150 Donatistae,
3669 4084 3829 4138 iidem

2249 4177 2729 4242 Parmenianistte;
2778 4178 2915 4231 sicut
2942 4178 3252 4246 Pelagiani,
3297 4177 3456 4232 iidem
3507 4176 3833 4231 leestiani.

2249 4265 2402 4322 Unde
2430 4282 2557 4336 ergo
2602 4266 2672 4321 sit
2710 4266 2905 4320 factum
2936 4274 2993 4319 ut
3035 4266 3322 4320 Noetianos
3366 4276 3421 4321 et
3466 4265 3832 4332 Sabellianos,

2250 4374 2354 4413 non
2382 4358 2537 4411 unius
2566 4356 2784 4411 haeresis
2826 4357 2931 4410 duo
2967 4358 3215 4422 nomina,
3267 4356 3361 4411 sed
3407 4367 3653 4427 tanquam
3700 4356 3834 4412 duas

2249 4450 2481 4505 haereses
2507 4447 2839 4517 supradictus
2861 4432 3190 4519 Epiphanius
3216 4458 3441 4517 poneret
3465 4491 3480 4515 ,
3514 4449 3715 4518 liquido
3745 4450 3831 4504 in-

2248 4541 2428 4594 venire
2456 4553 2561 4593 non
2596 4538 2736 4607 potui
2771 4538 2930 4608 :quia
2979 4539 3024 4593 si
3072 4538 3198 4608 quid
3244 4539 3383 4594 inter
3430 4554 3489 4593 se
3536 4538 3827 4607 differunt,

2248 4640 2356 4686 tam
2386 4631 2615 4685 obscure
2639 4629 2792 4695 dixit,
2825 4630 3000 4684 studio
3023 4630 3244 4685 forsitan
3270 4630 3545 4686 brevitatis
3566 4671 3582 4697 ,
3623 4640 3684 4686 ut
3720 4647 3824 4687 non

2260 4724 2600 4792 intelligam;
2656 4722 2773 4775 loco
2830 4722 3023 4791 quippe
3079 4722 3216 4789 isto,
3270 4738 3375 4793 quo
3429 4732 3484 4778 et
3534 4738 3668 4787 nos,
3727 4732 3835 4777 tam

2250 4799 2406 4888 longe
2450 4834 2479 4871 a
2548 4815 2816 4871 Noetianis
2854 4816 3189 4871 Sabellianos
3227 4831 3654 4873 commemorans
3683 4833 3696 4870 :
3726 4817 3832 4869 Sa-

2249 4910 2489 4972 belliani,
2533 4908 2735 4976 inquit,
2785 4907 2969 4960 similia
3014 4906 3179 4961 Noeto
3222 4908 3647 4978 dogmatizantes,
3698 4924 3833 4977 pra:-

2250 5009 2322 5054 ter
2365 5001 2458 5054 hoc
2484 4999 2615 5069 quod
2640 5000 2809 5052 dicunt
2834 4997 3037 5053 Patrem
3063 5015 3161 5053 non
3192 5014 3295 5053 esse
3325 5015 3529 5068 passum
3579 4999 3837 5069 (Epipha-

2252 5093 2364 5146 m'us
2390 5133 2405 5157 ,
2444 5091 2497 5143 in
2528 5090 3009 5161 Anaceplzalwosi).
3074 5088 3355 5157 Quomodo
3407 5089 3475 5145 de
3518 5088 3837 5145 Sabellianis

2250 5182 2473 5253 intelligi
2504 5191 2712 5251 potest,
2756 5197 2878 5236 cum
2924 5182 3003 5236 sic
3052 5181 3378 5236 innotuerint
3415 5180 3593 5236 dicere
3624 5180 3837 5235 Patrem

2250 5288 2495 5345 passum,
2540 5281 2600 5325 ut
2646 5272 3023 5341 Patripassiani
3071 5286 3230 5342 quam
3272 5270 3557 5327 Sabelliani
3596 5270 3839 5326 crebrius

2250 5365 2656 5435 nuncupentur?
2709 5366 2814 5418 Aut
2865 5365 2908 5418 si
2959 5364 3097 5419 forte
3129 5365 3181 5418 in
3211 5380 3276 5419 eo
3320 5363 3458 5433 quod
3487 5363 3597 5426 ait,
3649 5371 3841 5432 praeter

2315 5480 2331 5511 ¹
2368 5485 2499 5541 Post,
2520 5478 2680 5541 lapsus
2703 5482 2789 5535 est,
2824 5476 3007 5541 adjecta
3034 5483 3173 5541 erant
3212 5477 3262 5525 in
3287 5477 3482 5525 excusis
3515 5472 3651 5541 libris
3687 5476 3840 5541 verba

2250 5541 2371 5597 haec,
2399 5535 2583 5589 addens
2608 5538 2668 5587 de
2691 5552 2793 5597 suo,
2820 5535 2988 5599 ut'futo
3010 5538 3269 5588 ascriberet
3292 5535 3666 5587 conversationcs
3688 5535 3841 5590 homi-

2249 5616 2396 5661 num;
2420 5616 2530 5663 quze
2553 5604 2600 5649 in
2622 5609 2723 5663 Mss.
2751 5601 2926 5663 nostris
2947 5614 3042 5648 non
3060 5601 3349 5663 reperimus,

2315 5667 2335 5695 ²
2370 5659 2417 5711 in
2440 5659 2580 5711 Iuss.:
2608 5661 2838 5711 rutharoc
2861 5661 2960 5710 sive
2982 5659 3241 5721 amntium,
3266 5659 3347 5724 qui
3369 5659 3576 5724 seipsos,
3599 5670 3694 5714 etc.
3714 5667 3841 5711 Grae-

2252 5730 2322 5780 cis
2343 5735 2473 5783 sunt,
2503 5723 2739 5774 Ii'atliai'oi.

2318 5792 2341 5855 ἦ
2373 5797 2421 5855 tn
2448 5782 2605 5855 editis,
2630 5782 2863 5855 catholico
2886 5782 3112 5838 Ecclesia.
3138 5784 3306 5851 Abest,
3332 5786 3563 5852 Ecclesia,
3590 5800 3618 5839 a
3640 5793 3747 5838 Mss.

2322 5851 2395 5917 (a)
2417 5850 2467 5901 td
2495 5855 2590 5913 est,
2614 5850 2999 5903 uenuntiatores.
3293 5850 3299 5851 ⁷
3548 5850 3555 5852 ⁷
3641 5888 3646 5897 .
