4082 6434
223 323 296 386 33
1183 279 1228 368 Α
1305 339 1412 376 ι’·
1647 318 1820 377 LlBEl

1925 319 2088 380 lNUS.
2764 311 2770 316 ’
2933 275 2980 330 ᾖ.
3063 309 3070 328 ί
3435 351 3514 410 εδ

227 443 318 498 liae
359 439 500 512 quod
535 438 711 496 dicunt
747 441 960 498 Patrem
981 455 1085 496 non
1112 424 1441 512 esse-passum
1463 479 1478 506 ,
1522 438 1813 496 Noetianos

227 536 324 590 hoc
349 533 536 588 dicere
565 531 788 603 intelligi
815 517 1002 600 voluit,
1033 533 1152 603 quis
1172 547 1266 587 eos
1307 531 1362 586 in
1402 531 1502 587 hac
1550 529 1814 600 ambigui-

227 639 330 684 tate
359 627 672 681 discernat?
701 626 798 680 Vel
813 625 1082 696 quomodo
1109 633 1328 696 possunt
1353 625 1572 695 intelligi
1595 623 1818 694 quilibet

227 735 408 777 eorum
439 719 656 773 Patrem
687 733 904 788 passum
934 718 1099 774 luisse
1123 733 1232 772 non
1259 717 1460 783 dicere,
1489 731 1610 772 cum
1637 714 1816 770 dicant

225 813 472 870 eumdem
503 811 680 882 ipsum
711 825 832 866 esse
856 819 910 867 et
945 811 1156 866 Patrem
1184 809 1449 866 etFilium
1478 815 1530 863 et
1559 807 1816 878 Spiritum

195 879 504 972 tunctum?
552 903 822 959 Pbilaster
847 913 1022 960 autem
1067 903 1346 960 Brixianus
1399 903 1716 973 episcOpus,
1762 901 1816 956 in

221 997 588 1071 prolixissimg
643 997 782 1052 libro
825 1011 984 1068 quem
1011 995 1079 1052 de
1107 995 1402 1052 haeresibus
1443 993 1710 1060 condidit,
1759 999 1818 1048 et

219 1098 442 1146 centum
461 1091 478 1118 ¹
493 1087 676 1158 viginti
698 1097 822 1143 octo
843 1088 1077 1143 haereses
1096 1087 1381 1143 arbitratus
1398 1095 1479 1142 est
1503 1093 1816 1154 computan-

219 1181 350 1244 das,
383 1179 720 1236 Sabellianos
758 1179 1012 1236 continuo
1054 1187 1176 1250 post
1224 1179 1512 1236 Noetianos
1559 1193 1809 1249 ponens:

219 1272 508 1336 Satellius,
537 1271 732 1342 inquit,
759 1271 1038 1344 discipulus
1057 1273 1168 1343 ejus
1184 1313 1200 1340 ,
1225 1273 1310 1343 qui
1334 1271 1712 1326 similitudinem
1735 1269 1815 1324 sui

219 1365 436 1420 doctoris
453 1364 636 1418 itidem
653 1373 852 1420 secutus
873 1373 966 1432 est,
986 1363 1119 1418 unde
1145 1373 1189 1419 et
1210 1362 1494 1420 Sabelliani
1514 1371 1686 1434 postea
1701 1369 1816 1416 sunt

220 1457 484 1527 appellati,
515 1435 606 1526 qui
629 1467 676 1510 et
698 1455 1094 1527 Patripassiani,
1135 1465 1184 1510 et
1219 1456 1482 1512 Praxeani
1509 1473 1540 1511 ιι
1571 1455 1769 1509 Praxea
1795 1495 1812 1522 ,

219 1558 264 1604 et
307 1547 710 1619 Hermogeniani
749 1549 812 1602 ab
863 1547 1204 1619 Hermogene,
1235 1548 1320 1618 qui
1351 1548 1554 1617 {uerunt
1589 1547 1644 1600 in
1678 1545 1817 1615 Afri-

221 1657 300 1708 ca,
327 1641 414 1710 qui
453 1650 502 1694 et
525 1641 602 1692 ita
625 1639 890 1694 sentientes
919 1639 1104 1709 objecti
1140 1648 1256 1694 sunt
1283 1639 1344 1692 ab
1373 1637 1602 1693 Ecclesia
1632 1639 1812 1692 catho-

228 1734 346 1788 lica.
373 1732 528 1787 Certe
552 1732 658 1786 iste
697 1730 916 1786 eosdem
957 1739 1142 1800 postea
1187 1729 1520 1786 Sabellianos
1546 1729 1680 1784 dixit
1720 1741 1817 1798 ap-

223 1826 466 1896 pellatos,
497 1825 592 1894 qui
613 1839 679 1880 ea
705 1839 823 1895 quae
869 1823 1068 1879 Noetus
1115 1823 1449 1889 sentiebant;
1496 1831 1552 1878 et
1575 1822 1678 1876 alia
1719 1835 1816 1876 no-

139 1919 358 1976 Jmina
420 1918 676 1988 ejusdem
734 1925 896 1974 secta:
952 1917 1394 1974 commemoravit
1447 1936 1460 1972 :
1513 1924 1568 1972 et
1637 1924 1815 1970 tamen

221 2016 508 2074 Noetianos
527 2027 584 2072 et
597 2015 931 2072 Sabellianos
951 2017 1051 2072 sub
1071 2017 1283 2074 duobus
1308 2017 1544 2072 numeris
1566 2026 1812 2085 tanquam

219 2107 348 2163 duas
370 2108 616 2163 hmrcses
637 2108 856 2178 posuit;
889 2125 992 2180 qua
1034 2123 1195 2165 causa
1215 2149 1230 2175 ,
1259 2110 1374 2178 ipse
1397 2108 1610 2164 viderit.

285 2199 450 2254 XLII.
481 2199 800 2257 OlllGENIANl
851 2215 882 2254 a
925 2200 1156 2270 quodam
1201 2199 1429 2271 Origene
1471 2199 1598 2255 dicti
1648 2209 1810 2268 sunt;

221 2306 324 2347 non
353 2292 450 2346 illo
477 2292 574 2362 qui
599 2291 714 2346 fere
737 2292 986 2347 omnibus
1015 2302 1170 2347 notus
1212 2301 1322 2358 est,
1365 2292 1457 2348 sed
1483 2294 1551 2348 ab
1574 2293 1677 2347 alio
1727 2309 1816 2348 ne-

220 2383 330 2438 scio
355 2397 502 2452 quo,
559 2381 628 2438 de
655 2395 762 2452 quo
787 2383 874 2438 vel
925 2381 1278 2438 sectatoribus
1323 2383 1442 2452 ejus
1487 2384 1815 2453 Epiphanius

221 2473 444 2544 loquens
469 2490 482 2526 :
509 2472 830 2544 Origeniani,
863 2473 1052 2544 inquit,
1083 2474 1349 2545 cujusdam
1379 2473 1610 2546 Origenis
1637 2477 1679 2541 ’ς
1709 2485 1817 2530 tur-

221 2565 296 2636 p‘s
315 2575 490 2618 autem
513 2575 636 2620 sunt
664 2565 996 2636 Operatiom's,
1019 2561 1102 2620 isti
1121 2575 1238 2620 sunt
1264 2562 1484 2636 nefanda
1510 2567 1746 2636 facientes
1768 2566 1810 2632 ³,

231 2675 328 2724 sua
355 2673 568 2728 corpora
592 2657 902 2726 corruptioni
929 2657 1178 2712 tradentes
1207 2656 1304 2729 (a).
1327 2657 1477 2712 Alios
1495 2666 1671 2713 autem
1697 2657 1816 2712 Ori-

229 2753 490 2822 genianos
511 2752 762 2806 continuo
785 2750 1072 2826 subjiciens
1095 2768 1108 2806 :

297 2844 479 2899 XLI".
507 2845 852 2909 Omoumam,
884 2845 1062 2914 inquit
1087 2886 1100 2910 ,
1135 2845 1262 2910 alii,
1309 2845 1398 2914 qui
1434 2851 1480 2898 et
1523 2844 1816 2898 Adamantii

225 2938 530 3002 tractatoris,
557 2939 644 3007 qui
673 2947 722 2990 et
747 2946 1060 2990 mortuorum
1079 2937 1496 2991 resurrectionem
1522 2938 1813 3006 repellunt;

225 3029 476 3082 Christum
512 3038 684 3080 autem
709 3039 998 3082 creaturam
1026 3039 1072 3082 et
1102 3029 1354 3100 Spiritum
1399 3039 1626 3083 sanctum
1651 3029 1814 3083 intro-

223 3120 456 3174 ducentes
480 3135 498 3172 :
527 3120 824 3185 paradisum
851 3131 1018 3173 autent
1047 3129 1094 3173 et
1113 3121 1262 3174 caelos
1281 3130 1326 3175 et
1356 3122 1461 3176 alia
1491 3123 1662 3175 omnia
1685 3123 1811 3176 alle-
1875 3193 1878 3195 Α

221 3213 502 3284 goriaantes
531 3210 591 3266 ⁸.
621 3210 750 3265 Hinc
793 3211 1006 3280 quidem
1053 3211 1122 3266 de
1165 3211 1394 3281 Origene
1439 3213 1812 3283 Epiphanius:

221 3297 317 3352 sed
343 3297 436 3366 qui
463 3311 588 3350 eum
615 3295 938 3362 defendunt,
991 3295 1148 3350 unius
1177 3297 1522 3366 ejusdemque
1564 3299 1814 3352 substan-

223 3393 308 3446 tia:
331 3407 454 3446 esse
480 3431 498 3456 ,
523 3391 739 3456 dicunt,
766 3391 1014 3446 docuisse
1031 3433 1046 3456 ,
1076 3392 1288 3446 Patrem
1317 3400 1370 3446 et
1397 3392 1590 3446 Filiqu
1616 3401 1672 3447 et
1697 3392 1818 3462 Spi-

221 3483 380 3538 ritum
405 3492 694 3549 sanctum;
725 3499 898 3553 neque
919 3485 1366 3539 resurrectionem
1386 3485 1644 3555 repulisse
1669 3501 1815 3540 mor-

223 3583 472 3629 tuorum:
497 3574 742 3644 quamvis
761 3586 818 3629 et
843 3574 896 3628 in
925 3575 1042 3630 istis
1063 3591 1186 3632 eum
1207 3579 1526 3632 convincere
1545 3578 1812 3646 studeant,

220 3667 310 3736 qui
337 3667 460 3736 ejus
487 3669 638 3736 plura
683 3667 946 3736 legerunt.
973 3667 1080 3722 Sed
1109 3675 1234 3722 sunt
1258 3669 1416 3738 hujus
1445 3667 1689 3740 Origenis
1709 3671 1814 3726 alia

219 3759 470 3830 dogmata
497 3759 518 3789 '
551 3799 567 3824 ,
593 3774 712 3828 quae
741 3759 1002 3814 catholica
1030 3759 1268 3814 Ecclesia
1294 3761 1512 3816 omnino
1549 3777 1656 3816 non
1681 3764 1818 3818 reci-

217 3851 298 3922 pit
323 3893 340 3920 ,
371 3852 426 3905 in
453 3851 648 3921 quibus
677 3865 778 3907 nec
803 3853 975 3921 ipsum
1001 3851 1135 3907 falso
1162 3855 1366 3924 arguit,
1399 3869 1499 3910 nec
1541 3865 1718 3926 potest
1747 3858 1816 3913 ab

219 3945 340 4012 ejus
371 3944 740 4000 defensoribus
786 3944 894 3999 falli
921 3946 942 3978 ⁸
973 3962 988 4000 :
1018 3947 1249 4001 maxime
1292 3946 1360 4001 de
1403 3948 1718 4018 purgatione
1764 3958 1820 4005 et

219 4035 582 4099 liberatione,
607 4051 668 4089 ac
693 4051 870 4090 rursus
901 4047 1021 4107 post
1048 4037 1266 4109 longum
1297 4045 1505 4109 tempus
1528 4039 1596 4094 ad
1628 4041 1817 4096 eadem

220 4127 372 4181 mala
405 4126 732 4181 revolutione
754 4128 1028 4184 rationalis
1069 4130 1334 4184 universae
1361 4139 1644 4188 creaturae.
1689 4133 1820 4205 Quis

219 4220 368 4273 enim
431 4219 724 4274 catholicus
747 4219 1070 4276 christianus
1096 4221 1183 4276 vel
1211 4221 1401 4280 doctus
1447 4225 1532 4282 vel
1573 4226 1819 4284 indoctus

220 4327 332 4366 non
360 4310 713 4368 vehementer
737 4313 1027 4372 exhorreat
1047 4329 1170 4373 eam
1196 4335 1355 4388 quam
1380 4318 1511 4375 dicit
1545 4323 1817 4392 purgatio-

221 4420 348 4460 nem
375 4407 672 4477 malorum,
717 4407 774 4466 id
801 4419 906 4477 est,
951 4413 1112 4468 etiam
1158 4427 1252 4468 eos
1287 4415 1378 4484 qui
1409 4415 1546 4470 hanc
1571 4417 1733 4471 vitam
1765 4399 1836 4472 in.

219 4498 438 4574 ﬂagitiis
461 4513 518 4560 et
547 4505 874 4562 facinoribus
903 4513 958 4562 et
989 4505 1291 4578 sacrilegiis
1319 4517 1478 4578 atque
1525 4509 1818 4580 impietati-

291 4706 308 4736 ³
329 4711 468 4755 Forte
491 4712 662 4770 pro,et
681 4711 889 4770 centum,
901 4705 1168 4770 legendum
1192 4713 1288 4770 est,
1307 4715 1494 4760 centum
1511 4715 1573 4761 et.
1609 4719 1666 4761 Μ.

287 4770 308 4799 ³
341 4774 452 4816 ων.
480 4767 504 4814 ξ
521 4768 746 4832 Origenis
767 4767 1010 4833 discipuli.
1036 4778 1154 4836 yox,
1181 4767 1425 4836 discipuli,
1442 4775 1584 4824 abest
1599 4775 1660 4825 ab
1676 4781 1752 4825 Er.
1773 4784 1826 4828 et

223 4833 332 4904 llas.
345 4843 550 4904 necnon
561 4843 602 4900 Oa
623 4843 786 4892 graeco
796 4838 952 4904 textu
969 4833 1231 4904 Epiphanii.

225 4957 242 5000 ι
291 4893 311 4921 ³
345 4891 904 4954 ιιιξεδίδδ.,ἱηεὴίινναίιῑιὶα
920 4891 1340 4956 facieiues.Gr:ece
1356 4905 1450 4961 est,
1468 4898 1826 4966 arre‘topoiot‘tn-

241 4964 310 5000 es.

241 4964 292 5001 εδ

287 5016 308 5044 ⁸
343 5016 484 5090 plin,
520 5033 543 5060 ι
565 5017 650 5090 qui
691 5023 744 5066 et
774 5017 1336 5090 Adamantii‘tractatoris
1371 5023 1517 5090 illius
1537 5031 1826 5090 sectatores,

231 5092 252 5118 κ
275 5079 356 5137 qui
385 5085 438 5126 et
459 5085 762 5146 mortuorum
789 5083 1200 5132 resurrectionem
1223 5093 1407 5146 negant
1434 5101 1445 5134 :
1473 5085 1707 5137 Christum
1741 5079 1828 5139 an;

231 5155 252 5182 ι
267 5146 368 5210 tem
387 5146 442 5210 et
457 5140 681 5210 Spiritum
691 5147 914 5210 sanctum
922 5151 1190 5194 creaturam
1203 5140 1367 5210 dicunt
1377 5149 1830 5210 paradisum;autem

231 5217 252 5246 ι
271 5201 500 5272 crudos
515 5209 567 5252 et
583 5201 675 5251 alia
691 5215 788 5250 non
802 5205 1006 5254 credunt
1023 5219 1134 5272 esse
1155 5201 1422 5258 secundum
1445 5201 1767 5272 litteram,sed
1781 5201 1832 5263 in

231 5281 252 5306 ι
273 5263 577 5338 allegoria._a_
588 5327 600 5338 θ
611 5272 816 5338 Veteres
837 5273 1000 5316 autem
1012 5268 1130 5338 libri
1153 5272 1367 5338 pressius
1390 5273 1629 5338 inhagrent
1642 5263 1828 5338 Agrzeco.

291 5327 326 5405 ’-
347 5325 444 5405 .5?“
479 5325 878 5405 ςδὲἓὲλτξςρῖέἐίδέξξ
898 5325 1192 5405 ηξοηίιιρψὴι
1218 5344 1235 5403 -:
1258 5333 1344 5405 ml
1368 5333 1448 5405 qui
1473 5325 1744 5405 θέαδφιὶῖνα
1766 5337 1832 5387 ιε-

227 5395 416 5452 gerunt,
445 5387 804 5440 contradicunt.
831 5397 944 5440 Sunt
965 5397 1010 5442 et
1032 5389 1128 5443 alia
1145 5393 1290 5456 hujus
1312 5387 1530 5459 origenis
1555 5387 1797 5462 dogmata.

289 5451 311 5481 ⁸
341 5453 418 5501 sic
437 5460 546 5501 Mss.
566 5458 623 5500 At
647 5451 783 5510 editi,
809 5452 868 5502 ab
889 5453 992 5516 ejus
1015 5453 1342 5518 defensoribus
1359 5459 1603 5510 excusari.

341 5487 418 5501 νιν
437 5487 546 5501 μιωο
566 5487 623 5500 σι’
647 5487 783 5510 νυιιι,
809 5487 865 5502 νιν
889 5487 992 5510 VJK")
1015 5487 1224 5510 "D'DIIOUI
1238 5487 1341 5507 ιυιιο
1359 5487 1555 5510 CIIII/"Ou,
1570 5487 1603 5509 Ι.

293 5554 366 5627 (ε)
391 5555 685 5627 Epiphanius
707 5559 757 5604 in
781 5559 974 5607 Panario
989 5559 1382 5627 quidembaeres.
1401 5561 1462 5610 63
1481 5569 1532 5612 et
1555 5562 1634 5622 64,
1660 5571 1836 5626 aperte

231 5617 484 5686 proﬁtetur
512 5620 704 5686 nescire
727 5631 796 5686 se
833 5632 894 5668 an
926 5617 1203 5686 Origeniani
1243 5626 1320 5674 isti
1345 5633 1514 5686 turpes
1535 5627 1597 5674 ab
1619 5617 1832 5686 Origene

231 5677 528 5751 “amantia
549 5680 666 5751 dicti
699 5682 826 5751 sint,
873 5695 932 5730 an
968 5677 1036 5751 ab
1065 5684 1160 5751 alio
1195 5677 1446 5751 Origene}
1483 5688 1573 5736 sed
1617 5677 1835 5751 proiecto

229 5751 282 5788 ιιι
319 5741 742 5806 Anacepbalmosi,
777 5757 888 5806 quas
929 5745 1032 5795 sola
1056 5748 1165 5797 sine
1189 5741 1386 5799 Panario
1413 5751 1550 5800 venit
1581 5741 1634 5800 iri
1663 5765 1836 5804 manus

231 5806 508 5870 musam,
547 5805 616 5857 de
651 5805 878 5870 utrisque
907 5809 1211 5872 Origenianis
1247 5811 1318 5864 sic
1358 5811 1476 5871 dicit
1512 5814 1738 5876 obscure,
1781 5823 1838 5868 ut

1922 437 2023 494 bus
2053 441 2342 511 quamlibet
2388 445 2634 504 maximis
2677 450 2961 521 ﬁnierunt,
3005 439 3179 528 ipsum
3219 458 3381 516 etiam
3411 475 3510 530 po-

1921 541 2121 589 stremo
2142 537 2410 594 diabolum
2430 551 2591 612 atque
2603 546 2822 615 angelos
2839 548 2972 616 ejus,
2997 553 3236 619 quamvis
3253 563 3372 623 post
3391 555 3510 610 lon-

1919 625 2134 714 gissima
2167 637 2432 701 tempora,
2485 645 2733 705 purgatos
2757 647 2916 708 atque
2941 640 3190 697 liberatos
3216 659 3380 714 regno
3411 643 3507 702 Dei

1921 713 2130 786 lucique
2157 721 2394 789 restitui,
2434 733 2489 778 et
2533 743 2723 782 rursus
2753 737 2872 798 post
2921 731 3228 802 longissima
3267 713 3506 807 tempora

1921 819 2108 864 omnes
2123 810 2211 879 qui
2241 811 2447 868 liberati
2474 827 2617 884 sunt,
2636 819 2702 874 ad
2727 820 2842 876 haec
2862 823 2999 878 mala
3026 825 3202 881 denuo
3241 828 3406 884 relabi
3453 839 3508 886 et

1921 901 2152 968 reverti;
2181 911 2234 956 et
2255 902 2350 957 has
2369 905 2509 962 vices
2526 909 2852 967 alternantes
2872 912 3252 971 beatitudinum
3275 927 3331 974 ct
3347 921 3508 976 mise-

1919 988 2118 1046 riarum
2165 994 2436 1051 rationalis
2487 1008 2743 1056 creatum
2779 1017 2992 1074 semper
3039 1007 3238 1077 fuisse,
3292 1025 3506 1082 semper

1919 1082 2076 1138 fore?
2104 1085 2180 1140 De
2223 1103 2322 1157 qua
2350 1091 2634 1147 vanissima
2665 1094 2932 1164 impietate
2960 1099 3216 1156 adversus
3264 1104 3506 1172 philoso-

1919 1177 2075 1248 phos,
2106 1195 2136 1234 a
2155 1182 2349 1250 quibus
2378 1183 2475 1238 ista
2498 1185 2682 1242 didicit
2707 1187 2981 1258 Origenes,
3011 1194 3063 1247 in
3097 1194 3242 1249 libris
3263 1195 3329 1250 de
3358 1197 3502 1252 Civi—

1918 1275 2026 1324 tate
2049 1271 2140 1324 Dei
2166 1271 2569 1343 diligentissime
2594 1277 2856 1348 disputavi
2887 1283 2902 1312 ¹
2935 1282 3025 1351 (In
3057 1283 3183 1338 libro
3207 1286 3324 1357 2i).

1919 1383 1922 1388 ι
1992 1360 2172 1416 XLIV.
2204 1363 2457 1421 PAULIANI
2503 1384 2533 1422 a
2579 1368 2744 1424 Paulo
2799 1371 3178 1442 Samosatcno,
3231 1378 3502 1436 Christum

1919 1467 2027 1507 non
2057 1469 2272 1525 semper
2302 1456 2463 1512 fuisse
2505 1461 2722 1526 dicunt;
2755 1464 2847 1518 sed
2879 1464 2995 1534 ejus
3039 1467 3244 1524 initium
3268 1513 3282 1538 ,
3306 1489 3370 1527 ex
3397 1489 3504 1544 quo

1919 1543 1987 1600 de
2031 1545 2195 1599 Maria
2241 1557 2395 1602 natus
2434 1559 2548 1616 est,
2607 1564 2958 1608 asseverant:
2993 1573 3091 1612 nec
3136 1573 3256 1614 eum
3305 1543 3505 1634 aliquid

1917 1641 2146 1710 amplius
2193 1656 2354 1712 quam
2408 1645 2677 1700 hominem
2732 1657 2938 1718 putant.
2989 1649 3094 1704 Ista
3143 1651 3363 1710 haeresis
3411 1657 3507 1711 ali-

1919 1732 2130 1801 quando
2154 1735 2429 1805 cujusdam
2460 1739 2768 1796 Artemonis
2799 1743 2818 1772 ²
2849 1743 2982 1797 fuit:
3017 1745 3109 1799 sed
3131 1760 3250 1800 cum
3276 1747 3504 1803 defecis-

1919 1833 2032 1890 set,
2063 1824 2354 1882 instaurata
2385 1837 2468 1884 est
2495 1843 2524 1882 a
2577 1830 2743 1886 Paulo
2767 1874 2781 1898 ,
2811 1842 2866 1888 et
2892 1843 3074 1904 postea
3120 1837 3196 1892 sic
3222 1852 3252 1892 a
3277 1839 3507 1908 Pbotino

1919 1915 2264 1985 conﬁrmata,
2299 1927 2357 1973 ut
2400 1919 2701 1976 Photiniani
2754 1940 2910 1994 quam
2952 1926 3193 1982 Pauliani
3241 1929 3507 1986 celebrius

1920 2019 2316 2078 nuncupentur.
2371 2010 2506 2066 lstos
2535 2028 2665 2068 sane
2698 2014 2978 2072 Paulianos
3008 2019 3353 2087 baptizandus
3381 2035 3504 2076 esse

1919 2097 1972 2151 in
2019 2099 2257 2154 Ecclesia
2305 2103 2564 2158 catholica
2607 2104 2830 2166 Nicazno
2877 2109 3105 2162 concilio
3159 2111 3505 2165 constitutum

1917 2199 2022 2246 est.
2079 2191 2228 2246 Unde
2255 2193 2582 2250 credendum
2611 2205 2832 2252 est-eos
2871 2201 3109 2268 regulam
3167 2201 3506 2271 Baptismatis

1917 2299 2022 2340 non
2055 2291 2260 2354 tenere,
2289 2303 2446 2356 quam
2477 2303 2657 2344 secum
2685 2290 2837 2344 multi
2869 2292 3108 2346 haeretici
3155 2309 3273 2348 cum
3305 2294 3373 2349 de
3401 2295 3504 2349 Ca-

1917 2375 2117 2430 tholica
2143 2377 2484 2434 discederent
2508 2380 2877 2446 abstulerunt,
2933 2398 3156 2454 eamque
3181 2385 3502 2440 custodiunt.

1991 2466 2153 2522 XLV.
2180 2467 2454 2524 Puormus
2503 2471 2570 2525 ab
2623 2471 2918 2542 Epiphanio
2949 2489 3054 2528 non
3100 2477 3354 2530 continuo
3385 2485 3508 2546 post

1917 2559 2140 2615 Paulum
2185 2561 2298 2616 sive
2325 2577 2445 2615 cum
2494 2562 2691 2629 Paulo,
2746 2565 2842 2619 sed
2883 2565 3002 2619 aliis
3031 2566 3358 2635 interpositis
3405 2583 3506 2637 po-

1916 2651 2080 2706 nitur.
2108 2650 2222 2704 Non
2285 2661 2490 2706 tacetur
2523 2667 2651 2708 sane
2714 2654 2903 2709 similia
2955 2655 3284 2711 credidisse:
3315 2673 3505 2712 secun-

1917 2740 2042 2795 dum
2073 2741 2272 2811 aliquid
2303 2750 2480 2797 tamen
2508 2744 2817 2800 adversatus
2849 2746 2898 2801 ei
2952 2745 3174 2812 dicitur;
3227 2747 3322 2802 sed
3373 2747 3500 2818 quid

1917 2832 1985 2886 sit
2013 2834 2181 2902 ipsum
2211 2833 2407 2902 aliquid
2430 2875 2443 2896 ,
2493 2836 2711 2890 omnino
2737 2851 2840 2890 non
2865 2837 3077 2892 dicitur.
3119 2838 3381 2894 Philaster
3406 2855 3510 2893 au-

1919 2931 2026 2979 tem
2057 2924 2406 2978 eontinuatim
2434 2926 2584 2994 ponit
2611 2929 2796 2982 ambos
2823 2929 2922 2982 sub
2942 2929 3172 2999 singulis
3199 2939 3252 2984 et
3279 2931 3507 3000 propriis

1919 3018 2187 3082 numeris,
2217 3017 2366 3086 quasi
2411 3017 2641 3072 haereses
2669 3020 2834 3086 duas,
2887 3035 3007 3074 cum
3038 3021 3178 3076 dicat
3223 3021 3506 3077 Photinum

1919 3109 1972 3162 in
1997 3110 2243 3163 omnibus
2268 3109 2416 3164 Pauli
2445 3121 2686 3164 secutum
2719 3111 2882 3166 fuisse
2911 3112 3228 3167 doctrinam.

1990 3201 2173 3256 XLVI.
2201 3201 2475 3257 Mamcum
2503 3219 2532 3257 a
2563 3205 2792 3274 quodam
2838 3205 3001 3260 Persa
3033 3208 3348 3262 exstiterunt
3371 3249 3386 3274 ,
3417 3208 3507 3278 qui

1917 3297 2246 3349 vocabantur
2275 3296 2455 3350 i‘lanes
2480 3314 2494 3350 :
2535 3299 2777 3366 quamvis
2804 3307 2858 3352 et
2901 3301 3074 3368 ipsum
3096 3341 3110 3364 ,
3143 3316 3262 3354 cum
3291 3304 3408 3371 ejus
3435 3303 3510 3356 in-

1918 3403 2046 3444 sana
2075 3389 2315 3444 doctrina
2343 3389 2594 3460 coepisset
2639 3391 2692 3445 in
2731 3392 2932 3446 Grzecia
2971 3393 3286 3462 praedicari,
3335 3394 3506 3448 Mani-

1919 3483 2124 3538 clncum
2180 3483 2426 3553 discipuli
2481 3483 2596 3554 ejus
2647 3485 2914 3554 appellare
2963 3489 3299 3555 maluerunt,
3355 3487 3510 3542 devi«

1920 3581 2092 3627 tantes
2135 3587 2330 3628 nomen
2383 3574 2623 3628 insaniae.
2672 3573 2823 3629 Unde
2868 3575 3083 3645 quidam
3129 3591 3313 3631 eorum
3355 3578 3508 3647 quasi

1919 3664 2220 3732 doctiores,
2263 3673 2317 3719 et
2363 3680 2428 3720 eo
2473 3668 2588 3736 ipso
2617 3667 3012 3734 mendaciores,
3060 3671 3326 3738 geminata
3355 3685 3388 3723 Ν
3415 3671 3508 3723 lit-

1921 3764 2066 3822 tera,
2123 3756 2510 3818 Mannichzeum
2553 3767 2780 3824 vocant,
2838 3759 2989 3828 quasi
3036 3773 3230 3814 manna
3277 3758 3508 3818 funden-

1920 3859 2029 3905 tem
2077 3849 2123 3902 ³.
2171 3848 2276 3902 Iste
2322 3847 2429 3902 duo
2469 3849 2724 3920 principia
2765 3850 2904 3909 inter
2945 3865 3006 3908 se
3054 3851 3266 3910 diversa
3307 3864 3362 3910 et
3412 3855 3509 3910 ad-

1923 3954 2099 4005 versa,
2129 3940 2422 4014 eademque
2447 3947 2646 3998 mter-na
2668 3946 2722 3997 e‘t
2749 3951 3037 4010 coccterna,
3066 3943 3168 3999 hoc
3193 3953 3274 4000 est
3298 3961 3512 4016 semper

1921 4035 2125 4106 fuisse,
2181 4039 2480 4109 composuit
2531 4055 2545 4092 :
2599 4035 2838 4107 duasque
2908 4045 3124 4092 naturas
3178 4047 3334 4110 atque
3383 4040 3510 4094 sub-

1922 4131 2177 4198 stantias,
2227 4130 2350 4185 boni
2381 4129 2582 4184 scilicet
2628 4137 2682 4184 et
2709 4129 2870 4193 mali,
2919 4145 3152 4200 sequens
3191 4131 3326 4186 alios
3369 4131 3512 4185 anti-

1925 4237 2060 4293 quos
2081 4222 2394 4290 hmoticos,
2445 4222 2690 4292 Opinatus
2742 4231 2845 4276 est.
2887 4221 3292 4288 Quaruminter
3317 4239 3376 4278 se
3413 4239 3514 4293 pu-

1922 4329 2082 4384 gnam
2103 4323 2156 4368 et
2184 4314 2639 4378 commixtionem,
2670 4321 2724 4367 et
2743 4313 2866 4367 boni
2889 4329 2919 4366 a
2939 4315 3079 4368 malo
3109 4315 3474 4384 purgationem
3493 4359 3508 4385 ,

1923 4414 1979 4460 et
2009 4405 2133 4458 boni
2155 4404 2300 4474 quod
2329 4403 2540 4474 purgari
2569 4418 2673 4458 non
2701 4404 2928 4473 poterit,
2957 4419 3078 4459 cum
3107 4406 3251 4460 man
3278 4407 3330 4460 in
3353 4415 3511 4462 teter-

1924 4515 2052 4554 num
2083 4497 2518 4564 damnationem,
2569 4497 2864 4553 secundum
2902 4513 2997 4553 sua
3026 4499 3272 4570 dogmata
3300 4515 3515 4556 asseve—

1925 4601 2142 4657 rantes,
2179 4593 2346 4648 multa
2373 4591 2710 4660 fabulantur,
2760 4608 2881 4664 quae
2909 4601 3096 4648 cuncta
3124 4594 3364 4651 intexere
3393 4595 3516 4651 huic

1927 4799 2119 4860 priores
2139 4808 2235 4860 non
2259 4795 2321 4844 ab
2344 4793 2518 4844 eodem
2540 4795 2752 4857 Origene
2768 4794 3068 4856 Adamantio,
3086 4794 3176 4846 sed
3203 4797 3263 4845 ab
3278 4795 3372 4846 alio
3407 4809 3519 4860 pro-

1927 4859 2081 4912 fectus
2095 4859 2344 4908 crederes.

1997 4948 2014 4978 ι
2053 4953 2282 5010 veterum
2306 4944 2522 5010 codicum
2557 4945 2842 5010 auctoritate
2872 4947 3169 5010 removimus
3189 4945 3318 5010 quod
3341 4948 3392 4995 in
3430 4957 3522 5010 ex-g

1932 5010 2061 5072 cusis
2085 5008 2162 5056 hic
2183 5007 2449 5072 addebatur
2473 5021 2488 5072 _:
2523 5026 2545 5052 (ι
2563 5009 2682 5072 Dicit
2703 5016 2945 5070 praeterea
2979 5009 3083 5072 ipse
3107 5007 3360 5071 Origenes,
3393 5009 3522 5072 quod

1941 5088 1964 5118 α
1987 5071 2130 5119 Filius
2146 5071 2240 5132 hei
2264 5069 2442 5118 sanctis
2473 5069 2751 5132 hominibus
2771 5069 3090 5132 comparatus,
3115 5069 3294 5120 veritas
3312 5069 3522 5130 sit;'Pa-

1941 5150 1964 5180 α
1989 5135 2048 5182 tri
2085 5129 2306 5190 collatus,
2339 5131 2642 5194 mendacium
2681 5147 2692 5180 :
2737 5141 2790 5183 et
2821 5129 3051 5194 quantum
3078 5129 3272 5181 distant
3315 5129 3524 5194 Apestoli

1943 5211 1964 5241 ei
1987 5196 2188 5252 Christo,
2215 5201 2402 5243 tantum
2424 5193 2569 5244 Filius
2600 5197 2737 5245 Patri.
2765 5193 2896 5244 Unde
2919 5209 3012 5244 nec
3033 5194 3243 5242 orandus
3276 5193 3365 5244 est
3386 5195 3526 5245 Filius

1944 5274 1966 5302 ει
1989 5269 2100 5305 cum
2123 5262 2282 5320 Patre,
2307 5257 2420 5320 quia
2459 5271 2554 5306 non
2580 5265 2658 5308 est
2691 5265 2856 5306 auctor
2893 5255 3298 5317 indulgendarum
3331 5259 3525 5319 petitio-

1945 5335 1968 5364 α
1989 5331 2121 5390 num,
2146 5318 2235 5366 sed
2253 5318 2560 5390 supplicator.
2580 5337 2624 5390 an
2710 5389 2715 5390 ῖ
2746 5383 2756 5390 _
2817 5388 2852 5390 η
2997 5386 3004 5390 _
3039 5385 3049 5390 _
3197 5378 3207 5390 .

2000 5382 2020 5412 ³
2055 5388 2104 5428 ιη
2131 5383 2342 5438 excusis,
2373 5381 2642 5431 artemonii.
2667 5389 2723 5432 At
2745 5383 2792 5430 in
2817 5388 2942 5440 Mss.,
2967 5381 3247 5432 Artemonis.

2003 5443 2130 5508 {sic
2145 5443 2340 5492 omnino
2357 5443 2520 5508 ferunt
2685 5452 2740 5508 Al.
2763 5442 2896 5500 editi,
2919 5440 3138 5508 coepisset
3154 5457 3324 5495 nomen
3344 5444 3548 5508 prtedt-'

1939 5503 2046 5569 cari
2074 5516 2228 5569 {nam
2245 5503 2444 5569 antehac
2476 5506 2674 5569 Urbicus
2699 5503 3114 5569 (imo,,Cubgric_ns,
3141 5521 3212 5569 ex
3249 5503 3524 5569 Epiphanio,

1939 5567 2060 5615 haer.
2088 5565 2170 5636 66)
2194 5567 2464 5636 uocabatur.
2501 5569 2589 5638 sed
2623 5567 2673 5638 in
2702 5567 2888 5638 Gnatia
2921 5567 3150 5638 discipuli
3191 5565 3296 5638 ejus
3333 5565 3532 5618 hilaritas

1940 5641 2114 5695 nomen
2135 5627 2351 5695 itts'aniw,
2377 5628 2514 5690 quasi
2533 5628 2784 5695 doctiores,
2806 5636 2850 5678 et
2873 5643 2928 5680 eo
2949 5627 3054 5695 ipso
3073 5627 3417 5695 mendaciores,
3445 5643 3532 5695 ge-

1941 5690 2123 5741 minata
2161 5703 2192 5753 n
2223 5689 2412 5753 littera,
2439 5689 2802 5753 altumirlucum,
2848 5689 2986 5750 quasi
3021 5705 3196 5742 numna
3232 5689 3530 5753 fmulentém,

1941 5767 2042 5824 pro
2055 5751 2336 5824 mantelum,
2359 5750 2412 5803 id
2433 5757 2502 5806 est
2525 5751 2708 5816 insano,
2743 5753 3118 5818 appellaverunt.
3159 5750 3252 5805 Iste
3275 5753 3372 5806 duo
3394 5750 3529 5824 priné

1942 5816 2089 5882 cipia,
2105 5821 2199 5864 etc.
