4054 6452
537 333 610 396 δε

541 441 691 513 operi
721 441 884 499 nimis
920 441 1140 512 longum
1188 445 1290 495 est.
1323 435 1404 494 Ex
1449 434 1536 492 nis
1568 445 1748 491 autem
1799 434 1912 490 suis
1939 431 2130 488 fabulis

541 537 696 594 vanis
735 546 896 606 atque
935 535 1111 605 impiis
1157 539 1419 602 coguntur
1448 529 1622 585 dicere
1643 569 1658 594 ,
1688 526 1894 582 animas
1925 526 2124 591 bonas,

541 645 673 704 quas
702 637 924 686 censent
951 628 1020 692 ab
1049 627 1344 682 animarum
1393 621 1653 676 malarum
1683 628 1887 673 natura:
1925 617 2129 672 scilicet

546 721 829 778 contraria:
857 718 1235 784 commixtione
1267 711 1600 778 liberandas,
1637 710 1753 780 ejus
1795 709 1947 780 cujus
1986 708 2128 764 Deus

544 821 628 868 est
656 825 777 866 esse
798 819 1020 866 naturae.
1050 806 1279 863 Proinde
1299 801 1557 859 mundum
1582 816 1614 858 a
1642 809 1828 856 natura
1854 801 2002 867 boni,
2025 800 2128 855 hoc

540 911 659 966 est,
689 911 934 975 a'natura
967 901 1060 955 Dei
1091 898 1285 952 factum
1311 935 1325 960 ,
1377 894 1698 950 confitentur
1743 891 1987 962 quidem,
2032 891 2126 948 sed

539 992 606 1051 de
633 988 1017 1048 commixtione
1043 988 1167 1044 boni
1189 995 1243 1042 et
1279 985 1439 1054 mali,
1471 999 1589 1054 quae
1618 982 1753 1040 facta
1777 993 1887 1052 est,
1915 983 2126 1054 quando

539 1084 680 1141 inter
711 1098 770 1138 se
796 1091 1023 1151 utraque
1048 1088 1236 1134 natura
1258 1077 1530 1148 pugnavit.
1566 1075 1738 1142 Ipsam
1763 1089 1891 1132 vero
1940 1075 2065 1130 boni
2094 1089 2126 1130 a

542 1175 685 1229 malo
726 1171 1091 1244 purgationem
1117 1184 1181 1224 ac
1223 1168 1596 1224 liberationem
1622 1208 1636 1234 ,
1681 1180 1787 1222 non
1827 1166 1999 1222 solum
2031 1181 2127 1237 per

541 1274 708 1321 totum
737 1263 990 1319 mundum
1023 1270 1075 1318 et
1095 1261 1161 1317 de
1183 1261 1432 1317 omnibus
1453 1261 1569 1330 ejus
1595 1259 1876 1316 elementis
1902 1258 2125 1314 virtutes

538 1358 632 1416 Dei
663 1359 678 1388 ¹
726 1357 900 1411 facere
927 1355 1138 1420 dicunt,
1171 1368 1353 1408 verum
1403 1352 1563 1408 etiam
1616 1351 1830 1407 Eiectos
1873 1365 2000 1406 suos
2031 1365 2126 1420 per

537 1450 789 1506 alimenta
814 1464 932 1520 qua;
958 1453 1193 1502 sumunt.
1229 1446 1297 1500 Et
1317 1446 1625 1516 eis.quippe
1649 1444 1942 1511 alimentis,
1990 1444 2126 1499 sicut

536 1543 786 1598 universo
838 1539 1071 1605 mundo,
1131 1539 1227 1594 Dei
1278 1538 1629 1594 substantiam
1675 1538 1958 1607 perhibent
2006 1551 2126 1593 esse

535 1633 884 1700 commixtam
914 1651 926 1683 :
957 1645 1118 1701 quam
1146 1630 1362 1701 purgari
1390 1638 1579 1700 putant
1611 1630 1662 1684 in
1692 1629 1894 1685 Electis
1919 1628 2028 1684 suis
2061 1644 2125 1684 eo

535 1739 734 1796 genere
761 1724 884 1778 vitae
903 1765 916 1790 ,
947 1737 1055 1793 quo
1075 1723 1260 1778 vivunt
1297 1723 1466 1778 Electi
1499 1721 1911 1778 Manichaeorum
1935 1762 1950 1788 ,
1981 1721 2127 1777 velut

534 1819 772 1882 sanctius
801 1823 856 1871 et
880 1814 1230 1872 excellentius
1278 1813 1627 1878 Auditoribus
1674 1815 1808 1871 suis.
1850 1808 1996 1868 'Nam
2042 1812 2126 1869 his

536 1906 744 1976 duabus
767 1906 1188 1979 professionibus
1205 1948 1220 1974 ,
1247 1907 1350 1961 hoc
1375 1915 1460 1963 est
1484 1907 1790 1964 Electorum
1821 1915 1874 1962 et
1905 1905 2126 1961 Audito-

533 2011 652 2058 rum
675 2039 692 2067 ,
722 1998 1016 2054 Ecclesiam
1043 2013 1194 2053 suam
1225 2005 1472 2054 constare
1493 1997 1792 2053 voluerunt.
1818 1995 1876 2051 ln
1917 1997 2126 2052 caeteris

534 2097 712 2150 autem
748 2088 1053 2146 hominibus
1074 2130 1090 2158 ,
1121 2089 1284 2144 etiam
1333 2088 1388 2144 in
1427 2087 1559 2158 ipsis
1595 2087 1946 2143 Auditoribus
1974 2087 2085 2142 suis
2108 2129 2122 2152 ,

535 2179 674 2236 hanc
703 2189 909 2250 partem
945 2180 1100 2236 bonae
1131 2180 1434 2250 divinaeque
1469 2179 1779 2236 substantiae
1817 2193 1936 2249 quae
1961 2178 2126 2233 mixta

535 2280 592 2330 et
615 2272 860 2341 colligata
884 2271 936 2328 in
965 2271 1103 2326 escis
1126 2278 1184 2326 et
1207 2270 1419 2342 potibus
1447 2269 1715 2326 detinetur
1733 2309 1752 2336 ,
1791 2270 2128 2339 maximeque

537 2365 595 2418 in
616 2363 696 2420 eis
722 2363 815 2434 qui
841 2370 1102 2434 generant
1129 2362 1298 2430 filios,
1321 2362 1521 2418 arctius
1549 2370 1604 2418 et
1627 2361 1950 2432 inquinatius
1972 2363 2126 2416 colli...

535 2456 650 2528 gari
676 2461 882 2524 putant.
902 2453 1175 2524 Quidquid
1201 2467 1330 2510 vero
1353 2453 1588 2523 undique
1607 2461 1862 2523 purgatur
1885 2453 2122 2521 luminis,

535 2561 634 2618 per
655 2545 909 2617 quasdam
933 2559 1114 2613 naves,
1138 2560 1272 2617 quas
1294 2561 1416 2602 esse
1441 2547 1620 2601 lunam
1650 2554 1706 2600 et
1732 2546 1900 2621 solem
1920 2546 2122 2614 volunt,

533 2650 700 2711 regno
727 2639 819 2695 Dei
845 2680 860 2707 ,
886 2648 1134 2710 tanquam
1161 2638 1392 2708 propriis
1413 2638 1631 2694 sedibus
1652 2637 1823 2694 reddi.
1848 2637 1992 2704 Quas
2034 2637 2124 2692 iti-

533 2729 659 2794 dem
679 2745 840 2788 naves
861 2730 930 2785 de
953 2731 1251 2786 substantia
1280 2731 1374 2786 Dei
1411 2744 1542 2799 pura
1567 2729 1851 2798 perhibent
1893 2729 2124 2785 fabrica-

536 2829 637 2880 tas.
667 2821 974 2892 Lucemque
1001 2822 1159 2876 istam
1196 2836 1506 2891 corpoream
1537 2822 1885 2878 animantium
1926 2831 2126 2878 morta-

534 2911 662 2978 lium
691 2912 860 2968 oculis
883 2911 1251 2982 adiacentem,
1289 2927 1397 2968 non
1439 2913 1614 2968 solum
1659 2913 1715 2968 in
1740 2914 1824 2966 his
1858 2914 2082 2968 navibus
2107 2956 2123 2980 ,

536 3003 624 3060 ubi
653 3019 772 3060 eam
820 3004 1164 3075 purissimam
1216 3003 1476 3070 credunt,
1505 3019 1692 3060 verum
1722 3004 1882 3060 etiam
1915 3005 1969 3059 in
2008 3005 2128 3060 aliis

534 3099 834 3168 quibusque
861 3098 1050 3154 lucidis
1077 3098 1238 3155 rebus
1261 3138 1276 3164 ,
1306 3098 1394 3152 ubi
1428 3097 1724 3154 secundum
1754 3098 1897 3167 ipsos
1921 3108 2127 3152 tenetur

535 3188 802 3263 admixta,
833 3189 1176 3258 crediturque
1206 3191 1478 3260 purganda
1505 3231 1520 3256 ,
1553 3189 1650 3245 Dei
1675 3189 1859 3246 dicunt
1885 3205 2006 3245 esse
2033 3206 2127 3245 na-

535 3289 727 3336 turam.
757 3282 1001 3353 Quinque
1041 3282 1184 3338 enim
1215 3283 1481 3338 elementa
1507 3298 1626 3354 qua:
1651 3291 1948 3353 genuerunt
1974 3284 2124 3353 prin-

535 3373 683 3443 cipes
725 3375 1010 3444 proprios,
1052 3375 1198 3445 genti
1241 3375 1480 3430 tribuunt
1527 3375 1908 3430 tenebrarum:
1958 3390 2126 3446 eaque

536 3463 798 3520 elementa
849 3465 934 3520 his
962 3466 1268 3521 nominibus
1296 3474 1638 3535 nuncupant,
1682 3465 1884 3522 fumum
1905 3507 1920 3533 ,
1972 3475 2124 3522 tene-

534 3554 658 3613 bras
679 3598 694 3624 ,
724 3558 901 3630 ignem
925 3599 939 3625 ,
968 3574 1158 3629 aquam
1180 3601 1195 3626 ,
1223 3570 1459 3615 ventum.
1492 3559 1550 3614 ln
1590 3558 1737 3614 fumo
1765 3568 1887 3613 nata
1914 3559 2122 3614 anima-

535 3647 604 3712 lia
631 3650 874 3724 bipedia,
899 3650 1039 3708 unde
1069 3651 1316 3707 homines
1341 3652 1538 3707 ducere
1563 3652 1821 3722 originem
1859 3659 2121 3716 censent;

532 3737 588 3795 in
635 3740 903 3807 tenebris,
946 3742 1248 3811 serpentia;
1302 3743 1355 3796 in
1407 3743 1564 3812 igne,
1611 3741 2013 3811 quadrupedia;
2069 3741 2126 3795 in

419 3854 430 3861 --
479 3865 488 3869 -
533 3832 721 3900 aquis,
779 3831 1054 3894 .natatilia;
1100 3832 1153 3885 in
1206 3841 1400 3898 vento,
1444 3831 1696 3886 volatilia.
1750 3832 1842 3887 His
1891 3832 2125 3901 quinque

532 3922 810 3978 elementis
855 3923 1006 3977 malis
1037 3923 1364 3978 debellandis
1429 3923 1532 3979 alia
1581 3925 1812 3993 quinque
1861 3923 2126 3980 elementa

533 4012 602 4068 de
639 4028 800 4084 regno
845 4023 900 4069 et
928 4014 1218 4068 substantia
1276 4015 1368 4070 Dei
1421 4015 1581 4069 missa
1629 4029 1782 4082 esse,
1832 4023 1886 4075 et
1933 4015 1987 4068 in
2035 4013 2124 4070 illa

533 4118 708 4176 pugna
764 4104 930 4159 fuisse
986 4104 1282 4175 permixta;
1354 4103 1498 4160 fumo
1537 4118 1694 4170 aera,
1749 4104 1980 4160 tenebris
2037 4105 2120 4160 lu-

534 4214 651 4254 cem
679 4240 696 4266 ,
728 4199 835 4268 igni
882 4199 1023 4254 malo
1053 4200 1226 4269 ignem
1268 4198 1496 4264 bonum,
1548 4213 1698 4268 aqua:
1739 4198 1892 4252 malae
1930 4212 2121 4268 aquam

535 4289 769 4356 bonam,
827 4299 988 4346 vento
1029 4291 1174 4345 malo
1205 4301 1421 4346 ventum
1454 4291 1674 4345 bonum.
1729 4290 1900 4344 Naves
1943 4299 2122 4344 autem

531 4382 654 4438 illas
674 4425 688 4449 ,
713 4381 766 4440 id
795 4391 879 4437 est
897 4423 913 4451 ,
936 4381 1044 4436 duo
1069 4382 1197 4437 caeli
1226 4382 1502 4436 luminaria
1526 4422 1541 4445 ,
1567 4381 1638 4435 ita
1669 4380 2032 4450 distinguunt,
2067 4389 2123 4435 ut

531 4472 711 4532 lunam
734 4473 916 4529 dicant
942 4472 1134 4530 factam
1157 4487 1222 4527 ex
1271 4473 1408 4528 bona
1433 4487 1567 4543 aqua
1594 4515 1608 4539 ,
1657 4474 1823 4528 solem
1877 4488 2006 4528 vero
2053 4487 2120 4528 ex

531 4565 653 4638 igne
699 4565 862 4628 bono.
893 4565 1027 4632 Esse
1056 4573 1232 4620 autem
1265 4566 1316 4619 in
1344 4565 1422 4622 eis
1453 4566 1674 4620 navibus
1715 4574 1928 4621 sanctas
1954 4566 2122 4620 virtu-

530 4667 646 4724 tes,
691 4673 812 4728 quae
859 4673 917 4712 se
959 4658 1010 4712 in
1053 4659 1320 4713 masculos
1355 4657 1759 4729 transﬁgurant,
1800 4668 1858 4712 ut
1900 4658 2121 4713 illiciant

529 4751 764 4816 feminas.
779 4751 952 4823 gentis
977 4750 1216 4806 adversm
1237 4792 1250 4815 ,
1280 4759 1332 4805 et
1358 4765 1544 4807 rursus
1574 4752 1625 4804 in
1649 4751 1872 4806 feminas
1893 4791 1908 4817 ,
1934 4759 1991 4804 ut
2017 4750 2120 4805 illi-

529 4843 670 4896 ciant
690 4841 952 4896 masculos
978 4841 1215 4911 ejusdem
1242 4843 1412 4913 gentis
1437 4841 1673 4896 adversae
1695 4843 1714 4873 ²
1741 4859 1756 4906 ;
1781 4851 1836 4897 et
1863 4856 1956 4910 per
1979 4841 2119 4897 hanc

527 4934 836 4993 illecebram
861 4941 1130 4990 commota
1155 4949 1340 4989 eorum
1385 4934 1810 5002 concupiscentia
1860 4934 2020 5002 fugiat
2046 4933 2116 4990 de

528 5025 633 5082 illis
657 5027 832 5083 lumen
850 5069 864 5095 ,
889 5027 1029 5098 quod
1058 5029 1310 5084 membris
1339 5028 1449 5082 suis
1478 5029 1795 5097 permixtum
1824 5029 2114 5098 tenebant,

534 5127 582 5175 et
604 5120 929 5190 purgandum
957 5122 1273 5191 suscipiatur
1301 5123 1368 5175 ab
1397 5121 1600 5192 angelis
1620 5121 1770 5188 lucis,
1802 5132 2118 5193 purgatum-

530 5224 634 5281 que
657 5212 767 5268 illis
806 5215 1029 5270 navibus
1057 5216 1359 5285 imponatur
1383 5215 1450 5270 ad
1479 5229 1638 5284 regna
1670 5216 1886 5285 propria
1928 5231 2114 5286 repor-

591 5391 606 5417 ι
643 5385 786 5450 editi,
800 5384 1023 5437 uirtutem
1046 5386 1150 5438 Dei.
1177 5385 1343 5437 Melius
1363 5393 1488 5443 Mss,
1513 5385 1707 5450 tirtptes
1733 5393 1820 5450 De:
1850 5398 1866 5436 :
1890 5397 2010 5450 quas
2035 5388 2110 5435 ni-

529 5449 702 5516 mirum
718 5449 837 5497 infra
863 5451 1096 5516 Manicbazi
1127 5451 1292 5516 dicunt
1315 5462 1427 5498 esse
1460 5450 1508 5497 in
1546 5448 1648 5497 sole
1675 5457 1725 5516 et
1750 5447 1860 5516 luna
1884 5447 2112 5516 tanquam

525 5510 576 5560 in
597 5510 782 5560 duabus
805 5513 1007 5559 navibus
1030 5518 1215 5561 sanctas
1238 5512 1447 5561 virtutes.
1489 5512 1746 5560 (τίηλιυις-νίὶεη
1785 5512 1832 5558 in
1883 5510 2110 5569 Angicnsi

525 5572 794 5633 exemplari
821 5582 961 5622 vetus
983 5573 1065 5621 ille
1089 5574 1151 5622 dc
1175 5576 1448 5622 tiaircsibus
1483 5575 1622 5630 liber,
1662 5587 1810 5635 (ptem
1837 5574 1982 5621 indito
2021 5585 2107 5620 uo-

523 5635 656 5696 triinc
681 5635 1006 5696 Praedcstinati
1030 5635 1286 5696 publicavit
1308 5638 1511 5685 Jacobus
1533 5635 1830 5694 siruiondus;
1847 5636 1930 5696 qui
1945 5643 2108 5684 tamen

523 5693 616 5746 hoc
637 5695 742 5745 loco
763 5695 982 5746 virtutem
1007 5693 1095 5747 Dei
1118 5697 1284 5746 edidit.

586 5760 606 5788 ει
630 5765 750 5822 meo
787 5771 898 5819 pars
940 5760 1239 5822 sententias,
1259 5766 1305 5809 et
1329 5771 1617 5810 rursus......
1654 5758 1803 5822 gentis
1847 5758 2062 5822 adversa:
2089 5792 2106 5820 ι

520 5819 794 5874 restituitur
840 5833 904 5869 cx
929 5827 1029 5869 Mss.
1059 5821 1174 5870 vide
1199 5820 1375 5870 librum
1397 5822 1458 5871 de
1490 5819 1671 5875 natura
1683 5822 1810 5884 Boni,
1836 5834 1941 5886 cap.
1963 5821 2039 5872 44.

1671 324 1759 382 DE
1800 315 2227 386 H/ERESIBUS,
2270 318 2329 375 S.
2371 320 2736 382 AUGUSTINI

3770 334 3842 392 56

2241 434 2480 490 tandum.
2513 437 2626 504 Qua
2663 438 2976 508 occasione,
3017 439 3102 496 vel
3137 441 3314 512 potius
3339 443 3698 503 exsecrabilis
3743 463 3838 504 su-

2237 529 2566 599 perstitionis
2593 533 2817 612 quadam
2848 535 3194 598 necessitate,
3221 544 3484 606 coguntur
3527 538 3701 594 Electi
3727 555 3826 595 eo-

2235 638 2354 677 rum
2402 624 2547 678 velut
2609 625 2984 680 eucharistiam
3045 642 3385 697 conspet‘sam
3443 645 3562 684 cum
3612 634 3827 691 semine

2235 713 2469 770 humano
2497 731 2738 783 sumere,
2771 725 2828 771 ut
2852 717 3010 772 etiam
3048 718 3203 785 inde,
3245 719 3382 774 sicut
3423 720 3490 776 de
3531 722 3649 777 aliis
3686 725 3826 780 cibis

2233 821 2374 876 quos
2398 808 2704 876 accipiunt,
2735 808 3029 863 substantia
3075 809 3162 862 illa
3194 809 3370 865 divina
3399 822 3670 882 purgetur.
3715 815 3826 870 Sed

2233 898 2336 954 hoc
2353 915 2410 955 se
2438 899 2612 955 facere
2631 911 2845 972 negant,
2879 910 2933 958 et
2960 903 3091 955 alios
3113 903 3292 957 nescio
3318 919 3455 974 quos
3479 907 3578 961 sub
3603 908 3829 963 nomine

2232 992 2643 1048 Manichaeorum
2687 994 2860 1049 facere
2902 993 3188 1049 affirmant.
3227 996 3428 1050 Delecti
3473 1007 3592 1052 sunt
3639 1007 3828 1054 tamen

2232 1082 2285 1136 in
2308 1085 2534 1140 ecclesia
2555 1126 2569 1151 ,
2600 1085 2738 1139 sicut
2766 1086 2870 1140 scis
2891 1127 2904 1152 ,
2936 1086 3074 1156 apud
3098 1086 3472 1157 Carthaginem
3491 1128 3505 1153 ,
3537 1089 3645 1158 jam
3673 1100 3725 1145 te
3755 1091 3828 1144 ibi

2231 1174 2458 1230 diacono
2487 1177 2810 1243 constituto,
2857 1177 3069 1246 quando
3121 1178 3353 1232 instante
3395 1179 3531 1233 Urso
3564 1180 3784 1236 tribuno
3809 1223 3825 1248 ,

2232 1269 2320 1339 qui
2345 1277 2472 1324 tunc
2497 1269 2678 1324 domui
2704 1270 2865 1341 regia:
2889 1271 3118 1340 prmfuit,
3139 1273 3298 1342 aliqui
3326 1271 3535 1326 adducti
3558 1281 3686 1328 sunt
3705 1273 3783 1345 (a)
3822 1293 3830 1331 :

2231 1359 2319 1415 ubi
2349 1360 2525 1429 puella
2555 1362 2772 1415 nomine
2808 1360 3091 1432 Margarita
3120 1362 3275 1416 istam
3304 1363 3559 1416 nefariam
3593 1365 3833 1435 turpitu-

2232 1450 2410 1508 dinem
2443 1451 2714 1521 prodidit,
2745 1467 2863 1522 quae
2900 1467 3019 1507 cum
3070 1462 3214 1509 esset
3266 1468 3526 1509 annorum
3582 1455 3830 1510 nondum

2231 1543 2514 1599 duodecim
2538 1586 2552 1612 ,
2583 1552 2803 1615 propter
2831 1545 2933 1600 hoc
2958 1547 3242 1601 scelestum
3274 1548 3583 1617 mysterium
3631 1550 3694 1602 se
3741 1548 3832 1602 di-

2231 1635 2388 1691 cebat
2411 1650 2531 1691 esse
2559 1636 2796 1691 vitiatam
2828 1637 2867 1689 ⁸.
2895 1636 3044 1692 Tunc
3071 1637 3353 1693 Eusebiam
3380 1638 3666 1708 quamdam
3713 1653 3836 1694 ma-

2231 1728 2491 1783 nichaeam
2517 1729 2668 1798 quasi
2697 1728 3180 1795 sanctimonialem,
3213 1729 3441 1799 idipsum
3471 1739 3696 1800 propter
3725 1730 3834 1786 hoc

2231 1821 2406 1891 ipsum
2455 1834 2703 1890 passam,
2732 1820 2821 1875 vix
2851 1820 3106 1890 compulit
3150 1821 3425 1886 confiteri,
3476 1836 3600 1876 cum
3649 1822 3834 1890 primo

2231 1912 2318 1967 illa
2339 1927 2400 1967 se
2419 1912 2745 1968 asseruisset
2773 1913 3028 1982 integram
3050 1951 3065 1977 ,
3095 1919 3255 1981 atque
3293 1912 3360 1966 ab
3417 1911 3710 1966 obstetrice
3741 1913 3834 1966 in-

2231 2003 2362 2073 spici
2378 2003 2701 2074 postulasset
2720 2020 2733 2056 :
2750 2018 2868 2072 quae
2911 2003 3168 2072 inspecta,
3187 2010 3242 2056 et
3267 2001 3392 2072 quid
3413 2010 3555 2056 esset
3579 2003 3830 2070 inventa,

2232 2102 2400 2150 totum
2428 2095 2555 2150 illud
2577 2093 2943 2164 turpissimum
2970 2094 3144 2149 scelus
3167 2135 3182 2160 ,
3216 2093 3305 2148 ubi
3338 2093 3404 2147 ad
3441 2094 3832 2163 excipiendum

2232 2185 2755 2243 ctcommiscendum
2781 2184 3248 2240 concumbentium
3275 2199 3456 2239 semen
3480 2185 3652 2239 farina
3706 2185 3832 2241 sub-

2231 2277 2666 2347 sternitur(quod
2688 2277 2966 2347 Margarita
2995 2276 3259 2332 indicante
3285 2276 3476 2332 absens
3497 2290 3604 2331 non
3637 2276 3834 2332 audie-

2232 2369 2369 2440 rat),
2400 2369 2646 2425 similiter
2670 2367 2943 2424 indicavit.
2977 2369 3044 2422 Et
3068 2367 3270 2422 recenti
3299 2375 3539 2438 tempore
3567 2367 3828 2423 nonnulli

2231 2476 2417 2519 eorum
2443 2461 2674 2532 reperti,
2703 2469 2759 2517 et
2809 2460 2876 2516 ad
2925 2459 3208 2516 ecclesiam
3238 2458 3418 2525 ducti,
3476 2460 3616 2514 sicut
3660 2458 3832 2514 Gesta

2231 2554 2554 2625 episcopalis
2579 2569 2699 2624 qua:
2743 2548 2900 2608 nobis
2937 2552 3161 2607 misistis
3189 2551 3511 2618 ostendunt,
3567 2551 3679 2606 hoc
3719 2565 3836 2606 non

2232 2653 2653 2711 sacramentum,
2686 2645 2779 2699 sed
2805 2651 3266 2700 exsecramentum
3289 2683 3304 2709 ,
3335 2643 3434 2698 sub
3463 2643 3709 2712 diligenti
3743 2642 3831 2702 in-

2233 2737 2591 2808 terrogatione
2645 2733 2877 2790 confessi
2936 2743 3103 2790 sunt:
3147 2748 3374 2804 quorum
3415 2747 3555 2787 unus
3606 2734 3832 2792 nomine

2232 2831 2449 2895 Viator,
2483 2842 2576 2884 eos
2597 2829 2686 2898 qui
2713 2829 2812 2882 ista
2837 2827 3038 2881 faciunt
3066 2826 3282 2896 proprie
3311 2823 3645 2879 Catharistas
3684 2825 3706 2857 ¹
3735 2839 3830 2878 vo-

2231 2922 2341 2978 cari
2365 2921 2578 2987 dicens,
2602 2934 2722 2974 cum
2744 2918 2875 2973 alias
2901 2917 3141 2988 ejusdem
3171 2913 3479 2971 manichaeae
3506 2924 3674 2970 sectae
3705 2930 3832 2985 par-

2235 3023 2315 3069 tes
2345 3014 2397 3067 in
2424 3011 2694 3066 blattarios
2723 3010 2744 3042 ³
2763 3051 2779 3077 ,
2807 3018 2861 3065 et
2883 3009 3186 3080 specialiter
3205 3006 3543 3069 Manichaeos,
3577 3004 3831 3062 distribui

2233 3104 2566 3176 perhiberet,
2595 3116 2779 3158 omnes
2827 3109 3004 3156 tamen
3053 3101 3151 3154 has
3197 3109 3304 3153 tres
3354 3096 3560 3151 formas
3604 3096 3674 3151 ab
3719 3112 3834 3152 uno

2230 3208 2447 3254 auctore
2473 3205 2789 3268 propagatas
2808 3235 2824 3261 ,
2852 3203 2906 3250 et
2929 3207 3118 3248 omnes
3143 3191 3462 3263 generaliter
3490 3189 3834 3245 manichaeos

2231 3305 2353 3345 esse
2373 3331 2388 3356 ,
2418 3303 2614 3360 negare
2638 3302 2744 3342 non
2771 3286 2960 3356 potuit.
2986 3285 3056 3339 Et
3093 3293 3240 3339 certe
3268 3281 3345 3336 illi
3390 3281 3509 3336 libri
3540 3280 3831 3336 manichzei

2232 3391 2355 3437 sunt
2374 3381 2623 3436 omnibus
2643 3379 2758 3434 sine
2803 3377 3133 3432 dubitatione
3153 3388 3496 3439 communes,
3527 3373 3587 3428 in
3634 3373 3828 3443 quibus

2232 3475 2382 3531 libris
2408 3474 2498 3528 illa
2527 3481 2772 3542 portenta
2797 3470 2864 3526 ad
2895 3469 3192 3525 illiciendos
3217 3477 3270 3522 et
3310 3482 3405 3536 per
3431 3466 3829 3534 concupiscen-

2233 3567 2359 3621 tiam
2385 3563 2755 3620 dissolvendos
2786 3562 3060 3630 utriusque
3095 3573 3256 3613 sexus
3278 3557 3545 3627 principes
3577 3556 3829 3612 tenebra-

2230 3672 2383 3721 rum,
2410 3664 2467 3710 ut
2487 3655 2710 3710 liberata
2739 3653 2907 3723 fugiat
2929 3653 2996 3706 ab
3025 3651 3106 3705 eis
3125 3691 3140 3714 ,
3173 3663 3293 3719 quae
3319 3648 3589 3716 captivata
3611 3647 3830 3703 teneba-

2231 3759 2318 3804 tur
2347 3749 2399 3803 in
2427 3748 2505 3802 eis
2533 3746 2714 3801 divina
2737 3742 3030 3800 substantia
3050 3781 3065 3806 ,
3097 3740 3162 3794 de
3189 3738 3550 3792 masculorum
3586 3738 3640 3792 in
3674 3737 3831 3793 femi-

2231 3858 2327 3898 nas
2356 3849 2411 3896 ct
2436 3839 2753 3894 feminarum
2777 3837 2829 3891 in
2858 3833 3121 3889 masculos
3174 3829 3650 3900 transfigurationc
3693 3845 3827 3886 con-

2231 3935 2428 4004 scripta
2454 3941 2596 3996 sunt,
2617 3931 2757 3986 unde
2785 3929 2906 3990 ista,
2925 3939 3084 3996 quam
3107 3922 3329 3992 quilibet
3357 3936 3542 3976 eorum
3577 3923 3778 3991 negant
3804 3919 3828 3952 δ

2233 4026 2301 4082 ad
2331 4041 2391 4081 se
2448 4025 2744 4095 pertinere,
2793 4016 3065 4087 turpitudo
3110 4012 3350 4069 defluxit.
3410 4013 3629 4068 Divinas
3676 4011 3824 4067 enim

2229 4121 2488 4184 virtutes,
2527 4124 2781 4185 quantum
2825 4117 3085 4180 possunt,
3145 4106 3337 4160 imitari
3380 4119 3440 4158 se
3489 4112 3713 4172 putant,
3767 4111 3826 4158 ut

2231 4217 2458 4282 purgent
2507 4207 2601 4260 Dei
2630 4205 2712 4259 sui
2766 4211 3010 4271 partem:
3043 4211 3204 4265 quam
3245 4193 3518 4263 profecto,
3575 4195 3715 4258 sicut
3769 4194 3824 4248 in

2228 4301 2476 4356 omnibus
2501 4295 2814 4365 corporibus
2839 4288 3146 4346 cmlestibus
3168 4295 3224 4341 et
3255 4283 3596 4339 terrestribus
3616 4325 3633 4350 ,
3660 4293 3824 4354 atque

2228 4395 2282 4450 in
2312 4391 2548 4448 omnium
2579 4402 2758 4443 rerum
2789 4381 3116 4444 seminibus,
3150 4377 3222 4431 ita
3273 4385 3328 4431 et
3365 4375 3418 4429 in
3459 4375 3696 4430 hominis
3739 4390 3825 4430 se-

2228 4488 2373 4544 mine
2397 4481 2570 4540 teneri
2594 4479 2903 4536 existimant
2954 4472 3302 4541 inquinatam.
3331 4468 3408 4524 Ac
3459 4482 3555 4536 per
3604 4468 3707 4521 hoc
3733 4480 3822 4520 se-

2229 4579 2411 4651 quitur
2437 4589 2570 4641 eos,
2601 4572 2764 4627 utsic
2813 4582 2935 4624 eam
2976 4565 3135 4620 etiam
3177 4562 3246 4617 de
3288 4559 3494 4616 semine
3542 4559 3822 4625 humano,

2228 4648 2680 4744 quemadmodum
2708 4662 2776 4718 de
2815 4659 2935 4714 aliis
2979 4654 3272 4720 seminibus
3303 4666 3422 4722 quae
3470 4651 3524 4704 in
3553 4648 3823 4704 alimentis

2229 4739 2484 4824 sumunt,
2516 4756 2746 4812 debeant
2773 4744 3144 4806 manducando
3193 4756 3442 4814 purgare.
3471 4739 3629 4797 Unde
3660 4741 3820 4794 etiam

2229 4851 2542 4922 Catliaristaz
2571 4844 2904 4916 appellantur
2923 4881 2938 4906 ,
2966 4835 3116 4908 quasi
3151 4842 3460 4905 purgatores
3481 4873 3496 4896 ,
3528 4837 3673 4884 tanta
3702 4843 3822 4922 eam

2230 4918 2518 5016 purgantes
2539 4935 2810 5007 diligentia
2831 4973 2846 4998 ,
2868 4941 2927 4984 ut
2973 4943 3032 4983 se
3071 4941 3170 4980 nec
3192 4924 3263 4978 ab
3289 4924 3390 4977 hac
3418 4933 3523 4975 tam
3555 4918 3822 4973 horrenda

2229 5037 2335 5096 cibi
2368 5030 2690 5103 turpitudine
2716 5025 3033 5081 abstineant.
3050 5019 3162 5074 Nec
3190 5023 3482 5072 vescuntur
3506 5020 3685 5067 tamen
3705 5024 3820 5065 car-

2296 5176 2313 5206 ί
2347 5143 2420 5221 Sic
2441 5177 2547 5218 Mss.
2572 5165 2692 5216 Editi
2714 5167 2879 5212 autem
2900 5157 3102 5212 habent,
3121 5150 3369 5221 pietatem.

2292 5239 2314 5268 ³
2443 5209 2792 5282 υὲδῖίίἳιδίιῖιῆῐς
2813 5221 2866 5271 id
2891 5225 2959 5283 est
2981 5209 3286 5268 nuutdatorcs
3311 5209 3382 5283 vel
3406 5213 3704 5283 immaturas.

2296 5264 2316 5332 Ξ
2812 5264 3178 5346 audistinam
3221 5264 3418 5344 secutus
3440 5264 3822 5352 cst-asininoan

2230 5364 2279 5412 in
2300 5329 2797 5411 ἐὗδ”ὶῖιεῶὗῖξὲὶῖἷιῖηὸ
2815 5329 2844 5405 ἲ
2852 5329 3148 5412 numquam
3167 5329 3751 5412 eugts'}s_s._s“§9£!31!”
3749 5338 3820 5412 L132

2229 5386 2470 5473 δυρδῗξίὲλιὶι
2481 5386 3270 5475 éﬁliiﬁlii“lirixré‘ﬁfﬁaiiariosf
3281 5386 3496 5475 83:05;
3730 5386 3823 5475 '21}

2233 5447 3030 5536 glistlilnliwiliss.fortin'es.
3057 5471 3237 5536 Nempe
3260 5534 3271 5536 μ
3284 5457 3482 5536 quiat].

2681 5517 3009 5595 appellamur,
3060 5539 3122 5572 ex
3159 5522 3280 5569 libro
3310 5517 3345 5565 ὃ
3380 5523 3546 5564 contra
3583 5517 3820 5567 Faustum,

2229 5624 2334 5670 cap.
2531 5665 2539 5670 Δ
2638 5662 2646 5670 _

2299 5666 2320 5702 ⁸
2356 5677 2417 5718 ita
2443 5662 2650 5714 Vaticani
2674 5658 2770 5706 duo
2789 5662 2891 5703 MSS.

2234 5734 2308 5784 bet
2331 5734 2518 5792 negant,
2546 5733 2639 5774 etc.

2921 5657 2973 5698 At
2997 5647 3132 5704 editi,
3158 5642 3285 5694 unde
3304 5640 3398 5690 ista
3418 5649 3605 5699 eorum,
3627 5627 3817 5698 quandi

2299 5784 2699 5876 (a)"vidmossid.
2743 5802 2793 5851 iu
2817 5799 2920 5852 vita
2946 5792 3210 5857 Augustini,
3239 5799 3346 5852 cap.
3371 5784 3450 5837 ιθ.
