4054 6430
193 285 260 358 η
1019 215 1022 217 λ
1615 265 1818 324 unus
1855 218 2053 332 unus.
3403 274 3476 334 as

194 398 348 456 nibus
370 437 383 461 ,
414 403 674 468 tanquam
701 392 775 452 de
805 391 1026 449 mortuis
1052 390 1137 447 vel
1164 388 1356 448 occisis
1383 387 1578 460 fugerit
1606 385 1785 442 divina

195 487 489 547 substantia
509 528 522 550 ,
557 494 880 555 tantumque
907 499 966 538 ac
991 484 1092 538 tale
1114 483 1235 538 inde
1264 479 1618 544 remanserit,
1643 477 1786 548 quod

191 581 291 652 jam
320 578 543 648 dignum
567 591 673 630 non
707 579 779 630 sit
803 574 856 630 in
890 575 1190 628 Eleclorum
1208 581 1392 628 vcntre
1423 571 1652 641 purgari.
1679 569 1786 623 Nec

193 687 285 728 ova
312 671 510 724 saltem
565 676 818 733 sumunt,
869 666 1016 738 quasi
1045 676 1099 720 et
1149 665 1260 736 ipsa
1304 679 1423 718 cum
1471 662 1786 733 franguntur

193 765 500 835 exspirem,
533 777 632 817 nec
679 768 932 832 oporteat
973 759 1092 815 ullis
1137 757 1358 812 mortuis
1408 757 1423 788 ί
1473 755 1786 825 corporibus

191 856 365 923 vesci,
397 863 453 909 et
479 854 583 908 hoc
613 854 791 908 solum
820 853 962 906 vivat
991 867 1057 906 ex
1077 865 1267 916 carne,
1300 847 1440 919 quod
1487 848 1686 913 farina,
1714 861 1786 902 ne

191 948 449 1002 moriatur
469 988 486 1013 ,
511 945 800 1014 excipitur.
832 943 936 999 Sed
962 958 1060 998 nec
1090 941 1339 998 alimonia
1367 940 1516 994 lactis
1546 947 1780 1004 utuntur,

194 1038 432 1112 quamvis
457 1037 528 1092 de
553 1051 782 1107 corpore
802 1036 1088 1090 animantis
1115 1035 1323 1089 vivente
1357 1032 1654 1101 mulgentur
1673 1029 1785 1086 sive

195 1141 410 1202 sugatur
442 1149 456 1184 :
495 1145 599 1184 non
629 1130 752 1200 quia
779 1137 968 1199 putant
991 1127 1187 1194 divinae
1210 1124 1519 1180 substantia:
1546 1121 1677 1176 nihil
1711 1120 1782 1176 ibi

194 1239 302 1277 esse
325 1223 680 1292 permixtum,
711 1220 806 1275 sed
829 1221 948 1290 quia
981 1219 1079 1274 sibi
1105 1233 1258 1272 error
1282 1218 1393 1286 ipse
1421 1231 1526 1270 non
1549 1221 1779 1269 constat.

191 1312 313 1367 Nam
342 1321 398 1367 et
425 1313 608 1366 vinum
639 1327 748 1365 non
776 1311 994 1378 bibunt,
1027 1309 1264 1364 dicentes
1309 1307 1379 1361 fel
1429 1322 1548 1362 esse
1576 1304 1778 1376 princi-

191 1420 306 1474 pum
359 1404 740 1468 tenebrarum;
781 1418 904 1458 cum
948 1410 1229 1457 vescantur
1271 1401 1429 1455 uvis:
1472 1414 1569 1454 nec
1622 1398 1784 1454 musti

192 1495 406 1565 aliquid,
431 1497 517 1551 vel
549 1495 933 1562 recentissimi,
961 1494 1200 1549 sorbent.
1231 1494 1448 1548 Animas
1465 1491 1782 1546 Auditorum

190 1602 404 1642 suorum
435 1588 488 1640 in
518 1586 738 1642 Eiectos
759 1586 962 1640 revolvi
993 1587 1320 1642 arbitrantur
1344 1626 1356 1650 ,
1405 1591 1497 1638 aut
1545 1583 1783 1639 feliciore

189 1679 504 1748 compendio
534 1679 586 1734 in
618 1695 770 1735 escas
800 1680 1100 1734 Electorum
1126 1695 1380 1743 suorum,
1420 1686 1477 1732 ut
1509 1678 1617 1748 jam
1658 1677 1783 1733 inde

189 1779 427 1840 purgata:
447 1772 498 1824 in
531 1771 676 1824 nulla
707 1786 931 1840 corpora
960 1780 1314 1826 revertantur.
1348 1769 1581 1824 Caeteras
1602 1779 1779 1823 autem

186 1862 390 1915 animas
415 1871 467 1915 et
497 1861 551 1916 in
582 1876 779 1932 pecora
802 1862 977 1918 redire
1007 1871 1193 1932 putant
1215 1904 1230 1928 ,
1264 1872 1316 1917 et
1340 1862 1390 1916 in
1418 1862 1593 1915 omnia
1618 1863 1638 1892 ¹
1660 1877 1782 1932 qua:

188 1939 458 2007 radicibus
506 1954 615 2006 fixa
644 1962 770 2007 sunt
817 1963 976 2022 atque
1023 1953 1238 2010 aluntur
1266 1954 1319 2007 in
1375 1962 1533 2008 terra.
1573 1951 1780 2006 Herbas

187 2044 323 2100 enim
344 2053 510 2114 atque
549 2044 771 2100 arbores
808 2044 886 2099 sic
914 2051 1100 2114 putant
1122 2045 1300 2099 vivere
1324 2086 1338 2110 ,
1374 2053 1434 2099 ut
1460 2045 1620 2098 vitam
1662 2058 1780 2112 qua:

186 2139 286 2194 illis
314 2139 486 2204 inest,
513 2148 567 2192 et
595 2137 795 2192 sentire
818 2137 1072 2203 credant,
1100 2146 1154 2193 et
1183 2137 1364 2192 dolere
1385 2179 1398 2203 ,
1428 2153 1546 2191 cum
1581 2136 1780 2190 laedun-

187 2237 267 2282 tur
298 2227 318 2257 ³
354 2246 368 2281 :
405 2242 511 2282 nec
541 2227 738 2298 aliquid
779 2227 901 2282 inde
930 2227 1044 2282 sine
1087 2228 1322 2283 cruciatu
1354 2243 1538 2282 eorum
1587 2240 1777 2297 quem-

185 2335 334 2391 quam
363 2335 531 2390 posse
555 2321 754 2376 vellere
771 2329 863 2374 aut
888 2335 1126 2390 carpere.
1152 2321 1374 2392 Propter
1400 2321 1563 2391 quod,
1590 2336 1777 2390 agrum

187 2414 337 2468 etiam
360 2413 538 2484 spinis
573 2429 804 2484 purgare
828 2455 842 2480 ,
874 2413 1020 2469 nefas
1050 2413 1267 2468 habent.
1295 2412 1448 2469 Unde
1489 2413 1780 2485 agricultu-

187 2521 290 2560 ram
312 2547 328 2568 ,
359 2521 488 2575 qua:
514 2507 756 2560 omnium
785 2506 977 2561 artium
1015 2515 1095 2560 est
1144 2504 1577 2559 innocentissima
1598 2545 1611 2568 ,
1656 2513 1776 2558 tan-

189 2612 334 2665 quam
374 2597 617 2666 plurium
661 2595 1067 2652 homicidiorum
1117 2611 1262 2651 ream
1302 2595 1579 2651 dementer
1615 2610 1774 2649 accu-

189 2695 325 2740 sant:
349 2687 578 2756 suisque
594 2686 940 2741 Auditoribus
953 2686 1201 2754 ideojhzec
1217 2685 1542 2739 arbitrantur
1554 2685 1772 2754 ignosci,

190 2779 294 2846 quia
322 2777 575 2847 praebent
598 2777 723 2832 inde
744 2777 996 2832 alimenta
1014 2777 1212 2832 Electis
1237 2779 1384 2840 suis;
1410 2786 1466 2830 ut
1495 2777 1669 2830 divina
1690 2776 1775 2828 illa

190 2868 475 2922 substantia
507 2868 558 2922 in
584 2883 773 2922 eorum
807 2877 987 2922 ventre
1010 2877 1230 2938 purgata
1251 2909 1265 2934 ,
1297 2867 1544 2936 impetret
1569 2867 1645 2921 eis
1687 2882 1774 2922 vc-

190 2960 617 3029 niam,quorum
666 2959 895 3013 traditur
933 2959 1200 3014 oblatione
1255 2957 1544 3030 purganda.
1596 2958 1775 3027 Itaque

189 3049 280 3118 ipsi
303 3050 473 3104 Electi
495 3092 512 3116 ,
545 3049 676 3104 nihil
709 3049 761 3104 in
799 3050 940 3120 agris
964 3059 1247 3120 operantes
1273 3092 1286 3114 ,
1328 3065 1426 3104 nec
1469 3065 1620 3120 poma
1653 3065 1773 3104 car-

190 3151 365 3212 pentes
391 3184 406 3206 ,
438 3157 540 3196 nec
568 3142 760 3197 saltem
809 3140 933 3195 folia
977 3143 1079 3196 ulla
1124 3143 1380 3196 vellentes
1404 3183 1418 3206 ,
1462 3150 1775 3211 exspectant

192 3228 296 3286 haec
319 3230 500 3286 afferri
535 3232 722 3286 usibus
749 3231 862 3285 suis
888 3231 954 3285 ab
988 3230 1335 3286 Auditoribus
1367 3231 1498 3296 Suis,
1533 3231 1775 3290 viventes

191 3323 250 3377 de
271 3333 345 3378 tot
365 3339 427 3379 ac
457 3324 621 3378 tantis
651 3323 946 3379 secundum
983 3339 1131 3379 suam
1161 3323 1445 3379 vanitatem
1476 3323 1775 3379 homicidiis

199 3415 398 3469 alienis.
424 3414 647 3470 Monent
677 3415 838 3471 etiam
864 3415 1081 3470 eosdem
1124 3415 1408 3470 Auditores
1435 3431 1560 3471 suos
1582 3459 1596 3483 ,
1631 3425 1687 3470 ut
1730 3415 1776 3470 si

193 3515 470 3560 vescuntur
496 3505 750 3562 carnibus
770 3545 784 3571 ,
815 3507 1059 3560 animalia
1078 3522 1183 3560 non
1207 3507 1484 3572 occidant,
1517 3523 1585 3562 ne
1609 3507 1776 3561 oll'en-

196 3597 312 3652 dant
338 3600 617 3668 principes
645 3599 986 3653 tenebrarum
1023 3599 1073 3651 in
1117 3598 1427 3653 cmlestibus
1457 3599 1733 3669 colligatos
1757 3641 1772 3667 ,

194 3704 218 3742 a
243 3691 430 3760 quibus
451 3705 670 3744 omnem
709 3705 924 3758 carnem
953 3690 1132 3746 dicunt
1158 3692 1417 3763 originem
1448 3691 1644 3746 ducere
1671 3709 1684 3745 :
1722 3701 1776 3746 et

194 3784 234 3838 si
258 3793 481 3838 utuntur
506 3783 823 3854 coniugibus
849 3825 863 3850 ,
902 3793 1214 3854 conceptum
1249 3794 1423 3838 tamen
1470 3786 1774 3854 generatio-

197 3889 419 3944 nemque
442 3867 714 3940 devitem,
734 3890 801 3929 ne
829 3874 1002 3929 divina
1021 3875 1314 3929 substantia
1344 3891 1461 3945 quae
1491 3876 1541 3929 in
1565 3891 1659 3930 eos
1683 3891 1777 3945 per

194 3965 435 4019 alimenta
465 3965 797 4035 ingreditur,
829 3966 1052 4022 vinculis
1069 3968 1278 4022 carneis
1301 3967 1492 4038 ligetur
1521 3968 1574 4022 in
1605 3968 1772 4037 prole.

195 4054 273 4110 Sic
306 4057 510 4127 quippe
558 4057 612 4112 in
640 4071 858 4112 omnem
883 4073 1096 4113 carnem
1120 4099 1135 4123 ,
1192 4057 1244 4112 id
1273 4066 1387 4124 est,
1421 4074 1516 4128 per
1544 4073 1693 4112 escas
1723 4066 1776 4114 et

196 4157 341 4217 potus
360 4149 550 4204 venire
579 4148 787 4204 animas
809 4149 1050 4204 credunt.
1083 4148 1238 4204 Unde
1268 4148 1477 4218 nuptias
1517 4150 1634 4204 sine
1672 4149 1774 4205 du-

199 4235 443 4293 bitatione
464 4240 863 4306 condemnant,
891 4248 945 4293 et
972 4248 1226 4312 quantum
1261 4239 1312 4293 in
1341 4239 1468 4309 ipsis
1497 4249 1580 4294 est
1600 4281 1612 4304 ,
1647 4256 1776 4310 pro-

195 4331 410 4395 bibent;
455 4331 672 4404 quando
717 4345 973 4402 generare
1017 4330 1325 4400 prohibent,
1369 4341 1585 4401 propter
1634 4334 1773 4401 Quod

193 4421 427 4492 coniugia
459 4421 760 4492 copulanda
789 4433 942 4492 sunt,
974 4421 1139 4476 Adam
1171 4430 1224 4476 et
1250 4423 1411 4476 Evam
1441 4439 1503 4478 ex
1535 4424 1772 4493 parenti-

194 4512 285 4566 bus
306 4513 642 4583 principibus
667 4513 795 4566 fumi
821 4520 1071 4566 asserunt
1109 4520 1263 4566 natos
1299 4531 1310 4566 :
1341 4528 1461 4566 cum
1499 4524 1648 4581 pater
1675 4527 1770 4567 e0-

199 4619 304 4657 rum
338 4604 561 4658 nomine
597 4602 781 4658 Saclas
812 4604 1076 4657 sociorum
1117 4618 1335 4657 suorum
1367 4606 1500 4657 fetus
1528 4604 1766 4658 omnium

198 4694 520 4756 devorasset,
544 4702 600 4748 et
625 4694 880 4764 quidquid
904 4694 1024 4749 inde
1044 4696 1388 4748 commixtum
1415 4694 1606 4749 divina:
1651 4695 1775 4749 sub-

199 4788 398 4840 stantia:
416 4795 791 4856 ceperat,cum
819 4802 982 4841 uxore
1002 4787 1360 4842 concumbens
1390 4787 1441 4842 in
1469 4803 1628 4842 carne
1652 4802 1774 4858 pro-

199 4877 254 4931 lis
279 4888 532 4948 tanquam
553 4877 897 4932 tenacissimo
913 4879 1124 4933 vinculo
1150 4877 1470 4949 colligassct.
1499 4877 1769 4935 Christum

194 4978 366 5023 autem
397 4969 561 5024 fuisse
591 4970 895 5035 affirmant,
923 4986 1080 5041 quem
1105 4971 1234 5026 dicit
1275 4963 1459 5027 nostra
1498 4971 1770 5043 Scriptura

197 5071 498 5130 serpentem
518 5104 533 5130 ,
563 5078 595 5117 a
618 5075 725 5132 quo
751 5061 1076 5117 illuminatos
1111 5072 1392 5129 asserunt,
1427 5072 1485 5118 ut
1512 5064 1771 5134 cognitio-

199 5156 276 5209 nis
303 5157 489 5210 oculos
511 5157 820 5227 aperirent,
855 5166 907 5211 et
930 5157 1123 5212 bonum
1157 5141 1462 5230 malumque
1491 5157 1771 5228 dignosce-

200 5256 355 5301 rent:
390 5263 620 5319 eumque
668 5247 939 5304 Christum
973 5249 1274 5306 novissimis
1315 5251 1642 5322 temporibus
1680 5267 1772 5307 ve-

201 5339 336 5393 nisse
383 5339 450 5394 ad
491 5342 733 5405 animas,
792 5355 898 5395 non
950 5340 1015 5396 ad
1057 5356 1284 5411 corpora
1330 5341 1620 5399 liberanda.
1668 5343 1778 5400 Nec

203 5429 355 5486 fuisse
385 5431 436 5485 in
468 5447 632 5488 carne
662 5446 796 5486 vera
819 5473 832 5498 ,
863 5432 956 5488 sed
996 5433 1293 5488 simulatam
1339 5436 1570 5506 speciem
1597 5439 1772 5492 oarnis

257 5605 275 5671 ξ
309 5608 490 5671 Aliquot
510 5616 640 5669 Mss,
666 5606 768 5658 illis
790 5610 1004 5660 mortuis.

256 5669 280 5739 ξ
307 5669 406 5739 sola
428 5672 577 5722 editio
600 5679 735 5739 Loy.,
750 5676 807 5739 et
827 5671 1018 5736 omnia;
1040 5673 1229 5739 oun'sso,
1254 5683 1320 5726 m.

257 5731 282 5764 ³
306 5738 353 5782 tu
373 5739 495 5798 κει,
518 5748 634 5788 amt
657 5732 876 5786 (aditur.

1899 384 2231 442 ludiﬁcandis
2257 384 2500 442 humanis
2528 389 2775 446 sensibus
2799 391 3110 460 praebuisse,
3141 393 3229 449 ubi
3251 409 3356 450 non
3385 409 3477 453 so-

1895 474 2004 530 lum
2037 485 2290 543 mortem,
2324 493 2508 533 verum
2541 480 2700 534 etiam
2741 484 3186 540 resurrectionem
3230 485 3476 542 similiter

1894 570 2227 624 mentiretur.
2268 571 2432 626 Deum
2467 574 2556 642 qui
2591 573 2782 643 Legem
2811 590 2908 645 per
2941 576 3157 648 Moysen
3191 577 3366 642 dedit,
3423 587 3477 632 et

1894 659 1947 714 in
1993 661 2230 716 Hebraeis
2262 664 2540 734 Prophetis
2585 667 2793 724 locutus
2821 677 2942 739 est,
2983 685 3090 724 non
3140 685 3260 727 esse
3286 686 3473 726 verum

1895 749 2083 818 Deum,
2112 752 2204 806 sed
2236 769 2394 808 unum
2426 770 2488 809 ex
2521 756 2845 825 principibus
2875 739 3239 815 tenebrarum.
3271 761 3476 831 lpsius-
3517 746 3522 753 ’

1893 856 1997 911 que
2034 842 2357 899 Testamenti
2393 845 2524 900 Novi
2561 848 2851 920 scripturas
2898 859 3150 922 tanquam
3201 853 3477 909 infalsatas

1893 933 1963 988 ita
1994 935 2207 1006 legunt,
2242 946 2297 991 ut
2327 938 2466 1007 quod
2499 939 2682 994 volunt
2712 941 2836 996 inde
2865 943 3158 1014 accipiant,
3191 945 3334 1016 quod
3374 961 3474 1001 no-

1894 1025 2010 1080 lunt
2039 1027 2312 1098 rejiciant,
2346 1030 2528 1099 eisque
2575 1041 2821 1102 tanquam
2845 1043 3011 1089 totum
3037 1052 3220 1092 verum
3270 1038 3476 1094 baben-

1892 1125 1974 1170 tes
1990 1118 2005 1147 ¹
2023 1120 2303 1172 nonnullas
2328 1121 2663 1191 apocryphas
2692 1132 3036 1193 anteponant.
3056 1127 3475 1184 Promissionem

1892 1209 2102 1264 Domini
2129 1211 2252 1266 Jesu
2270 1212 2463 1267 Christi
2482 1213 2548 1268 de
2567 1216 2832 1282 paracleto
2860 1217 3059 1287 Spiritu
3089 1229 3274 1276 sancto
3293 1221 3472 1294 (Joan.

1894 1316 2015 1367 xvr,
2050 1302 2108 1372 7)
2149 1302 2200 1356 in
2248 1317 2346 1357 suo
2394 1303 2745 1360 haeresiarcha
2796 1307 3084 1366 Manichazo
3124 1312 3306 1368 dicunt
3352 1329 3476 1371 esse

1892 1395 2229 1464 completam.
2253 1395 2405 1452 Unde
2432 1412 2490 1453 se
2518 1399 2569 1452 in
2601 1400 2714 1453 suis
2745 1400 2934 1456 litteris
2959 1402 3082 1458 Jesu
3105 1403 3302 1461 Christi
3352 1420 3475 1476 apo-

1890 1484 2086 1538 stolum
2110 1486 2256 1550 dicit,
2287 1502 2352 1539 eo
2383 1487 2524 1556 quod
2551 1487 2702 1543 Jesus
2715 1487 2955 1546 Christus
2971 1507 3028 1546 se
3049 1493 3332 1550 missurum
3352 1509 3476 1553 esse

1890 1575 2193 1642 promiserit
2229 1584 2386 1645 atque
2431 1576 2484 1630 in
2529 1578 2619 1632 illo
2648 1580 2856 1635 miserit
2905 1582 3162 1652 Spiritum
3205 1595 3469 1642 sanctum.

1888 1660 2114 1734 Propter
2137 1666 2277 1735 quod
2301 1667 2458 1721 etiam
2501 1669 2614 1738 ipse
2652 1670 2972 1729 Manicbzeus
3002 1675 3282 1731 duodecim
3309 1677 3472 1734 disci-

1887 1755 2043 1825 pulos
2071 1757 2281 1823 habuit,
2316 1758 2382 1813 ad
2409 1760 2577 1816 instar
2611 1764 2885 1833 apostolici
2912 1768 3153 1832 numeri,
3185 1785 3343 1840 quem
3371 1786 3472 1825 nu-

1887 1863 2092 1902 merum
2119 1849 2391 1905 Manichzei
2421 1851 2685 1925 hodieque
2711 1858 3036 1914 custodiunt.
3063 1859 3196 1915 Nam
3241 1877 3306 1916 ex
3349 1860 3473 1917 Ele-

1886 1940 1986 1992 ctis
2008 1940 2116 1994 suis
2137 1940 2335 1996 habent
2358 1942 2658 2011 duodecim,
2687 1962 2820 2017 quos
2851 1950 3128 2020 appellant
3155 1953 3438 2022 magistros
3457 1992 3473 2019 ,

1885 2039 1940 2084 et
1980 2032 2192 2085 tertium
2227 2032 2491 2088 decimum
2540 2037 2832 2107 principem
2873 2040 3156 2109 ipsorum:
3197 2041 3476 2112 episcopos

1888 2131 2067 2177 autem
2099 2125 2432 2196 septuaginta
2459 2125 2595 2182 duos
2614 2170 2628 2193 ,
2658 2129 2747 2198 qui
2768 2131 3083 2186 ordinantur
3110 2147 3140 2187 a
3169 2132 3472 2203 magistris;

1885 2222 1939 2269 et
1959 2216 2303 2288 presbyteros
2323 2259 2338 2284 ,
2381 2221 2468 2290 qui
2505 2222 2821 2278 ordinantur
2856 2225 2924 2278 ab
2953 2227 3236 2297 episcOpis.
3268 2225 3475 2282 Habent

1884 2307 2049 2362 etiam
2098 2310 2333 2380 episcOpi
2383 2311 2655 2368 diaconos.
2711 2314 2830 2370 Jam
2878 2318 3058 2372 casteri
3105 2317 3474 2373 tantummodo

1884 2396 2051 2452 Electi
2079 2410 2337 2456 vocantur
2364 2419 2376 2456 :
2410 2403 2504 2458 sed
2536 2405 2815 2460 mittuntur
2841 2407 3001 2462 etiam
3031 2408 3131 2478 ipsi
3160 2409 3249 2480 qui
3279 2408 3471 2464 viden-

1884 2497 1970 2542 tur
1996 2488 2206 2555 idonei,
2238 2491 2304 2545 ad
2336 2491 2476 2548 hunc
2497 2509 2734 2550 errorem
2755 2537 2768 2561 ,
2791 2498 2872 2551 vel
2903 2497 2991 2551 ubi
3024 2507 3105 2553 est
3124 2540 3139 2566 ,
3170 2509 3473 2555 sustentan-

1883 2578 2011 2633 dum
2039 2589 2092 2634 et
2119 2581 2416 2651 augendum
2441 2600 2453 2648 ;
2485 2586 2602 2651 vel,
2633 2587 2720 2640 ubi
2749 2603 2854 2641 non
2885 2598 2985 2653 est,
3009 2589 3168 2644 etiam
3199 2591 3470 2646 seminan-

1880 2669 2029 2724 dum.
2078 2671 2407 2741 Baptismum
2439 2675 2490 2728 in
2540 2690 2674 2745 aqua
2724 2679 2857 2732 nihil
2905 2681 3149 2750 cuiquam
3191 2681 3474 2750 perhibent

1881 2766 2066 2821 salutis
2092 2767 2317 2823 all'erre:
2348 2785 2446 2825 nec
2467 2787 2784 2842 quemquam
2815 2787 3000 2827 eorum
3024 2788 3156 2843 quos
3176 2772 3469 2844 decipiunt,

1879 2856 2252 2927 baptizandum
2284 2869 2489 2930 putant.
2518 2863 2799 2918 Orationes
2830 2863 3032 2917 faciunt
3059 2863 3125 2917 ad
3172 2865 3337 2919 solem
3380 2882 3474 2936 per

1879 2946 2019 3004 diem
2038 2991 2052 3014 ,
2077 2965 2284 3021 quaqua
2312 2967 2522 3007 versum
2551 2954 2738 3008 circuit
2767 2971 2780 3008 :
2813 2954 2878 3008 ad
2902 2955 3078 3008 lunam
3108 2970 3202 3024 per
3222 2963 3432 3012 noctem
3452 2999 3468 3025 ,

1879 3039 1923 3095 si
1947 3051 2205 3111 apparet;
2234 3044 2277 3097 si
2305 3053 2480 3098 autem
2505 3061 2607 3097 non
2630 3055 2880 3116 apparet,
2913 3044 2980 3098 ad
2997 3047 3316 3114 aquiloniam
3345 3062 3471 3118 par-

1880 3140 1988 3188 tem
2009 3175 2024 3201 ,
2058 3151 2160 3206 qua
2190 3136 2269 3190 sol
2299 3151 2416 3191 cum
2443 3137 2729 3206 occiderit,
2761 3139 2828 3192 ad
2852 3138 3110 3194 orientem
3147 3141 3466 3209 revertitur,

1879 3235 2022 3280 stant
2042 3237 2279 3283 orantes.
2309 3228 2658 3284 Peccatorum
2691 3229 2950 3300 originem
2979 3245 3087 3285 non
3128 3230 3300 3286 libero
3327 3231 3472 3287 arbi-

1881 3320 1984 3374 trio
2010 3320 2328 3388 voluntatis,
2385 3322 2477 3376 sed
2526 3321 2837 3377 substantia:
2866 3323 3105 3378 tribuunt
3147 3324 3322 3394 gentis
3377 3323 3472 3379 ad-

1880 3428 2048 3468 versa:
2081 3432 2094 3466 :
2122 3429 2278 3484 quam
2307 3415 2728 3485 dogmatizantes
2748 3431 2866 3472 esse
2897 3418 3203 3474 hominibus
3224 3420 3464 3485 mixtam,

1883 3518 2097 3558 omnem
2125 3519 2338 3560 carnem
2363 3522 2468 3560 non
2503 3507 2592 3560 Dei
2616 3549 2630 3573 ,
2659 3507 2753 3561 sed
2788 3508 2942 3562 malae
2974 3511 3165 3564 mentis
3188 3510 3472 3580 perhibent

1881 3609 2002 3649 esse
2031 3594 2299 3665 opificium
2323 3638 2335 3659 ,
2369 3613 2486 3666 quae
2516 3613 2542 3650 a
2567 3599 2838 3653 contrario
2866 3601 3130 3671 principio
3171 3600 3280 3657 Deo
3325 3616 3469 3657 eoa:-

1881 3693 2029 3740 terna
2052 3695 2152 3741 est.
2180 3686 2460 3743 Carnalem
2497 3691 2983 3758 concupiscentiam
3006 3733 3021 3758 ,
3052 3707 3154 3760 qua
3182 3707 3307 3748 caro
3335 3707 3468 3748 con-

1881 3777 2106 3845 cupiscit
2139 3777 2396 3832 adversus
2426 3780 2706 3848 spiritum,
2746 3796 2850 3835 non
2887 3797 2950 3836 ex
2992 3782 3175 3838 vitiata
3215 3784 3265 3838 in
3295 3786 3468 3855 primo

1881 3867 2098 3922 homine
2122 3877 2308 3922 natura
2341 3870 2494 3924 nobis
2552 3871 2728 3926 inesse
2772 3871 3169 3942 infirmitatem;
3201 3876 3297 3931 sed
3336 3876 3468 3932 sub-

1879 3960 2127 4015 stantiam
2157 3961 2339 4014 volunt
2360 3976 2479 4016 esse
2520 3963 2840 4018 contrariam
2859 4007 2874 4032 ,
2907 3965 2985 4021 sic
3013 3966 3170 4022 nobis
3192 3965 3495 4026 adhaeren-~

1880 4059 1988 4108 tem
2005 4094 2020 4120 ,
2044 4060 2103 4107 ut
2121 4053 2334 4122 quando
2358 4051 2648 4109 liberamur
2671 4064 2829 4124 atque
2853 4071 3167 4128 purgamur,
3192 4070 3471 4130 separetur

1879 4156 1910 4196 a
1929 4143 2084 4198 nobis
2103 4185 2118 4210 ,
2151 4152 2204 4199 et
2233 4145 2284 4198 in
2313 4159 2407 4199 sua
2436 4154 2624 4200 natura
2653 4146 2815 4201 etiam
2839 4148 2952 4217 ipsa
2991 4149 3368 4206 immortaliter
3391 4153 3470 4207 vi-

1879 4243 1967 4289 vat
1995 4251 2007 4287 :
2037 4250 2235 4306 easque
2276 4235 2410 4290 duas
2446 4238 2652 4292 animas
2672 4278 2688 4304 ,
2738 4239 2821 4292 vel
2848 4238 2979 4294 duas
3006 4251 3213 4297 mentes
3239 4284 3252 4309 ,
3305 4259 3465 4301 unam

1880 4325 2108 4390 bonam,
2153 4327 2372 4381 alteram
2395 4328 2616 4394 malam,
2653 4328 2706 4382 in
2735 4343 2842 4383 uno
2873 4329 3086 4386 homine
3115 4332 3254 4387 inter
3280 4349 3339 4390 se
3367 4334 3468 4391 ba-

1880 4413 2005 4469 bere
2033 4415 2372 4483 conflictum,
2426 4417 2639 4488 quando
2681 4433 2808 4474 caro
2847 4421 3178 4491 concupiscit
3213 4424 3469 4482 adverSus

1879 4509 2122 4578 spiritum
2151 4553 2161 4571 ,
2194 4501 2252 4565 et
2267 4512 2482 4580 spiritus
2508 4511 2765 4568 adversus
2787 4528 3002 4569 carnem
3030 4515 3223 4588 (Colat.
3259 4533 3324 4587 v,
3352 4520 3470 4590 l7).

1878 4601 1986 4657 Nec
2018 4602 2069 4656 in
2099 4604 2252 4658 nobis
2279 4613 2523 4660 sanatum
2553 4605 2653 4661 hoc
2679 4607 2888 4675 vitium,
2909 4609 3065 4664 sicuti
3093 4626 3191 4668 nos
3213 4612 3462 4681 dicimus,

1880 4711 2148 4765 nunquam
2183 4696 2415 4751 futurum
2451 4716 2464 4752 :
2497 4697 2590 4752 sed
2618 4714 2646 4752 a
2673 4700 2828 4754 nobis
2855 4701 3156 4771 sejunctam
3195 4714 3352 4775 atque
3378 4719 3466 4762 se-

1878 4789 2079 4844 clusam
2106 4790 2453 4844 substantiam
2491 4792 2644 4845 istam
2680 4791 2835 4860 mali,
2867 4803 2922 4849 et
2964 4794 3114 4850 finito
3142 4797 3242 4850 isto
3271 4797 3466 4852 smculo

1882 4894 2002 4953 post
2028 4883 2497 4955 conflagrationem
2536 4884 2718 4939 mundi
2757 4885 2809 4940 in
2849 4886 3008 4958 globo
3035 4889 3294 4959 quodam,
3346 4901 3463 4943 tan-

1879 4991 2036 5045 quam
2061 4975 2113 5029 in
2139 4991 2353 5031 carcere
2369 4959 2716 5045 sempiterno,
2740 4991 2859 5032 esse
2882 4978 3162 5033 victuram.
3183 4979 3276 5032 Cui
3305 4979 3464 5048 globo

1880 5067 2149 5122 afﬁrmant
2187 5083 2525 5124 accessurum
2570 5083 2784 5140 semper
2831 5079 2886 5124 et
2933 5066 3266 5125 adhaesurum
3314 5072 3484 5141 quasi

1880 5161 2276 5231 c00pertorium
2305 5171 2463 5231 atque
2493 5162 2774 5218 tectorium
2812 5177 2878 5218 ex
2917 5162 3228 5226 animabus,
3277 5171 3462 5219 natura

1880 5255 2093 5326 quidem
2119 5254 2293 5321 bonis,
2318 5255 2413 5310 sed
2436 5262 2612 5312 tamen
2635 5271 2754 5328 quas
2779 5270 2886 5312 non
2913 5255 3233 5326 potuerinta
3262 5265 3462 5316 natura-

1883 5350 2036 5405 mala:
2060 5350 2375 5419 contagione
2405 5349 2668 5404 mandari.

1950 5440 2156 5495 XLVII.
2200 5441 2508 5498 llius/tetu:
2531 5445 2550 5474 ³
2571 5483 2584 5508 ,
2609 5455 2833 5512 quorum
2861 5447 3047 5496 auctor
3074 5441 3291 5500 Hieraca
3329 5459 3464 5500 nun-

1949 5559 1964 5588 ι
1999 5559 2069 5606 sic
2091 5565 2290 5607 veteres
2313 5565 2414 5606 Mss.
2442 5565 2495 5607 At
2515 5557 2647 5615 editi,
2671 5553 2832 5617 eisque
2853 5559 3077 5618 umquam
3098 5569 3189 5606 non
3217 5560 3364 5606 (utimr
3384 5569 3462 5606 ve.

1885 5632 1992 5669 nun
2013 5619 2290 5669 habentibus
2308 5619 2572 5677 nominans,
2597 5627 2692 5668 etc.

1947 5684 1967 5745 ξ
1999 5684 2133 5741 miti,
2165 5680 2464 5745 Hiei'achitw.
2493 5686 2547 5745 At
2565 5687 2668 5728 MSS.
2692 5680 2877 5745 absque
2899 5681 3190 5744 aspiratione
3212 5683 3260 5730 in
3291 5687 3462 5745 quarta

1885 5743 2082 5810 syllaba,
2108 5740 2381 5796 Hieracitw.
2405 5743 2570 5807 crteci,
2601 5740 2841 5796 lenm
