4082 6454
561 339 632 400 59

564 467 824 532 cupatur,
874 457 1317 514 resurrectionem
1361 450 1538 509 carnis
1584 455 1798 516 negant.
1850 439 2137 496 Monachos

565 563 766 609 tantum
793 560 845 607 et
867 549 1155 604 monachas
1174 555 1226 602 et
1245 545 1482 613 conjugia
1509 553 1610 592 non
1637 536 1893 590 habentes
1920 532 1972 585 in
1999 544 2150 584 com-

565 645 872 700 munionem
913 640 1192 711 recipiunt.
1224 637 1304 691 Ad
1341 646 1560 704 regnum
1589 629 1846 683 ctelorum
1881 639 1986 678 non
2021 637 2148 692 per-

569 737 740 790 tinere
779 733 1024 804 parvulos
1052 730 1252 794 dicunt,
1279 725 1399 795 quia
1431 737 1536 776 non
1567 726 1692 774 sunt
1716 718 1795 773 eis
1825 715 1931 771 ulla
1953 713 2149 770 merita

569 825 897 890 certaminis,
926 838 1032 893 quo
1058 821 1184 876 vitia
1212 821 1530 884 superantur
1552 813 1592 866 ί.

645 916 876 974 XLVIII.
917 915 1218 970 MELETIANI
1254 923 1284 962 a
1313 906 1524 962 Meletio
1550 900 1839 973 nuncupati
1861 941 1878 968 ,
1905 897 2150 955 nolentes

573 1026 728 1068 orare
752 1025 873 1066 cum
898 1004 1168 1064 conversis
1188 1044 1203 1069 ,
1233 1000 1286 1055 id
1314 1007 1396 1054 est
1418 1040 1433 1065 ,
1460 999 1537 1054 eis
1562 996 1652 1067 qui
1683 995 1736 1049 in
1779 992 2150 1064 persecutione

565 1104 891 1166 ceciderunt,
923 1099 1155 1156 schisma
1182 1095 1422 1150 fecerunt
1441 1093 1484 1148 ⁸.
1513 1090 1681 1146 Nunc»
1699 1095 1876 1142 autem
1901 1085 2151 1140 dicuntur

564 1195 778 1250 Arianis
807 1207 926 1247 esse
950 1187 1242 1259 conjuncti.

634 1282 820 1338 XLIX.
864 1283 1053 1336 Anum
1078 1280 1144 1334 ab
1164 1277 1310 1343 Ario,
1337 1277 1390 1331 in
1417 1289 1482 1330 eo
1508 1279 1632 1328 sunt
1651 1266 1915 1326 notissimi
1939 1279 2145 1332 errore,

563 1389 668 1446 quo
717 1373 927 1428 Patrem
957 1381 1010 1427 et
1049 1371 1241 1426 Filium
1270 1377 1338 1422 ‘et
1377 1366 1632 1436 Spiritum
1675 1369 1916 1416 sanctum
1961 1359 2150 1413 nolunt

565 1481 685 1523 esse
715 1467 870 1520 unius
892 1465 1237 1535 ejusdemque
1263 1468 1464 1516 naturae
1490 1466 1648 1528 atque
1677 1453 2008 1520 substantiae,
2032 1459 2143 1520 aut,

563 1570 620 1616 ut
643 1560 948 1630 expressius
977 1559 1201 1618 dicatur,
1231 1554 1496 1619 essentize,
1526 1566 1643 1622 qua:
1674 1553 1810 1604 οὐσία
1849 1561 2020 1618 graece
2048 1539 2146 1616 ap?

564 1651 829 1721 pellatur:
854 1649 945 1704 sed
982 1662 1104 1702 esse
1137 1646 1328 1701 Filium
1373 1652 1704 1705 creaturam;
1734 1639 1990 1710 Spiritum
2018 1651 2147 1692 vero

563 1752 806 1798 sanctum
833 1748 1129 1796 creaturam
1162 1746 1418 1793 creatura:
1437 1777 1453 1802 ,
1493 1734 1594 1788 hoc
1633 1740 1746 1798 est,
1773 1733 1840 1786 ab
1869 1732 1984 1800 ipso
2011 1729 2147 1784 Filio

561 1842 798 1889 creatum
827 1833 1029 1887 volunt.
1076 1829 1133 1884 In
1179 1843 1243 1883 eo
1290 1837 1469 1882 autem
1519 1823 1659 1895 quod
1706 1821 1976 1877 Christum
2029 1819 2146 1875 sine

560 1924 736 1979 anima
777 1923 946 1978 solam
986 1935 1201 1977 carnem
1243 1918 1542 1987 suscepisse
1584 1914 1927 1977 arbitrantur,
1970 1911 2144 1966 minus

560 2016 674 2071 noti
697 2023 821 2070 sunt
849 2033 861 2069 :
887 2030 986 2070 nec
1026 2015 1280 2069 adversus
1307 2025 1402 2066 eos
1432 2009 1500 2063 ab
1540 2008 1717 2078 aliquo
1747 2005 1924 2060 inveni
1953 2004 2020 2059 de
2046 2005 2145 2059 hac

556 2123 616 2162 re
643 2107 928 2178 aliquando
954 2106 1117 2160 fuisse
1137 2113 1418 2160 certatum.
1449 2099 1557 2156 Sed
1585 2100 1687 2154 hoc
1712 2113 1897 2152 verum
1923 2111 2064 2162 esse,
2089 2103 2145 2151 et

559 2198 889 2268 Epiphanius
918 2213 1024 2252 non
1073 2197 1268 2262 tacuit,
1301 2203 1355 2248 et
1381 2208 1479 2263 ego
1506 2207 1571 2246 ex
1611 2204 1794 2245 eorum
1824 2187 2142 2258 quibusdam

555 2287 768 2357 scriptis
794 2295 848 2342 et
876 2285 1320 2341 collocutionibus
1349 2282 1646 2337 certissime
1675 2281 1931 2350 comperi.
1961 2278 2142 2333 Reba-

554 2381 743 2450 ptizari
769 2395 978 2451 quoque
1005 2380 1072 2433 ab
1103 2378 1185 2432 his
1229 2375 1534 2431 Catholicos
1563 2373 1843 2438 novimus;
1879 2379 2057 2426 utrum
2087 2378 2143 2426 et

555 2486 662 2528 non
687 2473 1002 2537 catholicos,
1033 2469 1234 2525 nescio.

623 2563 685 2616 L.
728 2562 997 2616 VADIANOS
1019 2561 1061 2626 ³,
1088 2575 1222 2631 quos
1252 2558 1481 2628 appellat
1517 2555 1868 2626 Epiphanius,
1900 2562 1956 2610 et
1990 2553 2140 2632 schi-

555 2652 828 2716 smaticos,
858 2667 965 2706 non
997 2651 1276 2706 haereticos
1302 2650 1414 2703 vult
1450 2649 1652 2712 videri;
1682 2648 1771 2701 alii
1797 2633 2144 2701 vocanti-'An-

552 2743 1061 2814 thropomorphitas,
1087 2744 1336 2813 quoniam
1367 2743 1533 2797 Deum
1563 2741 1662 2796 sibi
1700 2741 1904 2811 lingunt
1928 2740 2136 2810 cogita-

555 2839 698 2894 tione
724 2839 922 2893 carnali
953 2839 1005 2891 in
1050 2836 1448 2891 similitudinem
1481 2835 1709 2889 hominis
1734 2833 2094 2904 corruptibilis
2119 2850 2132 2887 :

552 2933 696 3003 quod
740 2931 1021 2987 rusticitati
1065 2945 1251 2986 eorum
1285 2929 1466 2983 tribuit
1515 2927 1842 2997 Epiphanius
1866 2967 1881 2991 ,
1912 2939 2137 2997 parcens

552 3025 632 3080 eis
662 3040 729 3080 ne
753 3024 995 3078 dicantur
1016 3021 1272 3076 haeretici.
1298 3021 1402 3074 Eos
1423 3029 1600 3074 autem
1631 3031 1907 3087 separasse
1929 3033 1988 3073 se
2009 3017 2139 3072 dicit

557 3129 587 3169 a
618 3115 990 3169 communione
1019 3121 1218 3174 nostra,
1248 3110 1509 3181 culpando
1538 3109 1818 3179 episcopos
1843 3109 2054 3175 divites,
2083 3116 2139 3162 et

553 3206 748 3277 pascha
774 3223 890 3262 cum
913 3206 1109 3261 Iudaeis
1134 3203 1474 3260 celebrando.
1505 3203 1758 3269 Quamvis
1787 3203 1895 3258 sint
1922 3203 2014 3273 qui
2039 3217 2134 3270 eos

549 3299 603 3354 in
636 3299 868 3370 Egypto
894 3281 1145 3353 Ecclesiae
1170 3296 1446 3351 catholicas
1486 3296 1880 3350 communicare
1915 3310 2134 3350 asseve-

549 3398 690 3445 rent.
723 3390 794 3444 De
816 3388 1141 3444 Photinianis
1166 3395 1362 3451 autem,
1396 3401 1529 3456 quos
1551 3385 1651 3439 isto
1677 3385 1794 3440 loco
1809 3385 2136 3454 Epiphanius

555 3490 959 3547 commemorat,
983 3481 1092 3552 jam
1120 3481 1365 3550 superius
1390 3480 1520 3534 satis
1549 3479 1756 3534 locutus
1781 3494 1921 3534 sum.

622 3572 707 3628 LI.
747 3573 1099 3629 Summanos
1129 3571 1456 3641 Epiphanius
1495 3569 1658 3637 dicit,
1699 3570 1790 3640 qui
1831 3569 2018 3625 similis
2043 3583 2134 3625 es-

551 3662 1056 3733 εθηιίω(ὀμοιοὺσιον)
1073 3661 1255 3716 dicunt
1275 3660 1462 3714 Filium
1477 3659 1518 3724 ’⁵,
1536 3669 1781 3730 tanquam
1813 3675 1918 3715 non
1947 3660 2137 3731 plenos

549 3755 778 3809 Arianos
803 3771 816 3806 :
841 3753 991 3824 quasi
1017 3753 1199 3807 Ariani
1237 3766 1339 3807 nec
1367 3751 1596 3806 similem
1643 3751 1840 3817 velint;
1870 3765 1992 3805 cum
2023 3751 2124 3805 hoc

553 3843 870 3899 Eunomiani
896 3844 1073 3898 dicere
1103 3842 1460 3898 celebrentur.

620 3935 729 3990 LII.
792 3935 1159 3990 MACEDONIAM
1215 3941 1339 3987 sunt
1382 3948 1412 3987 a
1455 3932 1849 4001 Macedonio“,
1901 3947 2035 4004 quos
2082 3941 2137 3990 et

549 4033 976 4094 Πνιυματομάχους
1004 4024 1174 4080 ϐηεεί
1202 4024 1405 4092 dicunt,
1434 4040 1498 4080 eo
1522 4025 1663 4095 quod
1687 4025 1754 4080 de
1779 4025 1979 4095 Spiritu
2008 4040 2136 4080 san-

551 4125 640 4173 cto
688 4117 908 4186 litigent.
940 4115 1071 4170 Nam
1102 4115 1168 4171 de
1207 4116 1364 4170 Patre
1406 4127 1461 4170 et
1501 4116 1635 4170 Filio
1675 4125 1821 4170 recte
1858 4117 2132 4182 sentiunt,

553 4206 694 4277 quod
721 4207 877 4261 unius
900 4206 1004 4261 sint
1026 4205 1374 4276 ejusdemque
1399 4205 1727 4272 substantiae,
1748 4207 1834 4262 vel
1853 4207 2098 4261 essentia:
2119 4224 2134 4262 :

550 4301 646 4356 sed
671 4299 738 4356 de
764 4299 958 4369 Spiritu
988 4308 1173 4354 sancto
1198 4299 1301 4354 hoc
1324 4301 1513 4355 nolunt
1537 4299 1760 4355 credere
1781 4341 1796 4365 ,
1828 4309 2136 4356 creaturam

554 4409 676 4450 eum
716 4407 834 4449 esse
876 4393 1136 4449 dicentes.
1164 4393 1274 4448 llos
1317 4394 1493 4464 potius
1534 4393 1747 4463 quidam
1776 4392 2134 4448 Semiarianos

550 4493 760 4552 vocant,
791 4485 932 4555 quod
959 4485 1012 4540 in
1040 4485 1139 4540 hac
1163 4486 1456 4555 quaestione
1476 4499 1542 4539 ex
1566 4491 1713 4554 parte
1737 4498 1867 4539 cum.
1880 4483 1984 4537 illis
2004 4483 2132 4551 sint,

549 4592 618 4634 ex
647 4587 797 4650 parte
834 4577 1133 4632 nobiscum.
1166 4575 1419 4644 Quamvis
1455 4591 1485 4631 a
1515 4575 1785 4630 nonnullis
1813 4574 2136 4645 perhibean-

549 4679 656 4736 tur,
685 4684 791 4724 non
818 4670 985 4725 Deum
1012 4711 1027 4735 ,
1075 4669 1170 4724 sed
1199 4669 1450 4724 deitatem
1490 4669 1662 4724 Patris
1705 4677 1759 4725 et
1805 4668 1924 4723 Filii
1955 4669 2136 4725 dicere

551 4760 805 4832 Spiritum
835 4770 1077 4818 sanctum
1097 4802 1112 4827 .
1142 4769 1197 4817 et
1222 4761 1422 4816 nullam
1469 4761 1740 4834 propriam
1775 4759 1975 4818 habere
2003 4761 2135 4817 sub-

547 4855 818 4910 stantiam.

617 4947 749 5003 LIII.
792 4947 1016 5003 Aenum
1038 4946 1105 5002 ab
1129 4946 1293 5002 Aerio
1313 4944 1542 5016 quodam
1562 4951 1705 5013 sunt,
1728 4943 1816 5015 qui
1840 4957 1964 5000 cum
1989 4951 2133 5000 esset

610 5170 626 5200 ί
661 5168 734 5217 sic
755 5174 860 5218 Mss.
899 5173 951 5217 At
969 5173 1098 5230 hov.,
1127 5170 1427 5230 separentur.
1453 5171 1551 5227 Er.,
1578 5170 1882 5230 superentur.

609 5233 628 5262 ³
665 5230 793 5292 Apud
819 5238 946 5288 I.ov.,
973 5229 1045 5281 vel
1068 5227 1273 5281 schiéma
1293 5230 1525 5292 fecerunt.
1553 5227 1717 5289 Abest,
1742 5229 1832 5292 vel,
1857 5231 1917 5279 ah
1941 5235 2013 5280 Er.
2038 5235 2089 5281 et
2106 5241 2136 5281 a

543 5300 649 5343 MSS.

610 5358 630 5388 ³
664 5353 974 5403 Floriacensis
994 5352 1147 5402 codex
1172 5355 1264 5403 hoc
1285 5360 1468 5403 tantum
1490 5352 1598 5404 loco
1622 5354 1853 5414 habebat,
1881 5353 2087 5404 Attianos
2116 5367 2136 5405 :

544 5430 656 5466 nam
678 5429 820 5478 supra
846 5417 891 5462 iu
914 5415 1122 5478 indicqu
1144 5417 1280 5478 operi
1307 5415 1517 5478 praeﬁxo,
1542 5430 1650 5465 cum
1673 5419 1866 5466 caeteris
1891 5425 1991 5465 Mss.
2015 5429 2136 5478 pree-

544 5478 658 5536 fert,
691 5475 942 5526 Vedianas.
970 5475 1339 5540 Prtedestinatu's
1362 5479 1410 5525 in
1434 5480 1658 5540 Augiensi
1685 5478 1849 5528 codice
1881 5475 2136 5530 Vettii—unos

545 5547 822 5590 constanter
846 5547 1002 5595 vocat,
1023 5539 1083 5586 iis
1097 5541 1285 5589 duobus
1307 5540 1425 5588 locis
1446 5539 1622 5601 quibus
1641 5541 1915 5591 Sirmondus
1951 5541 2132 5594 Audia-

545 5614 628 5670 ηοξ
653 5600 813 5648 edidit.
839 5601 1012 5670 graecis
1037 5615 1210 5651 revera
1234 5600 1742 5670 dicu_t_t_tur)ludzanoi.

607 5663 628 5693 ἰ
662 5670 791 5718 1.ον.,
819 5663 984 5711 dicunt
1009 5670 1201 5714 Putrem
1223 5672 1269 5714 et
1294 5665 1482 5715 lilium.

607 5725 627 5753 υ
659 5725 779 5798 taciti
818 5725 1015 5798 addunt,
1049 5728 1573 5792 constantinopotitana
1608 5731 1836 5785 Ecctesue
1879 5732 2132 5798 episc0p0;

544 5785 672 5852 quod
694 5794 799 5839 Mss.
813 5801 841 5840 a
863 5789 1019 5842 abest.

2217 208 2283 220 -u,
2331 205 2336 214 ε

1680 322 1768 380 DE
1804 312 2241 386 ll/ERESIBUS,
2269 315 2328 372 S.
2358 315 2724 378 AUGUSTINI

3755 335 3830 396 to

2258 440 2554 511 presbyter,
2582 440 2817 496 doluisse
2842 439 3010 497 fertur
3037 443 3179 514 quod
3204 445 3488 518 episcopus
3515 433 3626 506 non
3658 437 3848 521 'potnit

2257 534 2522 598 ordinari;
2554 543 2607 588 et
2636 534 2688 588 in
2737 533 3054 589 Arianorum
3093 536 3340 593 haeresim
3377 540 3592 610 lapsus,
3621 546 3846 615 propria

2256 640 2466 696 quoque
2509 624 2753 694 dogmata
2796 623 3064 681 addidisse
3100 629 3355 683 nonnulla
3379 670 3396 696 ,
3433 631 3619 687 dicens
3662 634 3847 692 offerri

2256 730 2355 785 pro
2383 715 2767 770 dormientibus
2809 731 2914 772 non
2958 725 3209 784 oportere
3233 720 3288 786 ‘;
3318 735 3417 776 nec
3459 729 3655 778 statuta
3696 725 3846 782 sole-

2255 806 2452 860 mniter
2477 807 2792 863 celebranda
2821 823 2943 866 esse
2965 810 3192 881 jejunia,
3222 811 3318 866 sed
3342 826 3464 868 cum
3496 814 3725 884 quisque
3750 831 3848 871 vo-

2255 896 2415 954 luerit
2437 897 2802 967 jejunandum,
2828 915 2897 956 ne
2918 902 3164 958 videatur
3185 917 3305 959 esse
3327 904 3429 959 sub
3458 905 3596 976 lege.
3622 907 3848 964 Dicebat

2254 988 2414 1045 etiam
2445 991 2815 1063 presbyterum
2847 995 2915 1050 ab
2939 996 3192 1067 episcopo
3222 997 3367 1052 nulla
3409 997 3711 1054 dill‘erentia
3750 1000 3848 1056 de-

2253 1079 2384 1138 bere
2407 1081 2659 1138 discerni.
2690 1083 2920 1151 Quidam
2947 1088 3232 1157 perhibent
3255 1088 3410 1156 istos,
3437 1089 3574 1145 sicut
3601 1091 3848 1146 Encrati-

2254 1179 2336 1226 tas
2355 1171 2441 1226 vel
2466 1175 2826 1242 Apotactitas,
2859 1191 2967 1231 non
2994 1177 3276 1234 admittere
3303 1177 3372 1233 ad
3409 1181 3845 1237 communionem

2254 1277 2405 1317 suam
2433 1264 2535 1319 nisi
2556 1266 2912 1332 continentes,
2938 1276 2992 1322 et
3016 1283 3111 1323 eos
3133 1270 3224 1339 qui
3251 1269 3449 1325 sazculo
3474 1270 3546 1326 ita
3569 1272 3846 1327 renuntia-

2253 1357 2445 1420 verint,
2479 1366 2540 1411 ut
2581 1358 2792 1427 propria
2834 1359 2979 1414 nulla
3021 1360 3348 1430 possideant.
3375 1362 3457 1418 Ab
3497 1377 3621 1418 esca
3663 1371 3844 1419 tamen

2251 1449 2491 1505 carnium
2539 1465 2647 1504 non
2685 1465 2777 1504 eos
2809 1451 3079 1507 abstinere
3107 1453 3235 1508 dicit
3271 1454 3602 1526 Epiphanius
3626 1474 3640 1511 :
3664 1457 3844 1513 Phila-

2252 1547 2364 1596 ster
2391 1554 2518 1594 vero
2542 1549 2594 1594 et
2623 1539 2760 1594 hanc
2786 1541 2863 1596 eis
2892 1543 3074 1598 tribuit
3095 1545 3492 1601 abstinentiam.

2323 1632 2456 1687 LIV.
2475 1614 2723 1687 ‘AETIANI
2755 1633 2821 1687 ab
2846 1635 3003 1688 Aetio
3032 1643 3157 1690 sunt
3195 1638 3399 1704 vocati,
3429 1637 3691 1709 iidemque
3731 1638 3843 1694 Eu-

2251 1715 2484 1770 nomiani
2530 1716 2596 1770 ab
2639 1717 2904 1773 Eunomio
2946 1718 3097 1779 Aetii,
3127 1719 3435 1791 discipulo,
3475 1738 3582 1792 quo
3625 1724 3842 1778 nomine

2250 1799 2419 1878 magis
2471 1808 2853 1864 innotuerunt.‘
2882 1810 3173 1866 Eunomius
3221 1816 3417 1882 quippe
3460 1813 3516 1868 in
3564 1814 3840 1870 dialectica

2251 1898 2583 1969 praevalens,
2613 1899 2820 1953 acutius
2847 1909 2902 1954 et
2931 1901 3194 1955 celebrius
3221 1901 3459 1957 defendit
3497 1902 3637 1957 hanc
3664 1904 3838 1960 hacre-
3872 1961 3875 1963 .

2250 1989 2372 2052 sim,
2401 1988 2717 2043 dissimilem
2744 2005 2841 2059 per
2867 1991 3045 2044 omnia
3084 1991 3224 2045 Patri
3258 2004 3505 2046 asserens
3529 1993 3718 2048 Filium
3739 2036 3754 2059 ,
3782 2002 3838 2050 et

2249 2079 2386 2135 Filio
2402 2079 2655 2149 Spiritum
2676 2088 2940 2135 sanctum.
2957 2080 3150 2136 Fertur
3163 2080 3323 2136 etiam
3340 2096 3509 2152 usque
3525 2082 3657 2138 adeo
3675 2083 3838 2140 fuisse

2249 2175 2403 2232 bonis
2445 2177 2688 2231 moribus
2734 2176 2979 2232 inimicus
3003 2219 3018 2244 ,
3051 2188 3110 2233 ut
3146 2189 3482 2236 asseveraret
3519 2181 3662 2252 quod
3706 2182 3837 2241 nihil

2251 2270 2445 2340 cuique
2470 2271 2687 2324 obesset
2729 2270 3094 2340 quorumlibet
3133 2272 3458 2342 perpetratio
3482 2287 3545 2328 ac
3586 2289 3840 2343 persevea

2246 2361 2417 2416 rantia
2464 2371 2802 2431 peccatorum
2828 2403 2844 2428 ,
2871 2363 2918 2418 si
2946 2361 3102 2433 hujus
3148 2378 3268 2433 quze
3312 2364 3380 2420 ab
3423 2364 3515 2419 illo
3541 2365 3838 2422 docebatur

2244 2452 2368 2509 ﬁdei
2397 2456 2659 2523 particeps
2681 2461 2843 2508 esset.

2318 2542 2430 2598 LV.
2472 2544 2923 2599 APOLLINARISTAS
2966 2542 3289 2613 Apollinaris
3332 2543 3597 2609 instituit,
3633 2546 3722 2616 qui
3765 2545 3836 2602 de

2253 2635 2430 2690 anima
2473 2634 2675 2689 Christi
2719 2649 2748 2688 a
2778 2633 3050 2689 Catholica
3095 2634 3504 2704 dissenserunt,
3555 2635 3832 2702 dicentes,

2248 2725 2387 2782 sicut
2430 2725 2612 2780 Ariani
2642 2765 2660 2793 ,
2708 2725 2875 2780 Deum
2919 2725 3189 2780 Christum
3217 2741 3434 2781 carnem
3470 2726 3586 2781 sine
3612 2726 3785 2780 anima
3813 2728 3835 2759 ⁸

2253 2818 2577 2889 suscepisse.
2626 2817 2682 2872 In
2710 2833 2814 2888 qua
2849 2819 3143 2888 quaestione
3177 2819 3494 2874 testimoniis
3517 2819 3836 2889 evangelicis

2245 2911 2370 2967 victi
2390 2953 2404 2975 ,
2435 2921 2688 2978 mentem,
2719 2927 2823 2982 qua
2849 2911 3122 2966 rationalis
3147 2920 3232 2966 est
3255 2910 3715 2975 anima'hominis,
3742 2911 3838 2967 de-

2246 3003 2411 3060 fuisse
2433 3005 2624 3061 animte
2653 3005 2884 3070 Christi,
2915 3005 3011 3061 sed
3041 3019 3137 3075 pro
3176 3004 3275 3058 hac
3313 3004 3485 3072 ipsum
3519 3001 3748 3057 Verbum
3778 3003 3836 3060 in

2245 3110 2311 3151 eo
2342 3095 2504 3151 fuisse
2531 3095 2798 3151 dixerunt.
2832 3098 2906 3152 De
2933 3097 3045 3166 ipsa
3079 3109 3205 3150 vero
3235 3095 3350 3163 ejus
3375 3108 3538 3148 carne
3562 3094 3640 3148 sic
3679 3110 3709 3150 a
3737 3109 3833 3150 re-

2245 3197 2331 3244 cta
2366 3189 2471 3245 ﬁde
2508 3189 2826 3244 dissensisse
2863 3188 3228 3259 perhibentur,
3260 3195 3320 3240 ut
3349 3185 3589 3240 dicerent
3613 3200 3834 3243 carnem

2243 3280 2391 3336 illam
2420 3287 2474 3335 et
2503 3280 2737 3335 Verbum
2768 3279 2923 3334 unius
2950 3278 3295 3349 ejusdemque
3323 3277 3632 3332 substantia:
3657 3319 3672 3343 ,
3699 3291 3833 3333 con-

2245 3374 2626 3432 tentiosissime
2655 3384 3043 3439 asseverantes,
3073 3371 3307 3426 Verbum
3348 3385 3563 3426 carnem
3600 3370 3830 3440 factum,

2195 3517 2200 3521 .
2245 3471 2347 3526 hoc
2372 3478 2482 3536 est,
2518 3467 2676 3523 Verbi
2713 3465 2910 3536 aliquid
2954 3465 3008 3519 in
3035 3479 3252 3521 carnem
3301 3463 3466 3519 fuisse
3511 3477 3830 3519 conversum

2242 3571 2403 3634 atque
2431 3568 2710 3624 mutatum,
2744 3572 2853 3612 non
2893 3566 3072 3612 autem
3110 3570 3327 3612 carnem
3351 3555 3419 3612 de
3461 3555 3642 3611 Mariae
3669 3568 3832 3612 carne

2242 3655 2407 3711 fuisse
2433 3660 2754 3722 susceptam.
3075 3712 3080 3718 _

2311 3745 2446 3801 LVI.
2487 3746 2964 3800 ΑΝτωιεοιιΑιιιτΑε
2988 3742 3010 3774 ⁸
3037 3739 3287 3811 appellati
3309 3747 3434 3796 sunt
3456 3738 3716 3805 haeretici,
3739 3740 3833 3808 qui

2241 3839 2422 3898 Mariae
2449 3837 2740 3908 virginitati
2781 3851 2952 3908 usque
2980 3835 3114 3892 adeo
3153 3835 3558 3901 contradicunt,
3585 3843 3643 3890 ut
3679 3833 3832 3888 affir-

2241 3939 2390 3986 ment
2414 3944 2532 3986 eam
2560 3938 2679 4000 post
2703 3926 2974 3984 Christum
2999 3936 3183 3984 natum
3209 3928 3324 3982 viro
3353 3940 3450 3982 suo
3488 3925 3651 3981 fuisse
3678 3940 3830 3980 com-

2240 4022 2487 4078 mixtam.

2313 4111 2466 4169 LVII.
2523 4111 2856 4168 Postremam
2899 4113 3049 4183 ponit
3091 4109 3420 4180 Epiphanius
3463 4109 3832 4163 Massam/mo-

2240 4219 2350 4261 εισι
2367 4203 2389 4236 ⁸
2411 4204 2655 4259 haeresim
2677 4220 2691 4256 :
2710 4203 2852 4273 quod
2873 4217 3064 4257 nomen
3088 4215 3157 4255 ex
3176 4202 3353 4270 lingua
3377 4214 3500 4270 syra
3521 4208 3621 4253 est.
3645 4198 3832 4254 Graece

2240 4308 2419 4355 autem
2445 4298 2693 4363 dicuntur
2713 4300 2944 4366 Εὖκιται,
2973 4295 3040 4348 ab
3065 4293 3266 4347 orando
3287 4292 3364 4347 sic
3391 4291 3660 4360 appellati.
3691 4289 3832 4352 Tan-

2242 4399 2353 4446 tum
2380 4391 2524 4445 enim
2545 4396 2720 4455 orant,
2748 4395 2806 4442 ut
2829 4386 2908 4442 eis
2935 4386 3027 4456 qui
3053 4384 3155 4439 hoc
3178 4384 3245 4438 de
3277 4384 3379 4440 illis
3406 4382 3627 4436 audiunt
3654 4381 3831 4435 incre-

2240 4481 2406 4538 dibile
2434 4481 2696 4536 videatur.
2727 4477 2859 4533 Nam
2906 4491 3031 4533 cum
3070 4474 3325 4530 Dominus
3353 4473 3581 4540 dixerit,
3619 4472 3831 4544 Oportet

2240 4590 2435 4644 semper
2463 4589 2628 4640 orare,
2657 4580 2705 4626 et
2738 4585 2841 4625 non
2870 4569 3084 4639 deﬁcere
3112 4567 3264 4640 (Luc.
3296 4580 3444 4632 xvnt,
3471 4566 3524 4636 l)
3551 4582 3566 4631 ;
3601 4573 3656 4620 et
3683 4564 3831 4633 Apo-

2241 4665 2432 4732 stolus,
2465 4664 2591 4719 Sine
2617 4662 2984 4717 intermissione
3011 4669 3151 4714 orate
3182 4659 3224 4730 (ι
3244 4657 3421 4712 Thess.
3449 4673 3506 4722 v,
3530 4655 3620 4727 l7)
3645 4672 3658 4708 :
3684 4654 3828 4725 quod

2241 4756 2524 4812 sanissime
2563 4753 2642 4808 sic
2685 4752 2966 4822 accipitur,
2997 4759 3058 4806 ut
3097 4749 3246 4804 nullo
3275 4749 3364 4802 die
3410 4747 3829 4802 intermittantur

2241 4858 2385 4908 certa
2414 4857 2654 4920 tempora
2691 4845 2918 4902 orandi:
2946 4844 3033 4900 isti
3068 4844 3138 4898 ita
3177 4842 3337 4897 nimis
3379 4841 3482 4896 hoc
3509 4839 3743 4904 faciunt,
3772 4845 3832 4893 ut

2243 4945 2368 5000 hinc
2391 4944 2758 5015 judicarentur
2785 4942 2926 4997 inter
2949 4939 3232 4995 hzereticos
3262 4935 3594 4992 nominandi.
3623 4935 3826 5001 Quam-

2241 5038 2322 5094 vis
2344 5037 2582 5092 nonnulli
2611 5050 2706 5092 eos
2731 5034 2912 5089 dicant
2939 5031 3006 5087 de
3044 5029 3356 5102 purgatione
3397 5027 3695 5080 animarum
3723 5039 3821 5078 ne-

2241 5130 2354 5187 scio
2377 5144 2534 5201 quam
2563 5126 2950 5198 phantasticam
3001 5131 3056 5178 et
3111 5120 3388 5177 ridiculam
3425 5116 3653 5172 fabulam
3701 5130 3826 5170 nar-

2306 5291 2322 5322 ί
2358 5293 2429 5340 Sic
2449 5297 2556 5340 Mss.
2585 5295 2640 5339 At
2663 5287 2799 5347 editi,
2827 5286 3010 5344 dicens,
3031 5294 3173 5334 orare
3198 5279 3268 5332 vel
3301 5279 3473 5343 on'erre
3505 5289 3594 5342 pro
3629 5275 3830 5326 mortuis

2240 5351 2523 5403 oblationem
2544 5364 2637 5401 non
2659 5359 2895 5416 oportere.
3007 5409 3017 5416 _
3168 5404 3179 5416 _

2304 5419 2324 5448 ³
2345 5423 2406 5464 ‘ln
2431 5425 2552 5476 Mss,
2581 5409 2774 5476 cantem
2797 5409 3075 5476 solomsine
3097 5409 3274 5476 animm

2304 5480 2324 5510 ³
2359 5465 2511 5536 Editi,
2540 5465 3037 5536 ’ληιὶάὶεοηιιιήίζηξιιε
3079 5481 3095 5519 :
3135 5465 3406 5536 Secundum
3428 5470 3827 5513 Graecos.0mnes

2240 5553 2358 5590 vero
2382 5541 2459 5589 hic
2479 5530 2608 5590 latini
2633 5545 2760 5594 3155.,
2806 5530 3272 5598 Antidicomaritqe._
3426 5597 3458 5598 η
3579 5586 3607 5598 μ

2301 5586 2882 5660 λ’ώῖἶὶξνὶλδαιιὶαηόηιηι.
2920 5603 2974 5644 At
3018 5601 3124 5660 Mss.
3149 5589 3392 5660 plerique,
3417 5586 3826 5660 Massalianorttm;

2239 5649 2927 5724 Pauciorespltlassg'lianorum
2947 5669 2965 5704 :
2979 5655 3074 5724 qui
3111 5649 3276 5724 tamen
3295 5649 3620 5724 Massyliam;
3657 5649 3829 5724 etipst

2237 5711 2420 5778 habent
2442 5711 2721 5778 in'indiculo
2734 5727 2851 5773 ante
2872 5711 3524 5784 praehitionemﬁonoordant
3543 5712 3692 5776 graeci
3713 5721 3832 5762 scrt-

2236 5801 2420 5858 ptores.
