4082 6492
242 447 302 506 ιι
1613 440 1816 501 LIBER
1851 437 2052 499 UNUS.
3447 419 3519 478 ts

243 587 356 632 me
377 582 424 640 ι,
454 579 674 643 porcam
703 560 906 619 scilicet
931 575 1053 618 cum
1094 562 1342 633 porcellis
1373 558 1544 618 videri
1583 560 1731 616 exire
1756 557 1824 614 de

241 683 327 723 ore
356 664 598 720 hominis
631 660 846 732 quando
885 667 1157 731 purgatur,
1205 665 1261 714 et
1287 660 1340 712 in
1369 670 1491 712 eum
1533 652 1726 709 visibili
1755 651 1828 708 si-

241 759 438 814 militer
469 755 651 826 specie
676 756 878 826 ignem,
907 753 997 824 qui
1024 766 1129 807 non
1162 750 1458 815 comburat,
1485 748 1706 802 intrare.
1736 744 1830 800 His

241 850 480 920 adjungit
504 846 837 918 Epiphanius
863 843 1227 914 Euphemitas,
1257 839 1628 912 Martyrianos,
1654 843 1709 892 et
1733 835 1833 891 Sa-

243 945 487 999 tanianos
506 943 554 1006 ¹,
587 950 643 997 ει
667 941 767 995 hos
785 953 973 994 omnes
990 953 1111 994 cum
1139 937 1240 991 illis
1260 943 1509 1006 tanquam
1534 946 1692 987 unam
1720 931 1831 984 haz-

244 1037 408 1092 resim
452 1034 626 1104 ponit.
683 1033 937 1088 Dicuntur
979 1028 1218 1086 Euchitae
1265 1027 1506 1098 opinari,
1557 1021 1833 1079 monachis

240 1145 358 1185 non
387 1128 549 1183 licere
577 1122 941 1181 sustentanda:
972 1123 1093 1176 vitae
1122 1135 1234 1177 sua:
1272 1134 1432 1175 causa
1473 1115 1672 1188 aliquid
1698 1127 1834 1186 ope-

245 1221 388 1285 rari,
419 1228 579 1288 atque
607 1218 681 1272 ita
710 1232 769 1273 se
799 1216 942 1286 ipsos
966 1213 1256 1270 monachos
1279 1209 1541 1282 proﬁteri,
1574 1217 1633 1264 ut
1657 1206 1835 1264 omni-

246 1329 314 1368 no
341 1313 412 1368 ab
439 1311 697 1382 operibus
721 1319 932 1366 vacent.

313 1406 500 1478 Usque
527 1407 596 1460 ad
627 1405 759 1460 istos
787 1405 1008 1475 ergo’de
1045 1401 1339 1457 haeresibus
1363 1413 1499 1470 opus
1526 1411 1679 1452 suum
1711 1408 1838 1464 per-

246 1499 396 1554 duxit
444 1512 610 1569 supra
633 1497 806 1553 dictus
836 1495 1117 1566 episcopus
1143 1493 1368 1564 Cyprius
1389 1533 1403 1556 ,
1436 1487 1575 1559 apud
1619 1486 1834 1543 Graecos

247 1592 386 1645 inter
428 1603 658 1660 magnos
697 1587 910 1642 habitus
931 1628 946 1654 ,
977 1593 1031 1642 et
1057 1599 1089 1640 a
1117 1583 1300 1640 multis
1330 1583 1382 1637 in
1413 1579 1686 1636 catholicae
1716 1576 1840 1633 ﬁdei

250 1681 479 1738 sanitate
522 1678 785 1736 laudatus.
813 1676 976 1749 Cujus
1001 1691 1100 1749 ego
1131 1682 1182 1731 in
1221 1671 1703 1731 commemorandis
1731 1669 1844 1725 hae-

254 1774 436 1829 reticis
463 1787 572 1828 non
601 1771 844 1836 modum,
871 1769 966 1826 sed
992 1768 1234 1825 ordinem
1279 1781 1418 1821 sum
1443 1774 1678 1821 secutus.
1706 1762 1842 1818 Nam

260 1874 316 1920 et
341 1865 507 1935 aliqua
534 1879 609 1919 ex
637 1863 756 1918 aliis
781 1862 933 1933 posui
955 1877 1074 1932 qua:
1101 1860 1216 1930 ipse
1242 1873 1349 1914 non
1371 1858 1567 1929 posuit,
1586 1864 1640 1912 et
1664 1855 1844 1925 aliqua

257 1971 360 2012 non
391 1957 582 2025 posui,
613 1970 733 2026 quae
771 1953 886 2024 ipse
915 1953 1127 2025 posuit:
1153 1953 1331 2022 itaque
1372 1950 1474 2004 alia
1504 1949 1660 2003 latius
1685 1959 1842 2018 quam

255 2047 385 2117 ipse,
420 2047 524 2102 alia
554 2046 718 2101 etiam
747 2045 960 2100 brevius
981 2043 1276 2114 explicavi,
1308 2055 1597 2112 paremque
1621 2040 1674 2094 in
1704 2054 1844 2094 non-
1924 2096 1928 2098 .

257 2137 411 2193 nullis
438 2137 664 2193 exhibui
707 2136 1019 2193 brevitatem
1038 2177 1056 2201 ,
1088 2135 1264 2191 omnia
1290 2133 1573 2189 moderans
1602 2131 1849 2186 sicut'in-

259 2229 512 2284 tentionis
542 2243 682 2284 meae
710 2229 848 2283 ratio
875 2226 1196 2297 postulabat.
1228 2224 1460 2280 Proinde
1491 2223 1580 2278 ille
1609 2222 1677 2278 de
1696 2230 1846 2276 octo-

256 2321 396 2391 ginta
424 2320 744 2388 haeresibus,
776 2319 1036 2391 separatis
1062 2318 1248 2389 viginti
1267 2359 1282 2386 ,
1311 2331 1446 2388 quas
1474 2324 1597 2370 ante
1628 2313 1845 2370 Domini

258 2417 541 2472 adventum
571 2416 860 2482 exstitisse,
889 2415 1024 2470 sicut
1051 2413 1100 2468 ei
1131 2413 1302 2468 visum
1334 2420 1416 2466 est
1441 2452 1455 2476 ,
1484 2407 1844 2480 computavit;

261 2510 494 2579 reliquas
525 2516 650 2578 post
677 2507 887 2563 Domini
914 2519 1196 2562 ascensum
1223 2512 1374 2558 natas
1403 2502 1700 2572 sexaginta,
1728 2499 1852 2555 bre-

259 2602 490 2657 vissimis
534 2600 687 2655 libris
715 2599 949 2670 quinque
993 2595 1396 2667 comprehendit
1419 2636 1433 2659 ,
1465 2603 1624 2664 atque
1662 2605 1850 2646 omnes

264 2707 359 2748 sex
381 2693 550 2748 libros
581 2692 742 2747 totius
780 2690 1019 2762 ejusdem
1063 2689 1147 2745 sui
1187 2687 1364 2760 operis
1392 2685 1513 2741 fecit
1540 2685 1580 2738 ³.
1611 2684 1723 2755 Ego
1751 2697 1849 2738 au-

268 2794 376 2840 tem
402 2827 416 2852 ,
445 2784 561 2854 quia
606 2782 904 2840 secundum
934 2779 1243 2851 petitionem
1292 2787 1436 2833 tuam
1483 2790 1574 2832 eas
1616 2774 1851 2829 haereses

269 2891 568 2932 memorare
611 2873 855 2939 institui,
883 2889 1001 2944 qua:
1042 2879 1164 2942 post
1190 2869 1628 2941 gloriﬁcationem
1653 2864 1852 2921 Christi

266 2984 326 3024 se
367 2967 624 3022 adversus
650 2966 946 3022 doctrinam
975 2962 1207 3031 Christi,
1237 2962 1396 3017 etiam
1444 2960 1543 3015 sub
1588 2956 1853 3014 velamine

267 3060 541 3118 christiani
557 3059 790 3115 nominis
811 3057 1132 3119 extulerunt,
1156 3053 1532 3126 quinquaginta
1555 3058 1761 3120 septem
1785 3064 1852 3105 ex

267 3153 546 3224 Epiphanii
592 3151 764 3222 ipsius
791 3163 954 3221 opere
995 3148 1048 3202 in
1093 3161 1271 3202 meum
1322 3143 1605 3211 transtuli,
1636 3141 1769 3198 duas
1797 3140 1851 3195 in

265 3261 420 3302 unam
449 3245 720 3311 referens,
747 3242 840 3299 ubi
887 3241 1088 3297 nullam
1121 3237 1475 3294 diﬁ‘erentiam
1515 3235 1662 3308 potui
1690 3247 1849 3304 repe-

264 3339 370 3394 rire
392 3356 407 3392 :
429 3347 482 3393 et
505 3350 695 3393 rursus
721 3335 812 3391 ubi
841 3333 931 3390 ille
950 3349 1016 3388 ex
1039 3331 1246 3388 duabus
1265 3346 1427 3386 unam
1458 3329 1635 3384 facere
1659 3327 1848 3396 voluit,

266 3431 364 3486 sub
393 3429 630 3486 numeris
657 3428 770 3485 suis
796 3428 1036 3499 singulas
1061 3425 1234 3497 posui.
1276 3423 1384 3480 Sed
1413 3422 1586 3478 adhuc
1615 3435 1852 3478 comme-

265 3537 473 3577 morare
495 3522 690 3589 debeo,
715 3521 832 3577 sive
857 3532 990 3590 quas
1010 3517 1148 3590 apud
1174 3517 1310 3573 alios
1335 3515 1544 3586 reperi,
1573 3514 1691 3569 sive
1716 3527 1851 3584 quas

264 3615 378 3686 ipse
400 3614 736 3670 reminiscor.
769 3611 921 3668 Nunc
948 3624 1078 3683 ergo
1110 3608 1249 3665 addo
1277 3623 1409 3680 quas
1447 3605 1713 3661 Philaster
1755 3619 1852 3675 po-

268 3710 394 3775 suit,
424 3724 521 3767 nec
543 3708 723 3780 posuit
751 3705 1103 3776 Epiphanius.

335 3799 517 3855 LVIII.
559 3799 1044 3855 Marmctsuourm
1085 3794 1188 3850 dici
1227 3801 1473 3864 possunt,
1504 3792 1594 3862 qui
1642 3789 1848 3846 Metau-

265 3896 476 3967 gismon
502 3901 770 3959 asserunt,
799 3891 1040 3947 dicentes
1085 3889 1163 3944 sic
1205 3902 1324 3942 esse
1357 3887 1410 3941 in
1447 3885 1605 3941 Patre
1628 3884 1841 3951 Filium,

268 3987 545 4058 quomodo
581 3999 676 4039 vas
703 3985 756 4038 in
781 3997 929 4047 vase,
969 3980 1121 4052 quasi
1148 3979 1256 4034 duo
1288 3992 1512 4047 corpora
1561 3975 1848 4030 carnaliter

264 4079 592 4150 Opinantes;
620 4075 694 4130 ita
710 4083 769 4128 ut
780 4074 946 4130 Filius
965 4073 1129 4128 intret
1154 4072 1208 4126 in
1229 4071 1461 4134 Patrem,
1487 4079 1736 4138 tanquam
1756 4082 1848 4123 vas

264 4171 456 4227 minus
495 4169 551 4224 in
580 4182 670 4222 vas
703 4166 884 4237 majus.
934 4163 1089 4222 Unde
1112 4171 1168 4219 et
1213 4162 1319 4218 tale
1357 4175 1551 4216 nomen
1590 4159 1679 4215 hic
1700 4173 1852 4215 error

265 4261 496 4331 accepit,
523 4268 581 4316 ut
601 4267 1098 4328 μταγγισμόςεηεεε
1111 4254 1376 4310 diceretur
1406 4270 1419 4306 :
1452 4254 1634 4320 ἀγγεῖον
1657 4252 1852 4323 quippe

268 4353 358 4409 illa
386 4351 570 4422 lingua
597 4365 691 4406 vas
719 4349 913 4405 dicitur
943 4365 957 4402 :
987 4346 1085 4403 sed
1129 4346 1373 4401 introitus
1415 4345 1571 4400 unius
1610 4343 1752 4399 vasis
1796 4343 1852 4398 in

269 4445 498 4498 alterum
521 4483 536 4508 ,
577 4441 741 4498 latine
778 4455 888 4496 uno
938 4438 1154 4495 nomine
1194 4450 1302 4492 non
1326 4443 1502 4506 potest
1537 4434 1674 4503 dici,
1716 4435 1852 4490 sicut

270 4550 440 4606 grtece
468 4535 637 4605 potuit
659 4541 992 4603 μεταγνισμὸς.

275 4665 277 4668 ‹
342 4625 478 4681 LIX.
509 4625 833 4682 Summum
859 4631 986 4680 sunt
1018 4620 1104 4678 vel
1129 4618 1403 4676 Hermiani
1433 4619 1501 4674 ab
1548 4617 1853 4674 auctoribus

269 4719 491 4776 Seleuco
503 4718 591 4772 vel
609 4717 847 4783 Hermia,
867 4713 958 4786 qui
976 4713 1362 4770 elementorum
1379 4711 1654 4765 materiam
1672 4708 1738 4765 de
1748 4723 1852 4781 qua

271 4810 436 4867 Iactus
459 4818 543 4867 est
561 4808 816 4874 mundus,
847 4822 954 4862 non
987 4821 1016 4860 a
1047 4805 1156 4860 Deo
1175 4802 1368 4859 factam
1392 4801 1592 4869 dicunt,
1627 4800 1723 4857 sed
1745 4800 1854 4856 Deo

269 4913 610 4958 eoaeternam.
639 4899 750 4957 Nec
774 4899 1006 4954 animam
1048 4897 1157 4952 Deo
1199 4894 1437 4950 tribuunt
1479 4891 1728 4961 creatori,
1759 4891 1854 4948 sed

269 5007 536 5054 creatorcs
582 5010 704 5052 esse
735 4994 1030 5049 animarum
1074 4990 1307 5061 Angelos
1333 4987 1604 5042 voluntde
1657 4986 1780 5056 igne
1801 4993 1856 5041 et

269 5090 477 5160 spiritu.
508 5087 705 5144 Malunt
730 5095 909 5141 autem
938 5089 1186 5139 asserunt
1203 5093 1324 5137 esse
1343 5077 1628 5150 aliquando
1653 5091 1682 5131 a
1719 5077 1850 5144 Deo,

271 5180 555 5252 aliquando
578 5196 611 5234 a
637 5178 882 5234 materia.
909 5175 1117 5246 Negant
1134 5171 1463 5230 Salvatorem
1489 5171 1544 5226 in
1570 5185 1731 5226 carne
1762 5184 1850 5225 se-

269 5273 394 5330 dere
418 5273 487 5329 ad
509 5273 786 5329 dexteram
812 5270 1006 5336 Patris,
1035 5268 1130 5324 sed
1157 5278 1220 5323 ea
1245 5281 1303 5322 se
1321 5265 1532 5322 exuisse
1551 5263 1852 5335 perhibent,

271 5381 492 5439 eamque
537 5370 593 5423 in
620 5367 736 5424 sole
769 5365 1038 5439 posuisse,
1065 5361 1388 5434 accipientes
1415 5357 1758 5416 occasionem
1787 5357 1856 5413 de

331 5591 348 5623 ι
380 5596 434 5640 In
454 5596 585 5652 uss,
607 5589 769 5642 nescio
789 5600 886 5652 qua
905 5582 1207 5651 phantastica
1226 5587 1272 5634 et
1293 5579 1501 5633 ridicule
1516 5577 1733 5644 fabulosa
1745 5591 1856 5630 nar-

266 5665 432 5766 ⁷⁰ζ⁸ὶη
458 5696 1029 5782 ίωρτοεςίειεαιωηωιρε
1057 5721 1075 5782 .;
1099 5720 1270 5759 eorum
1292 5706 1408 5758 vitio
1444 5706 1528 5770 qui
1567 5705 1854 5767 ediderunt;

265 5790 376 5828 nam
400 5787 504 5828 Mss.
523 5776 702 5828 omnes
723 5776 904 5840 (erunt,
917 5776 1208 5840 ειέιωιῐαῖιοδι
1385 5828 1397 5840 ,
1541 5828 1552 5838 .
1617 5831 1637 5840 -
1691 5829 1702 5840 .

331 5842 352 5872 ³
383 5841 520 5901 Editi,
539 5841 592 5892 in
612 5852 703 5892 sea:
725 5831 1036 5901 librosg'totius
1067 5831 1295 5901 ejusdem
1317 5831 1397 5882 sui
1415 5831 1576 5901 operis
1607 5831 1856 5901 fecit_con-

265 5891 562 6017 cludi“
585 5891 708 5954 vero
745 5914 843 5952 nec
878 5899 1062 5949 habent
1086 5891 1398 5960 particulam,
1421 5891 1489 5956 ἰὴ,
1515 5891 1616 5945 nec
1631 5893 1854 5956 verbum,

253 5978 378 6020 conc
469 5979 502 6018 t.

547 6046 1108 6129 SANCJLAueusr.
1143 6042 1312 6109 VIII.

1933 555 2166 623 Psalmo,
2194 557 2283 614 ubi
2315 558 2527 629 legitur,
2559 552 2622 612 In
2644 557 2749 614 sole
2781 559 2945 628 posuit
2967 559 3343 616 tabernaculum
3369 566 3518 608 suum

1937 648 2109 718 (Psal.
2141 667 2290 714 xvut,
2319 651 2398 723 6).
2439 651 2646 724 Negant
2682 653 2841 709 etiam
2884 653 3144 710 visibilem
3191 651 3521 726 paradisum.

1938 742 2264 812 Baptismum
2314 746 2367 799 in
2394 761 2531 816 aqua
2576 761 2684 802 non
2727 748 3013 818 accipiunt.
3052 747 3523 804 Resurrectionem

1941 849 2044 890 non
2071 843 2256 905 putant
2277 835 2530 905 futuram,
2569 839 2663 895 sed
2685 839 2919 910 quotidie
2945 838 3058 894 ﬁeri
3087 839 3139 894 in
3181 839 3529 911 generatione

1940 925 2190 982 ﬁliorum.

2011 1019 2126 1074 LX.
2157 1019 2527 1076 PROCLIANITE
2557 1023 2727 1078 secuti
2771 1032 2897 1079 sunt
2936 1025 3087 1093 istos,
3131 1032 3187 1080 et
3210 1023 3532 1080 addiderunt

1942 1111 2210 1168 Christum
2239 1128 2344 1168 non
2372 1114 2424 1168 in
2451 1129 2612 1169 carne
2641 1117 2872 1172 venisse.

2013 1203 2148 1259 LXI.
2181 1205 2496 1261 PATRICIA‘NI
2524 1221 2554 1262 a
2585 1207 2814 1262 Patricio
2846 1210 3154 1279 nuncupati,
3179 1211 3532 1265 substantiam

1943 1297 2118 1352 carnis
2145 1297 2391 1352 humanae
2417 1314 2524 1354 non
2557 1315 2588 1354 a
2633 1300 2762 1366 Deo,
2796 1300 2888 1356 sed
2938 1317 2967 1356 a
3009 1303 3221 1359 diabolo
3263 1303 3534 1358 conditam

1943 1388 2128 1444 dicunt
2155 1406 2165 1441 :
2197 1405 2418 1461 eamque
2439 1391 2516 1446 sic
2533 1389 2838 1462 fugiendam
2856 1401 2910 1446 et
2935 1391 3300 1450 detestandam
3326 1402 3538 1464 putant,

1911 1547 1915 1567 τ
1947 1489 2005 1534 ιιι
2030 1479 2241 1550 quidam
2272 1496 2455 1537 eorum
2485 1483 2872 1553 perhibeantur
2897 1485 3059 1540 etiam
3083 1495 3253 1541 morte
3283 1486 3384 1543 sibi
3410 1486 3536 1541 illa-

1947 1581 1999 1628 ta
2017 1575 2033 1605 ¹
2057 1589 2242 1631 carere
2272 1591 2432 1632 carne
2456 1577 2711 1633 voluisse.

2019 1665 2176 1720 LXII.
2205 1668 2421 1724 Ascua:
2469 1669 2536 1726 ab
2576 1678 2693 1725 utre
2734 1670 2985 1741 appellati
3027 1681 3151 1728 sunt
3180 1691 3192 1726 :
3223 1677 3360 1736 ἀσκός
3391 1675 3538 1731 enim

1947 1773 2140 1828 graece,
2171 1758 2334 1814 latine
2358 1768 2476 1816 uter
2500 1759 2694 1816 dicitur
2719 1779 2732 1816 :
2756 1777 2913 1832 quem
2932 1763 3278 1832 perhibentur
3296 1764 3539 1822 inﬂatum

1949 1859 2004 1906 et
2032 1862 2277 1922 opertum
2325 1854 2552 1910 circuire
2596 1854 2936 1922 bacchantes,
2978 1865 3230 1929 tanquam
3277 1859 3378 1929 ipsi
3433 1860 3541 1917 sint

1949 1941 2239 2012 evangelici
2269 1951 2414 2000 utres
2440 1944 2562 2000 novi
2587 1961 2726 2000 novo
2760 1946 2886 2001 vino
2914 1947 3121 2017 repleti.

2020 2033 2204 2088 LXIII.
2235 2035 2748 2103 Passanonrtvcmu;
2770 2038 2822 2092 in
2849 2048 3050 2094 tantum
3073 2040 3287 2096 silentio
3302 2041 3542 2110 student,

1950 2133 2009 2180 ut
2028 2127 2244 2182 naribus
2287 2139 2341 2183 et
2386 2129 2540 2184 labiis
2567 2131 2677 2185 suis
2726 2130 2948 2201 digitum
2999 2142 3290 2203 opponant,
3340 2149 3409 2190 ne
3454 2134 3542 2190 vel

1952 2217 2121 2287 ipsam
2146 2219 2562 2276 taciturnitatem
2605 2237 2738 2277 voce
2759 2224 3087 2293 praeripiam,
3115 2223 3328 2294 quando
3358 2235 3542 2280 tacen-

1953 2309 2080 2364 dum
2104 2310 2205 2366 sibi
2233 2327 2353 2366 esse
2396 2311 2756 2379 arbitrantur;
2789 2314 2930 2368 unde
2959 2315 3119 2368 etiam
3161 2315 3265 2370 illis
3317 2326 3400 2371 est
3443 2332 3543 2371 no-

1952 2419 2076 2459 men
2103 2404 2325 2460 inditum
2366 2423 2378 2458 :
2406 2413 2641 2468 πάσσαλος
2673 2407 2813 2462 cnim
2840 2423 3015 2479 graece
3039 2409 3234 2463 dicitur
3269 2410 3454 2479 palus;
3489 2416 3545 2466 ct

1951 2503 2118 2569 ῥύγχος
2145 2513 2325 2553 nasus.
2351 2498 2460 2555 Cur
2492 2511 2668 2556 autem
2688 2517 2782 2571 per
2799 2501 2977 2572 palum
2999 2502 3220 2573 digitum
3240 2503 3545 2574 signiﬁcare

1953 2592 2272 2660 maluerint,
2323 2609 2354 2647 a
2406 2594 2594 2663 quibus
2653 2595 2754 2650 hoc
2804 2610 3000 2652 nomen
3051 2598 3407 2667 compositum
3436 2605 3542 2663 est,

1954 2683 2172 2738 nescio:
2202 2698 2323 2738 cum
2366 2700 2538 2755 graece
2595 2693 2649 2740 et
2697 2686 2903 2741 dicatur
2953 2687 3149 2758 digitus
3185 2693 3410 2752 δάκτυλος
3435 2731 3452 2758 ,
3488 2695 3546 2746 et

1955 2777 2159 2846 possint
2191 2776 2371 2847 utique
2396 2775 2876 2852 Dactylorynchitze
2897 2780 3067 2836 multo
3086 2781 3386 2838 evidentius
3407 2798 3546 2839 nun-

1956 2883 2158 2939 cupan.

2029 2959 2210 3014 LXIV.
2236 2960 2460 3026 AQUARII
2489 2976 2556 3016 ex
2586 2961 2688 3017 hoc
2719 2963 2973 3034 appellati
2998 2974 3143 3034 sunt,
3172 2965 3313 3036 quod
3351 2981 3548 3038 aquam
3609 2988 3660 3034 γ

1955 3053 2187 3110 οἰΥει-ιιιιι
2209 3055 2260 3109 in
2285 3054 2479 3124 poculo
2499 3054 2851 3126 Sacratnenti,
2879 3072 2991 3114 non
3020 3057 3148 3114 illud
3185 3059 3329 3131 quod
3368 3061 3547 3118 omnis

1954 3146 2214 3202 Ecclesia.

2025 3241 2188 3296 LXV.
2226 3241 2553 3300 COLUTEIANI
2582 3260 2611 3298 a
2657 3245 2890 3316 quodam
2913 3244 3160 3317 Colqtho,
3213 3248 3305 3318 qui
3331 3247 3546 3304 dicebat

1954 3337 2122 3393 Deum
2168 3353 2274 3393 non
2318 3337 2494 3394 facere
2535 3339 2710 3405 mala;
2741 3348 2926 3394 contra
2955 3339 3084 3396 illud
3108 3340 3252 3411 quod
3280 3342 3543 3412 scriptum

1954 3439 2058 3496 est,
2094 3431 2203 3503 Ego
2229 3431 2366 3488 Deus
2389 3449 2564 3488 crcans
2588 3433 2726 3488 mala
2758 3433 2913 3506 (Isai.
2945 3449 3073 3502 XLV,
3105 3435 3183 3506 7).

2023 3521 2207 3577 LXVI.
2230 3521 2538 3579 FLOBINIANI
2558 3539 2588 3578 a
2618 3524 2854 3592 Florino,
2877 3524 2967 3595 qui
2994 3540 3026 3580 e
3040 3525 3310 3580 contrario
3330 3525 3543 3582 dicebat

1957 3614 2130 3671 Deum
2172 3630 2388 3671 creasse
2441 3617 2617 3671 mala:
2649 3626 2832 3672 contra
2881 3616 2932 3671 id
2963 3617 3104 3687 quod
3141 3618 3394 3687 scriptum
3435 3626 3539 3684 est,

1955 3705 2100 3761 Fecit
2125 3706 2262 3762 Deus
2282 3708 2472 3774 omnia,
2501 3717 2548 3762 et
2587 3724 2697 3762 ecce
2727 3708 2858 3763 bona
2881 3707 3204 3778 valde-(Gen.
3235 3726 3272 3776 ι,
3297 3708 3410 3780 51).
3463 3710 3543 3764 Ac

1951 3813 2051 3870 per
2080 3798 2183 3855 hoc
2206 3801 2452 3872 quamvis
2497 3800 2762 3855 contraria
2788 3799 2927 3853 inter
2953 3814 3013 3854 se
3039 3799 3300 3864 dicentes,
3355 3808 3540 3856 tamen

1953 3890 2111 3964 ambo
2131 3889 2326 3945 divinis
2354 3891 2580 3961 eloquiis
2623 3890 2962 3946 resistebant.
3003 3890 3164 3947 Creat
3209 3892 3349 3946 enim
3398 3893 3543 3948 Deus

1954 3982 2113 4047 mala,
2153 3996 2341 4052 pmnas
2379 3981 2702 4051 justissimas
2741 3981 3052 4052 irrogando;
3093 3982 3237 4053 quod
3282 3982 3546 4038 Coluthus

1955 4088 2063 4129 non
2088 4073 2302 4129 videbat
2329 4092 2342 4128 :
2374 4089 2482 4130 non
2498 4083 2672 4128 autem
2701 4074 2869 4128 malas
2892 4072 3124 4129 creando
3150 4082 3364 4129 naturas
3381 4083 3540 4145 atque

1955 4165 2299 4232 substantias,
2325 4166 2376 4220 in
2416 4174 2672 4236 quantum
2707 4173 2833 4220 sunt
2850 4174 3053 4221 naturae
3091 4174 3252 4238 atque
3288 4166 3542 4222 substan-

1957 4256 2079 4320 tiae;
2110 4256 2199 4310 ubi
2232 4256 2478 4311 Florinus
2506 4256 2738 4311 errabat.

2028 4350 2235 4406 LXVII.
2270 4351 2526 4406 Haeresim
2571 4349 2853 4420 quamdam
2905 4349 3022 4406 sine
3073 4360 3289 4405 auctore
3337 4359 3391 4406 et
3424 4350 3543 4406 sine

1955 4443 2170 4498 nomine
2197 4442 2460 4497 Philaster
2487 4448 2889 4508 commemorat,
2915 4457 3035 4511 quae
3063 4440 3194 4498 dicit
3221 4441 3361 4496 hunc
3383 4457 3544 4497 mun-

1956 4535 2083 4592 dum
2103 4535 2265 4590 etiam
2296 4543 2418 4604 post
2445 4533 2891 4589 resurrectionem
2919 4541 3247 4588 mortuorum
3275 4533 3326 4588 in
3345 4534 3541 4590 eodem

1956 4636 2096 4683 statu
2126 4627 2179 4681 in
2208 4641 2315 4697 quo
2336 4641 2476 4680 nunc
2500 4634 2582 4680 cst
2617 4639 2737 4681 esse
2764 4640 3095 4694 mansurum,
3124 4641 3296 4697 neque
3324 4626 3396 4680 ita
3419 4641 3542 4682 esse

1957 4718 2293 4785 mutandum,
2323 4726 2380 4772 ut
2413 4717 2482 4772 sit
2514 4717 2708 4772 coelum
2735 4731 2931 4774 novum
2961 4725 3017 4772 et
3042 4725 3180 4771 terra
3216 4732 3373 4783 nova,
3403 4717 3543 4772 sicut

1957 4820 2138 4866 sancta
2167 4809 2436 4880 Scriptura
2467 4808 2727 4880 promittit
2754 4807 2906 4881 (Isai.
2937 4824 3056 4874 va,
3083 4809 3184 4874 I7;
3215 4808 3258 4863 Il
3283 4807 3425 4863 Patr.
3456 4823 3537 4876 III,

1958 4903 2046 4968 15,
2076 4913 2122 4956 et
2149 4903 2307 4973 Apoc.
2340 4917 2449 4969 χχι,
2480 4901 2556 4972 I).

2029 4993 2258 5050 LXVIII.
2283 4993 2378 5050 Est
2396 4994 2497 5048 alia
2525 4993 2745 5049 haeresis
2771 4992 2927 5048 nudis
2947 4992 3170 5064 pedibus
3196 5009 3408 5063 semper
3428 5009 3547 5048 am-

1957 5086 2274 5154 bulantium,
2304 5101 2369 5142 eo
2397 5085 2541 5157 quod
2587 5086 2842 5141 Dominus
2871 5085 3066 5141 dixerit
3091 5086 3157 5141 ad
3192 5086 3431 5157 Moysen,
3453 5087 3543 5142 vel

1958 5181 2024 5236 ad
2051 5179 2213 5236 Josue
2241 5181 2281 5244 ’,
2319 5179 2470 5235 Solve
2494 5179 2886 5233 calceamentum
2905 5179 2968 5234 de
2988 5178 3194 5250 pedibus
3223 5179 3320 5232 tuis
3347 5178 3544 5250 (Exod.

1960 5289 2038 5340 ιιι,
2062 5275 2123 5340 5;
2156 5283 2199 5328 et
2228 5271 2385 5327 Josue
2410 5287 2464 5339 v,
2500 5271 2591 5342 16)
2626 5290 2639 5326 :
2666 5271 2875 5342 etquod
2907 5270 3165 5341 propheta
3193 5270 3355 5328 Isaias
3387 5272 3547 5328 nudis

1961 5366 2184 5436 pedibus
2207 5366 2391 5436 jussus
2413 5365 2572 5420 fuerit
2595 5364 2867 5420 ambulare
2889 5361 3044 5433 (Isai.
3079 5362 3262 5434 xx,2).
3298 5361 3425 5418 Ideo
3453 5379 3546 5419 er-

1960 5473 2029 5531 go
2054 5459 2272 5515 haeresis
2297 5467 2398 5525 est,
2422 5458 2543 5530 quia
2573 5472 2680 5514 non
2710 5464 2924 5526 propter
2940 5456 3180 5533 corporis
3199 5455 3545 5514 afﬂictionem

1961 5552 2040 5607 sic
2067 5551 2359 5619 ambulant,
2390 5549 2484 5607 sed
2511 5551 2630 5621 quia
2657 5547 2958 5605 testimonia
2987 5547 3166 5607 divina
3191 5549 3369 5608 taliter
3391 5550 3549 5608 intel-

1961 5643 2130 5716 ligunt
2143 5642 2185 5698 '.
3223 5645 3228 5649 “

2025 5829 2046 5864 ι
2078 5833 2134 5878 In
2151 5833 2280 5887 Mss,
2300 5828 2452 5887 morte
2669 5818 2823 5872 illata.

2025 5893 2048 5925 ί
2079 5898 2132 5941 tu
2151 5882 2444 5941 uss.'deest,
2467 5882 2540 5935 vel
2555 5883 2621 5934 ad
2643 5891 2803 5934 Josue.

2029 5921 2054 5989 δ
2643 5921 3015 6000 ἲίξεκῗὸωὶιῑιωι
3039 5958 3051 5993 :
3082 5945 3193 5993 Ideo
3215 5954 3328 6008 ergo
3347 5939 3550 5998 heresis

2945 6033 3225 6112 (Deum)
