4054 6454
567 345 637 406 ιδ
1681 345 1770 402 ne
1809 339 2236 412 HERESIBUS,
2278 341 2333 403 s.
2377 343 2745 412 aucusrmt
3762 362 3847 431 at

639 460 828 522 LXIX.
857 459 1148 520 Douu'md
1170 456 1258 518 vel
1300 455 1588 519 Donatistae
1627 468 1770 526 sunt,
1803 460 1891 531 qui
1920 459 2147 530 primum

563 563 784 628 propter
803 555 1106 612 ordinatum
1135 564 1322 611 contra
1349 568 1501 610 suam
1527 549 1854 608 voluntatem
1902 550 2146 606 Caecilia-

553 647 966 705 numEcclesiae
983 647 1413 720 Carthaginensis
1433 645 1739 718 episcopum
1756 645 1984 701 schisma
2009 645 2145 700 fece-

553 749 726 796 runt:
759 740 1076 811 abjicientes
1091 741 1144 797 ei
1173 740 1393 797 crimina
1419 752 1524 793 non
1555 735 1798 808 probata,
1829 746 1882 793 et
1912 737 2144 792 maxime

553 835 702 907 quod
747 852 778 892 a
810 835 1157 893 traditoribus
1194 833 1492 890 divinarum
1516 831 1925 904 ‘Seripturarum
1983 828 2146 886 fuerit

559 931 858 987 ordinatus.
888 930 992 987 Sed
1032 936 1154 1000 post
1176 942 1391 984 causam
1418 942 1539 983 cum
1573 941 1640 982 eo
1672 925 1865 982 dictam
1897 933 2054 998 atque
2085 925 2144 978 ti-

543 1023 726 1079 ~nitam
755 1021 1000 1079 falsitatis
1022 1021 1101 1077 rei
1144 1019 1478 1091 deprehensi,
1513 1018 1774 1090 pertinaci
1809 1016 2144 1072 dissensione

556 1115 788 1183 firmata,
831 1115 884 1169 in
938 1113 1185 1169 haeresim
1232 1112 1462 1168 schisma
1513 1119 1791 1167 verterunt
1833 1127 1847 1164 :
1893 1117 2143 1178 tanquam

557 1207 798 1263 Ecclesia
828 1205 1023 1262 Christi
1054 1215 1272 1277 propter
1308 1197 1849 1268 crimina'Caeciliani,
1877 1217 1970 1258 seu
1993 1215 2141 1266 vera,

537 1312 650 1353 seu
702 1297 843 1368 quod
891 1297 1060 1367 magis
1100 1296 1369 1368 judicibus
1405 1295 1670 1366 apparuit,
1719 1293 1870 1361 falsa,
1914 1292 1980 1347 de
2029 1300 2142 1347 toto

543 1397 817 1444 terrarum
845 1387 974 1444 orbe
1000 1388 1238 1458 perierit,
1260 1387 1350 1443 ubi
1381 1386 1554 1442 futura
1577 1385 1843 1457 promissa
1859 1392 1960 1452 est,
1985 1393 2144 1454 atque

549 1480 606 1536 in
638 1480 883 1536 Africana
901 1480 1096 1535 Donati
1121 1488 1271 1550 parte
1293 1479 1632 1545 remanserit,
1664 1478 1718 1532 in
1735 1477 1852 1534 aliis
1878 1487 2143 1534 terrarum

551 1573 798 1644 partibus
849 1573 1001 1643 quasi
1053 1573 1370 1642 contagione
1411 1572 1803 1628 communionis
1856 1571 2138 1632 exstincta.

551 1665 766 1721 Audcnt
789 1665 1313 1736 etiamrebaptizare
1339 1665 1640 1722 Catholicos
1667 1685 1680 1720 :
1713 1665 1800 1720 ubi
1830 1679 1888 1722 se
1912 1665 2136 1735 amplius

537 1757 834 1813 llia-retices
882 1771 1002 1813 esse
1043 1757 1346 1824 ﬁrmarunt,
1383 1774 1504 1815 cum
1553 1758 1811 1814 Ecclesiae
1861 1757 2141 1813 catholica:

537 1848 812 1904 universae
839 1848 1120 1922 placuerit,
1174 1851 1358 1905 nec‘in
1401 1850 1529 1921 ipsis
1573 1849 2141 1921 hmreticis‘Baptisma

549 1955 832 1998 commune
851 1941 1176 1998 rescindere.
1199 1940 1369 2012 Hujus
1391 1941 1608 1997 hmresis
1625 1939 1916 2012 principem
1940 1940 2140 2011 accipi—

550 2049 672 2089 mus
717 2033 880 2090 fuisse
934 2034 1222 2099 Donatum,
1268 2035 1357 2103 qui
1405 2034 1472 2088 de
1522 2032 1764 2087 Numidia
1816 2033 2056 2096 veniens,
2087 2041 2141 2087 et

538 2136 734 2183 contra
763 2125 1103 2182 Caecilianum
1145 2127 1487 2182 christianam
1519 2125 1762 2181 dividens
1783 2125 2013 2198 plebem,
2042 2124 2139 2181 ad-

546 2218 744 2288 junctis
797 2218 898 2274 sibi
943 2216 1185 2288 ejusdem
1224 2217 1468 2273 factionis
1509 2216 2139 2288 episc0pis,'Majorinum

545 2311 687 2382 apud
711 2311 1089 2382 Carthaginem
1118 2310 1387 2366 ordinavit
1428 2307 1776 2381 episcopum.
1800 2307 1897 2363 Cui
1928 2309 2140 2379 Majori-

545 2418 619 2459 no
645 2404 881 2458 Donatus
918 2403 1057 2458 alius
1107 2402 1160 2457 in
1196 2401 1384 2457 eadem
1430 2399 1694 2456 diVisione
1732 2401 2018 2468 successit,
2048 2401 2138 2471 qui

525 2495 854 2567 eloquentia
901 2511 998 2551 sua
1043 2495 1122 2550 sic
1169 2493 1506 2550 conﬁrmavit
1558 2493 1696 2548 hanc
1746 2493 2027 2560 hwresim,
2082 2502 2140 2550 ut

546 2593 702 2647 multi
728 2591 1034 2648 existiment
1059 2600 1279 2662 propter
1312 2588 1485 2660 ipsum
1507 2589 1688 2660 potius
1712 2602 1807 2644 eos
1834 2586 2138 2644 Donatistas

529 2685 751 2740 wocari.
785 2683 1012 2738 Exstant
1053 2683 1253 2753 scripta
1279 2679 1418 2752 ejus,
1461 2679 1550 2736 ubi
1582 2689 1803 2752 apparet
1829 2695 1950 2736 eum
1976 2681 2139 2736 etiam

527 2790 656 2830 non
685 2773 1001 2829 catholicam
1021 2772 1371 2828 de'Trinitate
1402 2771 1651 2828 habuisse
1675 2773 2016 2840 sententiam,
2043 2771 2139 2827 sed

544 2867 788 2939 quamvis
818 2865 1061 2936 ejusdem
1101 2865 1434 2930 substantiae,
1469 2864 1730 2919 minorem
1772 2873 1952 2921 tamen
1980 2863 2139 2921 Patre

529 2959 765 3026 i-Filium,
798 2967 853 3014 et
881 2958 1144 3013 minorem
1163 2955 1312 3012 ‘Filio
1341 2965 1560 3027 putasse
1588 2955 1842 3027 Spiritum
1869 2965 2137 3013 sanctum.

533 3051 745 3106 Nerum
775 3051 828 3105 in
855 3050 1017 3115 hunc,
1037 3062 1206 3119 quem
1221 3047 1302 3104 de
1323 3046 1587 3103 Trinitate
1615 3047 1823 3116 habuit,
1847 3047 1964 3117 ejus
1991 3063 2139 3126 erro-

547 3158 666 3200 rem
718 3141 1117 3197 Donatistarum
1158 3138 1445 3195 multitudo
1496 3139 1699 3194 intenta
1742 3153 1849 3194 non
1877 3137 2008 3204 fuit;
2040 3153 2138 3195 nec

530 3234 702 3291 facile
729 3234 783 3288 in
809 3233 889 3290 eis
915 3231 1220 3303 quisquam,
1252 3231 1342 3301 qui
1374 3230 1476 3285 hoc
1513 3228 1664 3284 illum
1706 3229 1942 3285 sensisse
1972 3245 2138 3286 nove-

531 3328 636 3392 τη,
661 3324 946 3383 invenitur.
976 3323 1068 3380 Isti
1105 3323 1350 3379 haeretici
1395 3323 1447 3377 in
1477 3323 1611 3379 urbe
1624 3322 1807 3378 ‘Roma
1831 3321 2137 3380 Montenses

544 3425 839 3483 vocantur,
883 3415 1077 3488 quibus
1120 3414 1248 3470 hinc
1287 3429 1354 3470 ex
1402 3412 1582 3470 Africa
1619 3414 1792 3470 solent
1827 3414 2137 3485 episcopum

537 3510 761 3567 mittere
787 3528 800 3564 :
824 3517 916 3564 aut
944 3508 1070 3564 hinc
1112 3508 1238 3564 illuc
1269 3505 1382 3562 Afri
1411 3505 1648 3577 episc0pi
1677 3521 1861 3563 eorum
1889 3522 2133 3578 pergere,

541 3605 757 3660 ei'forte
780 3603 852 3660 ibi
872 3617 994 3660 eum
1015 3601 1264 3658 ordinare
1280 3601 1586 3673 placuisset.
1620 3601 1700 3656 Ad
1728 3601 1864 3656 hanc
1886 3600 2134 3658 haeresim

537 3697 598 3751 in
625 3695 805 3752 Africa
831 3705 886 3752 et
908 3696 984 3750 illi
1014 3695 1303 3766 pertinent,
1331 3694 1421 3766 qui
1447 3694 1782 3765 appellantur
1809 3693 2138 3750 Circumcel-

537 3788 740 3854 liones,
770 3800 939 3858 genus
971 3785 1263 3841 'hominum
1291 3796 1501 3857 agreste
1531 3795 1585 3841 et
1618 3785 1989 3856 famosissimze
2036 3803 2133 3842 au-

541 3879 734 3945 daciae,
783 3892 888 3932 non
915 3877 1086 3931 solum
1119 3877 1184 3931 in
1207 3876 1342 3931 alios
1371 3878 1622 3932 immania
1662 3877 1895 3933 facinora
1940 3894 2133 3950 perpe-

539 3969 757 4036 trando,
781 3968 876 4024 sed
899 3982 998 4022 nec
1025 3967 1125 4023 sibi
1149 3968 1336 4024 eadem
1377 3969 1560 4024 insana
1607 3968 1816 4025 feritate
1844 3972 2132 4039 parcendo.

544 4061 679 4118 Nam
724 4075 820 4130 per
864 4069 1064 4115 mortes
1109 4059 1286 4114 varias
1321 4060 1669 4130 maximeque
1715 4063 2134 4132 praecipitiorum

545 4162 601 4209 et
631 4153 888 4223 aquarum
915 4159 970 4207 et
1011 4151 1212 4221 ignium
1244 4165 1302 4206 se
1333 4151 1477 4222 ipsos
1529 4168 1722 4208 necare
1765 4165 2130 4223 consuerunt;

547 4252 604 4300 et
655 4244 707 4299 in
763 4244 922 4298 istum
985 4241 1218 4297 furorem
1272 4241 1406 4298 alios
1457 4258 1591 4314 quos
1645 4246 1920 4314 potuerint
1976 4263 2135 4303 sexus

546 4336 827 4406 utriusque
855 4333 1131 4398 seducere,
1159 4333 1448 4404 aliquando
1475 4344 1533 4390 ut
1559 4337 1874 4393 occidantur
1904 4339 1972 4393 ab
1994 4339 2132 4409 aliis,

546 4437 806 4494 mortem,
851 4427 953 4482 nisi
998 4426 1250 4492 fecerint,
1299 4427 1705 4484 comminantes.
1755 4430 2134 4488 Verumtamen

545 4521 818 4593 plerisque
862 4518 1257 4574 Donatistarum
1305 4517 1588 4589 displicent
1629 4521 1781 4586 tales,
1824 4538 1923 4578 nec
1947 4538 2134 4578 eorum

549 4613 928 4670 communione
953 4610 1321 4666 contaminari
1364 4627 1422 4667 se
1465 4621 1673 4682 putant,
1722 4615 1810 4685 qui
1841 4615 2135 4673 christiano

547 4705 665 4761 orbi
693 4714 952 4760 terrarum
985 4703 1281 4759 dementer
1321 4704 1578 4776 objiciunt
1602 4708 1903 4778 ignotorum
1931 4711 2134 4766 crimen

547 4798 823 4855 Afrorum.
849 4797 1017 4853 Multa
1048 4806 1104 4853 et
1134 4797 1276 4852 inter
1295 4799 1441 4870 ipsos
1483 4800 1616 4855 facta
1650 4812 1773 4856 sunt
1823 4804 2131 4874 schismata,

549 4902 606 4951 et
629 4893 695 4948 ab
725 4893 790 4947 iis
811 4907 870 4948 se
891 4890 1116 4947 diversis
1137 4891 1363 4946 coetibus
1388 4892 1474 4947 alii
1500 4903 1658 4966 atque
1675 4895 1765 4949 alii
1784 4907 2131 4967 separarnnt;

463 4977 469 5048 ί
547 5003 776 5060 quorum
818 4986 1207 5058 separationem
1244 4995 1434 5041 caetera
1457 4987 1672 5058 grandis
1698 4990 1981 5050 multitudo
2029 5008 2135 5049 non

549 5082 735 5136 sensit.
789 5077 897 5135 Sed
937 5077 1074 5147 apud
1123 5076 1499 5148 Carthaginem
1551 5078 1897 5136 Maximianus
1949 5093 2134 5139 contra

550 5175 881 5231 Primianum
908 5171 977 5227 ab
1003 5170 1246 5243 ejusdem
1273 5172 1472 5227 erroris
1493 5181 1710 5229 centum
1737 5173 1906 5232 ferme
1926 5178 2136 5248 episco-

554 5267 638 5338 pis
672 5264 970 5333 ordinatus,
993 5271 1049 5319 et
1075 5280 1106 5319 a
1124 5263 1344 5335 reliquis
1372 5266 1623 5321 trecentis
1652 5265 1861 5336 decem,
1905 5285 2026 5325 cum
2054 5271 2133 5329 eis

548 5357 832 5414 duodecim
879 5356 968 5427 qui
994 5354 1316 5412 ordinationi
1346 5355 1460 5427 ejus
1489 5357 1647 5412 etiam
1681 5362 1962 5429 praesentia
2006 5379 2132 5420 cor-

549 5452 720 5524 porali
751 5451 1126 5520 interfuerunt,
1159 5441 1489 5507 atrocissima
1511 5453 1884 5510 criminatione
1914 5456 2135 5514 damna-

550 5545 940 5615 tus,‘compulit
973 5558 1068 5600 eos
1090 5559 1254 5600 nosse
1283 5543 1446 5599 etiam
1500 5553 1651 5600 extra
1679 5544 1970 5604 Ecclesiam
2019 5550 2136 5607 dari

547 5652 709 5711 posse
739 5638 1067 5708 Baptismum
1090 5637 1309 5692 Christi.
1347 5637 1477 5692 Nam
1505 5637 1761 5708 quosdam
1793 5657 1857 5696 ex
1895 5644 1975 5698 eis
2013 5661 2136 5703 cum

2259 463 2334 521 eis
2371 482 2509 538 quos
2555 479 2926 550 extraeorum
2974 467 3835 555 Ecclcsmm.bmtizaxerw,.ja

2256 558 2367 630 suis
2393 558 2684 632 honoribus
2710 564 2825 638 sine
2855 566 2959 638 ulla
2999 567 3049 630 in
3081 583 3346 642 quoquam
3377 574 3694 646 repetitione
3717 577 3836 638 Ba-

2241 652 2516 742 Eptismatis
2541 665 2877 728 receperunt,
2908 673 3007 725 nec
3045 674 3138 716 eos
3172 670 3228 718 ut
3264 663 3838 742 corrigerentperpu-

2241 740 2419 799 ‘blicas
2451 754 2738 812 potestates
2765 764 2925 819 agere
2954 748 3293 820 destiterunt,
3314 770 3413 812 nec
3442 740 3629 820 eorum
3654 740 3837 818 crimi-

2243 834 2409 908 nibus
2441 851 2536 907 per
2573 839 2653 908 sui
2680 838 2905 898 ’Concilii
2935 845 3254 917 sententiam
3284 847 3628 910 vehementer
3674 868 3840 929 exag-

2241 929 2448 1000 geratis
2474 933 2902 990 communioncm
2931 951 3086 1003 suam
3127 941 3492 998 contaminare
3523 944 3839 1006 timuerunt.

2323 1022 2483 1079 LXX.
2503 1024 3003 1098 Prusermasrsna,
3045 1047 3179 1106 quos
3213 1034 3278 1090 .in
3317 1033 3567 1112 Hispania
3603 1037 3838 1098 .Rriscil-

2242 1115 2426 1174 lianus
2455 1118 2703 1189 instituit,
2736 1125 2966 1200 maxime
2998 1125 3471 1187 ,Gnosticorumet
3497 1131 3834 1193 Manichazo-

2251 1225 2368 1264 rum
2390 1210 2634 1282 dogmata
2663 1215 2920 1284 permixta
2959 1227 3248 1276 sectantur.
3267 1220 3518 1292 Quamvis
3531 1233 3591 1284 et
3619 1239 3686 1282 ex
3716 1226 3838 1282 aliis

2252 1300 2542 1358 haeresibus
2560 1305 2612 1358 in
2634 1321 2726 1362 eos
2749 1307 2764 1337 ¹
2791 1309 2999 1375 sordes,
3025 1319 3274 1382 tanquam
3303 1312 3638 1376 inseniinam
3660 1331 3840 1388 quam-

2249 1392 2369 1447 dam
2389 1393 2638 1451 horribili
2666 1399 2978 1458 confusione
3013 1405 3385 1462 contiuxerint.
3417 1406 3839 1478 quptereccul-

2249 1488 2435 1544 tandas
2479 1498 2654 1546 autem
2693 1496 3172 1556 contaminationes
3199 1506 3255 1555 et
3297 1502 3649 1572 turpitudines
3667 1518 3807 1566 .suas

2239 1578 2446 1656 [habent
2471 1583 2525 1639 in
2547 1586 2658 1640 suis
2684 1585 3017 1660 dogmatibus
3037 1598 3091 1645 et
3107 1591 3234 1648 .hzec
3260 1593 3421 1649 verba
3449 1611 3464 1648 :

2489 1729 2622 1783 Jura,
2646 1723 2858 1787 per-jura,
2879 1733 3128 1778 secretum
3149 1728 3361 1792 prodere
3384 1731 3500 1782 noli.

2246 1861 2310 1918 Hi
2336 1865 2540 1924 animas
2582 1867 3031 1940 dicuntcjusdem
3058 1881 3277 1949 natura:
3316 1883 3478 1946 atque
3507 1875 3835 1938 animantia:

2245 1960 2395 2030 cujus
2419 1969 2502 2018 est
2532 1961 2691 2028 Deus,
2719 1965 2786 2020 ad
2823 1980 3054 2038 agonem
3091 1967 3373 2040 quemdam
3393 1975 3746 2039 spontaneum
3763 1973 3834 2027 in

2239 2054 2405 2116 terris
2433 2055 2922 2128 exercendum,per
2935 2067 3153 2133 septem
3182 2061 3350 2122 caelos
3375 2070 3430 2120 et
3445 2075 3548 2132 per
3570 2061 3832 2131 quosdam

2226 2145 2504 2222 gradatim
2550 2147 2880 2206 descendere
2927 2153 3297 2223 principatus,
3325 2161 3393 2214 ,et
3427 2155 3492 2212 .in
3542 2153 3832 2225 malignum

2245 2238 2539 2308 principem
2585 2239 2876 2307 incurrere,
2909 2255 2941 2298 a
2984 2257 3089 2312 quo
3130 2245 3288 2306 istum
3332 2244 3589 2307 mundum
3630 2245 3830 2303 factum

2243 2327 2448 2395 volunt,
2469 2338 2629 2399 atque
2657 2330 2724 2388 ab
2753 2330 2855 2386 hoc
2885 2331 3124 2402 principe
3145 2349 3241 2404 per
3267 2334 3478 2394 diversa
3507 2335 3685 2392 carnis
3708 2349 3833 2391 cor-

2226 2433 2371 2492 pora
2399 2421 2670 2477 seminari.
2699 2421 2958 2480 Astruunt
2982 2425 3140 2482 etiam
3172 2425 3416 2490 fatalibus
3439 2426 3626 2483 .stcllis
3645 2425 3830 2492 .homi-

2231 2525 2340 2568 nes
2364 2511 2660 2584 colligatos,
2693 2512 2977 2589 ipsumque
3013 2531 3208 2588 corpus
3247 2526 3494 2580 nostrum
3535 2517 3832 2578 secundum

2227 2601 2523 2674 duodecim
2569 2603 2718 2675 signa
2745 2605 2871 2664 είλειί
2917 2621 3036 2669 esse
3081 2609 3456 2682 compositum,
3484 2610 3622 2666 sicut
3647 2608 3700 2664 hi
3724 2609 3832 2680 .qui

2229 2698 2605 2758 mathematici
2647 2700 2806 2773 vulgo
2827 2702 3201 2777 appellantur;
3225 2703 3607 2768 constituentes
3637 2703 3690 2757 in
3733 2705 3832 2760 ea-

2229 2795 2628 2866 _pite.Arietcm_,
2646 2795 2879 2854 Taurum
2903 2796 2962 2855 in.
2972 2796 3198 2863 cervice,
3218 2796 3469 2863 Geminos
3493 2803 3546 2856 tn
3557 2796 3831 2865 humeris,

2233 2885 2505 2942 .Cancrum
2535 2888 2586 2942 in
2602 2896 2851 2958 pectore,
2881 2896 2935 2942 et
2961 2897 3152 2946 caetera
3181 2887 3491 2948 nominatim
3527 2887 3685 2956 signa
3705 2901 3834 2957 per-

2223 2988 2540 3042 .currcntes,
2565 2979 2633 3035 ad
2651 2980 2856 3049 plantas
2882 2995 3049 3050 usque
3063 2980 3410 3050 .pcrveniunt,
3425 2994 3558 3050 quas
3577 2979 3834 3040 Biscibus

2227 3071 2504 3138 tribuunt,
2525 3072 2677 3143 quod
2707 3073 2947 3130 ultimum
2977 3074 3186 3142 signum
3212 3072 3293 3128 .ab
3313 3073 3836 3143 astrologisnuucu-

2225 3163 2572 3234 .patur..Ha:c
2604 3172 2671 3222 .et
2711 3162 2814 3222 alia
2849 3163 3116 3229 fabulosa,
3165 3177 3327 3230 sana,
3381 3163 3661 3234 sacrilega,
3708 3179 3832 3234 qua:

2227 3256 2490 3332 persequi
2521 3255 2753 3329 ,longum
2777 3263 2893 3324 est,
2910 3255 3166 3322 .hmresis,
3199 3257 3297 3312 ista
3321 3258 3591 3318 contexit.
3613 3257 3829 3316 (λέληθας

2229 3358 2494 3421 ,.tanquam
2529 3349 2831 3406 immundas
2860 3364 3012 3409 escas
3043 3351 3346 3421 etiamtipsa
3376 3351 3829 3423 devitat::..couju-

2227 3456 2354 3515 ges,
2380 3444 2572 3514 quibus
2587 3443 2704 3506 hoc
2727 3444 2938 3506 tmalum
2971 3444 3216 3513 potuerit
3244 3444 3586 3515 persuadere,
3620 3445 3831 3515 disjun-

2223 3551 2392 3608 gens,
2435 3545 2497 3594 .et
2537 3537 2680 3593 viros
2725 3551 2756 3592 a
2797 3536 3103 3594 nolentibus
3150 3536 3396 3604 feminis,
3445 3546 3500 3594 et
3525 3537 3752 3594 feminas
3794 3553 3832 3594 a

2239 3627 2547 3682 nolentibus
2578 3627 2724 3681 viris.
2752 3627 3254 3698 Opificiumguippe
3291 3628 3465 3688 omnis
3493 3629 3682 3688 carnis
3709 3643 3822 3685 non

2239 3719 2514 3776 Deohono
2543 3727 2596 3776 et
2624 3734 2772 3786 vero,
2799 3720 2893 3776 sed
2910 3720 3166 3792 .malignis
3191 3720 3392 3792 angelis
3410 3722 3648 3780 tribuunt
3679 3739 3692 3774 :
3723 3722 3831 3779 hoc

2239 3813 2751 3872 versationes-etiam
2775 3813 3099 3881 Manicheam
3121 3814 3829 3886 quodnihitScripturarum

2237 3908 2943 3978 canonicarumrepudiant,
2969 3909 3133 3969 simul
3161 3924 3280 3968 cum
3309 3909 3833 3980 apocryphislegen-

2235 4012 2320 4062 tes
2350 4004 2542 4064 .omnia
2583 4011 2639 4058 et
2667 4004 2721 4059 in
2745 4004 3112 4062 auctoritatem
3155 4012 3450 4071 sumentes,
3479 4003 3572 4060 sed
3605 4005 3668 4060 tin
3695 4019 3829 4061 suos

2231 4111 2431 4156 sensus
2463 4096 2866 4168 .allegnrizando
2909 4105 3176 4156 vertenteS
3227 4097 3482 4168 quidquid
3521 4098 3573 4152 in
3625 4099 3829 4154 sanctis

2235 4188 2417 4249 Libnis
2445 4189 2697 4260 estquod
2721 4203 2919 4245 [eorum
2945 4197 3165 4246 revertat
3189 4203 3466 4248 errorem.
3494 4190 3569 4244 De
3599 4190 3832 4246 Christo

2237 4278 2823 4342 Sabellianamsectam
2854 4287 3054 4335 'tenent
3080 4279 3342 4335 .eumdem
3377 4281 3552 4350 ipsum
3591 4282 3833 4340 essedi-

2239 4381 2458 4438 centes,
2505 4386 2610 4428 non
2655 4372 2829 4430 solum
2867 4371 3094 4438 Filium,
3141 4371 3238 4428 sed
3276 4371 3436 4428 etiam
3482 4373 3723 4443 Patrem,
3771 4384 3833 4432 et

2237 4465 2490 4536 Spiritum
2517 4474 2780 4521 sanctum.

2307 4556 2653 4616 LXXI.:Dicit
2673 4559 2959 4626 Philaster,
2975 4575 3095 4617 esse
3113 4561 3256 4617 alios
3271 4561 3562 4620 .hmreticos
3593 4565 3679 4636 qui
3700 4581 3829 4623 eum

2239 4648 2547 4708 hominibus
2580 4660 2936 4707 nonisumuut
2973 4667 3124 4708 escas
3165 4671 3178 4707 :
3208 4655 3306 4710 sed
3335 4663 3512 4711 utrum
3555 4671 3676 4712 cum
3707 4658 3834 4714 aliis

2239 4742 2776 4813 quiqjusdemseoue
2805 4758 2912 4798 non
2943 4753 3096 4811 sunt,
3123 4759 3192 4800 an
3219 4746 3380 4802 etiam
3405 4747 3554 4804 inter
3597 4763 3655 4804 se
3681 4748 3836 4819 ipsos

2241 4834 2295 4891 id
2307 4834 2534 4904 faciant,
2553 4851 2672 4892 non
2719 4836 2987 4906 exprimit.
3007 4837 3158 4894 ‘Dieit
3185 4840 3345 4896 etiam
3369 4856 3466 4897 eos
3490 4841 3559 4897 de
3586 4841 3744 4897 Patre
3771 4852 3836 4900 et

2239 4930 2377 4986 Filio
2395 4937 2568 4996 recte,
2613 4931 2684 4986 de
2731 4928 2932 5000 Spiritu
2971 4941 3150 4992 autem
3189 4943 3522 4991 sancto-non
3563 4934 3835 4994 catholico

2239 5039 2448 5095 sapere,
2476 5025 2618 5096 quod
2644 5040 2766 5082 eum
2794 5027 3078 5096 opinentur
3103 5043 3224 5086 esse
3248 5039 3570 5086 creaturam.

2301 5115 2536 5172 LXXII.
2577 5118 2632 5171 Α
2661 5117 2935 5175 ιΒὴθῑθτίο
2985 5121 3216 5191 quodam
3275 5131 3513 5178 exortam
3563 5122 3833 5182 haeresim

2237 5211 2619 5272 dicitnnimium
2647 5213 2920 5270 mirabilis
2937 5215 3215 5285 vanitatis,
3254 5231 3375 5288 quae
3403 5231 3589 5273 omnes
3614 5217 3834 5273 haereti-

2239 5307 2332 5361 cos
2356 5314 2516 5362 .recte
2544 5306 2950 5376 :ambulare,oet
2991 5323 3118 5365 vera
3155 5308 3337 5366 dicere
3383 5309 3613 5365 amrmat
3641 5326 3654 5363 :
3682 5312 3833 5379 quod

2243 5398 2315 5454 ita
2336 5407 2422 5454 est
2450 5399 2761 5469 absurdum,
2792 5409 2851 5456 ut
2875 5401 3005 5456 mihi
3035 5400 3345 5459 incredibile
3374 5401 3634 5457 videatur.

2312 5491 2544 5549 LXXIII.
2575 5493 2701 5564 .Alia
2752 5501 2841 5566 est
2869 5491 3127 5564 ltmresis,
3181 5508 3300 5566 qua:
3341 5492 3468 5550 dicit
3525 5494 3584 5563 in
3613 5491 3832 5554 Christo

2241 5583 2570 5642 divinitatem
2621 5585 2852 5642 doluisse
2882 5627 2898 5654 ,
2957 5600 3077 5641 cum
3128 5586 3378 5656 ﬁgeretur
3424 5599 3552 5644 caro
3604 5588 3722 5662 ejus
3765 5588 3834 5649 'in

2241 5692 2418 5734 (τηου.

2289 5855 2324 5888 ιι
2345 5851 2462 5904 sola
2485 5847 2861 5910 θώαοτῐλον.,υὺι
2879 5861 2980 5901 cae.
