4054 6456
475 398 541 457 η
1610 384 1697 441 oe
1726 376 2152 449 umnssmus,
2192 381 2249 439 s.
2289 381 2660 442 AUGUSTINI
3690 382 3761 441 ts

474 516 626 587 cujus
655 520 832 586 partes
860 511 979 567 aliae
1003 507 1255 579 majores,
1295 502 1416 560 alia:
1449 503 1684 557 minores
1715 500 1925 553 valeant
1974 496 2061 552 vel

474 585 703 662 debeant
728 602 969 672 cogitari,
993 599 1170 669 qualia
1193 604 1315 653 sunt
1343 594 1519 650 omnia
1554 606 1672 660 qua:
1722 588 1934 658 proprie
1977 585 2061 640 di-

472 701 643 755 cimus
670 711 929 767 eorpora;
968 691 1210 763 quamvis
1240 688 1307 744 de
1337 686 1514 740 anima
1547 682 1648 737 tale
1687 680 1888 751 aliquid
1937 694 2060 733 sen-

472 790 573 845 tiat
603 806 617 842 :
652 786 745 843 sed
792 783 981 856 potuit,
1026 791 1084 836 ut
1134 780 1261 845 dixi,
1310 784 1589 847 propterea
1652 771 1823 843 putari
1870 782 2064 840 corpus

473 881 644 937 Deum
672 880 887 946 dicere,
916 876 1040 949 quia
1067 889 1174 930 non
1223 880 1306 927 est
1350 869 1501 934 nihil,
1548 882 1655 923 non
1690 875 1772 923 est
1810 863 2059 926 inanitas,

470 987 579 1028 non
607 980 690 1028 est
710 969 949 1041 corporis
980 967 1063 1023 vel
1101 965 1295 1020 anima:
1326 962 1587 1033 qualitas,
1624 959 1719 1015 sed
1762 958 1954 1028 ubique
1984 965 2063 1010 to-

473 1072 581 1131 tus,
614 1072 667 1118 et
689 1078 784 1132 per
810 1061 1047 1116 locorum
1073 1054 1242 1126 spatia
1269 1053 1414 1108 nulla
1444 1051 1703 1121 partitus,
1750 1049 1805 1102 in
1844 1062 1939 1101 sua
1984 1054 2064 1099 ta-

470 1169 595 1210 men
618 1163 805 1209 natura
834 1160 993 1221 atque
1018 1146 1311 1204 substantia
1333 1142 1737 1199 immutabiliter
1765 1146 2059 1210 permanet.

470 1244 588 1301 Non
608 1259 737 1315 ergo
766 1242 888 1298 ideo
916 1249 1000 1296 est
1029 1237 1387 1294 Tertullianus
1409 1234 1580 1290 factus
1615 1232 1899 1287 bmreticus
1923 1248 1937 1289 :
1968 1229 2062 1285 sed

470 1336 594 1407 quia
632 1334 895 1389 transiens
922 1331 989 1387 ad
1019 1330 1385 1400 Cataphrygas
1404 1369 1420 1394 ,
1448 1340 1583 1397 quos
1628 1332 1754 1379 ante
1783 1322 2063 1377 destruxe-

471 1438 574 1493 rat,
604 1426 765 1495 coepit
786 1426 946 1480 etiam
970 1422 1232 1478 secundas
1258 1421 1470 1491 nuptias
1498 1427 1684 1474 contra
1714 1416 2062 1487 apostolicam

471 1520 767 1573 doctrinam
800 1515 1019 1588 (lTim.
1059 1531 1130 1580 IV,
1166 1514 1220 1583 5)
1269 1523 1525 1583 tanquam
1565 1521 1748 1581 stupra
1782 1509 2060 1576 damnare,

472 1619 527 1666 et
550 1608 889 1681 postmodum
918 1606 1078 1661 etiam
1104 1604 1172 1658 ab
1198 1604 1327 1674 ipsis
1353 1602 1576 1668 divisus,
1601 1617 1695 1657 sua
1716 1600 2063 1656 conventicu-

471 1702 520 1754 la
544 1698 873 1771 propagavit.
904 1696 1041 1751 Dicit
1070 1710 1200 1750 sane
1225 1694 1386 1749 etiam
1416 1693 1530 1763 ipse
1555 1692 1761 1751 animas
1784 1690 2061 1745 hominum

471 1800 732 1865 pessumas
759 1798 879 1860 post
906 1796 1131 1843 mortem
1162 1788 1214 1840 in
1244 1785 1518 1840 daemones
1540 1783 1673 1838 verti
1698 1785 1737 1834 ι.

542 1882 851 1938 LXXXVII.
892 1881 988 1934 Est
1003 1877 1245 1949 quaedam
1271 1876 1494 1932 haeresis
1513 1876 1780 1930 rusticana
1804 1875 1855 1928 in
1873 1888 2063 1944 campo

474 1986 683 2042 nostro,
722 1975 771 2030 id
804 1983 902 2040 est,
934 1972 1286 2044 Hipponensi,
1320 1971 1401 2026 vel
1432 1970 1612 2040 potius
1644 1968 1743 2023 fuit
1772 1987 1782 2022 :
1810 1968 2062 2039 paulatim

474 2070 617 2126 enim
646 2069 905 2124 diminuta
928 2108 943 2134 ,
974 2066 1028 2121 in
1058 2082 1163 2121 una
1204 2064 1394 2135 exigua
1424 2064 1546 2117 villa
1598 2070 1960 2129 remanserat,
2008 2060 2061 2115 in

475 2177 575 2233 qua
598 2159 809 2231 quidem
837 2157 1140 2228 paucissimi
1166 2197 1183 2223 ,
1215 2154 1309 2211 sed
1336 2168 1524 2209 omnes
1560 2154 1663 2208 hoc
1689 2153 1940 2218 fuerunt,
1973 2152 2062 2221 qui

473 2268 662 2309 omnes
683 2252 844 2307 modo
868 2251 1095 2306 correcti
1131 2258 1186 2304 et
1208 2248 1458 2304 catholici
1494 2248 1613 2302 facti
1642 2256 1786 2312 sunt,
1821 2261 1920 2302 nec
1962 2245 2061 2299 ali-

470 2344 590 2415 quis
621 2345 759 2398 illius
788 2342 1090 2412 supersedit
1116 2340 1335 2396 erroris.
1378 2339 1623 2395 Abelonii
1662 2342 1682 2371 ²
1714 2338 2058 2403 vocabantur,

473 2437 664 2507 punica
694 2435 1049 2491 declinatione
1072 2430 1325 2488 nominis.
1363 2430 1472 2486 Hos
1502 2430 1743 2485 nonnulli
1774 2430 1958 2485 dicunt
1996 2446 2063 2484 ex

470 2528 582 2584 ﬁlio
630 2526 761 2582 Adae
802 2527 964 2581 fuisse
1009 2524 1331 2589 nominatos,
1363 2523 1455 2593 qui
1499 2530 1583 2577 est
1619 2530 1838 2577 vocatus
1878 2522 2011 2576 Abel
2045 2539 2059 2576 :

470 2618 612 2674 unde
642 2617 931 2673 Abelianos
959 2615 1042 2671 vel
1069 2614 1342 2670 Abeloitas
1360 2629 1456 2669 eos
1481 2627 1581 2667 nos
1603 2626 1886 2682 possumus
1911 2610 2063 2667 dice-

469 2727 551 2767 re.
591 2710 705 2765 Non
758 2708 1120 2765 miscebantur
1154 2707 1432 2773 uxoribus,
1488 2716 1543 2761 et
1586 2706 1664 2761 eis
1715 2715 1891 2759 tamen
1948 2706 2064 2761 sine

470 2805 726 2859 uxoribus
769 2804 946 2856 vivere
985 2811 1148 2855 secta":
1188 2801 1355 2870 ipsius
1395 2800 1642 2869 dogmate
1674 2802 1798 2852 'non
1849 2798 2059 2853 licebat.

470 2897 586 2953 Mas
615 2911 742 2966 ergo
767 2904 821 2950 et
849 2894 1045 2950 femina
1063 2893 1164 2948 sub
1187 2891 1529 2947 continentia:
1554 2889 1883 2959 professione
1904 2890 2062 2943 simul

473 2988 773 3044 habitantes
798 3028 811 3051 ,
859 3000 1082 3056 puerum
1137 2992 1193 3038 et
1227 2983 1457 3053 puellam
1503 2981 1604 3038 sibi
1647 2981 1970 3050 adoptabant
2005 2980 2061 3034 in

471 3079 711 3151 ejusdem
738 3075 1127 3147 conjunctionis
1147 3082 1302 3145 pacto
1327 3087 1668 3129 successores
1690 3086 1815 3127 suos
1834 3070 2058 3125 futuros.

471 3173 639 3229 Morte
674 3171 956 3243 prmvcntis
980 3168 1280 3239 quibusque
1321 3166 1545 3239 singulis
1573 3166 1664 3219 alii
1702 3164 2064 3235 subrogaban-

473 3278 559 3325 tur
590 3288 602 3323 :
631 3270 757 3323 dum
799 3277 975 3321 tamen
1005 3266 1112 3321 duo
1147 3264 1358 3320 duobus
1383 3264 1615 3335 disparis
1639 3276 1801 3317 sexus
1832 3261 1882 3315 in
1922 3259 2064 3313 illius

471 3363 663 3418 domus
689 3363 943 3416 societate
966 3359 1334 3415 succederent.
1358 3357 1627 3413 Utrolibet
1651 3357 1847 3426 quippe
1870 3368 2060 3424 paren-

471 3462 527 3509 te
554 3454 826 3519 defuncto,
884 3467 989 3506 uno
1036 3451 1355 3518 remanenti,
1399 3464 1565 3520 usque
1608 3448 1673 3503 ad
1701 3448 1818 3518 ejus
1853 3461 2064 3517 quoque

470 3545 675 3600 obitum
707 3544 797 3599 ﬁlii
830 3544 1153 3599 serviebant.
1187 3543 1315 3599 Post
1340 3542 1489 3613 cujus
1516 3553 1743 3597 mortem
1773 3542 1931 3596 etiam
1963 3540 2063 3609 ipsi

470 3650 697 3706 puerum
725 3645 779 3689 et
808 3634 1035 3705 puellam
1069 3634 1315 3688 similiter
1335 3632 1677 3702 adoptabant.
1706 3631 1813 3687 Nec
1834 3645 2065 3700 unquam

470 3729 551 3783 eis
578 3727 748 3783 defuit
777 3727 917 3782 unde
946 3727 1286 3796 adoptarent,
1308 3725 1689 3795 generantibus
1723 3723 2062 3791 circumqua-

470 3835 577 3890 que
604 3820 812 3883 vicinis,
844 3829 895 3873 et
917 3820 1055 3873 ﬁlios
1072 3835 1200 3873 suos
1234 3819 1422 3889 inopes
1456 3817 1523 3873 ad
1558 3833 1709 3887 spem
1739 3815 2064 3871 htereditatis

471 3914 664 3967 aliena:
690 3912 917 3965 libenter
941 3911 1212 3965 dantibus.

546 4001 876 4058 LXXXVIII.
919 4001 1335 4056 Psucunonuu
1374 4008 1457 4054 est
1493 3999 1748 4063 haeresis,
1786 3997 1885 4053 hoc
1930 4006 2066 4052 tem-

474 4112 605 4168 pore
634 4097 871 4151 omnium
890 4095 1258 4151 recentissima
1276 4108 1304 4147 a
1332 4091 1547 4162 Pelagio
1568 4091 1829 4147 monacho
1851 4100 2060 4145 exorta.

474 4190 643 4258 Quem
671 4189 983 4258 magistrum
1016 4186 1301 4242 Caelestius
1328 4185 1405 4239 sic
1429 4192 1644 4240 secutus
1678 4191 1779 4247 est,
1810 4190 1866 4236 ut
1892 4190 2064 4236 secta-

418 4348 421 4351 _
479 4292 623 4335 tores
664 4294 849 4334 eorum
889 4277 1199 4333 leestiani
1226 4276 1387 4331 etiam
1416 4282 1811 4344 nuncupentur.
1861 4273 1923 4327 Ili
1972 4273 2065 4327 Dei

475 4372 679 4442 gratiae,
708 4386 809 4440 qua
842 4368 1205 4439 praedestinati
1247 4382 1432 4422 sumus
1458 4367 1512 4420 in
1550 4365 1888 4436 adOptionem
1932 4363 2066 4417 ﬁlio.

478 4480 597 4519 rum
633 4480 727 4533 per
747 4462 927 4517 Jcsum
980 4460 1250 4517 Christum
1302 4460 1355 4514 in
1400 4460 1573 4529 ipsum
1620 4456 1835 4529 (Ephes.
1895 4473 1933 4524 I,
1982 4454 2063 4526 5),

476 4566 532 4612 et
554 4571 656 4627 qua
686 4555 925 4609 eruimur
953 4553 1020 4609 de
1066 4561 1328 4623 potestate
1364 4550 1702 4606 tenebrarum
1724 4590 1739 4615 ,
1768 4556 1826 4603 ut
1850 4548 1902 4602 in
1944 4562 2065 4601 cum

476 4649 758 4705 credamus
786 4658 946 4717 atque
970 4646 1024 4701 in
1058 4660 1282 4715 regnum
1321 4644 1493 4715 ipsius
1532 4640 1914 4697 transferamur
1948 4639 2068 4710 (Co-

478 4743 599 4797 loss.
625 4758 661 4807 ι,
695 4739 804 4812 l3),
830 4747 1046 4809 propter
1070 4736 1213 4807 quod
1242 4737 1335 4803 ait,
1366 4736 1531 4791 Nemo
1566 4735 1698 4789 venit
1722 4734 1789 4787 ad
1816 4749 1893 4786 me
1917 4774 1931 4797 ,
1970 4732 2067 4785 nisi

478 4835 629 4904 fuerit
656 4833 700 4887 ei
730 4832 902 4886 datum
935 4848 967 4884 a
1001 4829 1155 4883 Patre
1182 4845 1291 4884 meo
1339 4828 1517 4900 (Joan.
1562 4843 1634 4894 vi,
1685 4826 1799 4895 66),
1859 4834 1913 4879 et
1964 4838 2065 4894 qua

479 4924 794 4981 diffunditur
832 4923 1064 4978 charitas
1092 4922 1145 4976 in
1174 4920 1427 4976 cordibus
1466 4918 1663 4975 nostris
1699 4916 1876 4987 (Rom.
1906 4931 1960 4980 v,
1984 4915 2063 4985 5),

482 5026 541 5071 ut
590 5016 721 5072 ﬁdes
767 5031 864 5085 per
900 5014 1245 5069 dilectionem
1295 5020 1547 5083 Operetur
1590 5009 1786 5081 (Galat.
1818 5025 1869 5073 v,
1899 5008 1974 5078 6),
2012 5006 2065 5061 in

481 5119 685 5164 tantum
722 5107 921 5162 inimici
955 5113 1099 5173 sunt,
1161 5114 1221 5161 ut
1271 5106 1387 5159 sine
1435 5103 1536 5157 hac
1584 5116 1743 5172 posse
1796 5100 2064 5155 hominem

481 5200 703 5256 credant
731 5198 905 5254 facere
942 5197 1119 5252 omnia
1159 5196 1333 5252 divina
1381 5192 1631 5250 mandata
1662 5210 1675 5246 :
1706 5207 1829 5248 cum
1874 5191 1919 5244 si
1966 5189 2068 5245 hoc

481 5306 667 5346 verum
722 5298 901 5358 esset,
959 5289 1157 5346 frustra
1199 5286 1455 5343 Dominus
1503 5286 1700 5341 dixisse
1748 5283 2017 5339 videretur
2049 5324 2064 5350 ,

446 5376 447 5379 “
483 5381 610 5440 Sine
638 5398 717 5436 me
744 5381 871 5435 nihil
902 5382 1102 5452 potestis
1133 5382 1296 5451 facere
1334 5380 1349 5410 ¹
1375 5377 1552 5447 (Joan.
1596 5394 1688 5447 xv,
1711 5378 1791 5448 5).
1828 5375 2067 5447 Denique

543 5566 561 5597 ί
598 5566 716 5614 Hinc
750 5577 943 5613 rursum
978 5564 1263 5614 auctoritate
1286 5570 1393 5612 Mss.
1412 5572 1725 5620 removrmus,
1748 5558 1876 5623 quod
1900 5560 2069 5623 excusi

480 5627 591 5676 libri
618 5627 879 5697 addebant,
920 5632 1095 5677 statum
1117 5632 1275 5677 autem
1319 5623 1495 5677 animo:
1532 5624 1688 5675 credit
1712 5620 1799 5685 per
1822 5620 2070 5671 traducem

480 5702 797 5810 prgpilti’iiZéa
834 5748 1070 5801 Abeloitte.

546 5814 567 5845 ³
601 5819 650 5883 t_n
672 5812 920 5883 plerisque
945 5820 1049 5883 ηεξ.
1070 5812 1232 5883 deest,
1248 5825 1358 5883 cum
1380 5811 1423 5863 si
1440 5810 1864 5883 hop_permn_esset,
1887 5811 2071 5873 frustra

490 5873 713 5927 Dominus
734 5873 917 5926 dixisse
939 5875 1198 5937 videretur,
1219 5873 1327 5927 Sine
1346 5887 1424 5927 me
1440 5873 1561 5927 nihil
1580 5874 1773 5941 potestis
1793 5876 1970 5939 facere.

2171 496 2416 569 Pelagius
2458 516 2488 555 a
2522 500 2772 557 fratribus
2801 499 3104 571 increpatus
3124 541 3141 568 ,
3168 499 3313 572 quod
3337 497 3469 556 nihil
3502 498 3759 556 tribueret

2171 590 2435 661 adjutorio
2473 594 2657 663 gratim
2690 592 2781 648 Dei
2812 593 2879 648 ad
2904 593 3019 664 ejus
3045 592 3293 648 mandata
3319 592 3588 659 facienda,
3626 608 3758 649 cor-

2172 685 2404 754 reptioni
2453 702 2641 742 eorum
2670 685 2933 742 hactenus
2970 685 3152 753 cessit,
3181 694 3240 740 ut
3274 700 3381 740 non
3425 700 3543 740 eam
3582 684 3757 741 libero

2170 777 2394 834 arbitrio
2422 788 2779 851 praeponeret,
2812 779 2907 836 sed
2935 778 3137 834 infideli
3161 777 3451 833 calliditate
3476 792 3757 848 suppone-

2169 880 2272 938 ret,
2297 871 2501 940 dicens,
2546 872 2611 927 ad
2666 873 2768 929 hoc
2815 888 2933 928 eam
2982 871 3096 927 dari
3148 870 3472 937 hominibus,
3528 880 3588 926 ut
3631 886 3756 942 quas

2168 963 2343 1021 facere
2372 980 2469 1035 per
2494 965 2717 1021 liberum
2742 965 2995 1035 jubentur
3038 963 3315 1019 arbitrium
3338 1004 3353 1029 ,
3380 962 3588 1018 facilius
3627 977 3757 1032 pos-

2169 1057 2277 1111 sint
2296 1058 2515 1128 implere
2542 1073 2637 1128 per
2675 1059 2917 1129 gratiam.
2949 1056 3185 1113 Dicendo
3210 1056 3411 1127 utique,
3440 1055 3509 1111 Ut
3546 1054 3756 1114 facilius

2170 1150 2395 1220 possint,
2415 1151 2583 1205 voluit
2610 1150 2776 1214 credi,
2800 1150 2959 1205 etiam
2990 1150 3033 1204 si
3058 1147 3347 1215 difficilius,
3387 1157 3561 1203 tamen
3592 1161 3754 1217 posse

2169 1240 2414 1297 homines
2449 1243 2565 1298 sine
2589 1243 2756 1313 gratia
2783 1240 2961 1297 divina
3004 1240 3181 1296 facere
3201 1239 3349 1310 jussa
3379 1238 3573 1293 divina.
3604 1237 3752 1294 Illam

2169 1348 2299 1389 vero
2321 1334 2545 1405 gratiam
2570 1335 2685 1401 Dei,
2710 1334 2825 1390 sine
2844 1348 2949 1405 qua
2981 1332 3114 1387 nihil
3143 1332 3267 1388 boni
3298 1346 3583 1402 possumus
3607 1331 3754 1387 face-

2168 1441 2249 1491 re,
2280 1442 2385 1481 non
2414 1440 2533 1481 esse
2556 1426 2737 1481 dicunt
2764 1425 2865 1481 nisi
2888 1425 2940 1479 in
2966 1422 3135 1480 libero
3156 1423 3398 1492 arbitrio,
3422 1422 3565 1494 quod
3589 1422 3751 1477 nullis

2169 1519 2279 1574 suis
2306 1518 2734 1589 praecedentibus
2763 1518 2968 1573 meritis
2997 1516 3064 1571 ab
3092 1516 3185 1572 illo
3207 1515 3413 1586 accepit
3436 1524 3619 1570 nostra
3652 1526 3753 1568 na-

2170 1619 2306 1678 tura,
2337 1610 2403 1664 ad
2427 1610 2528 1665 hoc
2555 1618 2759 1663 tantum
2790 1610 2906 1679 ipso
2945 1608 3227 1678 adjuvante
3260 1621 3356 1677 per
3384 1620 3534 1661 suam
3578 1604 3754 1675 legem

2167 1712 2326 1774 atque
2374 1703 2707 1768 doctrinam,
2740 1711 2797 1756 ut
2833 1701 3100 1757 discamus
3146 1716 3264 1771 quae
3308 1700 3512 1765 facere,
3540 1707 3595 1754 et
3622 1712 3748 1767 quae

2168 1810 2384 1865 sperare
2411 1794 2698 1850 debeamus
2717 1835 2732 1860 ,
2763 1808 2868 1849 non
2896 1801 3071 1848 autem
3107 1793 3173 1847 ad
3217 1793 3319 1848 hoc
3350 1802 3406 1847 ut
3435 1807 3529 1863 per
3553 1790 3757 1846 donum.

2168 1886 2396 1955 Spiritus
2425 1886 2505 1940 sui
2531 1887 2570 1952 ί,
2604 1901 2721 1955 qua:
2749 1884 3089 1940 didicerimus
3116 1898 3235 1938 esse
3268 1882 3504 1937 facienda
3526 1884 3567 1947 ',
3596 1880 3759 1935 facia»

2169 1992 2307 2031 mus.
2345 1978 2421 2032 Ac
2452 1992 2545 2047 per
2570 1979 2671 2031 hoc
2696 1976 2945 2030 divinitus
2971 1975 3125 2030 nobis
3150 1973 3263 2027 dari
3292 1973 3562 2028 scientiam
3587 1970 3753 2026 conﬁ-

2170 2084 2365 2143 tentur,
2390 2090 2491 2145 qua
2516 2074 2807 2145 ignorantia
2826 2074 3038 2145 pellitur
3057 2114 3071 2136 ,
3100 2070 3408 2127 charitatem
3436 2079 3613 2124 autem
3636 2065 3755 2123 dari

2168 2178 2381 2239 negant,
2411 2183 2513 2238 qua
2535 2168 2619 2237 pie
2646 2167 2945 2221 vivitur:ut
2968 2165 3171 2220 scilicet
3190 2178 3310 2218 cum
3339 2162 3407 2216 sit
3435 2160 3526 2215 Dei
3552 2160 3755 2215 donum

2169 2260 2387 2314 scientia
2415 2275 2533 2329 quae
2564 2259 2677 2313 sine
2703 2257 2960 2313 eharitate
2988 2256 3155 2323 inflat,
3187 2269 3293 2309 non
3323 2253 3392 2308 sit
3415 2252 3510 2307 Dei
3550 2251 3753 2306 donum

2168 2350 2281 2420 ipsa
2322 2350 2555 2405 Charitas
2580 2392 2593 2415 ,
2627 2365 2745 2420 qua:
2784 2358 2842 2404 ut
2888 2347 3111 2404 scientia
3154 2360 3259 2401 non
3304 2344 3482 2413 inflet,
3527 2344 3756 2401 aediﬁca?

2172 2445 2215 2516 (Ι
2241 2443 2358 2500 Cor.
2389 2462 2499 2512 vin,
2533 2444 2607 2517 I).
2634 2445 2921 2500 Destruunt
2946 2444 3107 2499 etiam
3134 2442 3423 2510 orationes,
3450 2456 3583 2513 quas
3624 2440 3755 2497 facit

2169 2538 2408 2594 Ecclesia
2431 2579 2446 2606 ,
2479 2539 2591 2593 sive
2620 2552 2718 2608 pro
2764 2536 3063 2592 infidelibus
3093 2544 3148 2591 et
3187 2534 3445 2591 doctrina:
3474 2532 3568 2588 Dei
3612 2530 3756 2587 resi-

2168 2629 2451 2697 stentibus,
2483 2638 2541 2684 ut
2564 2637 2943 2685 convertantur
2968 2628 3036 2683 ad
3066 2628 3231 2683 Deum
3256 2642 3273 2693 ;
3321 2626 3433 2681 sive
3460 2641 3557 2696 pro
3585 2624 3756 2681 ﬁdeli-

2170 2723 2269 2777 bus
2289 2763 2304 2788 ,
2338 2730 2396 2776 ut
2430 2732 2685 2792 augeatur
2714 2722 2767 2775 in
2814 2722 2892 2776 eis
2923 2720 3054 2776 ﬁdes
3074 2760 3088 2785 ,
3117 2729 3172 2775 et
3200 2727 3548 2790 perseverent
3577 2719 3630 2772 in
3666 2732 3752 2773 ea.

2177 2815 2303 2869 Haec
2333 2814 2529 2883 quippe
2556 2830 2661 2868 non
2692 2815 2759 2869 ab
2784 2813 2901 2882 ipso
2928 2813 3189 2882 accipere,
3224 2810 3317 2866 sed
3347 2826 3378 2865 a
3406 2826 3463 2865 se
3493 2809 3623 2879 ipsis
3651 2808 3755 2864 lto-

2169 2907 2340 2960 mines
2366 2903 2568 2959 habere
2592 2904 2940 2966 contendunt,
2968 2903 3190 2972 gratiam
3218 2901 3314 2957 Dei
3339 2916 3439 2970 qua
3462 2901 3756 2956 liberamur

2171 2999 2239 3053 ab
2269 2997 2561 3067 impietate,
2591 2995 2830 3051 dicentes
2860 2993 3150 3049 secundum
3181 2993 3369 3048 merita
3407 2999 3587 3046 nostra
3612 2991 3751 3046 dari.

2170 3088 2323 3154 Quod
2350 3086 2565 3158 quidem
2592 3086 2834 3156 Pelagius
2863 3086 2917 3139 in
2941 3083 3227 3154 episc0pali
3244 3082 3442 3153 judicio
3467 3082 3753 3138 Palaestino

2169 3180 2411 3236 damnari
2456 3191 2698 3235 metuens
2724 3219 2737 3244 ,
2785 3177 3039 3232 damnare
3068 3176 3374 3246 compulsus
3413 3184 3530 3242 est;
3562 3174 3657 3232 sed
3697 3175 3754 3231 in

2170 3272 2553 3343 posterioribus
2580 3270 2689 3324 suis
2717 3269 2930 3339 scriptis
2957 3268 3059 3324 hoc
3086 3267 3352 3323 invenitur
3379 3267 3591 3323 docere.
3619 3266 3678 3321 In
3698 3266 3754 3323 id

2168 3365 2328 3419 etiam
2354 3362 2783 3434 progrediuntur,
2810 3370 2871 3415 ut
2895 3361 3075 3415 dicant
3098 3360 3259 3414 vitam
3277 3360 3542 3428 justorum
3572 3359 3623 3412 in
3650 3358 3755 3413 hoc

2168 3456 2366 3513 saecqu
2410 3455 2609 3509 nullum
2640 3454 2858 3509 omnino
2896 3452 3094 3508 habere
3138 3460 3413 3522 peceatum
3435 3493 3449 3518 ,
3476 3459 3531 3506 et
3567 3465 3639 3505 ex
3668 3449 3755 3505 his

2168 3547 2465 3603 Ecclesiam
2495 3545 2688 3601 Christi
2733 3544 2788 3599 in
2831 3543 2930 3598 hac
2968 3543 3293 3598 mortalitate
3327 3541 3544 3612 perﬁci,
3587 3548 3647 3596 ut
3684 3540 3757 3597 sit

2168 3639 2387 3695 omnino
2406 3638 2523 3692 sine
2547 3635 2754 3690 macula
2778 3643 2831 3689 et
2850 3648 2978 3704 ruga
3006 3631 3219 3705 (Ephes.
3244 3648 3296 3695 v,
3319 3632 3413 3702 27)
3433 3648 3448 3697 ;
3472 3632 3623 3703 quasi
3645 3646 3754 3687 non

2168 3732 2235 3785 sit
2256 3729 2451 3784 Christi
2478 3727 2739 3794 Ecclesia,
2763 3740 2883 3797 quae
2904 3733 3017 3780 toto
3042 3734 3299 3781 terrarum
3321 3724 3453 3780 orbe
3473 3724 3665 3780 clamat
3684 3725 3755 3781 ad

2168 3821 2365 3887 Deum,
2399 3819 2609 3873 Dimitte
2649 3818 2793 3872 nobis
2833 3815 3002 3871 debita
3038 3826 3209 3871 nostra
3238 3815 3463 3888 (Matth.
3508 3830 3591 3881 v1,
3626 3814 3751 3885 12).

2168 3915 2424 3970 Parvulos
2468 3914 2626 3969 etiam
2671 3921 2906 3983 negant,
2934 3911 3227 3967 secundum
3256 3908 3427 3965 Adam
3469 3908 3755 3963 carnaliter

2170 4018 2360 4075 natos,
2406 4006 2707 4077 contagium
2755 4004 2944 4060 mortis
2994 4004 3223 4073 antiquae
3268 4002 3435 4071 prima
3478 3999 3756 4055 nativitate

2169 4101 2503 4156 contrahere.
2534 4097 2623 4155 Sic
2650 4099 2795 4153 enim
2823 4112 2915 4152 eos
2956 4096 3073 4151 sine
3100 4094 3208 4149 ullo
3252 4092 3456 4163 peccati
3482 4090 3757 4161 originalis

2168 4192 2379 4248 vinculo
2423 4200 2668 4246 asserunt
2707 4188 2886 4250 nasci,
2917 4196 2972 4240 ut
3005 4198 3223 4255 prorsus
3262 4197 3369 4237 non
3414 4183 3484 4235 sit
3508 4182 3647 4251 quod
3675 4182 3757 4237 eis

2170 4293 2413 4356 oporteat
2436 4282 2668 4339 secunda
2694 4280 2967 4335 nativitate
2994 4277 3187 4332 dimitti
3209 4294 3221 4331 :
3240 4274 3333 4331 scd
3354 4287 3447 4329 eos
3471 4282 3754 4343 pr0pterea

2170 4376 2461 4446 baptizari,
2492 4384 2548 4428 ut
2588 4370 2991 4442 regeneratione
3026 4367 3262 4436 adoptati
3310 4365 3655 4421 admittantur
3685 4366 3755 4421 ad

2171 4482 2390 4539 regnum
2435 4465 2568 4531 Dei,
2596 4464 2663 4519 de
2702 4464 2845 4519 bono
2888 4462 2941 4516 in
2972 4460 3164 4515 melius
3209 4459 3484 4525 translati,
3517 4475 3621 4514 non
3653 4459 3755 4514 ista

2171 4559 2512 4615 renovatione
2537 4558 2808 4627 abaliquo
2835 4555 2975 4610 malo
3001 4553 3339 4624 obligationis
3372 4554 3571 4609 veteris
3596 4552 3757 4607 abso-

2172 4652 2288 4706 luti.
2335 4651 2468 4706 Nam
2516 4650 2723 4705 etiamsi
2767 4664 2873 4703 non
2920 4647 3276 4717 baptizentur,
3321 4646 3634 4715 promittunt
3677 4647 3757 4703 eis

2172 4754 2322 4800 extra
2370 4758 2591 4814 regnum
2623 4741 2835 4812 quidem
2875 4740 3007 4808 Dei,
3040 4739 3135 4794 sed
3179 4746 3357 4794 tamen
3403 4747 3655 4793 aeternam
3702 4748 3760 4794 et

2172 4838 2379 4892 beatam
2422 4834 2705 4905 quamdam
2732 4832 2892 4887 vitam
2932 4845 3102 4886 suam.
3144 4828 3321 4900 Ipsum
3350 4844 3561 4899 quoque
3586 4827 3759 4884 Adam

2172 4927 2376 4992 dicunt,
2404 4924 2614 4979 etiamsi
2643 4938 2748 4978 non
2779 4930 3088 4993 peccasset,
3118 4919 3285 4976 fuisse
3325 4934 3549 4990 corpore
3590 4919 3762 4973 mori-

2177 5032 2376 5085 turum,
2406 5033 2579 5089 neque
2619 5019 2689 5073 ita
2717 5026 2985 5073 mortuum
3022 5018 3215 5073 merito
3240 5018 3412 5086 culpze
3434 5014 3476 5083 ⁸,
3508 5013 3604 5071 sed
3626 5029 3760 5069 con—

2174 5114 2374 5169 ditione
2399 5121 2621 5167 naturae.
2654 5112 2988 5183 Objiciuntur
3013 5110 3092 5168 eis
3119 5120 3173 5168 et
3216 5110 3319 5167 alia
3346 5109 3598 5166 nonnulla
3619 5151 3637 5177 ,
3667 5110 3762 5165 sed

2174 5208 2271 5262 ista
2303 5216 2427 5261 sunt
2464 5206 2695 5262 maxime
2722 5248 2737 5274 ,
2766 5221 2831 5263 ex
2860 5206 3053 5277 quibus
3092 5204 3458 5275 intelliguntur
3481 5204 3644 5260 etiam
3670 5202 3763 5259 illa

2175 5301 2260 5355 vel
2284 5309 2495 5365 cuncta,
2526 5300 2611 5355 vel
2634 5315 2773 5370 pene
2794 5308 2982 5354 cuncta
3011 5298 3268 5368 pendere.

2246 5396 2381 5451 Ecce
2410 5408 2568 5466 quam
2599 5395 2791 5450 multas
2810 5393 3346 5449 commemoravimus
3372 5392 3607 5447 haereses
3624 5429 3642 5453 .
3668 5404 3768 5446 nec

2178 5497 2353 5543 tamen
2384 5486 2602 5543 modum
2634 5496 2737 5543 tua:
2768 5484 3139 5555 postulationis
3165 5481 3521 5554 implevimus.
3550 5481 3633 5538 Ex
3661 5496 3768 5553 quo

2240 5681 2257 5714 ι
2292 5680 2364 5727 Sic
2386 5686 2489 5727 Mss.
2515 5676 2633 5727 editi
2658 5688 2794 5737 vero,
2818 5674 3203 5739 Spiritussancti.

2240 5744 2259 5774 ¹
2292 5742 2363 5790 sic
2388 5747 2586 5810 existssx
2606 5739 2718 5799 [non
2752 5733 2991 5810 autem-ad
3011 5736 3102 5810 [ioc
3124 5733 3412 5810 per‘donum
3434 5734 3638 5798 Spiritus
3656 5734 3731 5785 sui
3746 5770 3764 5797 ,

2175 5813 2226 5857 ut
2244 5815 2356 5915 gulf,
2378 5798 2692 5852 didicerimus
2710 5814 2812 5851 esse
2829 5798 3071 5869 facimda,
3108 5799 3226 5861 etc.]
3258 5873 3269 5884 _
3373 5861 3385 5872 .
3518 5860 3529 5870 .

2359 5880 2426 5928 v.,
2460 5876 2611 5928 neque
2632 5869 2870 5915 mortuum
2890 5869 3061 5913 mento
3080 5858 3267 5925 σαίρω,
3292 5872 3487 5923 omaso,
3511 5866 3595 5913 ita.
