4054 6466
244 435 308 498 ιθ
1657 425 1862 487 LIBER
1898 423 2101 489 UNUS.
3463 436 3534 493 so

248 554 375 608 enim
400 548 686 604 christiana
709 548 916 621 religio,
935 556 994 605 ut
1011 548 1187 605 verbis
1214 549 1322 606 tuis
1345 555 1488 618 utar,
1519 547 1832 604 hereditatis

253 641 496 714 promissa
519 657 711 694 nomen
737 641 952 711 accepit,
981 655 1099 710 qua:
1127 640 1361 697 haereses
1386 649 1518 697 orta:
1539 641 1645 696 sint
1663 682 1678 708 ,
1700 655 1834 711 quo-

247 735 393 792 modo
418 732 856 790 commemorare
894 748 1078 789 omnes
1118 733 1263 804 potui
1289 774 1304 800 ,
1333 733 1423 804 qui
1461 747 1648 788 omnes
1675 747 1833 789 nosse

249 844 344 884 non
387 826 579 898 potui?
605 827 764 894 Quod
803 826 924 883 ideo
945 826 1225 894 existimo,
1257 827 1380 896 quia
1424 825 1600 881 nullus
1644 839 1830 881 eorum

245 935 458 992 quorum
489 917 559 975 de
584 917 689 974 hac
716 934 778 975 re
802 918 998 989 scripta
1024 918 1164 989 legi,
1191 933 1379 974 omnes
1410 919 1586 990 posuit
1616 937 1629 973 :
1660 932 1831 989 quan-

247 1011 524 1082 doquidem
572 1010 755 1065 inveni
799 1008 939 1080 apud
986 1010 1146 1064 alium
1165 1050 1180 1076 ,
1207 1024 1339 1080 quas
1368 1009 1507 1079 apud
1533 1008 1696 1064 alium
1725 1022 1831 1064 non

246 1103 442 1170 inveni;
475 1111 534 1158 et
559 1117 750 1158 rursus
786 1101 926 1173 apud
971 1103 1130 1157 istum
1151 1145 1167 1170 ,
1192 1117 1325 1172 quas
1353 1102 1442 1158 ille
1482 1118 1588 1158 non
1633 1101 1827 1173 posuit.

248 1195 349 1266 ligo
373 1203 556 1249 autem
603 1203 890 1264 propterea
914 1193 1098 1264 plures
1141 1208 1300 1265 quam
1345 1193 1445 1265 ipsi
1491 1194 1678 1263 posui,
1709 1193 1831 1264 quia

243 1286 422 1357 collegi
452 1301 523 1341 ex
549 1285 820 1353 omnibus,
865 1299 997 1356 quas
1025 1297 1230 1341 omnes
1257 1285 1396 1356 apud
1442 1285 1676 1356 singulos
1723 1299 1830 1340 non

244 1378 410 1433 inveni
433 1419 451 1443 ,
496 1376 692 1444 additis
717 1377 878 1433 etiam
908 1392 1040 1448 quas
1088 1377 1202 1448 ipse
1227 1381 1474 1433 recolens
1498 1377 1637 1447 apud
1663 1376 1831 1431 ullum

242 1471 447 1526 illorum
495 1470 739 1525 .nvenire
764 1485 871 1525 non
903 1470 1071 1541 potui.
1116 1469 1273 1526 Unde
1314 1470 1508 1526 merito
1545 1469 1708 1526 credo
1732 1485 1830 1526 nec

242 1578 320 1617 me
346 1561 596 1632 posuisse
623 1577 846 1628 omnes;
888 1562 1012 1633 quia
1055 1577 1156 1618 nec
1201 1577 1388 1618 omnes
1414 1563 1502 1633 qui
1532 1562 1600 1618 de
1628 1563 1729 1618 hac
1770 1577 1831 1618 re

240 1655 595 1726 scripserunt,
625 1655 804 1726 legere
833 1655 1019 1726 potui,
1062 1671 1235 1726 neque
1262 1655 1364 1712 hoc
1389 1672 1708 1728 quemquam
1733 1671 1829 1712 eo-

246 1761 361 1801 rum
384 1746 540 1801 video
571 1745 768 1802 fecisse
787 1761 922 1817 quos
950 1746 1074 1818 legi.
1107 1747 1385 1803 Postremo
1410 1749 1619 1804 etiamsi
1642 1763 1831 1804 omnes

240 1837 454 1892 'forsitan
477 1837 671 1908 posui,
703 1837 844 1907 quod
867 1852 973 1893 non
1001 1847 1126 1909 puto
1144 1879 1159 1904 ,
1187 1848 1363 1893 utrum
1387 1853 1574 1894 omnes
1599 1841 1705 1895 sint
1726 1840 1830 1894 uti-

242 1945 338 2001 que
361 1932 570 1988 nescio.
598 1932 667 1986 Et
708 1930 830 1986 ideo
855 1931 996 2002 quod
1021 1932 1101 1987 vis
1129 1946 1214 1987 me
1242 1933 1492 2002 loquente
1517 1932 1654 1987 ﬁniri
1674 1974 1692 2000 ,
1725 1949 1828 1989 non

240 2023 419 2078 saltem
449 2032 634 2094 potest
670 2039 757 2078 me
799 2033 1154 2095 cognoscente
1196 2024 1598 2095 comprehendi.
1641 2025 1831 2080 Audivi

241 2117 515 2186 scripsisse
558 2116 628 2172 de
668 2117 962 2173 haeresibus
989 2124 1230 2172 sanctum
1275 2117 1690 2190 Hieronymum,
1737 2118 1830 2174 sed

242 2207 406 2278 ipsum
435 2209 558 2278 ejus
588 2210 902 2280 opusculum
930 2224 1028 2265 nec
1057 2209 1113 2264 in
1157 2218 1338 2265 nostra
1385 2208 1707 2266 bibliotheca
1746 2210 1831 2265 in-

239 2301 411 2355 venire
465 2301 772 2370 potuimus,
805 2315 905 2357 nec
945 2300 1085 2356 unde
1115 2301 1283 2370 possit
1329 2301 1527 2371 accipi,
1569 2301 1829 2357 scimus‘.

240 2392 383 2460 Quod
411 2394 457 2448 si
485 2402 544 2449 tu
574 2394 764 2450 scieris
783 2436 796 2460 ,
829 2394 1044 2464 perveni
1075 2393 1140 2448 ad
1167 2393 1329 2461 illud,
1357 2405 1410 2450 et
1437 2394 1572 2449 forte
1612 2392 1833 2450 habebis

241 2486 423 2540 melius
449 2485 704 2554 aliquid'
755 2499 917 2555 quam
966 2484 1068 2539 hoc
1095 2493 1336 2542 nostrum
1380 2503 1394 2539 :
1441 2484 1684 2554 quamvis
1731 2498 1834 2540 nec

240 2574 403 2646 ipsum
422 2616 438 2642 ,
491 2575 622 2631 licet
651 2575 922 2631 hominem
952 2575 1318 2630 doctissimum
1337 2616 1352 2642 ,
1383 2591 1572 2632 omnes
1600 2575 1832 2631 haereses

241 2666 457 2721 arbitrer
487 2665 746 2736 indagare
773 2666 1032 2736 potuisse.
1063 2666 1132 2721 Et
1158 2673 1306 2722 certe
1332 2666 1607 2722 Abeloitas
1632 2673 1834 2722 nostrae

241 2758 465 2829 regionis
489 2758 810 2828 haereticos,
841 2769 1099 2832 quantum
1129 2762 1378 2818 existimo
1402 2804 1416 2828 ,
1445 2761 1536 2819 ille
1558 2762 1785 2819 nescivit
1816 2780 1830 2818 :

241 2849 310 2904 sic
339 2849 483 2906 forte
529 2859 586 2907 et
610 2851 738 2907 alibi
764 2852 900 2907 alios
927 2853 980 2907 in
1006 2853 1403 2910 obscurissimis
1426 2855 1559 2910 locis
1585 2856 1834 2910 recondi-

245 2952 347 3009 tos,
379 2943 498 3014 ejus
542 2945 790 3000 notitiam
836 2945 951 3016 ipsa
977 2945 1215 3003 locorum
1247 2962 1466 3004 suorum
1509 2947 1834 3004 obscuritate

239 3034 515 3110 fugientes.

306 3129 558 3184 Jamvero
602 3129 736 3186 illud
777 3129 918 3202 quod
945 3130 1144 3187 habent
1187 3140 1292 3188 tute
1320 3131 1542 3198 litterae,
1571 3142 1630 3188 ut
1657 3133 1835 3190 omnia

241 3220 453 3275 omnino
481 3219 755 3286 dicamus,
805 3220 998 3291 quibus
1026 3221 1262 3278 haeretici
1287 3238 1318 3278 a
1361 3223 1586 3280 veritate
1622 3223 1834 3280 dissen-

242 3311 406 3378 tiunt,
436 3311 652 3367 etiamsi
697 3311 878 3367 omnia
924 3312 1156 3381 scirem,
1207 3313 1383 3370 facere
1428 3329 1537 3370 non
1583 3329 1832 3385 possem;

241 3412 436 3474 quanto
460 3404 642 3460 minus
669 3418 888 3475 possum
908 3446 923 3471 ,
955 3405 1046 3477 qui
1072 3407 1252 3462 omnia
1277 3407 1415 3462 scire
1441 3422 1546 3462 non
1576 3409 1836 3477 possum?

238 3496 374 3554 Sunt
401 3498 544 3553 enim
570 3493 811 3554 hieretici
830 3540 846 3564 ,
878 3498 1019 3569 quod
1038 3497 1311 3554 fatendum
1335 3506 1450 3565 est,
1476 3499 1566 3570 qui
1591 3499 1833 3571 singulis,

241 3591 322 3647 vel
345 3607 454 3647 non
481 3592 653 3647 multo
680 3591 911 3663 amplius
931 3635 947 3660 ,
981 3591 1316 3662 dogmatibus
1340 3602 1645 3663 oppugnant
1673 3607 1835 3664 regu-

240 3681 343 3737 lam
373 3683 616 3739 veritatis
643 3701 656 3737 :
686 3684 828 3739 sicut
868 3683 1242 3739 Macedoniani
1268 3685 1352 3740 vel
1380 3684 1684 3740 Photiniani
1704 3727 1718 3751 ,
1752 3693 1836 3739 at-

240 3788 342 3844 que
363 3773 454 3828 alii
499 3775 827 3846 quicumque
854 3775 926 3830 ita
951 3790 1011 3830 se
1044 3775 1262 3832 habent.
1292 3775 1372 3831 llli
1401 3784 1578 3831 autem
1601 3818 1616 3844 ,
1662 3785 1722 3831 ut
1765 3776 1835 3830 ita

241 3865 462 3922 dixerim
481 3909 499 3936 ,
528 3867 807 3923 fabulones
825 3909 840 3937 ,
864 3868 917 3923 id
942 3877 1044 3936 est,
1068 3868 1158 3939 qui
1180 3867 1387 3924 fabulas
1407 3883 1570 3924 vanas
1591 3868 1836 3924 easdem-

239 3974 340 4029 que
366 3961 558 4032 longas
587 3961 975 4031 perplexasque
1001 3969 1326 4030 contexunt,
1349 3970 1457 4016 tam
1481 3961 1662 4016 multis
1692 3961 1837 4017 falsis

241 4052 576 4124 dogmatibus
599 4053 745 4122 pleni
790 4061 944 4120 sunt,
974 4061 1031 4108 ut
1056 4053 1160 4123 ipsi
1199 4069 1410 4124 quoque
1439 4053 1527 4109 illa
1555 4069 1838 4108 numerare

240 4159 342 4199 non
369 4143 620 4216 possint,
653 4153 745 4198 aut
772 4143 1083 4200 difﬁcillime
1123 4145 1348 4214 possint.
1389 4144 1500 4201 Nec
1542 4145 1634 4199 ulli
1663 4145 1837 4202 alieno

239 4235 345 4290 ulla
369 4235 600 4292 [tmesis
644 4232 800 4291 facile
828 4236 905 4291 sic
933 4236 1218 4292 innotescit
1239 4277 1255 4304 ,
1287 4245 1346 4291 ut
1386 4237 1497 4292 suis
1530 4254 1543 4291 :
1573 4235 1713 4292 unde
1738 4252 1838 4292 nec

238 4343 423 4384 earum
444 4343 581 4400 quas
597 4330 1012 4384 commemoravi
1034 4370 1049 4397 ,
1067 4330 1245 4384 omnia
1265 4329 1512 4400 dogmata
1538 4345 1623 4385 me
1639 4329 1838 4384 dixisse

238 4422 320 4477 vel
341 4421 600 4478 didicisse
627 4421 904 4492 proﬁteor.
937 4422 1068 4490 Quis
1087 4423 1230 4478 enim
1253 4438 1360 4477 non
1380 4423 1559 4479 videat
1584 4433 1835 4494 quantam

239 4529 324 4570 res
352 4515 458 4570 ista
507 4530 762 4586 operam,
814 4525 870 4572 et
906 4531 1064 4587 quam
1111 4516 1302 4572 multas
1351 4517 1555 4572 litteras
1597 4518 1839 4590 ﬂagitet?

239 4604 346 4662 Nec
374 4606 502 4662 ideo
530 4615 705 4662 tamen
748 4622 934 4678 parum
977 4607 1195 4678 prodest
1244 4623 1456 4664 errores
1499 4611 1658 4675 istos,
1705 4625 1839 4680 quos

239 4693 364 4753 huic
393 4696 551 4768 operi
598 4697 834 4767 intexui,
881 4698 1049 4756 lectos
1091 4700 1440 4772 cognitosque
1483 4701 1670 4757 vitare.
1701 4702 1838 4770 Quid

301 4915 321 4979 ξ
357 4922 460 4967 Hoc
492 4913 602 4979 loco
623 4915 849 4979 plerique
869 4923 976 4967 Mss.
1011 4917 1102 4966 ista
1123 4918 1473 4978 interponunt:
1507 4918 1843 4969 «Certissimus

303 4931 321 4948 ι
357 4931 460 4967 uoc
494 4931 602 4966 loco
623 4931 748 4979 ptert
784 4931 849 4967 ue
872 4931 976 4967 mss.
1011 4931 1102 4966 Isw
1123 4931 1473 4978 interponunt:
1507 4931 1842 4969 werussnmus

248 4995 271 5024 ι
291 4976 711 5043 homostudiosus
732 4931 964 5030 librorum
989 4979 1095 5043 ejus
1115 4980 1349 5043 cognitor,
1374 4980 1438 5043 de
1457 4980 1549 5030 hoc
1573 4983 1842 5043 interroga-

248 5057 272 5086 .
291 5045 391 5110 us,
417 5015 963 5110 δίιήφοᾜῑιυςδλιυί
997 5015 1349 5110 1:..ch
1366 5015 1841 5110 είξεῖενιίςίρῖιςτῑίξξδξέ

246 5103 451 5151 «δείξειε
476 5103 592 5167 quid
629 5101 830 5152 dixerit.
872 5101 981 5167 nam
1016 5103 1079 5151 de
1117 5103 1404 5167 haeresibus,
1442 5105 1615 5167 inquit,
1657 5101 1842 5153 nullum

249 5180 271 5208 ι
292 5163 582 5228 opusculum
605 5172 813 5228 sanctus
833 5165 1146 5228 Hieronymus
1166 5165 1390 5214 condidit.
1414 5182 1435 5208 »
1467 5163 1525 5215 Et
1541 5177 1844 5228 prosequun-

239 5231 340 5282 tur,
373 5244 397 5271 ι
420 5226 552 5284 Quod
575 5229 616 5276 si
658 5234 708 5276 tu
748 5226 937 5284 scieris,
963 5243 984 5270 »
1017 5226 1111 5275 etc.
1137 5233 1300 5276 Exstat
1320 5226 1566 5276 Herresum
1605 5226 1844 5276 indiculus

242 5288 521 5350 Hieronymi
547 5291 746 5339 nomine
766 5301 858 5350 per
879 5287 1120 5337 Claudium
1146 5289 1417 5337 Menardum
1450 5296 1557 5350 post
1595 5291 1844 5349 Augustini

242 5348 734 5474 tinget-fectum
760 5348 1012 5412 vulgatus;
1038 5350 1126 5399 sed
1151 5348 1463 5399 eruditorum
1481 5348 1728 5400 sententia
1753 5351 1844 5413 ipsi

389 5425 461 5461 ica
541 5451 552 5463 .

389 5421 552 5464 matur.

308 5475 330 5505 ³
359 5475 521 5546 eiet—Ir.-
548 5485 602 5529 ει
625 5487 789 5546 prope
813 5486 984 5546 οωῐιεξε
1005 5481 1110 5546 πῆξε·
1130 5481 1186 5546 Α)
1205 5481 1336 5546 to?»
1363 5473 1636 5546 Ρθθῖιέεηίνὲί
1656 5485 1744 5546 εθρ
1759 5487 1846 5538 ρετ

245 5538 290 5584 te
309 5538 377 5586 ad
394 5538 514 5592 illud
529 5535 842 5606 perueniant,
860 5542 908 5586 et
928 5535 1128 5599 forsitan
1150 5535 1343 5588 habebas
1358 5535 1529 5589 melius
1546 5535 1748 5595 aliquid.

1938 546 2082 602 enim
2111 554 2296 603 contra
2337 546 2438 603 ista
2465 546 2663 604 sentiat
2701 545 2964 604 catholica
3007 544 3280 616 Ecclesia,
3311 549 3456 619 quod
3501 565 3535 606 a

1939 652 2027 694 me
2052 638 2335 695 dicendum
2364 641 2597 710 putasti,
2624 638 2897 711 superfluo
2922 641 3179 712 quaeritur
3211 659 3224 695 :
3256 655 3379 696 cum
3403 655 3534 712 pro-

1939 741 2059 803 pter
2087 733 2190 788 hoc
2219 733 2360 788 scire
2388 733 2620 789 sufﬁciat
2661 749 2778 789 eam
2807 741 2993 790 contra
3032 733 3134 790 ista
3159 734 3359 790 sentire
3381 775 3397 803 ,
3423 749 3530 790 nec

1938 823 2136 895 aliquid
2163 824 2355 880 horum
2382 824 2435 879 in
2465 824 2624 880 ﬁdem
2647 826 2664 857 ³
2695 840 3017 896 quemquam
3045 825 3242 882 debere
3269 826 3530 896 recipere.

1937 917 2214 986 Quomodo
2242 925 2418 975 autem
2448 934 2566 990 quae
2588 928 2772 975 contra
2802 920 2918 977 hare
2964 921 3162 977 veritas
3203 920 3403 989 habet,
3443 935 3535 976 as-

1937 1010 2162 1067 serenda
2206 1025 2268 1065 ac
2315 1010 2644 1067 defendenda
2676 1013 2810 1079 sint,
2863 1012 3136 1068 modulum
3165 1013 3346 1083 operis
3373 1011 3535 1082 hujus

1937 1102 2168 1158 excedit.
2199 1102 2304 1158 Sed
2346 1104 2572 1158 multum
2616 1103 2831 1174 adjuvat
2859 1120 2954 1160 cor
2982 1105 3140 1161 ﬁdele
3159 1149 3174 1173 ,
3206 1120 3366 1162 nosse
3405 1106 3535 1177 quid

1937 1193 2263 1250 credendum
2290 1209 2396 1250 non
2445 1196 2546 1262 sit,
2573 1195 2781 1250 etiamsi
2829 1195 3132 1266 disputandi
3178 1195 3429 1253 facultate
3479 1197 3536 1253 id

1937 1283 2170 1340 refutare
2197 1300 2304 1340 non
2329 1285 2518 1356 possit.
2546 1284 2733 1342 Omnis
2760 1285 2938 1357 itaque
2975 1287 3301 1344 christianus
3343 1288 3533 1344 catho-

1935 1377 2070 1434 licus
2097 1379 2193 1434 ista
2225 1394 2332 1433 non
2361 1377 2520 1434 debet
2543 1378 2768 1434 credere
2801 1397 2813 1433 :
2839 1379 2936 1435 sed
2973 1394 3080 1435 non
3099 1380 3275 1435 omnis
3299 1381 3390 1450 qui
3431 1379 3532 1434 ista

1937 1485 2044 1525 non
2065 1470 2265 1538 credit,
2296 1479 2688 1541 consequenter
2707 1469 2870 1526 debet
2891 1486 2952 1527 se
2979 1471 3327 1526 christianum
3347 1472 3533 1528 catho-

1935 1564 2096 1620 licum
2117 1564 2228 1634 jam
2255 1564 2551 1634 putare'vel
2580 1563 2782 1619 dicere.
2806 1563 3040 1619 Possunt
3063 1563 3204 1619 enim
3226 1573 3279 1618 et
3299 1563 3533 1618 haereses

1936 1656 2085 1724 aliae,
2116 1672 2235 1728 qua:
2264 1657 2318 1710 in
2363 1655 2466 1712 hoc
2507 1671 2672 1727 opere
2715 1665 2900 1711 nostro
2948 1665 3380 1712 commemorata:
3423 1670 3531 1711 nou

1935 1757 2095 1814 sunt,
2125 1747 2208 1803 vel
2239 1762 2358 1803 esse
2402 1748 2487 1802 vel
2537 1748 2687 1813 ﬁeri,
2740 1762 2964 1818 quarum
3015 1748 3249 1818 aliquam
3291 1745 3532 1817 quisquis

1936 1839 2196 1907 tenuerit,
2229 1838 2551 1894 christianus
2598 1838 2891 1894 catholicus
2919 1852 3028 1893 non
3072 1837 3195 1894 erit.
3225 1837 3361 1906 Quid
3406 1851 3535 1908 ergo

1936 1930 2096 1987 faciat
2131 1931 2477 1997 haereticum,
2520 1931 2772 2002 deinceps
2816 1931 3199 2002 requirendum
3247 1939 3331 1986 est
3371 1948 3384 1983 :
3435 1939 3533 1998 ut,

1937 2039 2059 2080 cum
2093 2023 2194 2079 hoc
2222 2023 2451 2079 Domino
2479 2023 2764 2094 adjuvante
2793 2023 3023 2078 vitamus
3045 2065 3060 2088 ,
3101 2038 3209 2078 non
3253 2022 3424 2077 solum
3470 2036 3535 2077 ea

1936 2129 2057 2186 qua:
2081 2115 2316 2182 scimus,
2359 2129 2544 2169 verum
2587 2115 2747 2169 etiam
2777 2129 2895 2184 qua:
2934 2113 3230 2179 nescimus,
3264 2113 3376 2167 sive
3417 2126 3537 2182 quae

1933 2206 2044 2278 jam
2073 2216 2190 2262 orta
2218 2216 2374 2274 sunt,
2402 2209 2513 2262 sive
2538 2222 2657 2277 qum
2681 2206 2856 2261 adhuc
2881 2207 3010 2261 oriri
3039 2214 3322 2277 poterunt,
3356 2205 3536 2260 haere-

1941 2301 2043 2355 tica
2068 2315 2272 2356 venena
2299 2300 2546 2355 vitemus.
2579 2298 2746 2370 Hujus
2774 2308 2952 2354 autem
2981 2298 3052 2353 sit
3088 2298 3200 2368 jam
3246 2296 3537 2352 voluminis

1939 2391 2097 2460 ﬁnis,
2149 2391 2287 2463 quod
2337 2400 2618 2462 propterea
2663 2389 2845 2457 vobis,
2882 2397 3162 2460 antequam
3209 2398 3381 2444 totum
3435 2388 3538 2445 hoc

1938 2499 2072 2554 opus
2120 2483 2469 2554 perﬁcerem,
2517 2482 2719 2538 credidi
2751 2496 2872 2537 esse
2901 2481 3251 2549 mittendum,
3305 2490 3365 2536 ut
3407 2481 3538 2537 illud

1939 2576 2262 2646 quicumque
2288 2574 2524 2645 legeritis
2543 2615 2558 2642 ,
2587 2572 2654 2628 ad
2705 2572 2759 2627 id
2784 2571 2929 2645 quod
2958 2581 3124 2627 restat
3173 2571 3497 2642 implendum
3517 2613 3535 2640 ,

1938 2665 2080 2736 quod
2103 2673 2208 2720 tam
2231 2679 2478 2736 magnum
2501 2678 2620 2720 esse
2635 2662 2853 2720 cernitis
2867 2703 2886 2734 ,
2914 2678 3002 2719 me
3025 2662 3356 2720 orationibus
3380 2663 3536 2734 adju-

1939 2755 2137 2811 veﬁs'.

2006 2892 2024 2923 ί
2060 2889 2228 2953 Plures
2250 2898 2376 2950 Mss.,
2399 2889 2452 2941 in
2474 2887 2590 2953 ﬁde.

2004 2953 2025 2984 ³
2059 2952 2140 3002 Hic
2161 2960 2301 3002 certe
2317 2948 2484 3014 finitur
2500 2950 2747 3014 Augustini
2769 2948 2897 3000 liber
2928 2963 2942 2999 :
2979 2951 3176 3000 tametsi
3211 2950 3262 3000 in
3293 2949 3540 3014 codieibus

1941 3016 2278 3077 manuscriptis
2317 3012 2588 3077 plerisque
2607 3012 2850 3077 addantur
2868 3014 3133 3077 Nestorianf
3169 3019 3223 3062 et
3259 3012 3536 3077 Eutychiani

1943 3073 2196 3140 (haereses
2208 3073 2386 3140 utique
2404 3073 2502 3124 non
2521 3075 2906 3140 ante_Augt_tstiui
2929 3075 3115 3140 obitum
3142 3073 3444 3136 nominatae),
3485 3081 3539 3125 et

1941 3135 1993 3186 in
2014 3135 2315 3200 quibusdam
2325 3138 2470 3200 etiam
2485 3135 2802 3200 “timotheani,
2827 3136 2919 3185 hoc
2939 3135 3111 3200 ordine
3137 3148 3149 3184 :

2011 3196 2337 3250 {morsum
2347 3198 2514 3248 dicunt
2525 3196 2692 3260 Filium
2711 3199 2795 3246 Dei
2808 3210 2980 3247 verum
2990 3197 3190 3260 quidem
3207 3196 3453 3260 hominem
3473 3209 3538 3247 ex

1948 3276 1972 3308 ι
1995 3261 2186 3322 virgine
2209 3261 2350 3310 Maria
2370 3259 2554 3318 uatum,
2575 3259 2665 3308 sed
2688 3272 2786 3322 non
2806 3261 2874 3308 ita
2894 3271 3039 3308 unam
3071 3259 3341 3322 reddidisse
3365 3271 3536 3322 perso-

1949 3338 1972 3368 ι
1994 3320 2123 3380 nam,
2147 3330 2202 3371 ut
2224 3335 2322 3370 non
2343 3322 2392 3370 in
2415 3332 2560 3371 unam
2582 3322 2646 3370 sit
2677 3320 2906 3371 redactus
2927 3327 3176 3380 naturam;
3206 3320 3541 3370 oonﬂatorium

1949 3357 1972 3430 ἒ
1993 3357 2656 3446 ξδόδαὲηέὲὃιὲὶιῖἴὸἱὲἑᾷ
2677 3357 2909 3446 ἷιῖὧῑῖὸῖιξί
2928 3357 3150 3444 ﬁam};
3162 3357 3540 3446 ’ρέἷ“ὧῖόἇ’ἁῖιέἑ

1949 3461 1973 3491 ι
1994 3443 2200 3505 naturae,
2224 3445 2272 3494 id
2296 3452 2389 3504 est,
2417 3451 2545 3493 Deus
2565 3449 2618 3494 et
2638 3443 2799 3505 homo,
2825 3444 2874 3491 in
2897 3443 3043 3492 uuam
3065 3443 3296 3492 resolutas
3320 3449 3372 3505 et
3406 3455 3541 3492 com-

1949 3523 1972 3553 α
1993 3503 2392 3577 pactaemassam,
2401 3519 2554 3577 unam
2571 3506 2657 3577 Dei
2676 3511 2728 3554 et
2748 3504 2965 3577 hominis.
2979 3505 3297 3577 exhibueriut
3311 3503 3538 3577 formam:

1949 3585 1972 3616 α
1995 3566 2243 3618 immutata
2267 3567 2496 3618 videlicet
2515 3575 2792 3617 naturarum
2808 3567 3104 3628 proprietate
3125 3566 3438 3616 efficientium
3460 3579 3542 3615 co-

1949 3647 1972 3677 ι
1993 3630 2210 3679 itionem.
2237 3637 2289 3680 Et
2311 3629 2371 3678 ad
2401 3628 2770 3680 conﬁrmandam
2794 3626 3064 3689 hujusmodi
3086 3629 3403 3689 impietatem,
3417 3639 3540 3689 quae

1950 3708 1973 3738 ι
1993 3697 2144 3757 Deum
2167 3694 2343 3757 asserit
2364 3704 2401 3757 _a
2439 3704 2526 3757 sua
2567 3687 2973 3757 versum_natura,
2999 3687 3180 3757 cogunt
3219 3687 3539 3757 evangelisue

1950 3770 1972 3800 ι
1995 3753 2327 3802 testimonium
2349 3753 2568 3810 dicentis,
2595 3759 2648 3800 Et
2670 3751 2880 3799 Verbum
2902 3762 3014 3798 caro
3043 3749 3218 3798 factum
3243 3755 3320 3798 est
3344 3761 3357 3797 :
3402 3749 3535 3810 quod

1950 3831 1973 3861 ι
1995 3815 2063 3864 ita
2085 3815 2484 3875 interpretantur,
2523 3814 2688 3875 Divina
2706 3819 2880 3875 natura
2909 3811 2960 3875 in
2990 3810 3248 3858 humanam
3269 3822 3412 3875 versa
3436 3817 3532 3875 est.

1950 3893 1973 3921 ι
1994 3886 2031 3926 0
2053 3871 2384 3932 abolitionem,
2423 3873 2491 3922 illi
2529 3871 2790 3922 inviolabili
2814 3873 3188 3934 impiugentem
3220 3872 3535 3922 substantize!

1950 3953 1974 3982 α
1995 3938 2144 3999 Hujus
2164 3937 2427 3999 impietatis
2447 3937 2634 3984 initium
2658 3933 2952 3999 Timotheus,
2971 3933 3101 3999 apud
3124 3936 3278 3999 Bizam
3307 3934 3537 3999 Bithynia:

1950 4015 1974 4044 ι
1997 3994 2140 4047 modo
2164 3994 2394 4058 exsulans
2414 3999 2676 4058 civitatem,
2714 3996 3011 4045 continentis
3046 4001 3099 4044 et
3135 3994 3382 4058 religiosa:
3415 3994 3538 4044 'vitaa

1950 4076 1974 4106 ι
1997 4060 2208 4122 imagine
2231 4056 2394 4108 multis
2414 4057 2585 4108 illudit.

2012 4120 2330 4172 «Nésrommt
2365 4134 2392 4170 a
2423 4121 2642 4170 Nestorio
2664 4120 2893 4182 episcOpo

1951 4200 1975 4229 ι
1996 4181 2140 4232 ﬁdem
2161 4182 2485 4244 dogmatizare
2521 4194 2668 4230 ausus
2700 4181 2795 4240 est,
2820 4181 3082 4244 Dominum
3117 4187 3337 4244 nostrum
3368 4186 3538 4244 Jesum

1951 4262 1974 4290 «ι
1994 4240 2497 4294 ειιιοίδιυῐηίιοηιίηθιη
2519 4251 2706 4292 tantum
2722 4259 2744 4286 ν
2763 4240 3009 4304 (plerique
3035 4249 3159 4300 3135.,
3180 4241 3538 4304 «dogmatizare

1951 4323 1975 4352 ct
1997 4319 2144 4355 ausus
2171 4313 2264 4364 est,
2296 4305 2533 4354 Christum
2557 4303 2808 4353 Dominum
2841 4311 3075 4364 nostrum,
3100 4310 3252 4352 Deum
3288 4303 3536 4364 hominem

1952 4385 1975 4414 ι
2001 4374 2185 4433 tantum
2201 4361 2308 4430 ι)’,«
2323 4380 2418 4433 nec
2439 4367 2486 4433 id
2509 4366 2636 4433 quod
2655 4365 2982 4433 mediatorDei
3001 4363 3312 4433 etﬁbominum
3335 4361 3542 4433 effectus

1952 4446 1975 4475 ι
2000 4435 2094 4488 est,
2119 4430 2170 4478 iu
2192 4426 2335 4477 utero
2358 4426 2560 4489 virginis
2580 4428 2644 4476 de
2667 4428 2840 4489 Spiritu
2866 4426 3205 4489 sanctol‘uisse
3227 4432 3539 4487 conceptum,

1953 4507 1975 4536 α
1997 4490 2085 4562 sed
2106 4498 2277 4562 postea
2311 4487 2462 4539 Deum
2498 4489 2676 4562 homini
2698 4487 3188 4562 'fuisseupet‘tnixtum
3214 4500 3226 4562 ς
3253 4499 3357 4562 nec
3378 4493 3538 4562 Deum

1952 4570 1975 4597 (ι
1998 4549 2243 4614 hominem
2265 4564 2458 4614 passum
2477 4549 2821 4614 sepultumque
2847 4550 3089 4614 dicebat;_
3103 4561 3313 4614 vacuare
3338 4554 3542 4614 conten-

1953 4631 1977 4660 σι
1997 4613 2121 4662 deus
2141 4609 2286 4662 omne
2313 4609 2842 4668 nostrum'remedium,
2864 4624 2962 4673 quo
2984 4611 3193 4659 Verbum
3217 4611 3300 4673 Dei
3339 4611 3408 4658 sic
3450 4609 3539 4657 ho-

1954 4692 1977 4721 α
1999 4677 2180 4724 minem
2203 4676 2454 4735 suscipere
2491 4673 2716 4736 dignatus
2739 4679 2818 4736 est
2857 4672 2906 4720 in
2942 4678 3087 4721 utero
3109 4672 3327 4736 virginis,
3353 4678 3407 4736 ut
3439 4683 3536 4736 una

1954 4754 1977 4782 ι
2000 4749 2206 4801 persona
2225 4731 2369 4801 fieret
2400 4736 2486 4784 Dei
2511 4731 2567 4784 et
2583 4735 2808 4794 hominis,
2834 4741 3095 4801 propterea
3131 4731 3210 4783 sic'
3229 4731 3539 4801 singulariter

1954 4815 1977 4844 α
2002 4796 2054 4847 et
2075 4796 2360 4846 mirabiliter
2382 4804 2537 4856 natus,
2563 4803 2782 4845 mortuus
2806 4797 2953 4858 etiam
2982 4808 3070 4858 pro
3105 4797 3282 4858 nostris
3304 4796 3532 4856 peccatis,

1955 4876 1978 4904 ι
1999 4872 2108 4908 cum
2132 4873 2191 4908 ea
2211 4872 2322 4921 quae
2341 4871 2438 4907 non
2460 4855 2688 4921 rapuerat.
2709 4855 3036 4921 persolveret,
3058 4863 3185 4906 Deus
3206 4855 3349 4909 homo
3364 4865 3392 4901 a
3410 4865 3538 4900 mor-

1956 4937 1979 4966 «
2000 4922 2097 4970 tuis
2116 4918 2385 4982 resurgens
2407 4918 2622 4982 ascendit
2639 4919 2689 4966 in
2710 4918 2904 4982 basium.

2022 4999 2042 5044 ᾳ
2067 4977 2349 5032 Eua-vanum
2372 4982 2434 5030 ab
2450 4980 2660 5044 Eutyche
2678 4980 2886 5044 quodam
2903 4977 3432 5044 Constantinopolitanae
3454 4981 3539 5025 Ec-

1957 5062 1980 5090 «
2001 5043 2162 5115 clesiaa
2182 5044 2469 5115 presbytero
2483 5060 2502 5087 »
2516 5038 2666 5115 (addit
2678 5038 2872 5115 quidam
2888 5041 3064 5115 codeit,
3075 5060 3096 5087 α
3109 5038 3378 5115 monacho}
3388 5038 3442 5115 λς
3452 5050 3540 5115 φξ-

1957 5123 1980 5152 α
2003 5106 2095 5154 orti
2113 5098 2241 5162 sunt,
2266 5098 2350 5167 qui
2371 5118 2479 5167 eum
2503 5098 2752 5153 videretur
2775 5103 3307 5167 refutarebcstoriutn,
3325 5100 3374 5167 in
3397 5098 3539 5167 Apol-

1958 5185 1981 5214 α
2002 5167 2207 5216 linarem
2229 5162 2633 5228 btauichteumque
2651 5166 2887 5228 transivit,
2914 5173 2969 5228 et
3000 5162 3306 5228 humanitatis
3336 5162 3384 5209 in
3406 5162 3539 5210 Chri-

1959 5247 1982 5275 It
2003 5236 2078 5294 sto
2102 5229 2357 5294 denegans
2389 5225 2929 5294 veritatem,__q_uidquid
2954 5239 2982 5274 a
3028 5225 3183 5294 Verbo
3215 5230 3540 5294 nostrgepro-

1959 5307 1982 5336 α
2004 5291 2223 5357 prietatis
2236 5284 2498 5351 receptum
2529 5295 2622 5349 est,
2646 5284 2847 5357 divinae:
2863 5284 3189 5357 tantummodo
3227 5284 3442 5357 ascribit
3462 5297 3542 5357 es:

1959 5369 1983 5398 ι
2004 5347 2207 5411 'scutim;
2236 5359 2289 5400 ut
2309 5347 2661 5400 sacramentum
2697 5347 2864 5398 salutis
2885 5348 3124 5411 humanae,
3149 5348 3279 5410 quod
3318 5359 3414 5396 non
3445 5347 3539 5395 nisi

1960 5431 1983 5459 ι
2005 5414 2052 5461 in
2077 5409 2592 5476 utraque__substantia
2628 5418 2720 5476 est,
2759 5416 2970 5476 nostram
3006 5409 3057 5457 in
3099 5409 3284 5459 Christo
3302 5414 3540 5476 naturam

1960 5493 1984 5522 α
2007 5471 2248 5537 negando,
2271 5473 2583 5544 dissolveret,
2623 5473 2772 5544 stulta
2793 5472 3044 5544 impietate
3061 5485 3170 5544 non
3186 5473 3410 5522 sentiens
3428 5471 3540 5520 uni-

1963 5554 1986 5584 ¢
2008 5532 2152 5586 verso
2174 5532 2362 5598 corpori
2393 5535 2592 5595 auferri,
2615 5533 2744 5597 quod
2775 5532 2919 5594 capiti
2940 5532 3195 5584 defuisset.

2931 4119 3015 4191 qui
3053 4124 3222 4191 contra
3254 4116 3539 4191 catholicam

1693 5733 2118 5800 Μω-
