4082 6466
251 461 320 529 εδ
955 456 1012 514 S.
1053 456 1421 517 AUGUSTINI
1461 455 1764 516 EPISCOPI
1803 453 2212 516 TRACTATUS
2252 457 2614 520 ADVERSUS
2649 464 2956 524 JUDEOS.
3461 473 3534 538 5‘

258 592 372 635 eum
421 581 580 648 negat
627 575 684 630 in
731 573 907 631 crucis
953 573 1206 630 cornibus
1250 582 1495 640 taurum,
1543 571 1632 644 qui
1671 573 1723 628 in
1753 567 1843 626 illo

255 669 492 741 agnoscit
521 667 814 722 maximam
843 665 1132 722 victimam.
1157 665 1214 721 In
1244 663 1336 721 illo
1361 665 1599 736 requiem
1622 679 1742 721 cum
1767 655 1846 720 in-

255 762 520 829 venimus,
547 775 678 816 vere
704 759 1097 815 sabbatizamus
1129 777 1142 813 :
1172 767 1225 814 et
1249 758 1390 812 luna:
1417 774 1566 812 novae
1590 758 1844 812 observa.

253 857 324 910 tio
345 897 360 922 ,
389 854 512 908 vitae
544 867 698 908 nova:
724 861 818 912 est
834 849 1200 907 sanctificatio.
1241 845 1305 906 Et
1333 849 1536 906 Pascha
1561 859 1802 906 nostrum
1825 851 1852 883 "

251 946 492 1000 Christus
533 955 650 1011 est;
717 953 774 1000 et
797 959 981 1016 azyma
1009 953 1248 998 nostrum
1279 942 1557 998 sinceritas
1585 939 1842 1009 veritatis,

251 1038 578 1094 fermentum
604 1052 716 1092 non
739 1036 945 1092 habens
966 1035 1245 1092 vetustatis
1271 1053 1282 1090 :
1307 1043 1362 1091 et
1381 1035 1426 1090 si
1447 1037 1550 1106 qua‘
1577 1029 1678 1089 alia
1700 1037 1843 1102 su'nt‘,

251 1131 302 1184 in
337 1129 534 1202 quibus
560 1144 710 1186 nunc
732 1129 1008 1184 immorari
1038 1143 1172 1198 Opus
1201 1143 1308 1183 non
1337 1137 1450 1196 est,
1479 1142 1598 1198 qua:
1621 1119 1722 1181 illis
1753 1141 1846 1182 ve-

255 1223 458 1277 teribus
483 1222 804 1278 adumbrata
832 1231 956 1277 sunt
983 1221 1148 1294 signis
1169 1265 1184 1290 ,
1213 1219 1266 1277 in
1297 1215 1388 1276 illo
1415 1221 1611 1276 habent
1641 1213 1802 1276 tinem
1828 1263 1843 1288 ,

253 1313 404 1384 cujus
429 1314 584 1385 regni
613 1329 722 1370 non
753 1314 857 1370 erit
883 1313 1023 1370 linis.
1051 1314 1108 1368 In
1137 1313 1230 1368 illo
1255 1303 1450 1386 quippe
1474 1311 1651 1368 omnia
1681 1315 1844 1383 optir—

257 1404 398 1460 tebat
423 1404 664 1476 impleri,
695 1405 784 1476 qui
809 1406 954 1460 venit
982 1403 1176 1477 Legem
1206 1413 1260 1460 et
1288 1397 1582 1476 Prophetas
1606 1419 1712 1460 non
1737 1397 1845 1459 soi-

251 1511 374 1553 τετε
399 1539 418 1564 ,
445 1499 544 1554 sed
571 1499 798 1570 implere
825 1498 1035 1574 (Matth.
1068 1515 1124 1566 v,
1150 1497 1261 1580 i7).
1675 1577 1678 1580 _

317 1587 551 1646 CAPUT
595 1589 696 1646 1n.
728 1620 801 1632 -
834 1591 888 1646 4.
939 1589 1164 1646 Christus
1203 1577 1388 1664 Legem
1439 1603 1540 1645 non
1597 1577 1846 1645 evacuavil

256 1681 514 1750 arguendo
533 1723 550 1748 ,
577 1681 670 1738 sed
697 1683 954 1754 implendo
997 1683 1226 1736 mutavit.
1275 1675 1493 1752 Mutatio
1519 1691 1735 1736 veterum
1764 1697 1845 1735 sa-

253 1783 622 1828 cramentorum
645 1775 890 1846 praedicta
928 1775 980 1828 in
1013 1769 1255 1829 Psalmis.
1290 1773 1519 1830 Proinde
1547 1773 1635 1828 illa
1664 1781 1852 1829 vetera-

253 1868 400 1937 signa
431 1882 618 1923 rerum
664 1884 769 1923 non
807 1868 1081 1924 evacuavit
1119 1867 1420 1942 arguendo,
1453 1863 1554 1923 sed
1577 1867 1846 1938 implendo

253 1959 474 2013 mutavit
505 1977 520 2013 :
549 1967 614 2014 ut
656 1961 758 2015 alia
799 1969 982 2016 essent
1007 1977 1126 2031 quae
1155 1961 1460 2016 nuntiarent
1502 1959 1712 2016 venisse
1734 1961 1856 2031 jam‘

249 2051 558 2122 Christum,
588 2071 748 2126 quam
771 2053 980 2110 fuerant
1006 2055 1094 2110 illa
1124 2071 1241 2125 quae
1269 2056 1697 2125 praenuntiabant
1725 2070 1846 2112 esse

249 2153 558 2202 venturum.
587 2146 726 2214 Quid
752 2146 852 2202 sibi
881 2155 1056 2203 autem
1093 2147 1232 2214 vult,
1265 2147 1406 2216 quod
1436 2147 1514 2202 sic
1537 2147 1850 2219 praenotant—

249 2247 330 2294 tur
354 2239 578 2310 quidam
609 2239 798 2310 psalmi
823 2282 838 2307 ,
878 2256 1014 2312 quos
1045 2250 1098 2296 et
1129 2241 1226 2311 ipsi
1263 2241 1446 2312 legunt
1474 2233 1528 2295 et
1555 2239 1754 2296 habent
1793 2241 1844 2296 in

249 2330 574 2388 Litterarum
603 2333 923 2388 auctoritate
953 2343 1278 2400 sanctarum,
1307 2343 1366 2388 ut
1391 2334 1442 2387 in
1467 2333 1651 2388 ceru'm
1683 2327 1845 2388 titulis

251 2426 506 2496 scriptum
530 2427 626 2494 sit,
657 2409 766 2480 Pro
791 2427 854 2481 iis
872 2443 986 2498 qua:
1008 2427 1408 2480 immutabuntur
1428 2428 1448 2457 ¹
1474 2443 1492 2490 ;
1523 2433 1696 2481 textus
1717 2442 1845 2482 vero

249 2519 560 2576 earumdem
591 2521 922 2590 psalmorum
955 2517 1208 2590 praedicat
1246 2513 1515 2574 Christum
1550 2538 1562 2574 :
1597 2515 1698 2574 nisi
1725 2519 1848 2589 quia

251 2625 434 2668 eorum
485 2611 716 2666 mutatio
765 2627 861 2682 per
906 2609 1057 2666 illum
1100 2607 1279 2665 futura
1315 2609 1567 2680 prmdicta
1598 2617 1711 2678 cst,
1753 2623 1848 2680 per

249 2717 414 2772 quem
443 2711 667 2774 apparet
693 2703 958 2773 impleta?
986 2710 1046 2758 ut
1073 2702 1298 2772 populus
1325 2701 1448 2767 Dei,
1481 2703 1570 2772 qni
1599 2718 1738 2757 nunc
1765 2711 1848 2758 est

253 2797 486 2866 populus
511 2795 838 2851 cbristianus
863 2837 880 2864 ,
907 2795 1016 2866 jam
1039 2810 1146 2850 non
1172 2802 1391 2866 cogatur
1416 2795 1700 2851 observare
1729 2811 1846 2866 qua:

247 2889 578 2958 propheticis
639 2888 970 2960 temporibus
1026 2887 1448 2943 observabantur
1499 2905 1513 2942 :
1566 2903 1674 2943 non
1724 2889 1846 2958 quia

249 2979 520 3046 damnata,
548 2979 644 3036 sed
674 2980 801 3052 quia
831 2988 1032 3036 mutata
1058 2989 1215 3046 sunt;
1246 2995 1353 3035 non
1373 2987 1432 3034 ut
1459 2994 1546 3034 res
1573 2979 1701 3050 ipsa)
1729 2993 1846 3050 qua:

245 3071 688 3140 signiﬁcabantur
709 3073 968 3146 perirent,
994 3073 1088 3129 sed
1110 3081 1167 3128 ut
1187 3089 1365 3129 rerum
1385 3073 1536 3144 signa
1565 3073 1674 3129 suis
1691 3085 1848 3146 ‘quae-

247 3175 348 3232 que
379 3163 718 3232 temporibus
742 3163 1116 3220 convenirent.

315 3253 548 3311 CAPUT
581 3255 669 3310 IV.
693 3283 764 3295 —
788 3256 841 3312 5.
886 3255 1115 3310 Christus
1145 3255 1198 3310 in
1229 3251 1436 3309 Psalmo
1464 3253 1846 3326 quadragesimo

245 3356 426 3416 quarto
449 3348 842 3417 prcenuntiatus.
873 3347 1113 3418 Denique
1134 3345 1186 3401 in
1211 3348 1416 3420 psalmo
1437 3347 1846 3418 quadragesimo

245 3451 442 3509 quarto
471 3437 635 3512 (nam
667 3439 784 3511 ipse
825 3439 1033 3512 primus
1074 3449 1157 3495 est
1201 3454 1384 3494 eorum
1424 3439 1514 3510 qui
1541 3435 1846 3510 huiusmodi

245 3530 460 3586 titulum
507 3529 836 3600 praeferunt,
884 3529 992 3585 Pro
1031 3531 1093 3584 iis
1129 3547 1242 3602 qua:
1279 3531 1680 3585 immutabunlur
1705 3547 1723 3584 :
1757 3529 1845 3586 ubi

243 3623 414 3678 etiam
443 3621 662 3693 legitur,
685 3622 951 3677 Canticum
973 3639 1065 3692 pro
1087 3623 1268 3677 dilecto
1289 3623 1308 3694 )
1333 3619 1664 3693 apertissime
1695 3619 1846 3678 Chri-

239 3723 362 3768 stus
391 3713 696 3770 ostenditur
727 3733 740 3767 :
775 3713 1051 3786 Speciostts
1079 3718 1244 3784 [arma
1275 3729 1382 3785 prce
1405 3713 1528 3784 [iliis
1560 3713 1842 3768 hominum.

245 3807 352 3874 Qui
377 3823 496 3860 cum
515 3807 568 3860 in
589 3806 756 3876 [arma
775 3804 875 3861 Dei
895 3813 1038 3872 esset,
1067 3822 1168 3860 non
1196 3803 1429 3874 rapinam
1456 3801 1727 3859 arbitratus
1749 3811 1842 3873 est,

241 3913 354 3952 esse
375 3897 590 3970 (aqualis
607 3897 734 3952 Deo.
759 3895 836 3952 ibi
857 3897 905 3953 ei
928 3895 1142 3962 dicitur,
1161 3893 1434 3966 Accingere
1456 3889 1682 3966 gladium
1704 3903 1846 3948 tuum

235 3990 408 4062 juxta
435 3990 601 4058 femur
629 4003 646 4042 :
674 3989 808 4060 quod
849 3989 906 4044 in
945 4004 1106 4046 carne
1135 3997 1276 4044 esset
1307 3987 1610 4042 hominibus
1636 3985 1842 4042 locutu-

241 4097 374 4136 rus.
407 4079 516 4136 Per
533 4067 764 4151 gladium
786 4081 984 4154 quippe
1009 4095 1210 4150 sermo,
1233 4095 1329 4151 per
1349 4077 1519 4135 femur
1539 4095 1664 4135 caro
1684 4079 1846 4150 signi-

241 4172 450 4227 ﬁcatur
481 4190 496 4226 :
529 4172 650 4242 quia
675 4174 994 4245 semetipsum
1021 4171 1296 4228 ea‘itranivit
1314 4213 1329 4238 ,
1364 4173 1580 4246 formam
1605 4173 1734 4228 servi
1760 4177 1846 4228 a'c-

241 4265 479 4334 cipiens;
520 4273 578 4320 ut
617 4265 710 4322 ille
749 4281 846 4336 per
874 4265 1207 4322 divinitatem
1238 4263 1492 4336 speciosus
1533 4265 1698 4338 [arma
1740 4283 1846 4337 pra:

243 4357 372 4426 ﬁliis
401 4356 666 4412 hominum
687 4400 702 4424 ,
743 4359 906 4414 etiam
945 4345 1076 4414 illud
1122 4353 1274 4414 ﬁeret
1315 4373 1411 4428 per
1441 4357 1799 4415 infirmitatem
1826 4402 1841 4427 ,

245 4447 392 4516 quod
420 4447 486 4502 de
511 4445 604 4503 illo
633 4449 772 4506 alius
797 4449 1077 4522 propheta,
1119 4447 1347 4504 Vidimus
1376 4463 1489 4504 eum
1510 4491 1524 4518 ,
1557 4449 1725 4505 etnon
1747 4452 1844 4506 Ita-

243 4539 388 4594 bebat
413 4542 634 4612 speciem
651 4585 668 4610 ,
692 4559 850 4614 neque
870 4543 1129 4610 decorem;
1155 4541 1243 4596 sed
1271 4541 1435 4596 vultus
1457 4539 1567 4610 eius
1588 4539 1832 4614 objectus,

247 4643 298 4688 et
325 4635 564 4704 deformis
593 4636 778 4704 positio
803 4637 910 4706 ejus
937 4633 1102 4706 (Isai.
1131 4651 1218 4690 Llll
1236 4677 1248 4700 ,
1276 4633 1367 4704 2).
1411 4629 1543 4689 Nam
1577 4633 1628 4689 in
1655 4633 1842 4690 eodem

245 4725 478 4794 psalmo,
516 4725 662 4796 quod
693 4742 798 4782 non
825 4735 1029 4782 tantum
1061 4721 1220 4779 homo
1245 4768 1260 4794 ,
1294 4723 1388 4781 sed
1418 4723 1579 4781 etiam
1607 4725 1748 4781 Deus
1775 4727 1844 4783 sit

242 4815 530 4886 Christus,
595 4819 933 4890 apertissime
975 4815 1312 4885 ostenditur,
1362 4831 1482 4872 cum
1527 4817 1772 4872 subditur
1819 4835 1832 4873 :

241 4907 482 4965 Thronus
505 4920 642 4978 tuus,
663 4909 818 4976 Deus,
843 4911 896 4965 in
917 4909 1157 4965 saxulum
1181 4905 1372 4977 swculi,
1391 4911 1529 4982 virga
1549 4909 1801 4980 azquitatis
1815 4910 1836 4942 ³

245 5003 392 5074 virga
417 5005 562 5075 regni
593 5004 686 5058 tui.
715 5003 960 5059 Dilcxisti
971 5003 1228 5074 justitiam
1251 5011 1297 5056 et
1318 5001 1466 5058 odisti
1489 4987 1798 5072 iniquitatem
1820 5021 1840 5070 ,-

241 5105 518 5167 prOpterea
539 5098 688 5152 unxit
713 5107 780 5166 te,
813 5097 982 5163 Deus,
1029 5093 1168 5151 Deus
1208 5105 1323 5151 tuus
1359 5095 1466 5150 oleo
1494 5095 1841 5152 exsultationis

241 5205 352 5258 pra:
381 5191 714 5262 participibus
742 5193 862 5246 tuis.
903 5192 986 5246 Ab
1015 5189 1264 5246 unctione
1302 5189 1513 5260 quippe,
1535 5205 1641 5260 quo
1670 5205 1841 5260 graece

239 5293 428 5350 χρίσμα
449 5281 646 5338 dicitur
665 5325 681 5350 ,
713 5283 954 5338 Christus
978 5292 1059 5338 est
1083 5279 1377 5354 appellatus
1403 5299 1415 5334 :
1449 5281 1564 5352 ipse
1590 5291 1672 5336 est
1701 5281 1840 5337 Deus

239 5385 440 5433 luctus
467 5389 502 5430 a
525 5373 675 5444 Deo,
698 5375 790 5446 qui
815 5383 869 5432 et
893 5375 1064 5446 ipsam
1091 5389 1211 5430 cum
1244 5371 1454 5429 caeteris
1491 5373 1840 5428 sacramentis

307 5585 324 5616 ι
351 5583 440 5636 Hic
459 5579 580 5634 editi
613 5582 800 5634 addunt
829 5581 1053 5645 verbum,
1074 5580 1360 5646 immolatus,
1397 5583 1530 5650 quod
1575 5596 1604 5635 a
1643 5593 1746 5634 Mss.
1787 5593 1840 5637 et

307 5647 374 5694 :da
407 5645 556 5694 mlao
575 5647 734 5694 abest.

425 5659 556 5694 (11120
575 5659 734 5694 aDBSl.

245 5652 374 5694 Beda
407 5652 486 5694 vni
525 5659 556 5694 ο
575 5652 734 5695 abest.

245 5774 262 5778 _
309 5711 340 5778 ’_
363 5661 662 5778 liditiﬁllcet
685 5705 826 5778 ἕρπε-θ,
961 5705 1350 5778 intercalabantur.
1385 5716 1442 5759 At
1465 5717 1568 5760 Mss.
1591 5721 1764 5759 omnes
1788 5717 1840 5760 et

239 5771 370 5817 Beda
395 5775 676 5832 constanter
696 5769 896 5828 habent,
919 5781 1030 5832 qua:
1049 5769 1444 5822 immutabuntur.

307 5833 330 5898 ἒ
363 5839 414 5898 tu
437 5831 628 5878 duobus
667 5837 779 5898 ptas.
800 5839 852 5880 et
873 5831 1088 5898 aderam
1123 5833 1346 5883 editionis
1370 5841 1515 5898 it.ov.,
1539 5833 1676 5898 virga
1704 5831 1838 5898 dire-

442 5905 466 5960 :_
484 5905 630 5954 quam
661 5890 931 5960 lectionem
946 5895 1166 5958 sequitur
1183 5890 1510 5960 Augustinus,
1529 5890 1838 5948 Enim-alioue

240 5951 798 6018 heutndeinpsalui-L

1955 575 2220 630 carnalem
2253 577 2304 631 in
2327 577 2918 647 spirithalem'muthvlt'
2933 583 3259 641 unctibﬂemt
3283 583 3362 642 ibi
3383 586 3434 642 ei
3459 586 3536 646 do

1955 661 2197 722 Ecclesia
2226 667 2420 725 dicitur
2445 685 2462 724 :
2487 667 2914 746 A‘s'titt't'reg'ina'a
2937 675 3256 731 maestus»
3271 679 3338 732 iur
3357 679 3538 734 uestitu

1954 761 2193 815 deaurato
2211 763 2628 828 ,‘circumamicttt
2655 767 2911 823 varietatis.
2939 765 3054 826 υιῑιε
3081 769 3536 841 signiﬁbaturlln-

1955 851 2176 922 guarum
2207 853 2431 909 varietas
2457 855 2507 909 in
2534 857 2782 914 omnibus
2801 857 3336 932 gentibus-aquantur
3357 871 3534 919 tamen

1955 945 2057 998 una
2088 955 2141 998 et
2169 941 2395 1014 sl'mplbx
2427 943 2559 1002 ﬁdes
2595 957 2680 1002 est“
2713 943 2894 1006 ih’tu's‘:
2927 949 3116 1006 omne
3133 953 3288 1008 enim'
3311 954 3538 1024 pulchri.

1955 1036 2076 1090 tud’o
2101 1035 2224 1104 filia:
2246 1037 2378 1106 regis
2405 1037 2719 1093 intrinsecus;
2763 1039 2930 1109 Quam
2974 1039 3216 1099 Paulinus
3247 1043 3540 1115 alloquitur

1953 1127 2136 1183 dicens
2162 1170 2176 1196 ,
2204 1125 2342 1182 Audi
2363 1169 2378 1194 ,
2401 1127 2512 1196 ﬁlia
2535 1170 2548 1195 ,
2583 1135 2640 1183 σι’
2661 1130 2772 1184 vitta
2809 1147 2827 1186 :
2865 1132 2987 1188 audi
3031 1133 3350 1204 promissum
3373 1175 3388 1200 ,
3417 1133 3538 1192 vide

1951 1213 2294 1289 completum.
2343 1215 2414 1274 Et
2457 1219 2748 1275 obliviscere
2785 1219 3042 1293 populum'
3063 1233 3208 1278 tuum
3245 1233 3294 1280 at
3329 1226 3538 1280 domum

1955 1311 2118 1383 patris
2142 1311 2234 1364 tui.
2269 1309 2359 1367 Sic
2389 1325 2534 1367 nova
2550 1311 2856 1383 implentur,
2888 1315 3178 1372 sitrvettera
3199 1324 3538 1372 emanan-

1953 1408 2057 1458 tur.
2094 1397 2345 1469 Quoniam
2389 1405 2678 1476 concupivit
2712 1417 2814 1461 rear
2841 1407 3066 1478 speciem
3091 1417 3249 1467 utam.
3289 1408 3536 1481 Speciem

1953 1509 2122 1567 quam"
2154 1485 2278 1552 iecit
2310 1497 2423 1569 ipse
2455 1513 2550 1569 per
2577 1513 2674 1567 se',
2703 1513 2810 1556 non
2837 1501 3038 1558 invenit
3065 1501 3117 1558 i'n
3157 1511 3227 1560 te.
3257 1503 3538 1573 Quomodo

1952 1587 2092 1641 enim
2141 1587 2392 1657 speciosa
2431 1603 2576 1644 esses
2623 1590 2746 1661 ejus
2786 1592 2953 1648 oculis
2981 1631 2994 1658 ,
3027 1593 3240 1664 quando
3279 1609 3400 1651 eras
3431 1595 3536 1652 tuis

1951 1681 2148 1738 fiedata
2195 1681 2425 1752 peccatis
2444 1683 2470 1736 ?
2513 1681 2598 1739 Ne
2635 1685 2811 1739 tamen
2865 1695 3022 1755 spem
3067 1689 3210 1742 tuam
3262 1687 3536 1744 arbitreris

1953 1769 2256 1844 ponendam
2284 1774 2336 1829 in
2365 1773 2603 1842 homine,
2636 1775 2878 1846 abnuitur
2903 1771 3122 1844 et'dieit,
3153 1777 3414 1844 Quoniam
3427 1779 3540 1849 ipse

1956 1877 2034 1923 est
2064 1867 2312 1923 Dominus
2331 1871 2348 1901 ²
2373 1912 2390 1940 ,
2420 1865 2558 1924 Deus
2587 1877 2720 1926 mur.
2748 1869 2826 1926 Ne
2855 1869 3080 1926 fortnam
3111 1873 3252 1928 servi
3275 1883 3498 1943 spernas
3519 1913 3536 1939 ,

1951 1975 2018 2015 ne
2051 1961 2282 2029 potentis
2309 1959 3010 2034 inﬁrmitatemexcclsique
3048 1949 3402 2020 humilitatem
3445 1963 3544 2020 de-

1951 2051 2151 2119 rid'ea's,
2181 2053 2290 2122 ipse
2318 2061 2396 2106 est
2417 2049 2554 2106 Deus
2577 2063 2710 2107 tuus.
2739 2051 2796 2108 In
2826 2067 2890 2110 eo
2915 2053 3054 2125 quod
3081 2067 3278 2126 parvus
3296 2061 3550 2126 apparet».

1956 2155 2182 2215 magnus
2209 2143 2373 2210 latet;
2417 2146 2480 2199 in
2510 2145 2695 2200 umbra
2735 2145 2922 2201 mortis
2951 2147 3040 2202 sol
3055 2146 3304 2218 justl‘ti‘m,
3329 2145 3384 2201 in
3411 2159 3546 2202 con-

1955 2235 2173 2292 tumelia
2203 2239 2377 2292 crucis
2406 2235 2672 2293 Dominus
2691 2237 2893 2310 glbrizc.
2933 2239 3185 2307 quamvis
3210 2253 3336 2296 eum
3357 2253 3550 2311 perse-

1953 2337 2165 2384 cutores
2203 2339 2397 2386 necent
2419 2373 2432 2397 ,
2476 2329 2722 2386 infideles
2749 2339 2982 2403 negent;
3027 2333 3138 2402 ipse
3171 2341 3246 2389 est
3291 2333 3550 2388 Dominus-

1952 2411 2093 2474 Deus
2121 2427 2236 2474 t‘uus
2261 2436 2280 2474 :
2307 2433 2406 2491 per
2434 2421 2586 2491 cujus
2607 2433 2804 2492 corpus
2831 2421 3176 2477 immutantur
3193 2465 3209 2492 ,
3243 2437 3362 2494 quae
3383 2431 3546 2479 antea

1952 2515 2050 2582 per
2076 2511 2298 2566 umbras
2322 2507 2702 2583 ﬁgurabantur.

2022 2603 2248 2660 CAPUT
2289 2605 2334 2659 ν
2359 2635 2430 2646 -—
2455 2603 2488 2660 6
2506 2645 2520 2658 .
2567 2603 2734 2660 Titulo
2795 2603 2998 2662 Psal'mi
3043 2607 3341 2678 sexagesimi
3380 2609 3544 2662 octavi

1951 2694 2038 2765 qui
2057 2695 2118 2748 de
2142 2693 2330 2749 Christi
2373 2697 2604 2765 passione
2625 2697 2844 2768 scriptus
2872 2707 2968 2766 est,
2993 2699 3139 2752 etiam
3169 2698 3378 2753 mutatio
3405 2714 3542 2770 pm-

1953 2777 2152 2839 dicitur.
2185 2779 2448 2842 Psal'mus'
2474 2799 2684 2859 quoque
2725 2779 3088 2860 sexagesimus
3119 2797 3341 2844 octavus
3381 2789 3544 2846 habet

1953 2871 2006 2931 in
2057 2875 2252 2932 titulo:
2287 2877 2393 2932 Pro
2428 2877 2492 2932 iis
2537 2893 2650 2949 qua:
2694 2880 3148 2934 cannuutabnntur.
3189 2881 3256 2934 Et
3299 2889 3544 2936 cantatur

1953 2965 2026 3024 ibi
2055 2967 2232 3038 passio
2263 2963 2474 3023 Domini
2511 2969 2677 3024 nostri
2707 2969 2840 3026 Iesu
2859 2970 3077 3036 Christi,
3119 2971 3542 3042 transﬁgurantis

1951 3057 2008 3113 in
2072 3071 2130 3112 se
2184 3059 2446 3130 quasdam
2477 3059 2638 3115 etiam
2681 3075 2842 3116 voces
2885 3061 3264 3129 membrorum,
3317 3061 3418 3117 hoc
3459 3069 3544 3117 est

1953 3149 2188 3204 ﬁdelium
2235 3161 2473 3204 suorum.
2503 3149 2618 3205 Non
2661 3151 2810 3206 enim
2837 3151 2952 3222 ipse
2973 3153 3082 3207 ulla
3113 3153 3310 3208 delicta
3331 3153 3536 3222 habuit,

1965 3241 2062 3298 sed
2126 3251 2307 3298 nostra
2367 3245 2600 3313 portavit
2629 3261 2648 3297 τ
2673 3244 2814 3300 unde
2867 3244 3029 3314 dicit,
3081 3245 3152 3300 Et
3193 3247 3373 3301 delicta
3425 3263 3540 3302 mea

1951 3353 1984 3390 a
2010 3345 2057 3391 te
2079 3353 2179 3391 non
2204 3345 2324 3392 sunt
2365 3339 2676 3393 abscondita.
2711 3333 3068 3410 lbiscriptum
3100 3349 3183 3396 est
3206 3350 3260 3396 et
3285 3355 3538 3413 praenun-

1953 3429 2160 3497 tiatum,
2202 3429 2344 3500 quod
2385 3431 2438 3486 in
2485 3429 2773 3502 Evangelio
2820 3431 3044 3503 legimus
3088 3433 3284 3489 factum
3313 3433 3528 3506 (Matth.

1951 3539 2118 3590 xxvn,
2145 3523 2234 3590 34,
2263 3523 2376 3596 4’8):
2407 3521 2674 3580 Deda-unt
2701 3519 2754 3580 in
2784 3539 2954 3580 escam
2985 3541 3148 3581 meum
3175 3529 3265 3598 fel,
3303 3529 3428 3582 etin
3457 3528 3541 3583 sitt

1951 3609 2066 3668 mea
2105 3621 2410 3685 paraverunt
2441 3633 2520 3670 me
2562 3626 2722 3670 aceto.
2771 3613 2874 3672 Per
2913 3615 3060 3673 hunc
3097 3631 3226 3690 ergo
3265 3619 3540 3674 immutata

1952 3717 2076 3765 sunt
2107 3713 2306 3776 vetera,
2340 3725 2459 3781 qum
2515 3707 2699 3768 titulus
2751 3709 2958 3768 Psalm‘r
2989 3712 3306 3782 praedixerat
3346 3712 3540 3767 immu-

1951 3802 2130 3857 tanda.
2159 3801 2312 3872 Quod
2335 3803 2507 3858 Judmi
2535 3805 2772 3875 legentes
2802 3815 2856 3860 et
2884 3817 2992 3859 non
3019 3805 3398 3875 i‘ntelligentes,
3438 3805 3542 3860 ali-

1950 3893 2076 3962 quid
2125 3907 2184 3947 se
2230 3893 2407 3949 dicere
2462 3895 2790 3961 existimant,
2835 3905 2960 3951 cum
2999 3897 3279 3967 requirunt
3308 3911 3338 3952 a
3383 3897 3540 3954 nobis

1951 3983 2218 4054 quomodo
2247 3983 2571 4057 accipiamus
2615 3987 2992 4045 auctoritatem
3018 3987 3174 4061 Legis
3220 3999 3274 4046 et
3302 3991 3540 4063 Prophe-

1952 4083 2148 4142 tarum,
2193 4091 2316 4132 cum
2361 4077 2694 4134 sacramenta
2741 4093 2847 4135 non
2902 4081 3251 4138 observemus
3297 4097 3416 4154 quae
3463 4083 3540 4139 iii

1949 4175 2216 4240 prmcepta
2246 4177 2387 4225 sunt.
2411 4167 2528 4226 Non
2568 4163 2933 4241 observamus,
2955 4175 3078 4246 quia
3123 4185 3326 4232 mutata
3365 4189 3490 4233 sunt
3522 4195 3536 4233 :

1949 4269 2152 4315 mutata
2178 4267 2302 4316 sunt
2331 4271 2531 4331 autem,
2559 4265 2682 4335 quia
2708 4263 2964 4321 mutanda
2995 4269 3348 4338 praenuntiata
3376 4276 3537 4338 sunt;

1950 4361 2001 4407 et
2025 4353 2075 4406 in
2104 4369 2224 4408 eum
2264 4353 2552 4422 credimus,
2589 4355 2750 4429 cujus
2780 4359 3107 4416 revelatione
3151 4367 3354 4416 mutata
3393 4371 3537 4417 sunt.

1948 4441 2064 4500 Non
2092 4461 2219 4517 ergo
2261 4447 2609 4504 observamus
2649 4461 2982 4508 sacramenta
3022 4465 3144 4524 quae
3172 4453 3244 4509 ibi
3273 4463 3540 4526 praecepta

1949 4539 2096 4606 sunt,
2145 4539 2266 4610 quia
2337 4539 2680 4614 intelligimus
2725 4555 2844 4614 qua:
2885 4543 2956 4600 ibi
2999 4545 3250 4614 pradicta
3301 4553 3448 4614 sunt,
3485 4557 3540 4602 et

1951 4635 2193 4684 tenemus
2220 4646 2337 4700 quae
2367 4631 2438 4686 ibi
2482 4634 2744 4702 promissa
2772 4631 2916 4690 sont.
2954 4635 3044 4690 Ιςιὶ
3072 4643 3251 4692 autem
3297 4637 3387 4709 qui
3419 4637 3534 4693 haec

1947 4719 2101 4775 nobis
2127 4717 2406 4790 objiciunt,
2437 4719 2610 4779 adhuc
2632 4723 2802 4779 amari
2831 4734 2953 4780 sum
2975 4739 3044 4782 ex
3073 4727 3382 4797 parentibus
3403 4729 3531 4794 suis,

1947 4813 2038 4884 qui
2068 4811 2330 4869 dederunt
2361 4813 2618 4878 inescam
2659 4815 2886 4873 Domino
2917 4817 3010 4886 fel,
3042 4825 3096 4873 et
3125 4817 3297 4874 adhuc
3325 4827 3536 4875 veteres

1947 4919 2013 4960 ex
2043 4905 2194 4962 aceto
2233 4905 2374 4978 quod
2402 4908 2450 4963 ei
2481 4907 2768 4978 potandum
2815 4909 3122 4966 obtulerunt
3151 4921 3241 4966 :et
3269 4911 3388 4966 ideo
3427 4925 3534 4965 non

1947 4995 2268 5068 intelligunt,
2301 4997 2422 5070 quia
2455 4998 2508 5055 in
2539 5001 2618 5056 eis
2661 5001 2911 5072 impletur
2939 5001 3082 5073 quod
3121 5001 3380 5072 sequitur,
3415 4999 3537 5055 Fiat

1947 5105 2120 5144 mensa
2145 5107 2316 5145 eorum
2350 5109 2520 5146 coram
2546 5093 2670 5164 ipsis
2690 5093 2743 5150 in
2783 5097 3139 5167 musciputam,
3167 5103 3210 5149 et
3247 5093 3536 5150 retributio-

1947 5198 2059 5236 nem
2089 5191 2135 5237 et
2174 5181 2491 5237 scandalum.
2527 5181 2630 5254 Ipsi
2653 5187 2794 5241 enim
2823 5186 2962 5241 iellei
2985 5197 3039 5242 et
3068 5185 3202 5241 acidi
3229 5183 3352 5240 facti
3386 5196 3528 5253 sunt,

1945 5273 2132 5332 felleas
2170 5285 2224 5330 et
2249 5273 2428 5332 acidas
2468 5293 2618 5333 escas
2653 5279 2778 5350 pani
2802 5279 2921 5334 vivo
2945 5277 3354 5333 ministrando‘.
3389 5279 3534 5346 Quo-

1946 5367 2108 5422 modo
2137 5365 2282 5422 enim
2322 5357 2719 5437 haec‘videant,
2757 5370 2823 5425 de
2863 5369 3056 5440 quibus
3105 5367 3174 5425 ibi
3221 5371 3532 5441 prmdictum

1945 5467 2047 5526 est,
2082 5453 2447 5514 Excwcentur'
2467 5461 2600 5516 oculi
2619 5477 2812 5530 eorum,
2836 5477 2898 5515 ne
2922 5459 3122 5515 videant
3138 5461 3164 5514 t
3191 5469 3244 5518 et
3268 5462 3534 5532 quomodo

2011 5649 2026 5681 ¹
2057 5658 2185 5716 yox,
2209 5649 2573 5716 Dominus,n0n
2599 5650 2646 5698 in
2667 5651 2891 5700 omnibus
2907 5651 3154 5704 codicibus
3176 5655 3438 5716 reperitur.
3457 5661 3538 5705 Est

1945 5711 2072 5774 apud
2093 5719 2234 5774 LXX;
2250 5713 2338 5762 sed
2355 5713 2416 5760 ab
2439 5714 2500 5761 iis
2519 5713 2678 5774 abest,
2703 5720 2848 5764 Deus.

2009 5777 2134 5844 [sic
2151 5773 2256 5844 Mss:
2283 5775 2401 5844 tsditi
2441 5785 2575 5844 vero,
2595 5773 2662 5844 [et
2683 5781 2738 5844 et
2752 5781 2941 5844 acetum
2977 5777 3092 5840 facti
3135 5785 3264 5838 sunt,
3302 5777 3466 5837 felleas
3489 5783 3536 5828 et

1945 5833 2112 5885 acidas
2137 5833 2251 5898 pani
2267 5833 2365 5898 tivo
2388 5831 2910 5896 cpulas'ministrando.

2016 5899 2036 5928 ³
2061 5895 2206 5964 aditi,
2222 5895 2544 5946 obscurentur
2567 5910 2584 5946 :
2605 5900 2688 5964 qui
2709 5905 2876 5964 tamen
2901 5899 3038 5960 infra,
3063 5913 3167 5964 cap.
3193 5899 3244 5962 6,
3267 5901 3318 5954 in
3337 5911 3504 5954 concot
3517 5923 3538 5937 -

1946 5958 2074 6008 diam
2095 5957 2367 6010 redeuntes
2387 5969 2498 6013 cum
2515 5957 2846 6026 Mssihabent,
2870 5957 3200 6016 Excwéem'ur.
