4082 6450
534 418 607 476 65
1770 406 1827 462 S.
1868 403 2233 463 AUGUSTINI
2271 402 2570 462 EPISCOPI
2684 472 2687 473 ν
3747 412 3818 471 56

536 530 652 590 sint
678 527 830 597 recti,
857 531 917 584 ut
936 536 1149 584 sursum
1172 537 1267 582 cor
1306 522 1557 590 habeant,
1586 519 1655 577 de
1687 519 1878 591 quibus
1926 518 2120 590 praedi-

546 632 697 679 ctum
735 628 837 689 est,
859 618 931 674 Et
968 618 1175 673 dorsum
1202 632 1377 672 eorum
1423 631 1621 686 semper
1646 614 1894 668 incurva?
1920 611 2028 668 Nec
2055 613 2122 669 de

541 712 790 770 omnibus
828 711 947 768 haec
989 710 1129 766 dicta
1169 717 1335 765 sunt:
1368 709 1475 763 imo
1501 722 1630 763 vero
1676 706 1744 761 de
1774 706 2019 762 omnibus
2056 705 2123 760 ad

538 819 676 877 quos
704 802 975 875 pertinent
1012 815 1134 872 quae
1162 798 1417 871 praedicta
1441 806 1585 854 sunt.
1619 796 1700 851 Ad
1728 811 1821 851 eos
1863 796 2005 852 enim
2032 796 2123 867 qui

531 897 621 951 vel
652 904 779 950 tunc
813 907 880 950 ex
904 894 1010 950 illis
1046 891 1393 949 crediderunt
1430 889 1486 945 in
1528 888 1826 954 Christum,
1857 889 1941 943 vel
1984 902 2125 943 nunc

535 1001 708 1058 usque
738 986 983 1051 credunt,
1026 985 1111 1040 vel
1153 983 1405 1053 deinceps
1443 996 1610 1052 usque
1654 981 1707 1035 in
1736 980 1894 1034 ﬁnem
1945 979 2123 1034 saeculi

535 1082 789 1137 credituri
815 1088 958 1146 sunt,
1004 1079 1104 1134 ista
1146 1093 1252 1133 non
1288 1077 1575 1148 pertinent,
1599 1074 1665 1129 ad
1702 1088 1893 1135 verum
1925 1071 2121 1127 lsrael‘

534 1174 759 1239 scilicet,
790 1174 877 1243 qui
918 1171 1116 1227 videbit
1142 1170 1424 1226 Dominum
1449 1168 1582 1223 facie
1623 1166 1688 1222 ad
1709 1167 1916 1221 faciem.
1947 1164 2126 1235 Neque

535 1267 670 1319 enim
690 1280 859 1318 omnes
874 1264 960 1335 qui
978 1279 1038 1317 ea:
1063 1261 1227 1317 Israel
1254 1269 1392 1327 sunt,
1416 1260 1467 1314 hi
1483 1258 1646 1313 Israel
1670 1268 1787 1313 sunt
1815 1273 1833 1311 :
1854 1272 2011 1325 neque
2037 1255 2125 1327 qui

539 1367 661 1412 sunt
683 1373 851 1411 semen
877 1356 1150 1421 Abraham,
1168 1371 1340 1409 omnes
1364 1353 1461 1422 filii
1485 1360 1636 1416 sunt;
1663 1352 1750 1406 sed
1769 1352 1822 1405 in
1851 1348 2125 1414 Isaac,in-

536 1451 668 1520 quit,
688 1449 944 1503 vocabitur
967 1448 1054 1502 tibi
1073 1464 1240 1503 semen
1266 1463 1285 1501 :
1311 1449 1406 1501 hoc
1426 1454 1518 1511 est,
1534 1461 1637 1499 non
1662 1446 1699 1498 ii
1712 1445 1801 1515 qui
1823 1444 1918 1513 ﬁlii
1934 1443 2120 1509 carnis,

534 1542 589 1595 hi
633 1541 729 1611 ﬁlii
757 1542 869 1607 Dei,
908 1542 996 1594 sed
1031 1540 1125 1608 ﬁlii
1161 1538 1509 1610 promissionis
1548 1537 1854 1607 deputantur
1876 1536 1929 1588 in
1956 1550 2125 1588 semen

539 1633 715 1704 (Rom.
738 1649 817 1698 ιι,
850 1631 988 1703 6-8).
1004 1632 1109 1688 Sed
1126 1632 1179 1685 hi
1197 1631 1463 1702 pertinent
1483 1629 1549 1683 ad
1566 1628 1894 1699 spiritualem
1914 1626 2041 1683 Sion
2070 1635 2125 1683 et

533 1725 778 1780 civitates
792 1726 814 1756 ¹
834 1724 1003 1790 Judm,
1025 1723 1076 1778 id
1093 1732 1195 1790 est,
1209 1722 1476 1777 Ecclesias
1500 1738 1512 1773 :
1537 1719 1604 1774 de
1627 1719 1817 1789 quibus
1838 1718 2124 1786 Apostolus

536 1817 687 1883 dicit,
721 1817 878 1871 Eram
909 1824 1074 1870 autem
1099 1816 1298 1886 ignotus
1326 1814 1455 1886 facie
1481 1811 1724 1866 Ecclesiis
1753 1809 1971 1876 Judazte,
2012 1824 2124 1879 qua:

542 1918 659 1962 sunt
688 1908 742 1961 in
764 1905 1172 1978 Christo(Galat.
1206 1902 1673 1977 1,22).Quoniam,
1700 1900 1835 1955 sicut
1865 1900 1915 1953 in
1934 1899 2122 1954 eodem

532 1999 743 2069 psalmo
778 2000 933 2069 paulo
960 2007 1078 2068 post
1123 1996 1355 2067 ponitur,
1392 1994 1526 2048 Deus
1552 1994 1744 2048 salvam
1786 1992 1934 2062 faciet
1971 1990 2119 2055 Sion,

540 2098 589 2143 et
622 2090 1009 2158 wdiﬁcabuntur
1041 2090 1265 2142 civitates
1288 2087 1460 2141 Judaa.
1494 2085 1561 2139 Et
1604 2084 1952 2138 inhabitabant
1989 2095 2119 2148 eam,

531 2190 580 2236 et
616 2182 909 2235 Iuereditate
947 2182 1205 2251 nequirent
1242 2196 1371 2234 eam.
1403 2177 1472 2231 Et
1517 2193 1683 2231 semen
1722 2191 1977 2229 servorum
2016 2175 2123 2245 ejus

531 2273 857 2343 possidebunt
902 2288 1032 2339 eam,
1066 2281 1113 2325 et
1141 2271 1225 2342 qui
1267 2270 1483 2341 diligunt
1510 2284 1691 2323 nomen
1714 2268 1844 2337 ejus,
1872 2265 2124 2319 inhabita-

533 2364 658 2419 bunt
685 2365 738 2418 in
772 2381 849 2419 ea.
877 2364 985 2422 Sed
1014 2379 1135 2420 cum
1180 2363 1297 2418 haec
1349 2361 1570 2417 audiunt
1608 2360 1800 2426 Judaei,
1840 2358 2124 2416 carnaliter

536 2456 828 2526 accipiunt,
848 2464 903 2511 et
932 2465 1197 2511 terrenam
1214 2453 1510 2510 Jerusalem
1537 2451 1793 2523 cogitant,
1818 2464 1936 2521 quae
1959 2449 2125 2506 servit

533 2563 655 2603 cum
704 2548 824 2603 ﬁliis
876 2550 986 2603 suis
1020 2566 1032 2601 :
1064 2563 1173 2603 non
1218 2556 1443 2602 matrem
1491 2554 1729 2602 nostram
1777 2552 2030 2599 aeternam
2066 2543 2122 2599 in

534 2640 687 2696 ccelis
715 2638 824 2709 (Id.
852 2654 924 2707 1v,
951 2639 1044 2707 25,
1062 2638 1180 2712 26).
1273 2645 1276 2648 ’

603 2730 831 2787 CAPUT
853 2731 943 2786 Vl.
970 2760 1043 2771 ——
1069 2733 1121 2786 7.
1145 2730 1351 2786 Titulus
1380 2745 1576 2800 quoque
1615 2727 1814 2784 Psalmi
1839 2714 2122 2800 septuage-

542 2822 660 2875 simi
690 2822 812 2875 noni
840 2823 1141 2892 praznuntiat
1182 2822 1526 2875 mutationem.
1554 2818 1854 2873 Mutationis
1878 2818 2125 2888 faciendae

536 2913 822 2967 testimonia
846 2922 1020 2966 contra
1039 2911 1249 2968 Judteos
1275 2913 1549 2983 apertiora.
1573 2910 1705 2966 Item
1751 2911 1990 2981 psalmus
2038 2925 2123 2966 se-

534 3005 905 3076 ptuagesimus
925 3019 1097 3060 nonus
1126 3002 1286 3059 simili
1329 3004 1480 3057 titulo
1528 3011 1853 3073 praenotatur
1881 3019 1894 3054 :
1928 3000 2036 3055 Pro
2060 3003 2123 3056 iis

534 3109 647 3164 qua:
673 3095 1085 3148 immutabuntur.
1114 3093 1172 3148 In
1196 3108 1301 3163 quo
1327 3093 1533 3163 psalmo
1572 3093 1711 3147 inter
1750 3100 1939 3146 caetera
1992 3093 2124 3147 scri-

534 3194 684 3256 ptum
713 3193 815 3251 est,
834 3185 1118 3256 Respicede
1130 3186 1335 3249 caelo,et
1350 3185 1479 3250 vide,
1498 3192 1543 3238 et
1558 3185 1702 3239 visita
1730 3184 1925 3238 vineam
1941 3185 2120 3240 istam:

535 3287 585 3331 et
626 3278 809 3348 perﬁce
842 3294 954 3331 eam
981 3293 1131 3345 quam
1175 3277 1418 3346 plantavit
1465 3276 1671 3331 dextera
1725 3284 1845 3342 tua;
1885 3284 1930 3329 et
1974 3292 2124 3346 super

538 3370 735 3425 Filium
801 3370 1018 3425 hominis
1045 3411 1061 3437 ,
1115 3386 1260 3442 quem
1323 3370 1632 3437 conﬁrmasti
1696 3367 1801 3421 tibi.
1859 3368 1976 3437 Ipsa
2044 3376 2125 3422 cst

533 3465 676 3519 enim
702 3464 855 3519 vinea
883 3463 950 3519 de
974 3478 1078 3534 qua
1105 3462 1335 3517 dicitur:
1375 3459 1588 3515 Vineam
1611 3477 1673 3515 ea:
1700 3459 1932 3531 Egypto
1953 3468 2123 3513 trans-

538 3556 713 3609 tulisti.
753 3555 867 3611 Non
890 3555 1032 3610 enim
1050 3553 1296 3609 Christus
1316 3554 1474 3608 aliam
1499 3553 1785 3622 plantavit;
1817 3552 1912 3608 sed
1930 3553 2119 3623 ipsam,

534 3646 820 3713 veniendo,
856 3647 906 3699 in
948 3646 1140 3700 melius
1165 3644 1531 3701 commutavit.
1570 3643 1658 3700 Sic
1678 3651 1732 3699 et
1758 3644 1809 3698 in
1838 3644 2123 3714 Evangelia

538 3738 729 3809 legitur
755 3758 767 3791 :
797 3738 966 3792 Malos
994 3739 1127 3791 male
1148 3739 1337 3809 perdet,
1354 3747 1399 3791 et
1428 3738 1620 3791 vineam
1644 3754 1789 3791 suam
1811 3736 1992 3791 locabit
2008 3736 2122 3790 aliis

536 3832 775 3902 agricolis
815 3830 1025 3901 (Matth.
1051 3846 1160 3897 xxi,
1189 3830 1304 3901 41).
1336 3829 1452 3885 Non
1478 3830 1619 3885 enim
1650 3829 1744 3896 ait,
1783 3828 2120 3895 Eradicabit,

535 3924 801 3993 aliamque
830 3924 1127 3994 plantabit;
1158 3923 1275 3988 sed,
1297 3922 1539 3978 eamdem
1582 3923 1753 3993 ipsam
1786 3921 1983 3977 locabit
2005 3921 2123 3977 aliis

537 4015 810 4084 agricolis.
867 4014 1063 4069 Eadem
1115 4028 1344 4084 namque
1389 4022 1472 4068 est
1516 4022 1823 4069 sanctorum
1871 4013 2125 4068 societate

538 4105 728 4159 civitas
754 4105 849 4159 Dei
877 4116 929 4158 et
956 4104 1295 4175 congregatio
1325 4104 1552 4159 ﬁliorum
1576 4104 1965 4176 promissionis,
1980 4118 2124 4158 mor-

539 4199 728 4252 talium
754 4196 1067 4252 decessione
1088 4212 1150 4251 ac
1167 4198 1509 4252 successione
1528 4195 1864 4267 complenda,
1886 4203 2042 4265 atque
2067 4195 2123 4249 in

546 4290 656 4344 ﬁne
682 4289 860 4343 saeculi
885 4288 1041 4341 simul
1071 4288 1123 4342 in
1140 4288 1387 4344 omnibus
1419 4288 1866 4343 immortalitatem
1888 4284 2120 4340 debitam

539 4390 821 4449 receptura
850 4396 863 4432 :
890 4395 1008 4450 quae
1042 4380 1149 4433 alio
1173 4378 1333 4433 modo
1358 4379 1409 4433 in
1433 4380 1538 4433 alio
1580 4378 1787 4447 psalmo
1816 4393 1911 4448 per
1930 4378 2123 4433 olivam

540 4472 870 4528 fructiferam
917 4472 1277 4541 signiﬁcatur,
1336 4480 1390 4525 et
1429 4470 1577 4537 dicit,
1635 4468 1746 4541 Ego
1785 4478 1949 4525 autem
1996 4473 2121 4524 sicut

535 4564 668 4617 oliva
714 4563 973 4633 fructifera
1013 4563 1068 4616 in
1096 4562 1244 4615 domo
1287 4560 1405 4628 Dei,
1446 4577 1640 4623 speravi
1685 4560 1739 4613 in
1784 4561 2125 4614 misericordia

536 4652 637 4708 Dei
684 4654 737 4706 in
760 4662 1022 4719 aeternum,
1060 4652 1125 4706 Et
1142 4654 1197 4706 in
1232 4652 1470 4707 steculum
1499 4652 1669 4707 swculi
1699 4651 1867 4724 (Psal.
1906 4668 1974 4718 LI,
2010 4652 2124 4723 10).

535 4743 720 4814 Neque
766 4744 887 4813 quia
922 4742 1073 4798 fracti
1121 4752 1247 4799 sunt
1294 4742 1538 4798 inﬁdeles
1567 4750 1620 4797 et
1645 4741 1880 4812 superbi,
1921 4756 1986 4796 ac
2031 4757 2126 4811 per

535 4836 641 4891 hoc
664 4835 974 4891 infructuosi
1003 4836 1157 4899 rami,
1182 4844 1236 4890 ut
1256 4836 1581 4891 insereretur
1600 4833 1833 4889 oleaster
1852 4832 2121 4898 Gentium,

536 4929 660 4985 ideo
689 4928 865 4999 perire
892 4928 1061 4998 potuit
1110 4927 1261 4983 radix
1284 4926 1715 4981 Patriarcharum
1739 4934 1793 4979 et
1831 4924 2124 4995 Propheta-

534 5036 675 5077 rum.
712 5019 843 5084 Quia
882 5019 971 5072 etsi
1004 5019 1172 5088 fuerit,
1216 5018 1385 5087 inquit
1410 5017 1595 5082 Isaias,
1630 5031 1865 5070 numerus
1900 5015 2127 5077 ﬁliorum

535 5112 569 5168 Ι
573 5112 845 5166 sraelsicut
857 5127 1011 5165 arena
1027 5110 1200 5174 maris,
1216 5110 1439 5179 reliquiw
1457 5108 1609 5162 salva:
1628 5108 1746 5176 ﬁent
1769 5105 1919 5177 (Isai.
1933 5122 1988 5170 x,
2002 5104 2121 5177 22):

538 5205 634 5259 sed
664 5219 759 5273 per
781 5219 903 5257 cum
933 5202 999 5257 de
1024 5217 1129 5272 quo
1158 5201 1371 5266 dicitur,
1402 5210 1447 5254 et
1476 5216 1626 5269 super
1662 5198 1855 5252 Filium
1885 5198 2119 5264 hominis,

536 5310 685 5365 quem
704 5294 1013 5362 conﬁrmasti
1039 5292 1162 5357 tibi;
1184 5300 1237 5345 et
1274 5291 1341 5345 de
1363 5304 1469 5360 quo
1498 5289 1775 5359 repetitur,
1803 5287 1921 5341 Fiat
1945 5305 2125 5342 manus

539 5398 625 5441 tua
651 5404 800 5457 super
818 5388 979 5440 virum
1006 5386 1223 5439 dextera:
1261 5392 1379 5446 tute,
1405 5393 1449 5436 et
1479 5398 1628 5453 super
1672 5380 1865 5435 Filium
1886 5382 2121 5448 hominis,

537 5498 684 5552 quem
712 5480 1020 5549 conﬁrmasti
1046 5480 1152 5532 tibi.
1178 5478 1245 5531 Et
1264 5494 1364 5531 non
1391 5477 1690 5530 discedimus
1719 5492 1749 5528 a
1767 5485 1831 5529 te.
1852 5476 1954 5531 Per
1984 5476 2127 5530 hunc

508 5580 521 5593 '
541 5574 710 5628 ﬁlium
728 5572 977 5638 hominis,
1002 5572 1053 5625 id
1073 5580 1153 5625 cst
1178 5569 1446 5625 Christum
1474 5569 1676 5635 Jesum,
1696 5568 1830 5623 etde
1854 5569 1964 5624 suis
1995 5570 2124 5625 reli-

606 5773 624 5803 ι
661 5771 797 5831 Editi,
824 5768 1079 5819 adversum
1120 5766 1285 5817 Israel.
1327 5766 1672 5831 Corrigendum
1711 5768 2019 5829 arbitramur,
2057 5770 2123 5819 ad

543 5846 711 5885 verum
736 5831 904 5881 Israel.

609 5898 629 5928 ³
661 5895 813 5957 Editi,
853 5898 899 5945 et
1240 5890 1409 5942 Melius
1450 5899 1585 5955 Mss.,
1629 5896 1673 5942 et
1715 5889 1947 5944 civitates.

2233 519 2375 591 quis,
2412 516 2514 575 h‘oc
2541 529 2623 574 εει
2664 517 2954 588 Apostolis,
2981 526 3036 573 et
3058 518 3175 575 aliis
3200 518 3403 589 multis,
3425 519 3515 592 qui
3542 534 3610 576 ex
3642 520 3818 578 Israe-

2230 611 2420 667 litisin
2461 610 2729 666 Christum
2757 610 2923 665 Deum
2948 612 2963 642 ¹
2990 611 3353 679 crediderunt,
3380 612 3667 668 accedente
3699 615 3814 683 ple-

2230 704 2473 763 nitudine
2518 705 2766 761 Gentium
2795 746 2809 769 ,
2864 706 3020 760 vinea
3069 694 3250 760 sancta
3295 705 3611 776 perﬁcitur:
3643 716 3698 762 et
3764 709 3816 764 in

2231 796 2527 852 remotione
2570 804 2833 861 veterum,
2881 804 3040 866 atque
3070 796 3400 852 institutione
3436 812 3693 853 novorum
3730 814 3818 853 sa-

2230 895 2625 945 cramentorum
2665 888 2850 943 titulus
2888 888 3003 958 ejus
3040 887 3252 958 psalmi,
3281 887 3389 944 Pro
3431 890 3510 944 his
3533 906 3647 961 qua:
3681 907 3819 945 com-

2230 982 2574 1048 mutabuntur,
2606 981 2872 1053 impletur.

2302 1072 2356 1128 8.
2397 1072 2768 1144 Apertioribus
2804 1072 2983 1144 itaque
3026 1073 3347 1129 testimoniis
3389 1088 3511 1130 cum
3538 1075 3617 1131 eis
3646 1091 3808 1148 agen-

2230 1165 2357 1222 dum
2379 1175 2479 1232 est,
2515 1182 2633 1237 quae
2684 1168 2796 1223 sive
2824 1168 3184 1232 consentiant,
3222 1167 3335 1223 sive
3359 1167 3697 1237 dissentiant,
3724 1178 3813 1226 ta-

2231 1271 2355 1312 men
2391 1257 2640 1312 sentiant.
2673 1256 2808 1311 Ecce
2852 1257 2959 1311 dies
3005 1258 3231 1324 veniunt,
3287 1258 3409 1311 dicit
3450 1258 3719 1327 Dominus,
3771 1272 3819 1316 et

2234 1349 2542 1418 conﬁrmabo
2583 1366 2734 1420 super
2785 1350 2991 1404 domum
3031 1348 3192 1403 Iacob
3240 1358 3590 1405 testamentum
3611 1369 3812 1418 novum,

2230 1458 2333 1495 non
2353 1441 2629 1495 secundum
2655 1450 3003 1495 testamentum
3043 1442 3178 1513 quod
3206 1443 3444 1498 constitui
3486 1445 3710 1514 patribus
3735 1462 3817 1501 eo-

2229 1550 2363 1599 rum,
2393 1533 2447 1586 in
2475 1532 2557 1586 die
2576 1549 2676 1604 qua
2700 1534 3011 1605 apprehendi
3042 1550 3249 1588 manum
3264 1551 3455 1603 eorum,
3476 1545 3532 1589 ut
3557 1536 3818 1592 educerem

2231 1644 2314 1682 eos
2334 1628 2397 1681 de
2426 1638 2557 1681 terra
2596 1626 2818 1698 Λῖςῃριὶ
2847 1626 3061 1697 (Jerem.
3088 1643 3242 1694 xxxi,
3276 1629 3366 1693 51,
3400 1628 3514 1699 52).
3544 1630 3645 1685 Ista
3672 1640 3817 1686 certe

2234 1720 2492 1791 praedicta
2515 1720 2762 1786 mutatio,
2795 1735 2902 1775 non
2931 1735 3027 1791 per
3056 1719 3390 1776 Psalmorum
3413 1722 3595 1777 titulos
3620 1723 3818 1779 intelli-

2229 1814 2474 1885 gentibus
2518 1815 2702 1885 paucis
2727 1813 3075 1885 signiﬁcatur,
3108 1815 3203 1870 sed
3232 1816 3514 1872 manifesto
3546 1819 3816 1888 praeconio

2230 1905 2556 1985 prophetica:
2597 1907 2744 1962 vocis
2786 1908 3120 1978 exprimitur.
3145 1908 3343 1979 Aperte
3364 1912 3688 1981 promissum
3733 1921 3818 1968 est

2232 2006 2605 2054 testamentum
2657 2015 2878 2066 novum,
2931 2015 3038 2055 non
3090 2002 3385 2057 secundum
3434 2012 3815 2060 testamentum

2230 2090 2373 2162 quod
2414 2091 2611 2147 factum
2643 2101 2725 2147 est
2748 2091 2815 2147 ad
2845 2092 3117 2163 populum,
3150 2093 3363 2164 quando
3391 2094 3614 2151 eductus
3641 2105 3723 2151 est
3748 2096 3816 2152 de

2229 2182 2482 2254 Egypto.
2510 2182 2641 2239 Cum
2670 2199 2796 2255 ergo
2822 2184 2873 2239 in
2901 2185 2991 2240 illo
3017 2186 3179 2240 veteri
3206 2194 3525 2245 testamento
3553 2198 3816 2259 praecepta

2231 2275 2340 2332 sint
2376 2276 2497 2344 ista,
2544 2292 2663 2348 quae
2712 2292 2808 2333 nos
2847 2277 2914 2333 ad
2941 2293 3134 2333 novum
3159 2280 3489 2350 pertinentes
3531 2281 3817 2339 observare

2229 2382 2338 2424 non
2363 2368 2622 2439 cogimur,
2673 2384 2769 2424 cur
2797 2384 2905 2425 non
2929 2369 3097 2426 Judaei
3147 2387 3207 2427 se
3248 2373 3424 2442 potius
3452 2373 3509 2428 in
3551 2383 3815 2431 vetustate

2229 2474 2624 2531 supervacanea
2637 2462 2959 2517 remansisse
2979 2472 3485 2534 cognoscunt,quam
3502 2465 3655 2521 nobis
3672 2480 3813 2522 nova

2230 2552 2491 2623 promissa
2516 2552 2850 2618 tenentibus;
2885 2551 3027 2624 quod
3071 2562 3252 2610 vetera
3295 2570 3400 2610 non
3447 2555 3812 2626 observemus,

2230 2643 2527 2714 objiciunt?
2556 2645 2820 2713 Quoniam
2865 2662 3013 2717 ergo,
3044 2648 3181 2703 sicut
3210 2649 3467 2719 scriptum
3494 2658 3578 2706 est
3604 2650 3657 2705 in
3677 2650 3816 2706 Can-

2229 2736 2338 2791 tico
2363 2737 2714 2806 canticorum,
2755 2738 3011 2809 Aspiravit
3055 2740 3182 2807 dies,
3225 2750 3578 2796 removeantur
3627 2743 3817 2798 umbra:

2233 2829 2407 2902 (Cant.
2438 2845 2492 2896 ιι,
2549 2830 2678 2900 17);
2730 2830 3020 2900 spiritualis
3064 2830 3381 2901 signiﬁcatio
3408 2832 3518 2902 jam
3562 2833 3814 2899 lucescat,

2230 2923 2463 2977 carnalis
2490 2922 2779 2978 celebratio
2813 2923 2923 2993 jam
2949 2924 3212 2992 quiescat.
3237 2923 3381 2979 Deus
3405 2925 3613 2980 deorum
3638 2927 3819 2982 Domi-

2232 3031 2327 3069 nus
2362 3015 2560 3070 locutus
2584 3024 2678 3079 est,
2708 3024 2754 3067 et
2783 3014 2973 3068 vocavit
3013 3023 3199 3068 terram
3229 3032 3261 3069 a
3284 3016 3407 3070 solis
3435 3025 3547 3069 ortu
3572 3033 3725 3087 usque
3749 3018 3819 3071 ad

2234 3122 2468 3161 occasum
2497 3123 2515 3160 :
2540 3106 2723 3176 utique
2750 3120 2962 3160 omnem
3004 3113 3202 3161 terram
3227 3106 3295 3160 ad
3323 3114 3695 3162 testamentum
3722 3123 3819 3163 no-

2232 3215 2378 3265 vum,
2432 3199 2517 3255 cui
2579 3197 2775 3252 dicitur
2814 3197 2867 3252 in
2916 3197 3018 3251 alio
3060 3198 3288 3267 psalmo,
3335 3196 3547 3252 Cantate
3594 3197 3813 3253 Domino

2231 3293 2483 3347 canticum
2528 3306 2747 3357 novum;
2794 3299 2993 3345 cantate
3032 3288 3253 3344 Domino
3304 3291 3465 3346 omnis
3506 3302 3659 3345 terra.
3702 3292 3818 3348 Non

2231 3398 2360 3455 ergo
2387 3384 2527 3438 sicut
2552 3390 2707 3437 antea
2733 3397 2801 3438 ex
2832 3390 3014 3437 monte
3039 3381 3166 3437 Sina
3196 3382 3403 3438 locutus
3428 3391 3511 3438 est
3528 3383 3619 3437 uni
3647 3399 3817 3454 popu-

2233 3476 2303 3542 lo,
2333 3490 2491 3545 quem
2518 3473 2729 3530 vocavit
2771 3488 2837 3529 ex
2880 3472 3115 3547 Egypto
3146 3473 3286 3528 Deus
3313 3472 3570 3539 deorum;
3618 3473 3712 3528 sed
3740 3473 3818 3529 sic

2231 3569 2439 3624 locutus
2469 3576 2568 3634 est,
2617 3576 2675 3622 ut
2700 3574 2916 3621 vocaret
2960 3574 3160 3621 terram
3198 3579 3227 3618 a
3252 3564 3379 3620 solis
3408 3573 3528 3620 ortu
3557 3578 3723 3635 usque
3748 3564 3814 3620 ad

2232 3674 2498 3717 occasum.
2525 3658 2697 3725 Quam
2726 3659 2771 3713 si
2811 3657 3026 3713 Judaeus
3078 3657 3239 3712 vellet
3269 3656 3564 3727 intelligere
3594 3655 3815 3710 locutio-

2232 3766 2378 3814 nem,
2408 3749 2616 3804 audiret
2636 3749 2773 3803 hanc
2800 3748 3157 3814 vocationem,
3188 3756 3244 3803 et
3271 3748 3324 3801 in
3352 3748 3430 3803 eis
3452 3755 3593 3802 esset
3622 3746 3816 3816 quibus

2232 3843 2288 3899 in
2313 3841 2500 3898 eodem
2521 3841 2728 3912 psalmo
2747 3840 2962 3907 dicitur,
2978 3840 3132 3906 Audi,
3161 3839 3375 3910 p0pulus
3396 3855 3551 3905 meus,
3575 3848 3622 3891 et
3644 3838 3819 3908 loquar

2234 3935 2357 4001 tibi,
2387 3933 2576 3999 Israel,
2620 3942 2663 3987 et
2706 3933 3005 4003 testiﬁcabor
3036 3932 3122 3985 tibi
3150 3948 3168 3985 :
3202 3930 3361 3995 Deus,
3406 3930 3541 3985 Deus
3587 3939 3701 3984 tuus
3727 3947 3817 4001 ego

2232 4044 2366 4083 sum.
2400 4026 2523 4080 Non
2550 4041 2702 4095 super
2739 4025 2992 4093 sacriﬁcia
3039 4034 3127 4077 tua
3155 4039 3368 4094 arguam
3414 4032 3497 4088 te;
3527 4023 3817 4076 holocausta

2232 4128 2400 4173 autem
2429 4129 2515 4171 tua
2540 4119 2595 4171 in
2618 4126 2885 4187 conspectu
2913 4132 3021 4171 meo
3060 4131 3274 4183 semper.
3308 4113 3428 4167 Non
3468 4115 3714 4184 accipiam
3756 4116 3819 4169 de

2233 4215 2383 4268 domo
2410 4222 2495 4265 tua
2529 4210 2734 4275 vitulos,
2781 4224 2938 4278 neque
2983 4207 3047 4259 de
3064 4206 3295 4277 gregibus
3322 4206 3420 4258 tuis
3455 4205 3620 4258 hircos
3648 4222 3667 4257 :
3694 4223 3820 4274 quo-

2233 4305 2370 4358 niam
2389 4317 2513 4356 mea:
2535 4309 2652 4355 sunt
2677 4314 2847 4353 omnes
2867 4297 3036 4352 bestiae
3061 4295 3223 4358 silvaz,
3277 4310 3458 4365 pecora
3484 4294 3537 4347 in
3558 4295 3812 4349 montibus

2206 4466 2207 4469 η
2233 4404 2279 4451 et
2300 4396 2481 4456 boves;
2509 4389 2720 4461 cognovi
2750 4388 2919 4443 omnia
2947 4386 3173 4440 volatilia
3200 4386 3311 4440 ειειί
3330 4426 3344 4452 ,
3391 4395 3438 4440 et
3474 4387 3663 4457 species
3707 4389 3818 4459 agri

2233 4502 2427 4542 mecum
2454 4492 2544 4539 est.
2582 4482 2644 4538 Si
2686 4481 2927 4545 esuriero,
2946 4495 3047 4533 non
3072 4478 3239 4533 dicam
3266 4478 3392 4532 tibi:
3419 4494 3557 4532 meus
3583 4489 3656 4534 est
3684 4481 3817 4534 enim

2234 4581 2367 4635 orbis
2418 4586 2563 4632 terra:
2604 4585 2650 4630 et
2710 4573 2971 4645 plenitudo
3018 4575 3147 4644 ejus.
3193 4570 3457 4642 Numquid
3500 4572 3815 4627 manducabo
3898 4612 3905 4615 ν

2233 4688 2410 4727 carnes
2431 4680 2708 4734 taurorum,
2740 4675 2826 4721 aut
2858 4667 3153 4738 sanguinem
3176 4666 3432 4720 hircorum
3464 4666 3682 4737 potabo?
3708 4664 3816 4719 Im—

2233 4764 2371 4817 mola
2389 4761 2494 4815 Deo
2513 4759 2817 4829 sacrificium
2842 4757 3029 4823 laudis,
3068 4767 3115 4811 et
3159 4758 3314 4812 redde
3349 4758 3606 4812 Altissimo
3635 4775 3806 4829 preces

2235 4854 2404 4907 tuas'.
2434 4850 2501 4904 Et
2545 4851 2723 4904 invoca
2750 4865 2829 4903 me
2855 4849 2910 4903 in
2937 4848 3018 4903 die
3054 4848 3412 4915 tribulationis,
3445 4858 3492 4903 et
3528 4865 3703 4903 eruam
3748 4859 3813 4916 te,

2234 4954 2279 4999 et
2307 4943 2611 5016 gloriﬁcabis
2639 4959 2734 4998 me.
2764 4940 2922 4997 Certe
2958 4950 3011 4997 et
3034 4941 3122 4997 hic
3146 4942 3538 4998 sacriﬁciorum
3572 4953 3814 4999 veterum

2234 5045 2415 5107 aperta
2437 5036 2660 5089 mutatio
2683 5041 2783 5089 est.
2814 5032 2907 5089 Illa
2930 5033 3073 5090 cnim
3096 5034 3236 5090 Deus
3264 5044 3605 5106 accepturum
3637 5050 3694 5090 se
3709 5051 3816 5091 non

2234 5128 2349 5183 fore
2377 5126 2640 5197 praedixit,
2673 5126 2968 5182 cultoribus
2994 5127 3105 5182 suis
3136 5128 3458 5183 sacriﬁcium
3479 5129 3651 5184 laudis
3677 5128 3819 5184 indi-

2234 5222 2312 5276 xit
2340 5239 2352 5275 :
2377 5230 2432 5277 et
2457 5222 2557 5277 hoc
2582 5236 2688 5275 non
2719 5220 2861 5291 quod
2882 5236 2911 5274 a
2934 5221 3089 5275 nobis
3119 5232 3367 5292 tanquam
3393 5222 3635 5293 indigens
3655 5238 3819 5291 expe-

2234 5312 2562 5377 tatlaudem,
2606 5312 2700 5366 sed
2730 5320 2788 5366 ut
2814 5312 2865 5365 in
2894 5328 2956 5367 ea
2984 5311 3138 5367 nobis
3179 5314 3420 5368 consulat
3455 5314 3523 5368 ad
3570 5314 3817 5368 salutem.

2232 5404 2364 5461 Nam
2411 5404 2657 5460 eumdem
2709 5405 2974 5475 psalmum
3025 5405 3097 5460 ita
3149 5406 3409 5460 conclusit
3445 5421 3461 5461 z
3492 5404 3820 5475 Sacriﬁcium

2299 5517 2313 5547 ι
2350 5516 2495 5573 Editi,
2522 5514 2575 5565 in
2597 5512 2839 5565 Christum
2871 5513 3141 5564 Dominum.
3191 5522 3337 5564 vetus
3357 5514 3511 5563 codex
3531 5515 3820 5565 cistercien-

2232 5580 2329 5639 sis,
2360 5579 2411 5630 in
2445 5576 2682 5627 Christum
2953 5576 3039 5625 Alii
3080 5574 3300 5638 plerique
3340 5583 3464 5635 Mss,
3498 5575 3549 5625 in
3570 5576 3813 5628 Christum

2235 5650 2600 5752 De'wgabebant
2623 5700 2758 5760 editi,
2783 5706 2889 5749 vota
2910 5706 3010 5750 tua.
3051 5700 3143 5750 sed
3184 5706 3386 5751 veteres
3420 5701 3616 5751 codices
3646 5715 3819 5751 omnes

2232 5766 2433 5828 habent,
2458 5776 2623 5828 preces
2662 5768 2782 5828 tuas
2794 5775 2823 5828 ί
2861 5768 2914 5811 et
2955 5763 3026 5811 sic
3070 5764 3362 5828 Augustinus
3392 5764 3525 5825 ipse,
3563 5769 3745 5828 Enarr._
3765 5765 3817 5811 in

2233 5824 2468 5941 ἓιᾶηᾶθώ
2500 5824 2735 5888 psaltriam
2758 5824 2836 5874 49.
2877 5830 3042 5905 Graece
3081 5831 3159 5875 est
3193 5825 3320 5888 apud
3342 5824 3484 5885 LXX,
3521 5830 3596 5877 tas
3635 5824 3816 5897 euchas

3653 6001 3741 6043 .72”

3678 6044 3689 6056 4
