  <div class='ocr_page' id='page_1' title='image "/cluster/home/n/w/nwhite01/storage/ocr_20150623/42/hvd.32044015471493/034.png"; bbox 0 0 4082 6466; ppageno 0'>
   <div class='ocr_carea' id='block_1_1' title="bbox 237 427 1838 503">
    <p class='ocr_par' dir='ltr' id='par_1_1' title="bbox 237 428 1838 497">
     <span class='ocr_line' id='line_1_1' title="bbox 237 428 1838 497; baseline -0.007 0"><span class='ocrx_word' id='word_1_1' title='bbox 237 437 311 497; x_wconf 73' lang='grc'><strong>87</strong></span> <span class='ocrx_word' id='word_1_2' title='bbox 1273 429 1682 488; x_wconf 82' lang='lat' dir='ltr'><strong>TRACTATUS</strong></span> <span class='ocrx_word' id='word_1_3' title='bbox 1716 428 1838 486; x_wconf 68' lang='grc' dir='ltr'><strong>ΑΒ)</strong></span> 
     </span>
    </p>
   </div>
   <div class='ocr_carea' id='block_1_2' title="bbox 1941 427 3516 503">
    <p class='ocr_par' dir='ltr' id='par_1_2' title="bbox 1941 427 3516 503">
     <span class='ocr_line' id='line_1_2' title="bbox 1941 427 3516 503; baseline 0.011 -18"><span class='ocrx_word' id='word_1_4' title='bbox 1941 427 2078 489; x_wconf 69' lang='lat' dir='ltr'><strong>LSUS</strong></span> <span class='ocrx_word' id='word_1_5' title='bbox 2113 431 2416 494; x_wconf 66' lang='lat' dir='ltr'><strong>JUDEOS.</strong></span> <span class='ocrx_word' id='word_1_6' title='bbox 3442 446 3516 503; x_wconf 71' lang='lat'><strong>58</strong></span> 
     </span>
    </p>
   </div>
   <div class='ocr_carea' id='block_1_3' title="bbox 236 543 1822 623">
    <p class='ocr_par' dir='ltr' id='par_1_3' title="bbox 236 543 1822 623">
     <span class='ocr_line' id='line_1_3' title="bbox 236 543 1822 623; baseline -0.006 -16"><span class='ocrx_word' id='word_1_7' title='bbox 236 549 408 607; x_wconf 69' lang='lat' dir='ltr'><strong>laudis</strong></span> <span class='ocrx_word' id='word_1_8' title='bbox 427 547 734 623; x_wconf 77' lang='lat' dir='ltr'><strong>gloriﬁcabit</strong></span> <span class='ocrx_word' id='word_1_9' title='bbox 760 562 880 614; x_wconf 90' lang='lat' dir='ltr'><strong>me;</strong></span> <span class='ocrx_word' id='word_1_10' title='bbox 904 553 951 602; x_wconf 90' lang='lat' dir='ltr'><strong>et</strong></span> <span class='ocrx_word' id='word_1_11' title='bbox 981 545 1048 602; x_wconf 89' lang='lat' dir='ltr'><strong>ibi</strong></span> <span class='ocrx_word' id='word_1_12' title='bbox 1073 545 1154 601; x_wconf 90' lang='lat' dir='ltr'><strong>via</strong></span> <span class='ocrx_word' id='word_1_13' title='bbox 1195 551 1288 612; x_wconf 86' lang='lat' dir='ltr'><strong>est,</strong></span> <span class='ocrx_word' id='word_1_14' title='bbox 1335 545 1421 600; x_wconf 90' lang='lat' dir='ltr'><strong>ubi</strong></span> <span class='ocrx_word' id='word_1_15' title='bbox 1461 543 1720 600; x_wconf 80' lang='lat' dir='ltr'><strong>ostendam</strong></span> <span class='ocrx_word' id='word_1_16' title='bbox 1745 544 1822 598; x_wconf 86' lang='lat' dir='ltr'><strong>illi</strong></span> 
     </span>
    </p>
   </div>
   <div class='ocr_carea' id='block_1_4' title="bbox 235 635 1821 712">
    <p class='ocr_par' dir='ltr' id='par_1_4' title="bbox 235 635 1821 712">
     <span class='ocr_line' id='line_1_4' title="bbox 235 635 1821 712; baseline -0.006 -14"><span class='ocrx_word' id='word_1_17' title='bbox 235 643 465 698; x_wconf 83' lang='lat' dir='ltr'><strong>salutare</strong></span> <span class='ocrx_word' id='word_1_18' title='bbox 487 640 590 695; x_wconf 84' lang='lat' dir='ltr'><strong>Dei</strong></span> <span class='ocrx_word' id='word_1_19' title='bbox 614 639 788 711; x_wconf 88' lang='lat' dir='ltr'><strong>(Psal.</strong></span> <span class='ocrx_word' id='word_1_20' title='bbox 818 637 996 712; x_wconf 69' lang='grc' dir='ltr'><strong>χιιι).</strong></span> <span class='ocrx_word' id='word_1_21' title='bbox 1024 637 1161 706; x_wconf 88' lang='lat' dir='ltr'><strong>Quid</strong></span> <span class='ocrx_word' id='word_1_22' title='bbox 1186 653 1318 694; x_wconf 86' lang='lat' dir='ltr'><strong>vero</strong></span> <span class='ocrx_word' id='word_1_23' title='bbox 1336 646 1420 693; x_wconf 87' lang='lat' dir='ltr'><strong>est</strong></span> <span class='ocrx_word' id='word_1_24' title='bbox 1446 637 1679 692; x_wconf 89' lang='lat' dir='ltr'><strong>salutare</strong></span> <span class='ocrx_word' id='word_1_25' title='bbox 1702 635 1821 702; x_wconf 87' lang='lat' dir='ltr'><strong>Dei,</strong></span> 
     </span>
    </p>
   </div>
   <div class='ocr_carea' id='block_1_5' title="bbox 236 729 1827 799">
    <p class='ocr_par' dir='ltr' id='par_1_5' title="bbox 236 729 1827 799">
     <span class='ocr_line' id='line_1_5' title="bbox 236 729 1827 799; baseline -0.004 -9"><span class='ocrx_word' id='word_1_26' title='bbox 236 735 342 790; x_wconf 86' lang='lat' dir='ltr'><strong>nisi</strong></span> <span class='ocrx_word' id='word_1_27' title='bbox 374 734 543 790; x_wconf 83' lang='lat' dir='ltr'><strong>Filius</strong></span> <span class='ocrx_word' id='word_1_28' title='bbox 569 733 685 799; x_wconf 86' lang='lat' dir='ltr'><strong>Dei,</strong></span> <span class='ocrx_word' id='word_1_29' title='bbox 718 731 964 789; x_wconf 78' lang='lat' dir='ltr'><strong>Salvator</strong></span> <span class='ocrx_word' id='word_1_30' title='bbox 1001 731 1183 787; x_wconf 91' lang='lat' dir='ltr'><strong>mundi</strong></span> <span class='ocrx_word' id='word_1_31' title='bbox 1211 747 1226 798; x_wconf 93' lang='lat'><strong>;</strong></span> <span class='ocrx_word' id='word_1_32' title='bbox 1274 731 1388 787; x_wconf 89' lang='lat' dir='ltr'><strong>dies</strong></span> <span class='ocrx_word' id='word_1_33' title='bbox 1437 730 1601 785; x_wconf 90' lang='lat' dir='ltr'><strong>Filius</strong></span> <span class='ocrx_word' id='word_1_34' title='bbox 1647 745 1713 784; x_wconf 81' lang='lat' dir='ltr'><strong>ex</strong></span> <span class='ocrx_word' id='word_1_35' title='bbox 1737 729 1827 784; x_wconf 91' lang='lat' dir='ltr'><strong>dic</strong></span> 
     </span>
    </p>
   </div>
   <div class='ocr_carea' id='block_1_6' title="bbox 238 823 1826 894">
    <p class='ocr_par' dir='ltr' id='par_1_6' title="bbox 238 823 1826 894">
     <span class='ocr_line' id='line_1_6' title="bbox 238 823 1826 894; baseline -0.003 -11"><span class='ocrx_word' id='word_1_36' title='bbox 238 827 421 894; x_wconf 83' lang='lat' dir='ltr'><strong>Patre,</strong></span> <span class='ocrx_word' id='word_1_37' title='bbox 455 827 559 882; x_wconf 86' lang='lat' dir='ltr'><strong>hoc</strong></span> <span class='ocrx_word' id='word_1_38' title='bbox 581 836 665 882; x_wconf 90' lang='lat' dir='ltr'><strong>est</strong></span> <span class='ocrx_word' id='word_1_39' title='bbox 688 827 870 882; x_wconf 88' lang='lat' dir='ltr'><strong>lumen</strong></span> <span class='ocrx_word' id='word_1_40' title='bbox 899 841 965 881; x_wconf 85' lang='lat' dir='ltr'><strong>ex</strong></span> <span class='ocrx_word' id='word_1_41' title='bbox 997 825 1216 890; x_wconf 85' lang='lat' dir='ltr'><strong>lumine,</strong></span> <span class='ocrx_word' id='word_1_42' title='bbox 1272 824 1423 894; x_wconf 87' lang='lat' dir='ltr'><strong>cujus</strong></span> <span class='ocrx_word' id='word_1_43' title='bbox 1452 823 1709 878; x_wconf 89' lang='lat' dir='ltr'><strong>adventus</strong></span> <span class='ocrx_word' id='word_1_44' title='bbox 1736 839 1826 878; x_wconf 84' lang='lat' dir='ltr'><strong>re—</strong></span> 
     </span>
    </p>
   </div>
   <div class='ocr_carea' id='block_1_7' title="bbox 236 912 1821 982">
    <p class='ocr_par' dir='ltr' id='par_1_7' title="bbox 236 912 1821 982">
     <span class='ocr_line' id='line_1_7' title="bbox 236 912 1821 982; baseline -0.001 -10"><span class='ocrx_word' id='word_1_45' title='bbox 236 919 439 974; x_wconf 81' lang='lat' dir='ltr'><strong>velavit</strong></span> <span class='ocrx_word' id='word_1_46' title='bbox 461 928 846 974; x_wconf 87' lang='lat' dir='ltr'><strong>testamentum</strong></span> <span class='ocrx_word' id='word_1_47' title='bbox 869 918 1102 973; x_wconf 88' lang='lat' dir='ltr'><strong>novum?</strong></span> <span class='ocrx_word' id='word_1_48' title='bbox 1131 912 1282 973; x_wconf 88' lang='lat' dir='ltr'><strong>Unde</strong></span> <span class='ocrx_word' id='word_1_49' title='bbox 1306 917 1466 972; x_wconf 90' lang='lat' dir='ltr'><strong>etiam</strong></span> <span class='ocrx_word' id='word_1_50' title='bbox 1493 917 1580 972; x_wconf 87' lang='lat' dir='ltr'><strong>ubi</strong></span> <span class='ocrx_word' id='word_1_51' title='bbox 1607 917 1821 982; x_wconf 90' lang='lat' dir='ltr'><strong>dicitur,</strong></span> 
     </span>
    </p>
   </div>
   <div class='ocr_carea' id='block_1_8' title="bbox 240 1009 1821 1076">
    <p class='ocr_par' dir='ltr' id='par_1_8' title="bbox 240 1009 1821 1076">
     <span class='ocr_line' id='line_1_8' title="bbox 240 1009 1821 1076; baseline -0.001 -11"><span class='ocrx_word' id='word_1_52' title='bbox 240 1009 458 1065; x_wconf 87' lang='lat' dir='ltr'><strong>Cantate</strong></span> <span class='ocrx_word' id='word_1_53' title='bbox 504 1009 733 1064; x_wconf 89' lang='lat' dir='ltr'><strong>Domino</strong></span> <span class='ocrx_word' id='word_1_54' title='bbox 773 1011 1022 1064; x_wconf 82' lang='lat' dir='ltr'><strong>canticum</strong></span> <span class='ocrx_word' id='word_1_55' title='bbox 1066 1025 1284 1074; x_wconf 86' lang='lat' dir='ltr'><strong>novum;</strong></span> <span class='ocrx_word' id='word_1_56' title='bbox 1333 1019 1534 1064; x_wconf 87' lang='lat' dir='ltr'><strong>cantate</strong></span> <span class='ocrx_word' id='word_1_57' title='bbox 1582 1009 1821 1076; x_wconf 88' lang='lat' dir='ltr'><strong>Domino,</strong></span> 
     </span>
    </p>
   </div>
   <div class='ocr_carea' id='block_1_9' title="bbox 239 1102 1826 1172">
    <p class='ocr_par' dir='ltr' id='par_1_9' title="bbox 239 1102 1826 1172">
     <span class='ocr_line' id='line_1_9' title="bbox 239 1102 1826 1172; baseline 0 -16"><span class='ocrx_word' id='word_1_58' title='bbox 239 1105 409 1158; x_wconf 86' lang='lat' dir='ltr'><strong>omnis</strong></span> <span class='ocrx_word' id='word_1_59' title='bbox 451 1113 600 1158; x_wconf 88' lang='lat' dir='ltr'><strong>terra.</strong></span> <span class='ocrx_word' id='word_1_60' title='bbox 642 1103 856 1158; x_wconf 88' lang='lat' dir='ltr'><strong>Cantate</strong></span> <span class='ocrx_word' id='word_1_61' title='bbox 875 1102 1114 1170; x_wconf 90' lang='lat' dir='ltr'><strong>Domino,</strong></span> <span class='ocrx_word' id='word_1_62' title='bbox 1162 1103 1430 1158; x_wconf 87' lang='lat' dir='ltr'><strong>benedicite</strong></span> <span class='ocrx_word' id='word_1_63' title='bbox 1457 1119 1637 1156; x_wconf 85' lang='lat' dir='ltr'><strong>nomen</strong></span> <span class='ocrx_word' id='word_1_64' title='bbox 1681 1104 1826 1172; x_wconf 88' lang='lat' dir='ltr'><strong>ejus;</strong></span> 
     </span>
    </p>
   </div>
   <div class='ocr_carea' id='block_1_10' title="bbox 235 1195 1823 1266">
    <p class='ocr_par' dir='ltr' id='par_1_10' title="bbox 235 1195 1823 1266">
     <span class='ocr_line' id='line_1_10' title="bbox 235 1195 1823 1266; baseline 0 -16"><span class='ocrx_word' id='word_1_65' title='bbox 235 1196 417 1250; x_wconf 78' lang='lat' dir='ltr'><strong>statim</strong></span> <span class='ocrx_word' id='word_1_66' title='bbox 440 1195 890 1266; x_wconf 83' lang='lat' dir='ltr'><strong>evangelizandus</strong></span> <span class='ocrx_word' id='word_1_67' title='bbox 915 1196 1027 1266; x_wconf 90' lang='lat' dir='ltr'><strong>ipse</strong></span> <span class='ocrx_word' id='word_1_68' title='bbox 1047 1205 1394 1263; x_wconf 84' lang='lat' dir='ltr'><strong>monstratur,</strong></span> <span class='ocrx_word' id='word_1_69' title='bbox 1415 1208 1574 1266; x_wconf 85' lang='lat' dir='ltr'><strong>atque</strong></span> <span class='ocrx_word' id='word_1_70' title='bbox 1589 1195 1823 1263; x_wconf 84' lang='lat' dir='ltr'><strong>additur,</strong></span> 
     </span>
    </p>
   </div>
   <div class='ocr_carea' id='block_1_11' title="bbox 234 1284 1822 1359">
    <p class='ocr_par' dir='ltr' id='par_1_11' title="bbox 234 1284 1822 1359">
     <span class='ocr_line' id='line_1_11' title="bbox 234 1284 1822 1359; baseline 0.003 -20"><span class='ocrx_word' id='word_1_71' title='bbox 234 1284 372 1340; x_wconf 82' lang='lat' dir='ltr'><strong>Bene</strong></span> <span class='ocrx_word' id='word_1_72' title='bbox 396 1287 626 1340; x_wconf 86' lang='lat' dir='ltr'><strong>nuntiate</strong></span> <span class='ocrx_word' id='word_1_73' title='bbox 650 1288 784 1341; x_wconf 89' lang='lat' dir='ltr'><strong>diem</strong></span> <span class='ocrx_word' id='word_1_74' title='bbox 802 1303 866 1341; x_wconf 78' lang='lat' dir='ltr'><strong>ea:</strong></span> <span class='ocrx_word' id='word_1_75' title='bbox 890 1287 970 1341; x_wconf 89' lang='lat' dir='ltr'><strong>die</strong></span> <span class='ocrx_word' id='word_1_76' title='bbox 994 1288 1216 1342; x_wconf 88' lang='lat' dir='ltr'><strong>salutare</strong></span> <span class='ocrx_word' id='word_1_77' title='bbox 1239 1290 1348 1359; x_wconf 89' lang='lat' dir='ltr'><strong>ejus</strong></span> <span class='ocrx_word' id='word_1_78' title='bbox 1388 1288 1407 1359; x_wconf 95' lang='lat'>(</span> <span class='ocrx_word' id='word_1_79' title='bbox 1439 1287 1585 1343; x_wconf 87' lang='lat' dir='ltr'><strong>Psal.</strong></span> <span class='ocrx_word' id='word_1_80' title='bbox 1618 1303 1719 1344; x_wconf 82' lang='lat' dir='ltr'><strong>xcv</strong></span> <span class='ocrx_word' id='word_1_81' title='bbox 1765 1289 1822 1354; x_wconf 87' lang='grc'><strong>1,</strong></span> 
     </span>
    </p>
   </div>
   <div class='ocr_carea' id='block_1_12' title="bbox 234 1378 1824 1450">
    <p class='ocr_par' dir='ltr' id='par_1_12' title="bbox 234 1378 1824 1450">
     <span class='ocr_line' id='line_1_12' title="bbox 234 1378 1824 1450; baseline 0.002 -17"><span class='ocrx_word' id='word_1_82' title='bbox 234 1378 314 1448; x_wconf 78' lang='lat'><strong>2).</strong></span> <span class='ocrx_word' id='word_1_83' title='bbox 345 1378 465 1448; x_wconf 85' lang='lat' dir='ltr'><strong>Ipse</strong></span> <span class='ocrx_word' id='word_1_84' title='bbox 492 1378 655 1450; x_wconf 92' lang='lat' dir='ltr'><strong>igitur</strong></span> <span class='ocrx_word' id='word_1_85' title='bbox 683 1379 936 1435; x_wconf 83' lang='lat' dir='ltr'><strong>sacerdos</strong></span> <span class='ocrx_word' id='word_1_86' title='bbox 965 1389 1019 1435; x_wconf 90' lang='lat' dir='ltr'><strong>et</strong></span> <span class='ocrx_word' id='word_1_87' title='bbox 1043 1380 1255 1435; x_wconf 87' lang='lat' dir='ltr'><strong>victima</strong></span> <span class='ocrx_word' id='word_1_88' title='bbox 1285 1381 1606 1437; x_wconf 83' lang='lat' dir='ltr'><strong>sacriﬁcium</strong></span> <span class='ocrx_word' id='word_1_89' title='bbox 1648 1381 1824 1436; x_wconf 86' lang='lat' dir='ltr'><strong>laudis</strong></span> 
     </span>
    </p>
   </div>
   <div class='ocr_carea' id='block_1_13' title="bbox 236 1469 1828 1544">
    <p class='ocr_par' dir='ltr' id='par_1_13' title="bbox 236 1469 1828 1544">
     <span class='ocr_line' id='line_1_13' title="bbox 236 1469 1828 1544; baseline 0.003 -22"><span class='ocrx_word' id='word_1_90' title='bbox 236 1469 500 1538; x_wconf 82' lang='lat' dir='ltr'><strong>implevit,</strong></span> <span class='ocrx_word' id='word_1_91' title='bbox 531 1470 801 1525; x_wconf 89' lang='lat' dir='ltr'><strong>malorum</strong></span> <span class='ocrx_word' id='word_1_92' title='bbox 825 1485 1048 1541; x_wconf 87' lang='lat' dir='ltr'><strong>operum</strong></span> <span class='ocrx_word' id='word_1_93' title='bbox 1073 1471 1312 1528; x_wconf 90' lang='lat' dir='ltr'><strong>tribuens</strong></span> <span class='ocrx_word' id='word_1_94' title='bbox 1328 1473 1724 1544; x_wconf 90' lang='lat' dir='ltr'><strong>indulgentiam,</strong></span> <span class='ocrx_word' id='word_1_95' title='bbox 1773 1481 1828 1528; x_wconf 91' lang='lat' dir='ltr'><strong>et</strong></span> 
     </span>
    </p>
   </div>
   <div class='ocr_carea' id='block_1_14' title="bbox 235 1559 1824 1634">
    <p class='ocr_par' dir='ltr' id='par_1_14' title="bbox 235 1559 1824 1634">
     <span class='ocr_line' id='line_1_14' title="bbox 235 1559 1824 1634; baseline 0.002 -18"><span class='ocrx_word' id='word_1_96' title='bbox 235 1559 370 1617; x_wconf 73' lang='lat' dir='ltr'><strong>bane</strong></span> <span class='ocrx_word' id='word_1_97' title='bbox 395 1561 660 1631; x_wconf 88' lang='lat' dir='ltr'><strong>operandi</strong></span> <span class='ocrx_word' id='word_1_98' title='bbox 692 1563 922 1634; x_wconf 82' lang='lat' dir='ltr'><strong>largiens</strong></span> <span class='ocrx_word' id='word_1_99' title='bbox 946 1565 1188 1634; x_wconf 81' lang='lat' dir='ltr'><strong>gratiam.</strong></span> <span class='ocrx_word' id='word_1_100' title='bbox 1218 1564 1301 1619; x_wconf 86' lang='lat' dir='ltr'><strong>Ad</strong></span> <span class='ocrx_word' id='word_1_101' title='bbox 1336 1565 1438 1621; x_wconf 91' lang='lat' dir='ltr'><strong>hoc</strong></span> <span class='ocrx_word' id='word_1_102' title='bbox 1467 1565 1610 1621; x_wconf 91' lang='lat' dir='ltr'><strong>enim</strong></span> <span class='ocrx_word' id='word_1_103' title='bbox 1637 1565 1824 1620; x_wconf 91' lang='lat' dir='ltr'><strong>Domi-</strong></span> 
     </span>
    </p>
   </div>
   <div class='ocr_carea' id='block_1_15' title="bbox 238 1655 1822 1727">
    <p class='ocr_par' dir='ltr' id='par_1_15' title="bbox 238 1655 1822 1727">
     <span class='ocr_line' id='line_1_15' title="bbox 238 1655 1822 1727; baseline 0.004 -20"><span class='ocrx_word' id='word_1_104' title='bbox 238 1668 308 1708; x_wconf 78' lang='lat' dir='ltr'><strong>no</strong></span> <span class='ocrx_word' id='word_1_105' title='bbox 330 1655 658 1710; x_wconf 85' lang='lat' dir='ltr'><strong>sacriﬁcium</strong></span> <span class='ocrx_word' id='word_1_106' title='bbox 713 1655 886 1710; x_wconf 87' lang='lat' dir='ltr'><strong>laudis</strong></span> <span class='ocrx_word' id='word_1_107' title='bbox 912 1658 980 1710; x_wconf 89' lang='lat' dir='ltr'><strong>ab</strong></span> <span class='ocrx_word' id='word_1_108' title='bbox 1023 1657 1139 1726; x_wconf 86' lang='lat' dir='ltr'><strong>ejus</strong></span> <span class='ocrx_word' id='word_1_109' title='bbox 1165 1659 1457 1713; x_wconf 90' lang='lat' dir='ltr'><strong>cultoribus</strong></span> <span class='ocrx_word' id='word_1_110' title='bbox 1497 1659 1822 1727; x_wconf 87' lang='lat' dir='ltr'><strong>immolatur,</strong></span> 
     </span>
    </p>
   </div>
   <div class='ocr_carea' id='block_1_16' title="bbox 239 1746 1714 1820">
    <p class='ocr_par' dir='ltr' id='par_1_16' title="bbox 239 1746 1714 1820">
     <span class='ocr_line' id='line_1_16' title="bbox 239 1746 1714 1820; baseline 0.002 -21"><span class='ocrx_word' id='word_1_111' title='bbox 239 1755 297 1799; x_wconf 79' lang='lat' dir='ltr'><strong>ut</strong></span> <span class='ocrx_word' id='word_1_112' title='bbox 320 1749 402 1817; x_wconf 87' lang='lat' dir='ltr'><strong>qui</strong></span> <span class='ocrx_word' id='word_1_113' title='bbox 421 1747 690 1818; x_wconf 83' lang='lat' dir='ltr'><strong>gloriatur,</strong></span> <span class='ocrx_word' id='word_1_114' title='bbox 718 1748 770 1800; x_wconf 88' lang='lat' dir='ltr'><strong>in</strong></span> <span class='ocrx_word' id='word_1_115' title='bbox 801 1746 1020 1802; x_wconf 89' lang='lat' dir='ltr'><strong>Domino</strong></span> <span class='ocrx_word' id='word_1_116' title='bbox 1048 1748 1292 1819; x_wconf 85' lang='lat' dir='ltr'><strong>glorietur</strong></span> <span class='ocrx_word' id='word_1_117' title='bbox 1317 1749 1359 1820; x_wconf 90' lang='grc' dir='ltr'><strong>(ι</strong></span> <span class='ocrx_word' id='word_1_118' title='bbox 1382 1749 1500 1804; x_wconf 86' lang='lat' dir='ltr'><strong>Cor.</strong></span> <span class='ocrx_word' id='word_1_119' title='bbox 1525 1766 1560 1815; x_wconf 91' lang='lat' dir='ltr'><strong>l,</strong></span> <span class='ocrx_word' id='word_1_120' title='bbox 1603 1750 1714 1820; x_wconf 81' lang='grc'><strong>51).</strong></span> 
     </span>
    </p>
   </div>
   <div class='ocr_carea' id='block_1_17' title="bbox 313 1837 1829 1911">
    <p class='ocr_par' dir='ltr' id='par_1_17' title="bbox 313 1837 1829 1911">
     <span class='ocr_line' id='line_1_17' title="bbox 313 1837 1829 1911; baseline 0.003 -19"><span class='ocrx_word' id='word_1_121' title='bbox 313 1837 533 1893; x_wconf 80' lang='lat' dir='ltr'><strong>CAPUT</strong></span> <span class='ocrx_word' id='word_1_122' title='bbox 561 1837 678 1893; x_wconf 79' lang='lat' dir='ltr'><strong>VII.</strong></span> <span class='ocrx_word' id='word_1_123' title='bbox 700 1867 773 1879; x_wconf 86' lang='lat'><strong>——-</strong></span> <span class='ocrx_word' id='word_1_124' title='bbox 796 1839 854 1894; x_wconf 91' lang='lat'><strong>9.</strong></span> <span class='ocrx_word' id='word_1_125' title='bbox 878 1838 1050 1893; x_wconf 68' lang='lat' dir='ltr'><strong>Judaei</strong></span> <span class='ocrx_word' id='word_1_126' title='bbox 1075 1840 1362 1910; x_wconf 86' lang='lat' dir='ltr'><strong>prophetias</strong></span> <span class='ocrx_word' id='word_1_127' title='bbox 1383 1841 1628 1908; x_wconf 86' lang='lat' dir='ltr'><strong>quasdam</strong></span> <span class='ocrx_word' id='word_1_128' title='bbox 1657 1857 1747 1911; x_wconf 86' lang='lat' dir='ltr'><strong>pro</strong></span> <span class='ocrx_word' id='word_1_129' title='bbox 1775 1858 1829 1896; x_wconf 90' lang='lat' dir='ltr'><strong>se</strong></span> 
     </span>
    </p>
   </div>
   <div class='ocr_carea' id='block_1_18' title="bbox 238 1932 1827 2004">
    <p class='ocr_par' dir='ltr' id='par_1_18' title="bbox 238 1932 1827 2004">
     <span class='ocr_line' id='line_1_18' title="bbox 238 1932 1827 2004; baseline 0.001 -19"><span class='ocrx_word' id='word_1_130' title='bbox 238 1948 338 1985; x_wconf 81' lang='lat' dir='ltr'><strong>non</strong></span> <span class='ocrx_word' id='word_1_131' title='bbox 379 1940 510 1985; x_wconf 87' lang='lat' dir='ltr'><strong>recte</strong></span> <span class='ocrx_word' id='word_1_132' title='bbox 538 1932 944 2003; x_wconf 74' lang='lat' dir='ltr'><strong>interpretantes.</strong></span> <span class='ocrx_word' id='word_1_133' title='bbox 981 1933 1108 2000; x_wconf 75' lang='lat' dir='ltr'><strong>Qua:</strong></span> <span class='ocrx_word' id='word_1_134' title='bbox 1146 1935 1306 2004; x_wconf 88' lang='lat' dir='ltr'><strong>magis</strong></span> <span class='ocrx_word' id='word_1_135' title='bbox 1355 1934 1412 1988; x_wconf 87' lang='lat' dir='ltr'><strong>in</strong></span> <span class='ocrx_word' id='word_1_136' title='bbox 1463 1933 1674 1989; x_wconf 74' lang='lat' dir='ltr'><strong>Judazos</strong></span> <span class='ocrx_word' id='word_1_137' title='bbox 1702 1951 1827 2004; x_wconf 86' lang='lat' dir='ltr'><strong>qua-</strong></span> 
     </span>
    </p>
   </div>
   <div class='ocr_carea' id='block_1_19' title="bbox 238 2021 1822 2092">
    <p class='ocr_par' dir='ltr' id='par_1_19' title="bbox 238 2021 1822 2092">
     <span class='ocr_line' id='line_1_19' title="bbox 238 2021 1822 2092; baseline 0.001 -16"><span class='ocrx_word' id='word_1_138' title='bbox 238 2023 383 2077; x_wconf 82' lang='lat' dir='ltr'><strong>drent</strong></span> <span class='ocrx_word' id='word_1_139' title='bbox 412 2021 797 2092; x_wconf 79' lang='lat' dir='ltr'><strong>Prophetarum</strong></span> <span class='ocrx_word' id='word_1_140' title='bbox 817 2039 980 2079; x_wconf 86' lang='lat' dir='ltr'><strong>voces.</strong></span> <span class='ocrx_word' id='word_1_141' title='bbox 997 2023 1104 2080; x_wconf 87' lang='lat' dir='ltr'><strong>Sed</strong></span> <span class='ocrx_word' id='word_1_142' title='bbox 1133 2025 1233 2080; x_wconf 89' lang='lat' dir='ltr'><strong>hoc</strong></span> <span class='ocrx_word' id='word_1_143' title='bbox 1252 2023 1417 2080; x_wconf 76' lang='lat' dir='ltr'><strong>Judzei</strong></span> <span class='ocrx_word' id='word_1_144' title='bbox 1440 2039 1561 2080; x_wconf 90' lang='lat' dir='ltr'><strong>cum</strong></span> <span class='ocrx_word' id='word_1_145' title='bbox 1582 2024 1822 2090; x_wconf 89' lang='lat' dir='ltr'><strong>audiunt,</strong></span> 
     </span>
    </p>
   </div>
   <div class='ocr_carea' id='block_1_20' title="bbox 236 2115 1828 2186">
    <p class='ocr_par' dir='ltr' id='par_1_20' title="bbox 236 2115 1828 2186">
     <span class='ocr_line' id='line_1_20' title="bbox 236 2115 1828 2186; baseline -0.001 -14"><span class='ocrx_word' id='word_1_146' title='bbox 236 2125 409 2172; x_wconf 87' lang='lat' dir='ltr'><strong>erecta</strong></span> <span class='ocrx_word' id='word_1_147' title='bbox 441 2115 658 2172; x_wconf 88' lang='lat' dir='ltr'><strong>cervice</strong></span> <span class='ocrx_word' id='word_1_148' title='bbox 677 2115 1004 2186; x_wconf 89' lang='lat' dir='ltr'><strong>respondent</strong></span> <span class='ocrx_word' id='word_1_149' title='bbox 1034 2133 1049 2170; x_wconf 89' lang='lat'><strong>:</strong></span> <span class='ocrx_word' id='word_1_150' title='bbox 1080 2115 1188 2172; x_wconf 89' lang='lat' dir='ltr'><strong>Nos</strong></span> <span class='ocrx_word' id='word_1_151' title='bbox 1205 2131 1426 2185; x_wconf 91' lang='lat' dir='ltr'><strong>sumus;</strong></span> <span class='ocrx_word' id='word_1_152' title='bbox 1458 2116 1526 2172; x_wconf 91' lang='lat' dir='ltr'><strong>de</strong></span> <span class='ocrx_word' id='word_1_153' title='bbox 1544 2117 1697 2173; x_wconf 91' lang='lat' dir='ltr'><strong>nobis</strong></span> <span class='ocrx_word' id='word_1_154' title='bbox 1725 2117 1828 2170; x_wconf 91' lang='lat' dir='ltr'><strong>hoc</strong></span> 
     </span>
    </p>
   </div>
   <div class='ocr_carea' id='block_1_21' title="bbox 237 2206 1829 2274">
    <p class='ocr_par' dir='ltr' id='par_1_21' title="bbox 237 2206 1829 2274">
     <span class='ocr_line' id='line_1_21' title="bbox 237 2206 1829 2274; baseline 0 -12"><span class='ocrx_word' id='word_1_155' title='bbox 237 2207 437 2262; x_wconf 90' lang='lat' dir='ltr'><strong>dictum</strong></span> <span class='ocrx_word' id='word_1_156' title='bbox 474 2216 580 2274; x_wconf 91' lang='lat' dir='ltr'><strong>est,</strong></span> <span class='ocrx_word' id='word_1_157' title='bbox 621 2206 775 2262; x_wconf 88' lang='lat' dir='ltr'><strong>nobis</strong></span> <span class='ocrx_word' id='word_1_158' title='bbox 801 2206 905 2262; x_wconf 91' lang='lat' dir='ltr'><strong>hoc</strong></span> <span class='ocrx_word' id='word_1_159' title='bbox 927 2207 1126 2261; x_wconf 89' lang='lat' dir='ltr'><strong>dictum</strong></span> <span class='ocrx_word' id='word_1_160' title='bbox 1175 2217 1277 2262; x_wconf 89' lang='lat' dir='ltr'><strong>est.</strong></span> <span class='ocrx_word' id='word_1_161' title='bbox 1309 2206 1418 2262; x_wconf 88' lang='lat' dir='ltr'><strong>Nos</strong></span> <span class='ocrx_word' id='word_1_162' title='bbox 1465 2208 1606 2262; x_wconf 90' lang='lat' dir='ltr'><strong>enim</strong></span> <span class='ocrx_word' id='word_1_163' title='bbox 1644 2222 1829 2262; x_wconf 90' lang='lat' dir='ltr'><strong>sumus</strong></span> 
     </span>
    </p>
   </div>
   <div class='ocr_carea' id='block_1_22' title="bbox 244 2297 1830 2370">
    <p class='ocr_par' dir='ltr' id='par_1_22' title="bbox 244 2297 1830 2370">
     <span class='ocr_line' id='line_1_22' title="bbox 244 2297 1830 2370; baseline 0.001 -18"><span class='ocrx_word' id='word_1_164' title='bbox 244 2297 398 2353; x_wconf 77' lang='lat' dir='ltr'><strong>Israel</strong></span> <span class='ocrx_word' id='word_1_165' title='bbox 431 2297 669 2368; x_wconf 89' lang='lat' dir='ltr'><strong>populus</strong></span> <span class='ocrx_word' id='word_1_166' title='bbox 694 2298 790 2353; x_wconf 89' lang='lat' dir='ltr'><strong>Dei</strong></span> <span class='ocrx_word' id='word_1_167' title='bbox 823 2315 835 2352; x_wconf 94' lang='lat'><strong>:</strong></span> <span class='ocrx_word' id='word_1_168' title='bbox 866 2314 964 2352; x_wconf 91' lang='lat' dir='ltr'><strong>nos</strong></span> <span class='ocrx_word' id='word_1_169' title='bbox 1002 2299 1056 2354; x_wconf 93' lang='lat' dir='ltr'><strong>in</strong></span> <span class='ocrx_word' id='word_1_170' title='bbox 1081 2298 1262 2354; x_wconf 86' lang='lat' dir='ltr'><strong>verbis</strong></span> <span class='ocrx_word' id='word_1_171' title='bbox 1311 2298 1538 2355; x_wconf 87' lang='lat' dir='ltr'><strong>dicentis</strong></span> <span class='ocrx_word' id='word_1_172' title='bbox 1585 2299 1830 2370; x_wconf 85' lang='lat' dir='ltr'><strong>agnosci-</strong></span> 
     </span>
    </p>
   </div>
   <div class='ocr_carea' id='block_1_23' title="bbox 236 2390 1830 2462">
    <p class='ocr_par' dir='ltr' id='par_1_23' title="bbox 236 2390 1830 2462">
     <span class='ocr_line' id='line_1_23' title="bbox 236 2390 1830 2462; baseline -0.001 -16"><span class='ocrx_word' id='word_1_173' title='bbox 236 2405 372 2456; x_wconf 84' lang='lat' dir='ltr'><strong>mus,</strong></span> <span class='ocrx_word' id='word_1_174' title='bbox 401 2390 558 2456; x_wconf 80' lang='lat' dir='ltr'><strong>Audi,</strong></span> <span class='ocrx_word' id='word_1_175' title='bbox 582 2391 800 2462; x_wconf 89' lang='lat' dir='ltr'><strong>populus</strong></span> <span class='ocrx_word' id='word_1_176' title='bbox 827 2407 989 2457; x_wconf 89' lang='lat' dir='ltr'><strong>meus,</strong></span> <span class='ocrx_word' id='word_1_177' title='bbox 1015 2401 1063 2445; x_wconf 90' lang='lat' dir='ltr'><strong>et</strong></span> <span class='ocrx_word' id='word_1_178' title='bbox 1089 2393 1267 2461; x_wconf 84' lang='lat' dir='ltr'><strong>loquar</strong></span> <span class='ocrx_word' id='word_1_179' title='bbox 1286 2391 1394 2458; x_wconf 83' lang='lat' dir='ltr'><strong>tibi,</strong></span> <span class='ocrx_word' id='word_1_180' title='bbox 1419 2391 1606 2459; x_wconf 81' lang='lat' dir='ltr'><strong>Israel,</strong></span> <span class='ocrx_word' id='word_1_181' title='bbox 1627 2403 1672 2446; x_wconf 90' lang='lat' dir='ltr'><strong>et</strong></span> <span class='ocrx_word' id='word_1_182' title='bbox 1693 2393 1830 2447; x_wconf 87' lang='lat' dir='ltr'><strong>testi-</strong></span> 
     </span>
    </p>
   </div>
   <div class='ocr_carea' id='block_1_24' title="bbox 239 2484 1830 2553">
    <p class='ocr_par' dir='ltr' id='par_1_24' title="bbox 239 2484 1830 2553">
     <span class='ocr_line' id='line_1_24' title="bbox 239 2484 1830 2553; baseline 0.002 -15"><span class='ocrx_word' id='word_1_183' title='bbox 239 2485 425 2553; x_wconf 71' lang='lat' dir='ltr'><strong>ﬁcabor</strong></span> <span class='ocrx_word' id='word_1_184' title='bbox 453 2485 569 2538; x_wconf 87' lang='lat' dir='ltr'><strong>tibi.</strong></span> <span class='ocrx_word' id='word_1_185' title='bbox 625 2484 765 2552; x_wconf 87' lang='lat' dir='ltr'><strong>Quid</strong></span> <span class='ocrx_word' id='word_1_186' title='bbox 815 2499 999 2541; x_wconf 89' lang='lat' dir='ltr'><strong>sumus</strong></span> <span class='ocrx_word' id='word_1_187' title='bbox 1052 2485 1120 2540; x_wconf 93' lang='lat' dir='ltr'><strong>ad</strong></span> <span class='ocrx_word' id='word_1_188' title='bbox 1178 2485 1280 2540; x_wconf 87' lang='lat' dir='ltr'><strong>ista</strong></span> <span class='ocrx_word' id='word_1_189' title='bbox 1299 2485 1537 2540; x_wconf 89' lang='lat' dir='ltr'><strong>dicturi?</strong></span> <span class='ocrx_word' id='word_1_190' title='bbox 1574 2484 1830 2541; x_wconf 90' lang='lat' dir='ltr'><strong>Novimus</strong></span> 
     </span>
    </p>
   </div>
   <div class='ocr_carea' id='block_1_25' title="bbox 237 2575 1829 2648">
    <p class='ocr_par' dir='ltr' id='par_1_25' title="bbox 237 2575 1829 2648">
     <span class='ocr_line' id='line_1_25' title="bbox 237 2575 1829 2648; baseline 0.001 -18"><span class='ocrx_word' id='word_1_191' title='bbox 237 2576 453 2646; x_wconf 88' lang='lat' dir='ltr'><strong>quidem</strong></span> <span class='ocrx_word' id='word_1_192' title='bbox 483 2575 652 2632; x_wconf 91' lang='lat' dir='ltr'><strong>Israel</strong></span> <span class='ocrx_word' id='word_1_193' title='bbox 678 2577 1032 2646; x_wconf 89' lang='lat' dir='ltr'><strong>spiritualem,</strong></span> <span class='ocrx_word' id='word_1_194' title='bbox 1055 2576 1124 2632; x_wconf 91' lang='lat' dir='ltr'><strong>de</strong></span> <span class='ocrx_word' id='word_1_195' title='bbox 1149 2592 1258 2648; x_wconf 91' lang='lat' dir='ltr'><strong>quo</strong></span> <span class='ocrx_word' id='word_1_196' title='bbox 1281 2577 1411 2632; x_wconf 88' lang='lat' dir='ltr'><strong>dicit</strong></span> <span class='ocrx_word' id='word_1_197' title='bbox 1429 2577 1734 2647; x_wconf 86' lang='lat' dir='ltr'><strong>Apostolus,</strong></span> <span class='ocrx_word' id='word_1_198' title='bbox 1759 2577 1829 2632; x_wconf 89' lang='lat' dir='ltr'><strong>Et</strong></span> 
     </span>
    </p>
   </div>
   <div class='ocr_carea' id='block_1_26' title="bbox 239 2669 1832 2742">
    <p class='ocr_par' dir='ltr' id='par_1_26' title="bbox 239 2669 1832 2742">
     <span class='ocr_line' id='line_1_26' title="bbox 239 2669 1832 2742; baseline 0.001 -19"><span class='ocrx_word' id='word_1_199' title='bbox 239 2671 538 2740; x_wconf 71' lang='lat' dir='ltr'><strong>quicumque</strong></span> <span class='ocrx_word' id='word_1_200' title='bbox 563 2670 698 2724; x_wconf 83' lang='lat' dir='ltr'><strong>hanc</strong></span> <span class='ocrx_word' id='word_1_201' title='bbox 739 2669 970 2742; x_wconf 88' lang='lat' dir='ltr'><strong>regulam</strong></span> <span class='ocrx_word' id='word_1_202' title='bbox 990 2680 1284 2742; x_wconf 85' lang='lat' dir='ltr'><strong>sequuntur,</strong></span> <span class='ocrx_word' id='word_1_203' title='bbox 1324 2688 1427 2742; x_wconf 70' lang='lat' dir='ltr'><strong>pax</strong></span> <span class='ocrx_word' id='word_1_204' title='bbox 1458 2687 1615 2741; x_wconf 85' lang='lat' dir='ltr'><strong>super</strong></span> <span class='ocrx_word' id='word_1_205' title='bbox 1629 2672 1746 2726; x_wconf 89' lang='lat' dir='ltr'><strong>illos</strong></span> <span class='ocrx_word' id='word_1_206' title='bbox 1785 2680 1832 2725; x_wconf 88' lang='lat' dir='ltr'><strong>et</strong></span> 
     </span>
    </p>
   </div>
   <div class='ocr_carea' id='block_1_27' title="bbox 239 2761 1830 2834">
    <p class='ocr_par' dir='ltr' id='par_1_27' title="bbox 239 2761 1830 2834">
     <span class='ocr_line' id='line_1_27' title="bbox 239 2761 1830 2834; baseline 0.003 -20"><span class='ocrx_word' id='word_1_207' title='bbox 239 2762 612 2830; x_wconf 83' lang='lat' dir='ltr'><strong>misericordia,</strong></span> <span class='ocrx_word' id='word_1_208' title='bbox 635 2771 685 2816; x_wconf 91' lang='lat' dir='ltr'><strong>et</strong></span> <span class='ocrx_word' id='word_1_209' title='bbox 701 2779 856 2834; x_wconf 86' lang='lat' dir='ltr'><strong>super</strong></span> <span class='ocrx_word' id='word_1_210' title='bbox 874 2761 1040 2817; x_wconf 83' lang='lat' dir='ltr'><strong>Israel</strong></span> <span class='ocrx_word' id='word_1_211' title='bbox 1061 2761 1162 2817; x_wconf 88' lang='lat' dir='ltr'><strong>Dei</strong></span> <span class='ocrx_word' id='word_1_212' title='bbox 1188 2761 1384 2834; x_wconf 86' lang='lat' dir='ltr'><strong>(Galat.</strong></span> <span class='ocrx_word' id='word_1_213' title='bbox 1407 2779 1482 2831; x_wconf 84' lang='lat' dir='ltr'><strong>vt,</strong></span> <span class='ocrx_word' id='word_1_214' title='bbox 1507 2763 1599 2834; x_wconf 83' lang='grc'><strong>16)</strong></span> <span class='ocrx_word' id='word_1_215' title='bbox 1627 2781 1639 2816; x_wconf 92' lang='lat'>:</span> <span class='ocrx_word' id='word_1_216' title='bbox 1671 2765 1830 2818; x_wconf 90' lang='lat' dir='ltr'><strong>istum</strong></span> 
     </span>
    </p>
   </div>
   <div class='ocr_carea' id='block_1_28' title="bbox 237 2855 1830 2926">
    <p class='ocr_par' dir='ltr' id='par_1_28' title="bbox 237 2855 1830 2926">
     <span class='ocr_line' id='line_1_28' title="bbox 237 2855 1830 2926; baseline 0 -16"><span class='ocrx_word' id='word_1_217' title='bbox 237 2863 422 2911; x_wconf 86' lang='lat' dir='ltr'><strong>autem</strong></span> <span class='ocrx_word' id='word_1_218' title='bbox 462 2855 623 2910; x_wconf 90' lang='lat' dir='ltr'><strong>Israel</strong></span> <span class='ocrx_word' id='word_1_219' title='bbox 678 2857 878 2911; x_wconf 88' lang='lat' dir='ltr'><strong>scimus</strong></span> <span class='ocrx_word' id='word_1_220' title='bbox 928 2871 1049 2912; x_wconf 89' lang='lat' dir='ltr'><strong>esse</strong></span> <span class='ocrx_word' id='word_1_221' title='bbox 1103 2856 1392 2924; x_wconf 87' lang='lat' dir='ltr'><strong>carnalem,</strong></span> <span class='ocrx_word' id='word_1_222' title='bbox 1443 2856 1512 2912; x_wconf 89' lang='lat' dir='ltr'><strong>de</strong></span> <span class='ocrx_word' id='word_1_223' title='bbox 1554 2872 1662 2926; x_wconf 93' lang='lat' dir='ltr'><strong>quo</strong></span> <span class='ocrx_word' id='word_1_224' title='bbox 1688 2856 1830 2912; x_wconf 90' lang='lat' dir='ltr'><strong>idem</strong></span> 
     </span>
    </p>
   </div>
   <div class='ocr_carea' id='block_1_29' title="bbox 240 2944 1829 3019">
    <p class='ocr_par' dir='ltr' id='par_1_29' title="bbox 240 2944 1829 3019">
     <span class='ocr_line' id='line_1_29' title="bbox 240 2944 1829 3019; baseline -0.001 -17"><span class='ocrx_word' id='word_1_225' title='bbox 240 2945 387 3012; x_wconf 86' lang='lat' dir='ltr'><strong>dicit,</strong></span> <span class='ocrx_word' id='word_1_226' title='bbox 425 2944 602 3000; x_wconf 82' lang='lat' dir='ltr'><strong>Videte</strong></span> <span class='ocrx_word' id='word_1_227' title='bbox 652 2946 819 3002; x_wconf 87' lang='lat' dir='ltr'><strong>Israel</strong></span> <span class='ocrx_word' id='word_1_228' title='bbox 856 2947 1130 3002; x_wconf 84' lang='lat' dir='ltr'><strong>secundant</strong></span> <span class='ocrx_word' id='word_1_229' title='bbox 1180 2963 1382 3002; x_wconf 86' lang='lat' dir='ltr'><strong>carnem</strong></span> <span class='ocrx_word' id='word_1_230' title='bbox 1415 2946 1461 3018; x_wconf 94' lang='lat' dir='ltr'><strong>(l</strong></span> <span class='ocrx_word' id='word_1_231' title='bbox 1482 2947 1601 3003; x_wconf 82' lang='lat' dir='ltr'><strong>Cor.</strong></span> <span class='ocrx_word' id='word_1_232' title='bbox 1632 2963 1685 3012; x_wconf 82' lang='lat' dir='ltr'><strong>x,</strong></span> <span class='ocrx_word' id='word_1_233' title='bbox 1718 2947 1829 3019; x_wconf 91' lang='grc'><strong>18).</strong></span> 
     </span>
    </p>
   </div>
   <div class='ocr_carea' id='block_1_30' title="bbox 237 3035 1833 3108">
    <p class='ocr_par' dir='ltr' id='par_1_30' title="bbox 237 3035 1833 3108">
     <span class='ocr_line' id='line_1_30' title="bbox 237 3035 1833 3108; baseline 0.001 -16"><span class='ocrx_word' id='word_1_234' title='bbox 237 3035 343 3093; x_wconf 87' lang='lat' dir='ltr'><strong>Sed</strong></span> <span class='ocrx_word' id='word_1_235' title='bbox 371 3038 472 3092; x_wconf 82' lang='lat' dir='ltr'><strong>ista</strong></span> <span class='ocrx_word' id='word_1_236' title='bbox 501 3038 588 3092; x_wconf 87' lang='lat' dir='ltr'><strong>isti</strong></span> <span class='ocrx_word' id='word_1_237' title='bbox 616 3052 723 3093; x_wconf 91' lang='lat' dir='ltr'><strong>non</strong></span> <span class='ocrx_word' id='word_1_238' title='bbox 747 3038 982 3107; x_wconf 90' lang='lat' dir='ltr'><strong>capiunt,</strong></span> <span class='ocrx_word' id='word_1_239' title='bbox 1015 3048 1160 3094; x_wconf 84' lang='lat' dir='ltr'><strong>eteo</strong></span> <span class='ocrx_word' id='word_1_240' title='bbox 1185 3053 1246 3093; x_wconf 91' lang='lat' dir='ltr'><strong>se</strong></span> <span class='ocrx_word' id='word_1_241' title='bbox 1270 3038 1416 3108; x_wconf 91' lang='lat' dir='ltr'><strong>ipsos</strong></span> <span class='ocrx_word' id='word_1_242' title='bbox 1453 3039 1694 3094; x_wconf 86' lang='lat' dir='ltr'><strong>carnales</strong></span> <span class='ocrx_word' id='word_1_243' title='bbox 1714 3054 1833 3095; x_wconf 91' lang='lat' dir='ltr'><strong>esse</strong></span> 
     </span>
    </p>
   </div>
   <div class='ocr_carea' id='block_1_31' title="bbox 238 3131 1832 3204">
    <p class='ocr_par' dir='ltr' id='par_1_31' title="bbox 238 3131 1832 3204">
     <span class='ocr_line' id='line_1_31' title="bbox 238 3131 1832 3204; baseline 0.001 -20"><span class='ocrx_word' id='word_1_244' title='bbox 238 3131 583 3186; x_wconf 76' lang='lat' dir='ltr'><strong>convincunt.</strong></span> <span class='ocrx_word' id='word_1_245' title='bbox 603 3131 750 3200; x_wconf 84' lang='lat' dir='ltr'><strong>Quos</strong></span> <span class='ocrx_word' id='word_1_246' title='bbox 796 3131 1071 3201; x_wconf 91' lang='lat' dir='ltr'><strong>paululum</strong></span> <span class='ocrx_word' id='word_1_247' title='bbox 1122 3132 1273 3202; x_wconf 87' lang='lat' dir='ltr'><strong>quasi</strong></span> <span class='ocrx_word' id='word_1_248' title='bbox 1318 3142 1613 3203; x_wconf 75' lang='lat' dir='ltr'><strong>przesentes</strong></span> <span class='ocrx_word' id='word_1_249' title='bbox 1637 3133 1832 3204; x_wconf 85' lang='lat' dir='ltr'><strong>alloqui</strong></span> 
     </span>
    </p>
   </div>
   <div class='ocr_carea' id='block_1_32' title="bbox 239 3222 1833 3296">
    <p class='ocr_par' dir='ltr' id='par_1_32' title="bbox 239 3222 1833 3296">
     <span class='ocr_line' id='line_1_32' title="bbox 239 3222 1833 3296; baseline 0.001 -18"><span class='ocrx_word' id='word_1_250' title='bbox 239 3222 374 3279; x_wconf 88' lang='lat' dir='ltr'><strong>libet</strong></span> <span class='ocrx_word' id='word_1_251' title='bbox 417 3243 431 3278; x_wconf 94' lang='lat'>:</span> <span class='ocrx_word' id='word_1_252' title='bbox 477 3223 624 3279; x_wconf 87' lang='lat' dir='ltr'><strong>Itane</strong></span> <span class='ocrx_word' id='word_1_253' title='bbox 666 3239 760 3280; x_wconf 89' lang='lat' dir='ltr'><strong>vos</strong></span> <span class='ocrx_word' id='word_1_254' title='bbox 794 3224 863 3280; x_wconf 89' lang='lat' dir='ltr'><strong>ad</strong></span> <span class='ocrx_word' id='word_1_255' title='bbox 904 3240 1026 3280; x_wconf 91' lang='lat' dir='ltr'><strong>eum</strong></span> <span class='ocrx_word' id='word_1_256' title='bbox 1059 3226 1311 3296; x_wconf 89' lang='lat' dir='ltr'><strong>populum</strong></span> <span class='ocrx_word' id='word_1_257' title='bbox 1347 3226 1642 3295; x_wconf 90' lang='lat' dir='ltr'><strong>pertinetis,</strong></span> <span class='ocrx_word' id='word_1_258' title='bbox 1675 3242 1833 3296; x_wconf 84' lang='lat' dir='ltr'><strong>quem</strong></span> 
     </span>
    </p>
   </div>
   <div class='ocr_carea' id='block_1_33' title="bbox 237 3314 1838 3388">
    <p class='ocr_par' dir='ltr' id='par_1_33' title="bbox 237 3314 1838 3388">
     <span class='ocr_line' id='line_1_33' title="bbox 237 3314 1838 3388; baseline 0.002 -19"><span class='ocrx_word' id='word_1_259' title='bbox 237 3315 437 3369; x_wconf 70' lang='lat' dir='ltr'><strong>vocavit</strong></span> <span class='ocrx_word' id='word_1_260' title='bbox 470 3314 611 3370; x_wconf 85' lang='lat' dir='ltr'><strong>Deus</strong></span> <span class='ocrx_word' id='word_1_261' title='bbox 644 3315 856 3370; x_wconf 87' lang='lat' dir='ltr'><strong>deorum</strong></span> <span class='ocrx_word' id='word_1_262' title='bbox 887 3333 920 3369; x_wconf 91' lang='lat' dir='ltr'><strong>a</strong></span> <span class='ocrx_word' id='word_1_263' title='bbox 962 3316 1084 3370; x_wconf 91' lang='lat' dir='ltr'><strong>solis</strong></span> <span class='ocrx_word' id='word_1_264' title='bbox 1113 3325 1226 3371; x_wconf 89' lang='lat' dir='ltr'><strong>ortu</strong></span> <span class='ocrx_word' id='word_1_265' title='bbox 1268 3334 1423 3388; x_wconf 85' lang='lat' dir='ltr'><strong>usque</strong></span> <span class='ocrx_word' id='word_1_266' title='bbox 1463 3318 1532 3371; x_wconf 88' lang='lat' dir='ltr'><strong>ad</strong></span> <span class='ocrx_word' id='word_1_267' title='bbox 1559 3334 1792 3373; x_wconf 88' lang='lat' dir='ltr'><strong>occasum</strong></span> <span class='ocrx_word' id='word_1_268' title='bbox 1812 3320 1838 3373; x_wconf 91' lang='lat'><strong><em>?</em></strong></span> 
     </span>
    </p>
   </div>
   <div class='ocr_carea' id='block_1_34' title="bbox 238 3406 1838 3479">
    <p class='ocr_par' dir='ltr' id='par_1_34' title="bbox 238 3406 1838 3479">
     <span class='ocr_line' id='line_1_34' title="bbox 238 3406 1838 3479; baseline 0.001 -14"><span class='ocrx_word' id='word_1_269' title='bbox 238 3406 432 3465; x_wconf 80' lang='lat' dir='ltr'><strong>Nonne</strong></span> <span class='ocrx_word' id='word_1_270' title='bbox 479 3423 580 3463; x_wconf 79' lang='lat' dir='ltr'><strong>vos</strong></span> <span class='ocrx_word' id='word_1_271' title='bbox 630 3423 698 3464; x_wconf 81' lang='lat' dir='ltr'><strong>ex</strong></span> <span class='ocrx_word' id='word_1_272' title='bbox 737 3406 969 3479; x_wconf 67' lang='lat' dir='ltr'><strong>IEgypto</strong></span> <span class='ocrx_word' id='word_1_273' title='bbox 1014 3408 1067 3462; x_wconf 91' lang='lat' dir='ltr'><strong>in</strong></span> <span class='ocrx_word' id='word_1_274' title='bbox 1108 3416 1306 3464; x_wconf 90' lang='lat' dir='ltr'><strong>terram</strong></span> <span class='ocrx_word' id='word_1_275' title='bbox 1369 3409 1624 3465; x_wconf 87' lang='lat' dir='ltr'><strong>Chanaan</strong></span> <span class='ocrx_word' id='word_1_276' title='bbox 1666 3419 1838 3466; x_wconf 87' lang='lat' dir='ltr'><strong>trans-</strong></span> 
     </span>
    </p>
   </div>
   <div class='ocr_carea' id='block_1_35' title="bbox 238 3499 1837 3573">
    <p class='ocr_par' dir='ltr' id='par_1_35' title="bbox 238 3499 1837 3573">
     <span class='ocr_line' id='line_1_35' title="bbox 238 3499 1837 3573; baseline 0.002 -18"><span class='ocrx_word' id='word_1_277' title='bbox 238 3499 336 3555; x_wconf 83' lang='lat' dir='ltr'><strong>lati</strong></span> <span class='ocrx_word' id='word_1_278' title='bbox 389 3500 562 3555; x_wconf 79' lang='lat' dir='ltr'><strong>estis?</strong></span> <span class='ocrx_word' id='word_1_279' title='bbox 602 3515 711 3555; x_wconf 91' lang='lat' dir='ltr'><strong>non</strong></span> <span class='ocrx_word' id='word_1_280' title='bbox 760 3499 887 3554; x_wconf 90' lang='lat' dir='ltr'><strong>illuc</strong></span> <span class='ocrx_word' id='word_1_281' title='bbox 936 3501 1112 3555; x_wconf 88' lang='lat' dir='ltr'><strong>vocati</strong></span> <span class='ocrx_word' id='word_1_282' title='bbox 1149 3515 1180 3555; x_wconf 91' lang='lat' dir='ltr'><strong>a</strong></span> <span class='ocrx_word' id='word_1_283' title='bbox 1227 3501 1355 3556; x_wconf 92' lang='lat' dir='ltr'><strong>solis</strong></span> <span class='ocrx_word' id='word_1_284' title='bbox 1386 3511 1506 3556; x_wconf 90' lang='lat' dir='ltr'><strong>ortu</strong></span> <span class='ocrx_word' id='word_1_285' title='bbox 1549 3517 1717 3573; x_wconf 90' lang='lat' dir='ltr'><strong>usque</strong></span> <span class='ocrx_word' id='word_1_286' title='bbox 1769 3503 1837 3557; x_wconf 89' lang='lat' dir='ltr'><strong>ad</strong></span> 
     </span>
    </p>
   </div>
   <div class='ocr_carea' id='block_1_36' title="bbox 240 3590 1836 3662">
    <p class='ocr_par' dir='ltr' id='par_1_36' title="bbox 240 3590 1836 3662">
     <span class='ocr_line' id='line_1_36' title="bbox 240 3590 1836 3662; baseline 0.002 -15"><span class='ocrx_word' id='word_1_287' title='bbox 240 3607 514 3659; x_wconf 86' lang='lat' dir='ltr'><strong>occasum,</strong></span> <span class='ocrx_word' id='word_1_288' title='bbox 565 3591 660 3646; x_wconf 92' lang='lat' dir='ltr'><strong>sed</strong></span> <span class='ocrx_word' id='word_1_289' title='bbox 703 3590 828 3647; x_wconf 91' lang='lat' dir='ltr'><strong>inde</strong></span> <span class='ocrx_word' id='word_1_290' title='bbox 873 3590 1104 3662; x_wconf 88' lang='lat' dir='ltr'><strong>dispersi</strong></span> <span class='ocrx_word' id='word_1_291' title='bbox 1151 3593 1204 3647; x_wconf 94' lang='lat' dir='ltr'><strong>in</strong></span> <span class='ocrx_word' id='word_1_292' title='bbox 1259 3593 1390 3648; x_wconf 88' lang='lat' dir='ltr'><strong>solis</strong></span> <span class='ocrx_word' id='word_1_293' title='bbox 1443 3602 1618 3649; x_wconf 88' lang='lat' dir='ltr'><strong>ortum</strong></span> <span class='ocrx_word' id='word_1_294' title='bbox 1676 3605 1728 3650; x_wconf 91' lang='lat' dir='ltr'><strong>et</strong></span> <span class='ocrx_word' id='word_1_295' title='bbox 1781 3595 1836 3650; x_wconf 90' lang='lat' dir='ltr'><strong>in</strong></span> 
     </span>
    </p>
   </div>
   <div class='ocr_carea' id='block_1_37' title="bbox 240 3681 1838 3756">
    <p class='ocr_par' dir='ltr' id='par_1_37' title="bbox 240 3681 1838 3756">
     <span class='ocr_line' id='line_1_37' title="bbox 240 3681 1838 3756; baseline 0.001 -16"><span class='ocrx_word' id='word_1_296' title='bbox 240 3698 513 3740; x_wconf 88' lang='lat' dir='ltr'><strong>occasum.</strong></span> <span class='ocrx_word' id='word_1_297' title='bbox 543 3681 734 3738; x_wconf 87' lang='lat' dir='ltr'><strong>Nonne</strong></span> <span class='ocrx_word' id='word_1_298' title='bbox 758 3697 855 3738; x_wconf 85' lang='lat' dir='ltr'><strong>vos</strong></span> <span class='ocrx_word' id='word_1_299' title='bbox 881 3682 948 3737; x_wconf 88' lang='lat' dir='ltr'><strong>ad</strong></span> <span class='ocrx_word' id='word_1_300' title='bbox 978 3683 1094 3752; x_wconf 89' lang='lat' dir='ltr'><strong>ejus</strong></span> <span class='ocrx_word' id='word_1_301' title='bbox 1122 3683 1366 3739; x_wconf 90' lang='lat' dir='ltr'><strong>inimicos</strong></span> <span class='ocrx_word' id='word_1_302' title='bbox 1395 3685 1570 3754; x_wconf 90' lang='lat' dir='ltr'><strong>potius</strong></span> <span class='ocrx_word' id='word_1_303' title='bbox 1600 3687 1838 3756; x_wconf 87' lang='lat' dir='ltr'><strong>pertine-</strong></span> 
     </span>
    </p>
   </div>
   <div class='ocr_carea' id='block_1_38' title="bbox 240 3765 1842 3847">
    <p class='ocr_par' dir='ltr' id='par_1_38' title="bbox 240 3765 1842 3847">
     <span class='ocr_line' id='line_1_38' title="bbox 240 3765 1842 3847; baseline 0 -16"><span class='ocrx_word' id='word_1_304' title='bbox 240 3776 344 3843; x_wconf 81' lang='lat' dir='ltr'><strong>tis,</strong></span> <span class='ocrx_word' id='word_1_305' title='bbox 375 3776 469 3847; x_wconf 87' lang='lat' dir='ltr'><strong>qui</strong></span> <span class='ocrx_word' id='word_1_306' title='bbox 493 3775 624 3830; x_wconf 88' lang='lat' dir='ltr'><strong>dicit</strong></span> <span class='ocrx_word' id='word_1_307' title='bbox 653 3775 708 3829; x_wconf 91' lang='lat' dir='ltr'><strong>in</strong></span> <span class='ocrx_word' id='word_1_308' title='bbox 733 3774 970 3845; x_wconf 87' lang='lat' dir='ltr'><strong>psalmo,</strong></span> <span class='ocrx_word' id='word_1_309' title='bbox 1001 3765 1313 3830; x_wconf 53' lang='lat' dir='ltr'><strong>Deus&#39;meus</strong></span> <span class='ocrx_word' id='word_1_310' title='bbox 1339 3776 1697 3831; x_wconf 84' lang='lat' dir='ltr'><strong>demonstravit</strong></span> <span class='ocrx_word' id='word_1_311' title='bbox 1717 3779 1842 3832; x_wconf 84' lang='lat' dir='ltr'><strong>mihi</strong></span> 
     </span>
    </p>
   </div>
   <div class='ocr_carea' id='block_1_39' title="bbox 239 3867 1841 3938">
    <p class='ocr_par' dir='ltr' id='par_1_39' title="bbox 239 3867 1841 3938">
     <span class='ocr_line' id='line_1_39' title="bbox 239 3867 1841 3938; baseline 0 -15"><span class='ocrx_word' id='word_1_312' title='bbox 239 3869 300 3923; x_wconf 78' lang='lat' dir='ltr'><strong>in</strong></span> <span class='ocrx_word' id='word_1_313' title='bbox 336 3868 558 3923; x_wconf 85' lang='lat' dir='ltr'><strong>inimicis</strong></span> <span class='ocrx_word' id='word_1_314' title='bbox 594 3867 718 3922; x_wconf 87' lang='lat' dir='ltr'><strong>meis</strong></span> <span class='ocrx_word' id='word_1_315' title='bbox 755 3867 772 3898; x_wconf 65' lang='grc' dir='ltr'>ί</span> <span class='ocrx_word' id='word_1_316' title='bbox 794 3909 811 3934; x_wconf 90' lang='grc'><em>,</em></span> <span class='ocrx_word' id='word_1_317' title='bbox 855 3883 918 3920; x_wconf 89' lang='lat' dir='ltr'><strong>ne</strong></span> <span class='ocrx_word' id='word_1_318' title='bbox 945 3867 1186 3922; x_wconf 87' lang='lat' dir='ltr'><strong>occideris</strong></span> <span class='ocrx_word' id='word_1_319' title='bbox 1210 3883 1294 3921; x_wconf 89' lang='lat' dir='ltr'><strong>eos</strong></span> <span class='ocrx_word' id='word_1_320' title='bbox 1311 3909 1325 3933; x_wconf 96' lang='lat'><strong>,</strong></span> <span class='ocrx_word' id='word_1_321' title='bbox 1356 3884 1419 3921; x_wconf 90' lang='lat' dir='ltr'><strong>ne</strong></span> <span class='ocrx_word' id='word_1_322' title='bbox 1439 3868 1641 3938; x_wconf 84' lang='lat' dir='ltr'><strong>quando</strong></span> <span class='ocrx_word' id='word_1_323' title='bbox 1661 3870 1841 3923; x_wconf 84' lang='lat' dir='ltr'><strong>oblivi-</strong></span> 
     </span>
    </p>
   </div>
   <div class='ocr_carea' id='block_1_40' title="bbox 239 3957 1840 4029">
    <p class='ocr_par' dir='ltr' id='par_1_40' title="bbox 239 3957 1840 4029">
     <span class='ocr_line' id='line_1_40' title="bbox 239 3957 1840 4029; baseline -0.001 -15"><span class='ocrx_word' id='word_1_324' title='bbox 239 3969 459 4014; x_wconf 81' lang='lat' dir='ltr'><strong>scantur</strong></span> <span class='ocrx_word' id='word_1_325' title='bbox 502 3959 625 4028; x_wconf 83' lang='lat' dir='ltr'><strong>legis</strong></span> <span class='ocrx_word' id='word_1_326' title='bbox 666 3968 764 4011; x_wconf 75' lang='lat' dir='ltr'><strong>tuae</strong></span> <span class='ocrx_word' id='word_1_327' title='bbox 793 3972 816 4012; x_wconf 93' lang='lat'><strong><em>:</em></strong></span> <span class='ocrx_word' id='word_1_328' title='bbox 852 3957 1084 4028; x_wconf 86' lang='lat' dir='ltr'><strong>disperge</strong></span> <span class='ocrx_word' id='word_1_329' title='bbox 1121 3957 1238 4011; x_wconf 88' lang='lat' dir='ltr'><strong>illos</strong></span> <span class='ocrx_word' id='word_1_330' title='bbox 1270 3959 1323 4011; x_wconf 90' lang='lat' dir='ltr'><strong>in</strong></span> <span class='ocrx_word' id='word_1_331' title='bbox 1350 3958 1531 4011; x_wconf 87' lang='lat' dir='ltr'><strong>virtute</strong></span> <span class='ocrx_word' id='word_1_332' title='bbox 1554 3966 1640 4012; x_wconf 91' lang='lat' dir='ltr'><strong>tua</strong></span> <span class='ocrx_word' id='word_1_333' title='bbox 1669 3957 1840 4029; x_wconf 87' lang='lat' dir='ltr'><strong>(Psal.</strong></span> 
     </span>
    </p>
   </div>
   <div class='ocr_carea' id='block_1_41' title="bbox 239 4046 1845 4119">
    <p class='ocr_par' dir='ltr' id='par_1_41' title="bbox 239 4046 1845 4119">
     <span class='ocr_line' id='line_1_41' title="bbox 239 4046 1845 4119; baseline -0.001 -12"><span class='ocrx_word' id='word_1_334' title='bbox 239 4065 385 4107; x_wconf 76' lang='lat' dir='ltr'><strong>Lvm</strong></span> <span class='ocrx_word' id='word_1_335' title='bbox 407 4091 425 4115; x_wconf 91' lang='lat'><strong>,</strong></span> <span class='ocrx_word' id='word_1_336' title='bbox 472 4047 610 4119; x_wconf 71' lang='lat' dir='ltr'><strong>l2)?</strong></span> <span class='ocrx_word' id='word_1_337' title='bbox 650 4046 796 4103; x_wconf 84' lang='lat' dir='ltr'><strong>Unde</strong></span> <span class='ocrx_word' id='word_1_338' title='bbox 836 4063 942 4103; x_wconf 92' lang='lat' dir='ltr'><strong>non</strong></span> <span class='ocrx_word' id='word_1_339' title='bbox 987 4047 1358 4104; x_wconf 89' lang='lat' dir='ltr'><strong>obliviscentes</strong></span> <span class='ocrx_word' id='word_1_340' title='bbox 1396 4049 1568 4119; x_wconf 87' lang='lat' dir='ltr'><strong>legem</strong></span> <span class='ocrx_word' id='word_1_341' title='bbox 1597 4049 1722 4117; x_wconf 89' lang='lat' dir='ltr'><strong>Dei,</strong></span> <span class='ocrx_word' id='word_1_342' title='bbox 1749 4050 1845 4105; x_wconf 88' lang='lat' dir='ltr'><strong>sed</strong></span> 
     </span>
    </p>
   </div>
   <div class='ocr_carea' id='block_1_42' title="bbox 239 4137 1842 4208">
    <p class='ocr_par' dir='ltr' id='par_1_42' title="bbox 239 4137 1842 4208">
     <span class='ocr_line' id='line_1_42' title="bbox 239 4137 1842 4208; baseline -0.001 -13"><span class='ocrx_word' id='word_1_343' title='bbox 239 4139 508 4196; x_wconf 82' lang='lat' dir='ltr'><strong>eamdem</strong></span> <span class='ocrx_word' id='word_1_344' title='bbox 550 4137 976 4194; x_wconf 80' lang='lat' dir='ltr'><strong>circumferentes</strong></span> <span class='ocrx_word' id='word_1_345' title='bbox 999 4179 1014 4204; x_wconf 92' lang='lat'><strong>,</strong></span> <span class='ocrx_word' id='word_1_346' title='bbox 1062 4138 1317 4194; x_wconf 88' lang='lat' dir='ltr'><strong>Gentibus</strong></span> <span class='ocrx_word' id='word_1_347' title='bbox 1350 4138 1417 4194; x_wconf 90' lang='lat' dir='ltr'><strong>ad</strong></span> <span class='ocrx_word' id='word_1_348' title='bbox 1445 4140 1805 4196; x_wconf 89' lang='lat' dir='ltr'><strong>testimonium</strong></span> <span class='ocrx_word' id='word_1_349' title='bbox 1826 4182 1842 4208; x_wconf 95' lang='lat'><strong>,</strong></span> 
     </span>
    </p>
   </div>
   <div class='ocr_carea' id='block_1_43' title="bbox 241 4228 1845 4301">
    <p class='ocr_par' dir='ltr' id='par_1_43' title="bbox 241 4228 1845 4301">
     <span class='ocr_line' id='line_1_43' title="bbox 241 4228 1845 4301; baseline 0 -16"><span class='ocrx_word' id='word_1_350' title='bbox 241 4230 404 4285; x_wconf 74' lang='lat' dir='ltr'><strong>vobis</strong></span> <span class='ocrx_word' id='word_1_351' title='bbox 441 4228 512 4283; x_wconf 90' lang='lat' dir='ltr'><strong>ad</strong></span> <span class='ocrx_word' id='word_1_352' title='bbox 547 4228 885 4298; x_wconf 88' lang='lat' dir='ltr'><strong>opprobrium</strong></span> <span class='ocrx_word' id='word_1_353' title='bbox 909 4269 924 4294; x_wconf 91' lang='lat'><strong>,</strong></span> <span class='ocrx_word' id='word_1_354' title='bbox 957 4229 1267 4284; x_wconf 91' lang='lat' dir='ltr'><strong>nescientes</strong></span> <span class='ocrx_word' id='word_1_355' title='bbox 1320 4243 1438 4284; x_wconf 92' lang='lat' dir='ltr'><strong>eam</strong></span> <span class='ocrx_word' id='word_1_356' title='bbox 1467 4231 1662 4301; x_wconf 87' lang='lat' dir='ltr'><strong>populo</strong></span> <span class='ocrx_word' id='word_1_357' title='bbox 1687 4232 1845 4285; x_wconf 91' lang='lat' dir='ltr'><strong>mini-</strong></span> 
     </span>
    </p>
   </div>
   <div class='ocr_carea' id='block_1_44' title="bbox 244 4320 1844 4393">
    <p class='ocr_par' dir='ltr' id='par_1_44' title="bbox 244 4320 1844 4393">
     <span class='ocr_line' id='line_1_44' title="bbox 244 4320 1844 4393; baseline 0.002 -16"><span class='ocrx_word' id='word_1_358' title='bbox 244 4322 464 4386; x_wconf 82' lang='lat' dir='ltr'><strong>stratis,</strong></span> <span class='ocrx_word' id='word_1_359' title='bbox 491 4321 580 4390; x_wconf 90' lang='lat' dir='ltr'><strong>qui</strong></span> <span class='ocrx_word' id='word_1_360' title='bbox 602 4327 823 4376; x_wconf 90' lang='lat' dir='ltr'><strong>vocatus</strong></span> <span class='ocrx_word' id='word_1_361' title='bbox 843 4329 926 4376; x_wconf 91' lang='lat' dir='ltr'><strong>est</strong></span> <span class='ocrx_word' id='word_1_362' title='bbox 949 4336 980 4375; x_wconf 90' lang='lat' dir='ltr'><strong>a</strong></span> <span class='ocrx_word' id='word_1_363' title='bbox 1001 4320 1130 4376; x_wconf 92' lang='lat' dir='ltr'><strong>solis</strong></span> <span class='ocrx_word' id='word_1_364' title='bbox 1156 4329 1277 4376; x_wconf 91' lang='lat' dir='ltr'><strong>ortu</strong></span> <span class='ocrx_word' id='word_1_365' title='bbox 1304 4335 1471 4393; x_wconf 92' lang='lat' dir='ltr'><strong>usque</strong></span> <span class='ocrx_word' id='word_1_366' title='bbox 1489 4323 1556 4378; x_wconf 90' lang='lat' dir='ltr'><strong>ad</strong></span> <span class='ocrx_word' id='word_1_367' title='bbox 1576 4337 1844 4379; x_wconf 89' lang='lat' dir='ltr'><strong>occasum.</strong></span> 
     </span>
    </p>
   </div>
   <div class='ocr_carea' id='block_1_45' title="bbox 245 4413 1851 4488">
    <p class='ocr_par' dir='ltr' id='par_1_45' title="bbox 245 4413 1851 4488">
     <span class='ocr_line' id='line_1_45' title="bbox 245 4413 1851 4488; baseline 0.001 -17"><span class='ocrx_word' id='word_1_368' title='bbox 245 4416 335 4471; x_wconf 78' lang='lat' dir='ltr'><strong>An</strong></span> <span class='ocrx_word' id='word_1_369' title='bbox 372 4429 506 4471; x_wconf 84' lang='lat' dir='ltr'><strong>vero</strong></span> <span class='ocrx_word' id='word_1_370' title='bbox 546 4413 845 4484; x_wconf 76' lang='lat' dir='ltr'><strong>negabitis?</strong></span> <span class='ocrx_word' id='word_1_371' title='bbox 881 4421 935 4469; x_wconf 91' lang='lat' dir='ltr'><strong>et</strong></span> <span class='ocrx_word' id='word_1_372' title='bbox 969 4429 1032 4469; x_wconf 92' lang='lat' dir='ltr'><strong>ea</strong></span> <span class='ocrx_word' id='word_1_373' title='bbox 1061 4429 1182 4484; x_wconf 74' lang='lat' dir='ltr'><strong>quae</strong></span> <span class='ocrx_word' id='word_1_374' title='bbox 1208 4423 1351 4468; x_wconf 89' lang='lat' dir='ltr'><strong>tanta</strong></span> <span class='ocrx_word' id='word_1_375' title='bbox 1379 4417 1690 4472; x_wconf 84' lang='lat' dir='ltr'><strong>auctoritate</strong></span> <span class='ocrx_word' id='word_1_376' title='bbox 1716 4432 1851 4488; x_wconf 65' lang='lat' dir='ltr'><strong>prae-</strong></span> 
     </span>
    </p>
   </div>
   <div class='ocr_carea' id='block_1_46' title="bbox 247 4505 1850 4575">
    <p class='ocr_par' dir='ltr' id='par_1_46' title="bbox 247 4505 1850 4575">
     <span class='ocr_line' id='line_1_46' title="bbox 247 4505 1850 4575; baseline 0 -13"><span class='ocrx_word' id='word_1_377' title='bbox 247 4507 429 4573; x_wconf 85' lang='lat' dir='ltr'><strong>dicta,</strong></span> <span class='ocrx_word' id='word_1_378' title='bbox 478 4513 624 4560; x_wconf 88' lang='lat' dir='ltr'><strong>tanta</strong></span> <span class='ocrx_word' id='word_1_379' title='bbox 669 4505 1096 4560; x_wconf 83' lang='lat' dir='ltr'><strong>manifestatione</strong></span> <span class='ocrx_word' id='word_1_380' title='bbox 1139 4505 1400 4575; x_wconf 87' lang='lat' dir='ltr'><strong>completa</strong></span> <span class='ocrx_word' id='word_1_381' title='bbox 1427 4515 1586 4573; x_wconf 91' lang='lat' dir='ltr'><strong>sunt,</strong></span> <span class='ocrx_word' id='word_1_382' title='bbox 1617 4517 1708 4562; x_wconf 91' lang='lat' dir='ltr'><strong>aut</strong></span> <span class='ocrx_word' id='word_1_383' title='bbox 1732 4523 1850 4562; x_wconf 82' lang='lat' dir='ltr'><strong>ma-</strong></span> 
     </span>
    </p>
   </div>
   <div class='ocr_carea' id='block_1_47' title="bbox 248 4597 1851 4672">
    <p class='ocr_par' dir='ltr' id='par_1_47' title="bbox 248 4597 1851 4672">
     <span class='ocr_line' id='line_1_47' title="bbox 248 4597 1851 4672; baseline 0 -17"><span class='ocrx_word' id='word_1_384' title='bbox 248 4599 369 4672; x_wconf 82' lang='lat' dir='ltr'><strong>jore</strong></span> <span class='ocrx_word' id='word_1_385' title='bbox 413 4599 654 4654; x_wconf 59' lang='lat' dir='ltr'><strong>caecitate</strong></span> <span class='ocrx_word' id='word_1_386' title='bbox 678 4612 786 4652; x_wconf 92' lang='lat' dir='ltr'><strong>non</strong></span> <span class='ocrx_word' id='word_1_387' title='bbox 816 4597 1126 4662; x_wconf 87' lang='lat' dir='ltr'><strong>intuemini,</strong></span> <span class='ocrx_word' id='word_1_388' title='bbox 1158 4607 1250 4652; x_wconf 90' lang='lat' dir='ltr'><strong>aut</strong></span> <span class='ocrx_word' id='word_1_389' title='bbox 1273 4597 1500 4653; x_wconf 90' lang='lat' dir='ltr'><strong>mirabili</strong></span> <span class='ocrx_word' id='word_1_390' title='bbox 1524 4599 1851 4669; x_wconf 89' lang='lat' dir='ltr'><strong>impudentia</strong></span> 
     </span>
    </p>
   </div>
   <div class='ocr_carea' id='block_1_48' title="bbox 249 4689 1849 4762">
    <p class='ocr_par' dir='ltr' id='par_1_48' title="bbox 249 4689 1849 4762">
     <span class='ocr_line' id='line_1_48' title="bbox 249 4689 1849 4762; baseline 0 -14"><span class='ocrx_word' id='word_1_391' title='bbox 249 4705 366 4748; x_wconf 85' lang='lat' dir='ltr'><strong>non</strong></span> <span class='ocrx_word' id='word_1_392' title='bbox 402 4691 684 4747; x_wconf 79' lang='lat' dir='ltr'><strong>fatemini?</strong></span> <span class='ocrx_word' id='word_1_393' title='bbox 727 4691 862 4759; x_wconf 86' lang='lat' dir='ltr'><strong>Quid</strong></span> <span class='ocrx_word' id='word_1_394' title='bbox 902 4705 1030 4762; x_wconf 91' lang='lat' dir='ltr'><strong>ergo</strong></span> <span class='ocrx_word' id='word_1_395' title='bbox 1071 4690 1140 4746; x_wconf 88' lang='lat' dir='ltr'><strong>ad</strong></span> <span class='ocrx_word' id='word_1_396' title='bbox 1179 4689 1307 4746; x_wconf 91' lang='lat' dir='ltr'><strong>illud</strong></span> <span class='ocrx_word' id='word_1_397' title='bbox 1347 4694 1654 4760; x_wconf 88' lang='lat' dir='ltr'><strong>responsuri</strong></span> <span class='ocrx_word' id='word_1_398' title='bbox 1683 4693 1810 4748; x_wconf 88' lang='lat' dir='ltr'><strong>estis</strong></span> <span class='ocrx_word' id='word_1_399' title='bbox 1832 4735 1849 4762; x_wconf 97' lang='lat'><strong>,</strong></span> 
     </span>
    </p>
   </div>
   <div class='ocr_carea' id='block_1_49' title="bbox 246 4783 1854 4858">
    <p class='ocr_par' dir='ltr' id='par_1_49' title="bbox 246 4783 1854 4858">
     <span class='ocr_line' id='line_1_49' title="bbox 246 4783 1854 4858; baseline 0.001 -17"><span class='ocrx_word' id='word_1_400' title='bbox 246 4783 396 4858; x_wconf 87' lang='lat' dir='ltr'><strong>quod</strong></span> <span class='ocrx_word' id='word_1_401' title='bbox 441 4784 605 4840; x_wconf 88' lang='lat' dir='ltr'><strong>Isaias</strong></span> <span class='ocrx_word' id='word_1_402' title='bbox 648 4784 908 4855; x_wconf 88' lang='lat' dir='ltr'><strong>propheta</strong></span> <span class='ocrx_word' id='word_1_403' title='bbox 947 4784 1242 4855; x_wconf 86' lang='lat' dir='ltr'><strong>proclamat</strong></span> <span class='ocrx_word' id='word_1_404' title='bbox 1281 4801 1294 4837; x_wconf 74' lang='grc' dir='ltr'>ε</span> <span class='ocrx_word' id='word_1_405' title='bbox 1336 4784 1451 4838; x_wconf 87' lang='lat' dir='ltr'><strong>Erit</strong></span> <span class='ocrx_word' id='word_1_406' title='bbox 1487 4786 1541 4840; x_wconf 89' lang='lat' dir='ltr'><strong>in</strong></span> <span class='ocrx_word' id='word_1_407' title='bbox 1575 4787 1854 4842; x_wconf 83' lang='lat' dir='ltr'><strong>novissimis</strong></span> 
     </span>
    </p>
   </div>
   <div class='ocr_carea' id='block_1_50' title="bbox 248 4875 1856 4948">
    <p class='ocr_par' dir='ltr' id='par_1_50' title="bbox 248 4875 1856 4948">
     <span class='ocr_line' id='line_1_50' title="bbox 248 4875 1856 4948; baseline 0.001 -16"><span class='ocrx_word' id='word_1_408' title='bbox 248 4878 568 4948; x_wconf 76' lang='lat' dir='ltr'><strong>temporibus</strong></span> <span class='ocrx_word' id='word_1_409' title='bbox 612 4877 914 4948; x_wconf 80' lang='lat' dir='ltr'><strong>manifestus</strong></span> <span class='ocrx_word' id='word_1_410' title='bbox 958 4893 1103 4931; x_wconf 86' lang='lat' dir='ltr'><strong>mons</strong></span> <span class='ocrx_word' id='word_1_411' title='bbox 1137 4876 1316 4931; x_wconf 88' lang='lat' dir='ltr'><strong>domus</strong></span> <span class='ocrx_word' id='word_1_412' title='bbox 1362 4875 1602 4944; x_wconf 90' lang='lat' dir='ltr'><strong>Domini,</strong></span> <span class='ocrx_word' id='word_1_413' title='bbox 1647 4889 1856 4948; x_wconf 86' lang='lat' dir='ltr'><strong>paratus</strong></span> 
     </span>
    </p>
   </div>
   <div class='ocr_carea' id='block_1_51' title="bbox 245 4967 1857 5038">
    <p class='ocr_par' dir='ltr' id='par_1_51' title="bbox 245 4967 1857 5038">
     <span class='ocr_line' id='line_1_51' title="bbox 245 4967 1857 5038; baseline 0.001 -15"><span class='ocrx_word' id='word_1_414' title='bbox 245 4971 307 5024; x_wconf 82' lang='lat' dir='ltr'><strong>in</strong></span> <span class='ocrx_word' id='word_1_415' title='bbox 342 4969 612 5023; x_wconf 85' lang='lat' dir='ltr'><strong>cacumine</strong></span> <span class='ocrx_word' id='word_1_416' title='bbox 649 4968 894 5023; x_wconf 88' lang='lat' dir='ltr'><strong>montium</strong></span> <span class='ocrx_word' id='word_1_417' title='bbox 915 5008 930 5033; x_wconf 91' lang='lat'><strong>,</strong></span> <span class='ocrx_word' id='word_1_418' title='bbox 977 4976 1022 5021; x_wconf 88' lang='lat' dir='ltr'><strong>et</strong></span> <span class='ocrx_word' id='word_1_419' title='bbox 1060 4967 1364 5022; x_wconf 75' lang='lat' dir='ltr'><strong>exaltabitur</strong></span> <span class='ocrx_word' id='word_1_420' title='bbox 1400 4984 1554 5038; x_wconf 88' lang='lat' dir='ltr'><strong>super</strong></span> <span class='ocrx_word' id='word_1_421' title='bbox 1590 4968 1742 5024; x_wconf 90' lang='lat' dir='ltr'><strong>colles</strong></span> <span class='ocrx_word' id='word_1_422' title='bbox 1765 4987 1785 5036; x_wconf 89' lang='lat'><strong><em>;</em></strong></span> <span class='ocrx_word' id='word_1_423' title='bbox 1811 4980 1857 5025; x_wconf 90' lang='lat' dir='ltr'><strong>et</strong></span> 
     </span>
    </p>
   </div>
   <div class='ocr_carea' id='block_1_52' title="bbox 244 5059 1856 5137">
    <p class='ocr_par' dir='ltr' id='par_1_52' title="bbox 244 5059 1856 5137">
     <span class='ocr_line' id='line_1_52' title="bbox 244 5059 1856 5137; baseline 0.001 -21"><span class='ocrx_word' id='word_1_424' title='bbox 244 5063 453 5116; x_wconf 69' lang='lat' dir='ltr'><strong>uenient</strong></span> <span class='ocrx_word' id='word_1_425' title='bbox 498 5061 569 5114; x_wconf 89' lang='lat' dir='ltr'><strong>ad</strong></span> <span class='ocrx_word' id='word_1_426' title='bbox 611 5077 726 5114; x_wconf 89' lang='lat' dir='ltr'><strong>eum</strong></span> <span class='ocrx_word' id='word_1_427' title='bbox 771 5060 1017 5114; x_wconf 74' lang='lat' dir='ltr'><strong>universa:</strong></span> <span class='ocrx_word' id='word_1_428' title='bbox 1057 5069 1260 5129; x_wconf 84' lang='lat' dir='ltr'><strong>gentes,</strong></span> <span class='ocrx_word' id='word_1_429' title='bbox 1310 5069 1356 5114; x_wconf 88' lang='lat' dir='ltr'><strong>et</strong></span> <span class='ocrx_word' id='word_1_430' title='bbox 1395 5059 1561 5114; x_wconf 87' lang='lat' dir='ltr'><strong>dicent</strong></span> <span class='ocrx_word' id='word_1_431' title='bbox 1592 5077 1609 5115; x_wconf 91' lang='lat'><em>:</em></span> <span class='ocrx_word' id='word_1_432' title='bbox 1649 5061 1856 5137; x_wconf 80' lang='lat' dir='ltr'><strong>Venite,</strong></span> 
     </span>
    </p>
   </div>
   <div class='ocr_carea' id='block_1_53' title="bbox 247 5149 1858 5216">
    <p class='ocr_par' dir='ltr' id='par_1_53' title="bbox 247 5149 1858 5216">
     <span class='ocr_line' id='line_1_53' title="bbox 247 5149 1858 5216; baseline 0 -8"><span class='ocrx_word' id='word_1_433' title='bbox 247 5152 592 5208; x_wconf 81' lang='lat' dir='ltr'><strong>ascendamus</strong></span> <span class='ocrx_word' id='word_1_434' title='bbox 629 5152 685 5205; x_wconf 89' lang='lat' dir='ltr'><strong>in</strong></span> <span class='ocrx_word' id='word_1_435' title='bbox 720 5158 940 5205; x_wconf 88' lang='lat' dir='ltr'><strong>montem</strong></span> <span class='ocrx_word' id='word_1_436' title='bbox 977 5149 1215 5216; x_wconf 88' lang='lat' dir='ltr'><strong>Domini,</strong></span> <span class='ocrx_word' id='word_1_437' title='bbox 1245 5159 1290 5204; x_wconf 91' lang='lat' dir='ltr'><strong>et</strong></span> <span class='ocrx_word' id='word_1_438' title='bbox 1318 5151 1373 5204; x_wconf 89' lang='lat' dir='ltr'><strong>in</strong></span> <span class='ocrx_word' id='word_1_439' title='bbox 1397 5151 1605 5205; x_wconf 87' lang='lat' dir='ltr'><strong>domum</strong></span> <span class='ocrx_word' id='word_1_440' title='bbox 1633 5151 1730 5206; x_wconf 89' lang='lat' dir='ltr'><strong>Dei</strong></span> <span class='ocrx_word' id='word_1_441' title='bbox 1759 5154 1858 5208; x_wconf 88' lang='lat' dir='ltr'><strong>Ja-</strong></span> 
     </span>
    </p>
   </div>
   <div class='ocr_carea' id='block_1_54' title="bbox 245 5242 1862 5315">
    <p class='ocr_par' dir='ltr' id='par_1_54' title="bbox 245 5242 1862 5315">
     <span class='ocr_line' id='line_1_54' title="bbox 245 5242 1862 5315; baseline -0.001 -13"><span class='ocrx_word' id='word_1_442' title='bbox 245 5249 342 5303; x_wconf 86' lang='lat' dir='ltr'><strong>cob</strong></span> <span class='ocrx_word' id='word_1_443' title='bbox 367 5288 383 5312; x_wconf 88' lang='lat'><strong>,</strong></span> <span class='ocrx_word' id='word_1_444' title='bbox 432 5256 480 5302; x_wconf 91' lang='lat' dir='ltr'><strong>et</strong></span> <span class='ocrx_word' id='word_1_445' title='bbox 523 5244 846 5299; x_wconf 87' lang='lat' dir='ltr'><strong>annuntiabit</strong></span> <span class='ocrx_word' id='word_1_446' title='bbox 873 5244 1016 5298; x_wconf 89' lang='lat' dir='ltr'><strong>nobis</strong></span> <span class='ocrx_word' id='word_1_447' title='bbox 1040 5244 1174 5297; x_wconf 89' lang='lat' dir='ltr'><strong>viam</strong></span> <span class='ocrx_word' id='word_1_448' title='bbox 1201 5242 1382 5298; x_wconf 85' lang='lat' dir='ltr'><strong>salutis</strong></span> <span class='ocrx_word' id='word_1_449' title='bbox 1402 5285 1419 5309; x_wconf 94' lang='lat'><strong>,</strong></span> <span class='ocrx_word' id='word_1_450' title='bbox 1449 5253 1496 5298; x_wconf 90' lang='lat' dir='ltr'><strong>et</strong></span> <span class='ocrx_word' id='word_1_451' title='bbox 1524 5245 1862 5315; x_wconf 85' lang='lat' dir='ltr'><strong>ingrediemur</strong></span> 
     </span>
    </p>
   </div>
   <div class='ocr_carea' id='block_1_55' title="bbox 246 5333 1863 5404">
    <p class='ocr_par' dir='ltr' id='par_1_55' title="bbox 246 5333 1863 5404">
     <span class='ocr_line' id='line_1_55' title="bbox 246 5333 1863 5404; baseline -0.001 -11"><span class='ocrx_word' id='word_1_452' title='bbox 246 5339 307 5393; x_wconf 67' lang='lat' dir='ltr'><strong>in</strong></span> <span class='ocrx_word' id='word_1_453' title='bbox 344 5354 505 5403; x_wconf 84' lang='lat' dir='ltr'><strong>eam;</strong></span> <span class='ocrx_word' id='word_1_454' title='bbox 542 5353 605 5391; x_wconf 75' lang='lat' dir='ltr'><strong>ea:</strong></span> <span class='ocrx_word' id='word_1_455' title='bbox 644 5335 773 5392; x_wconf 90' lang='lat' dir='ltr'><strong>Sion</strong></span> <span class='ocrx_word' id='word_1_456' title='bbox 815 5335 948 5389; x_wconf 90' lang='lat' dir='ltr'><strong>enim</strong></span> <span class='ocrx_word' id='word_1_457' title='bbox 983 5335 1064 5388; x_wconf 66' lang='lat' dir='ltr'><strong>lex</strong></span> <span class='ocrx_word' id='word_1_458' title='bbox 1091 5333 1285 5404; x_wconf 83' lang='lat' dir='ltr'><strong>prodiet</strong></span> <span class='ocrx_word' id='word_1_459' title='bbox 1307 5376 1322 5401; x_wconf 95' lang='lat'><strong>,</strong></span> <span class='ocrx_word' id='word_1_460' title='bbox 1353 5343 1399 5387; x_wconf 88' lang='lat' dir='ltr'><strong>et</strong></span> <span class='ocrx_word' id='word_1_461' title='bbox 1424 5335 1628 5389; x_wconf 88' lang='lat' dir='ltr'><strong>verbum</strong></span> <span class='ocrx_word' id='word_1_462' title='bbox 1656 5335 1863 5391; x_wconf 89' lang='lat' dir='ltr'><strong>Domini</strong></span> 
     </span>
    </p>
   </div>
   <div class='ocr_carea' id='block_1_56' title="bbox 250 5424 1857 5499">
    <p class='ocr_par' dir='ltr' id='par_1_56' title="bbox 250 5424 1857 5499">
     <span class='ocr_line' id='line_1_56' title="bbox 250 5424 1857 5499; baseline -0.002 -13"><span class='ocrx_word' id='word_1_463' title='bbox 250 5447 317 5486; x_wconf 75' lang='lat' dir='ltr'><strong>ea:</strong></span> <span class='ocrx_word' id='word_1_464' title='bbox 338 5429 634 5484; x_wconf 82' lang='lat' dir='ltr'><strong>Jerusalem</strong></span> <span class='ocrx_word' id='word_1_465' title='bbox 663 5426 816 5499; x_wconf 85' lang='lat' dir='ltr'><strong>(Isai.</strong></span> <span class='ocrx_word' id='word_1_466' title='bbox 843 5442 901 5493; x_wconf 82' lang='grc' dir='ltr'><strong>ιι,</strong></span> <span class='ocrx_word' id='word_1_467' title='bbox 920 5425 956 5479; x_wconf 73' lang='lat'><strong>2</strong></span> <span class='ocrx_word' id='word_1_468' title='bbox 977 5435 1023 5479; x_wconf 91' lang='lat' dir='ltr'><strong>et</strong></span> <span class='ocrx_word' id='word_1_469' title='bbox 1049 5426 1104 5496; x_wconf 79' lang='lat'><strong>5)</strong></span> <span class='ocrx_word' id='word_1_470' title='bbox 1131 5426 1154 5478; x_wconf 87' lang='lat'><strong>?</strong></span> <span class='ocrx_word' id='word_1_471' title='bbox 1182 5426 1262 5480; x_wconf 84' lang='lat' dir='ltr'><strong>An</strong></span> <span class='ocrx_word' id='word_1_472' title='bbox 1292 5431 1348 5480; x_wconf 88' lang='lat' dir='ltr'><strong>et</strong></span> <span class='ocrx_word' id='word_1_473' title='bbox 1374 5424 1462 5480; x_wconf 88' lang='lat' dir='ltr'><strong>hic</strong></span> <span class='ocrx_word' id='word_1_474' title='bbox 1489 5425 1680 5481; x_wconf 89' lang='lat' dir='ltr'><strong>dicturi</strong></span> <span class='ocrx_word' id='word_1_475' title='bbox 1707 5428 1857 5493; x_wconf 89' lang='lat' dir='ltr'><strong>estis,</strong></span> 
     </span>
    </p>
   </div>
   <div class='ocr_carea' id='block_1_57' title="bbox 250 5515 1863 5590">
    <p class='ocr_par' dir='ltr' id='par_1_57' title="bbox 250 5515 1863 5590">
     <span class='ocr_line' id='line_1_57' title="bbox 250 5515 1863 5590; baseline -0.002 -12"><span class='ocrx_word' id='word_1_476' title='bbox 250 5521 365 5578; x_wconf 80' lang='lat' dir='ltr'><strong>Nos</strong></span> <span class='ocrx_word' id='word_1_477' title='bbox 406 5535 630 5585; x_wconf 86' lang='lat' dir='ltr'><strong>sumus;</strong></span> <span class='ocrx_word' id='word_1_478' title='bbox 670 5518 922 5590; x_wconf 90' lang='lat' dir='ltr'><strong>quoniam</strong></span> <span class='ocrx_word' id='word_1_479' title='bbox 965 5515 1188 5572; x_wconf 90' lang='lat' dir='ltr'><strong>audistis</strong></span> <span class='ocrx_word' id='word_1_480' title='bbox 1229 5517 1446 5572; x_wconf 91' lang='lat' dir='ltr'><strong>domum</strong></span> <span class='ocrx_word' id='word_1_481' title='bbox 1471 5517 1635 5574; x_wconf 90' lang='lat' dir='ltr'><strong>Jacob</strong></span> <span class='ocrx_word' id='word_1_482' title='bbox 1660 5527 1713 5573; x_wconf 90' lang='lat' dir='ltr'><strong>et</strong></span> <span class='ocrx_word' id='word_1_483' title='bbox 1735 5518 1863 5575; x_wconf 91' lang='lat' dir='ltr'><strong>Sion</strong></span> 
     </span>
    </p>
   </div>
   <div class='ocr_carea' id='block_1_58' title="bbox 253 5610 1865 5681">
    <p class='ocr_par' dir='ltr' id='par_1_58' title="bbox 253 5610 1865 5681">
     <span class='ocr_line' id='line_1_58' title="bbox 253 5610 1865 5681; baseline -0.003 -8"><span class='ocrx_word' id='word_1_484' title='bbox 253 5625 314 5673; x_wconf 81' lang='lat' dir='ltr'><strong>et</strong></span> <span class='ocrx_word' id='word_1_485' title='bbox 353 5612 696 5672; x_wconf 81' lang='lat' dir='ltr'><strong>Jerusalem?</strong></span> <span class='ocrx_word' id='word_1_486' title='bbox 734 5611 897 5681; x_wconf 90' lang='lat' dir='ltr'><strong>Quasi</strong></span> <span class='ocrx_word' id='word_1_487' title='bbox 940 5625 1039 5668; x_wconf 93' lang='lat' dir='ltr'><strong>nos</strong></span> <span class='ocrx_word' id='word_1_488' title='bbox 1077 5625 1330 5681; x_wconf 80' lang='lat' dir='ltr'><strong>negemus</strong></span> <span class='ocrx_word' id='word_1_489' title='bbox 1367 5610 1435 5666; x_wconf 91' lang='lat' dir='ltr'><strong>de</strong></span> <span class='ocrx_word' id='word_1_490' title='bbox 1475 5612 1679 5668; x_wconf 90' lang='lat' dir='ltr'><strong>semine</strong></span> <span class='ocrx_word' id='word_1_491' title='bbox 1701 5612 1865 5668; x_wconf 86' lang='lat' dir='ltr'><strong>Jaeob</strong></span> 
     </span>
    </p>
   </div>
   <div class='ocr_carea' id='block_1_59' title="bbox 326 5767 1867 5858">
    <p class='ocr_par' dir='ltr' id='par_1_59' title="bbox 326 5767 1867 5858">
     <span class='ocr_line' id='line_1_59' title="bbox 326 5767 1867 5858; baseline -0.001 -16"><span class='ocrx_word' id='word_1_492' title='bbox 326 5793 448 5858; x_wconf 57' lang='lat' dir='ltr'><strong>{tta</strong></span> <span class='ocrx_word' id='word_1_493' title='bbox 486 5797 618 5858; x_wconf 56' lang='lat' dir='ltr'><strong>Mss,</strong></span> <span class='ocrx_word' id='word_1_494' title='bbox 640 5802 736 5840; x_wconf 89' lang='lat' dir='ltr'><strong>nec</strong></span> <span class='ocrx_word' id='word_1_495' title='bbox 754 5790 911 5858; x_wconf 64' lang='lat' dir='ltr'><strong>aliter</strong></span> <span class='ocrx_word' id='word_1_496' title='bbox 949 5791 1073 5858; x_wconf 74' lang='lat' dir='ltr'><strong>legit</strong></span> <span class='ocrx_word' id='word_1_497' title='bbox 1115 5789 1427 5858; x_wconf 41' lang='lat' dir='ltr'><strong>Augustinus,</strong></span> <span class='ocrx_word' id='word_1_498' title='bbox 1465 5795 1630 5858; x_wconf 60' lang='lat' dir='ltr'><strong>gnarr.</strong></span> <span class='ocrx_word' id='word_1_499' title='bbox 1668 5767 1867 5858; x_wconf 79' lang='lat' dir='ltr'><strong>in_li_un_c</strong></span> 
     </span>
    </p>
   </div>
   <div class='ocr_carea' id='block_1_60' title="bbox 255 5850 1865 5923">
    <p class='ocr_par' dir='ltr' id='par_1_60' title="bbox 255 5850 1865 5923">
     <span class='ocr_line' id='line_1_60' title="bbox 255 5850 1865 5923; baseline 0.004 -21"><span class='ocrx_word' id='word_1_500' title='bbox 255 5853 505 5922; x_wconf 70' lang='lat' dir='ltr'><strong>psaltriam</strong></span> <span class='ocrx_word' id='word_1_501' title='bbox 624 5859 697 5923; x_wconf 76' lang='lat' dir='ltr'><strong>_At_</strong></span> <span class='ocrx_word' id='word_1_502' title='bbox 706 5850 1092 5923; x_wconf 34' lang='lat' dir='ltr'><strong>editioferebant,‘</strong></span> <span class='ocrx_word' id='word_1_503' title='bbox 1116 5850 1530 5923; x_wconf 62' lang='lat' dir='ltr'><strong>demonstra</strong></span> <span class='ocrx_word' id='word_1_504' title='bbox 1559 5851 1682 5904; x_wconf 78' lang='lat' dir='ltr'><strong>inter</strong></span> <span class='ocrx_word' id='word_1_505' title='bbox 1705 5852 1865 5908; x_wconf 64' lang='lat' dir='ltr'><strong>inlini-</strong></span> 
     </span>
    </p>
   </div>
   <div class='ocr_carea' id='block_1_61' title="bbox 259 5911 1551 5980">
    <p class='ocr_par' dir='ltr' id='par_1_61' title="bbox 259 5911 1551 5980">
     <span class='ocr_line' id='line_1_61' title="bbox 259 5911 1551 5980; baseline 0.003 -18"><span class='ocrx_word' id='word_1_506' title='bbox 259 5911 346 5974; x_wconf 77' lang='grc' dir='ltr'><strong>ἱοσ</strong></span> <span class='ocrx_word' id='word_1_507' title='bbox 367 5929 521 5968; x_wconf 83' lang='lat' dir='ltr'><strong>meos.</strong></span> <span class='ocrx_word' id='word_1_508' title='bbox 545 5922 599 5966; x_wconf 80' lang='lat' dir='ltr'><strong>Et</strong></span> <span class='ocrx_word' id='word_1_509' title='bbox 623 5914 766 5977; x_wconf 78' lang='lat' dir='ltr'><strong>intra,</strong></span> <span class='ocrx_word' id='word_1_510' title='bbox 795 5912 1016 5980; x_wconf 85' lang='lat' dir='ltr'><strong>disperge</strong></span> <span class='ocrx_word' id='word_1_511' title='bbox 1037 5911 1144 5967; x_wconf 86' lang='lat' dir='ltr'><strong>illos</strong></span> <span class='ocrx_word' id='word_1_512' title='bbox 1165 5913 1218 5966; x_wconf 90' lang='lat' dir='ltr'><strong>in</strong></span> <span class='ocrx_word' id='word_1_513' title='bbox 1233 5911 1428 5965; x_wconf 86' lang='lat' dir='ltr'><strong>veritate</strong></span> <span class='ocrx_word' id='word_1_514' title='bbox 1450 5918 1551 5966; x_wconf 79' lang='lat' dir='ltr'><strong>tua.</strong></span> 
     </span>
    </p>
   </div>
   <div class='ocr_carea' id='block_1_62' title="bbox 1933 547 3516 630">
    <p class='ocr_par' dir='ltr' id='par_1_62' title="bbox 1933 547 3516 630">
     <span class='ocr_line' id='line_1_62' title="bbox 1933 547 3516 630; baseline 0.009 -30"><span class='ocrx_word' id='word_1_515' title='bbox 1933 559 2053 602; x_wconf 91' lang='lat' dir='ltr'><strong>esse</strong></span> <span class='ocrx_word' id='word_1_516' title='bbox 2093 547 2364 605; x_wconf 88' lang='lat' dir='ltr'><strong>Christum</strong></span> <span class='ocrx_word' id='word_1_517' title='bbox 2408 551 2691 609; x_wconf 91' lang='lat' dir='ltr'><strong>Dominum</strong></span> <span class='ocrx_word' id='word_1_518' title='bbox 2731 556 3020 614; x_wconf 90' lang='lat' dir='ltr'><strong>secundum</strong></span> <span class='ocrx_word' id='word_1_519' title='bbox 3048 571 3292 627; x_wconf 88' lang='lat' dir='ltr'><strong>carnem,</strong></span> <span class='ocrx_word' id='word_1_520' title='bbox 3321 558 3414 630; x_wconf 88' lang='lat' dir='ltr'><strong>qui</strong></span> <span class='ocrx_word' id='word_1_521' title='bbox 3437 558 3516 615; x_wconf 87' lang='lat' dir='ltr'><strong>si-</strong></span> 
     </span>
    </p>
   </div>
   <div class='ocr_carea' id='block_1_63' title="bbox 1929 637 3516 722">
    <p class='ocr_par' dir='ltr' id='par_1_63' title="bbox 1929 637 3516 722">
     <span class='ocr_line' id='line_1_63' title="bbox 1929 637 3516 722; baseline 0.011 -32"><span class='ocrx_word' id='word_1_522' title='bbox 1929 637 2205 708; x_wconf 84' lang='lat' dir='ltr'><strong>gniﬁcatus</strong></span> <span class='ocrx_word' id='word_1_523' title='bbox 2246 651 2329 698; x_wconf 89' lang='lat' dir='ltr'><strong>est</strong></span> <span class='ocrx_word' id='word_1_524' title='bbox 2363 645 2620 711; x_wconf 85' lang='lat' dir='ltr'><strong>vocabulo</strong></span> <span class='ocrx_word' id='word_1_525' title='bbox 2651 650 2849 704; x_wconf 89' lang='lat' dir='ltr'><strong>montis</strong></span> <span class='ocrx_word' id='word_1_526' title='bbox 2879 651 3047 718; x_wconf 89' lang='lat' dir='ltr'><strong>parati</strong></span> <span class='ocrx_word' id='word_1_527' title='bbox 3074 666 3232 722; x_wconf 90' lang='lat' dir='ltr'><strong>super</strong></span> <span class='ocrx_word' id='word_1_528' title='bbox 3258 665 3516 707; x_wconf 88' lang='lat' dir='ltr'><strong>cacumen</strong></span> 
     </span>
    </p>
   </div>
   <div class='ocr_carea' id='block_1_64' title="bbox 1930 732 3517 813">
    <p class='ocr_par' dir='ltr' id='par_1_64' title="bbox 1930 732 3517 813">
     <span class='ocr_line' id='line_1_64' title="bbox 1930 732 3517 813; baseline 0.009 -30"><span class='ocrx_word' id='word_1_529' title='bbox 1930 732 2221 799; x_wconf 90' lang='lat' dir='ltr'><strong>montium,</strong></span> <span class='ocrx_word' id='word_1_530' title='bbox 2268 735 2409 804; x_wconf 90' lang='lat' dir='ltr'><strong>quod</strong></span> <span class='ocrx_word' id='word_1_531' title='bbox 2453 751 2638 794; x_wconf 87' lang='lat' dir='ltr'><strong>omnes</strong></span> <span class='ocrx_word' id='word_1_532' title='bbox 2676 741 3056 797; x_wconf 73' lang='lat' dir='ltr'><strong>celsitudines&#39;</strong></span> <span class='ocrx_word' id='word_1_533' title='bbox 3099 743 3216 813; x_wconf 89' lang='lat' dir='ltr'><strong>ejus</strong></span> <span class='ocrx_word' id='word_1_534' title='bbox 3257 743 3517 799; x_wconf 91' lang='lat' dir='ltr'><strong>celsitudo</strong></span> 
     </span>
    </p>
   </div>
   <div class='ocr_carea' id='block_1_65' title="bbox 1930 824 3516 904">
    <p class='ocr_par' dir='ltr' id='par_1_65' title="bbox 1930 824 3516 904">
     <span class='ocr_line' id='line_1_65' title="bbox 1930 824 3516 904; baseline 0.009 -27"><span class='ocrx_word' id='word_1_535' title='bbox 1930 824 2259 881; x_wconf 88' lang='lat' dir='ltr'><strong>transcendit</strong></span> <span class='ocrx_word' id='word_1_536' title='bbox 2294 845 2306 881; x_wconf 94' lang='lat'><strong>:</strong></span> <span class='ocrx_word' id='word_1_537' title='bbox 2335 836 2426 883; x_wconf 91' lang='lat' dir='ltr'><strong>aut</strong></span> <span class='ocrx_word' id='word_1_538' title='bbox 2445 845 2696 900; x_wconf 87' lang='lat' dir='ltr'><strong>negemus</strong></span> <span class='ocrx_word' id='word_1_539' title='bbox 2725 833 3007 904; x_wconf 89' lang='lat' dir='ltr'><strong>Apostolos</strong></span> <span class='ocrx_word' id='word_1_540' title='bbox 3027 844 3081 891; x_wconf 87' lang='lat' dir='ltr'><strong>et</strong></span> <span class='ocrx_word' id='word_1_541' title='bbox 3099 835 3218 891; x_wconf 88' lang='lat' dir='ltr'><strong>illas</strong></span> <span class='ocrx_word' id='word_1_542' title='bbox 3248 835 3516 893; x_wconf 79' lang='lat' dir='ltr'><strong>Ecclesias</strong></span> 
     </span>
    </p>
   </div>
   <div class='ocr_carea' id='block_1_66' title="bbox 1929 912 3516 988">
    <p class='ocr_par' dir='ltr' id='par_1_66' title="bbox 1929 912 3516 988">
     <span class='ocr_line' id='line_1_66' title="bbox 1929 912 3516 988; baseline 0.008 -19"><span class='ocrx_word' id='word_1_543' title='bbox 1929 912 2129 970; x_wconf 81' lang='lat' dir='ltr'><strong>Judaeae</strong></span> <span class='ocrx_word' id='word_1_544' title='bbox 2151 957 2167 984; x_wconf 96' lang='lat'><strong>,</strong></span> <span class='ocrx_word' id='word_1_545' title='bbox 2200 933 2318 987; x_wconf 81' lang='lat' dir='ltr'><strong>quae</strong></span> <span class='ocrx_word' id='word_1_546' title='bbox 2343 927 2465 988; x_wconf 92' lang='lat' dir='ltr'><strong>post</strong></span> <span class='ocrx_word' id='word_1_547' title='bbox 2483 918 2676 977; x_wconf 89' lang='lat' dir='ltr'><strong>Christi</strong></span> <span class='ocrx_word' id='word_1_548' title='bbox 2694 926 3135 981; x_wconf 87' lang='lat' dir='ltr'><strong>resurrectionem</strong></span> <span class='ocrx_word' id='word_1_549' title='bbox 3165 925 3216 980; x_wconf 92' lang='lat' dir='ltr'><strong>in</strong></span> <span class='ocrx_word' id='word_1_550' title='bbox 3237 941 3358 981; x_wconf 91' lang='lat' dir='ltr'><strong>eum</strong></span> <span class='ocrx_word' id='word_1_551' title='bbox 3380 941 3516 981; x_wconf 84' lang='lat' dir='ltr'><strong>con-</strong></span> 
     </span>
    </p>
   </div>
   <div class='ocr_carea' id='block_1_67' title="bbox 1931 1006 3522 1088">
    <p class='ocr_par' dir='ltr' id='par_1_67' title="bbox 1931 1006 3522 1088">
     <span class='ocr_line' id='line_1_67' title="bbox 1931 1006 3522 1088; baseline 0.008 -28"><span class='ocrx_word' id='word_1_552' title='bbox 1931 1006 2081 1062; x_wconf 89' lang='lat' dir='ltr'><strong>tinuo</strong></span> <span class='ocrx_word' id='word_1_553' title='bbox 2120 1008 2461 1066; x_wconf 88' lang='lat' dir='ltr'><strong>crediderunt</strong></span> <span class='ocrx_word' id='word_1_554' title='bbox 2483 1052 2499 1080; x_wconf 93' lang='lat'><strong>,</strong></span> <span class='ocrx_word' id='word_1_555' title='bbox 2541 1013 2609 1068; x_wconf 88' lang='lat' dir='ltr'><strong>ad</strong></span> <span class='ocrx_word' id='word_1_556' title='bbox 2648 1014 2861 1071; x_wconf 92' lang='lat' dir='ltr'><strong>domum</strong></span> <span class='ocrx_word' id='word_1_557' title='bbox 2889 1016 3055 1072; x_wconf 88' lang='lat' dir='ltr'><strong>Jacob</strong></span> <span class='ocrx_word' id='word_1_558' title='bbox 3083 1018 3350 1088; x_wconf 88' lang='lat' dir='ltr'><strong>pertinere</strong></span> <span class='ocrx_word' id='word_1_559' title='bbox 3381 1035 3395 1071; x_wconf 88' lang='lat'><strong>:</strong></span> <span class='ocrx_word' id='word_1_560' title='bbox 3427 1025 3522 1073; x_wconf 88' lang='lat' dir='ltr'><strong>aut</strong></span> 
     </span>
    </p>
   </div>
   <div class='ocr_carea' id='block_1_68' title="bbox 1930 1103 3518 1182">
    <p class='ocr_par' dir='ltr' id='par_1_68' title="bbox 1930 1103 3518 1182">
     <span class='ocr_line' id='line_1_68' title="bbox 1930 1103 3518 1182; baseline 0.008 -28"><span class='ocrx_word' id='word_1_561' title='bbox 1930 1115 2060 1156; x_wconf 90' lang='lat' dir='ltr'><strong>vero</strong></span> <span class='ocrx_word' id='word_1_562' title='bbox 2101 1103 2234 1158; x_wconf 89' lang='lat' dir='ltr'><strong>alius</strong></span> <span class='ocrx_word' id='word_1_563' title='bbox 2277 1104 2650 1176; x_wconf 82' lang='lat' dir='ltr'><strong>intelligendus</strong></span> <span class='ocrx_word' id='word_1_564' title='bbox 2675 1107 2744 1162; x_wconf 89' lang='lat' dir='ltr'><strong>sit</strong></span> <span class='ocrx_word' id='word_1_565' title='bbox 2769 1110 3112 1180; x_wconf 77' lang='lat' dir='ltr'><strong>Spiritualiter</strong></span> <span class='ocrx_word' id='word_1_566' title='bbox 3133 1109 3326 1178; x_wconf 86' lang='lat' dir='ltr'><strong>Jacob,</strong></span> <span class='ocrx_word' id='word_1_567' title='bbox 3359 1127 3518 1182; x_wconf 89' lang='lat' dir='ltr'><strong>quam</strong></span> 
     </span>
    </p>
   </div>
   <div class='ocr_carea' id='block_1_69' title="bbox 1930 1193 3522 1272">
    <p class='ocr_par' dir='ltr' id='par_1_69' title="bbox 1930 1193 3522 1272">
     <span class='ocr_line' id='line_1_69' title="bbox 1930 1193 3522 1272; baseline 0.008 -24"><span class='ocrx_word' id='word_1_568' title='bbox 1930 1193 2044 1264; x_wconf 90' lang='lat' dir='ltr'><strong>ipse</strong></span> <span class='ocrx_word' id='word_1_569' title='bbox 2089 1197 2312 1266; x_wconf 90' lang='lat' dir='ltr'><strong>populus</strong></span> <span class='ocrx_word' id='word_1_570' title='bbox 2362 1200 2680 1255; x_wconf 88' lang='lat' dir='ltr'><strong>christianus</strong></span> <span class='ocrx_word' id='word_1_571' title='bbox 2705 1219 2719 1268; x_wconf 92' lang='lat'>;</span> <span class='ocrx_word' id='word_1_572' title='bbox 2747 1203 2979 1272; x_wconf 87' lang='lat' dir='ltr'><strong>quicum</strong></span> <span class='ocrx_word' id='word_1_573' title='bbox 3009 1206 3080 1260; x_wconf 85' lang='lat' dir='ltr'><strong>sit</strong></span> <span class='ocrx_word' id='word_1_574' title='bbox 3135 1205 3310 1260; x_wconf 88' lang='lat' dir='ltr'><strong>minor</strong></span> <span class='ocrx_word' id='word_1_575' title='bbox 3352 1216 3522 1271; x_wconf 85' lang='lat' dir='ltr'><strong>natu,</strong></span> 
     </span>
    </p>
   </div>
   <div class='ocr_carea' id='block_1_70' title="bbox 1930 1287 3521 1359">
    <p class='ocr_par' dir='ltr' id='par_1_70' title="bbox 1930 1287 3521 1359">
     <span class='ocr_line' id='line_1_70' title="bbox 1930 1287 3521 1359; baseline 0.008 -21"><span class='ocrx_word' id='word_1_576' title='bbox 1930 1299 2088 1354; x_wconf 90' lang='lat' dir='ltr'><strong>quam</strong></span> <span class='ocrx_word' id='word_1_577' title='bbox 2129 1287 2356 1357; x_wconf 91' lang='lat' dir='ltr'><strong>populus</strong></span> <span class='ocrx_word' id='word_1_578' title='bbox 2397 1289 2732 1359; x_wconf 77' lang='lat' dir='ltr'><strong>Judaeorum,</strong></span> <span class='ocrx_word' id='word_1_579' title='bbox 2763 1301 2936 1348; x_wconf 88' lang='lat' dir='ltr'><strong>tamen</strong></span> <span class='ocrx_word' id='word_1_580' title='bbox 2963 1310 3082 1350; x_wconf 92' lang='lat' dir='ltr'><strong>eum</strong></span> <span class='ocrx_word' id='word_1_581' title='bbox 3109 1296 3397 1352; x_wconf 88' lang='lat' dir='ltr'><strong>crescendo</strong></span> <span class='ocrx_word' id='word_1_582' title='bbox 3424 1312 3521 1353; x_wconf 81' lang='lat' dir='ltr'><strong>su-</strong></span> 
     </span>
    </p>
   </div>
   <div class='ocr_carea' id='block_1_71' title="bbox 1929 1378 3522 1455">
    <p class='ocr_par' dir='ltr' id='par_1_71' title="bbox 1929 1378 3522 1455">
     <span class='ocr_line' id='line_1_71' title="bbox 1929 1378 3522 1455; baseline 0.007 -24"><span class='ocrx_word' id='word_1_583' title='bbox 1929 1385 2081 1447; x_wconf 90' lang='lat' dir='ltr'><strong>perat</strong></span> <span class='ocrx_word' id='word_1_584' title='bbox 2102 1378 2122 1408; x_wconf 84' lang='grc'><strong><em>²</em></strong></span> <span class='ocrx_word' id='word_1_585' title='bbox 2140 1417 2153 1441; x_wconf 89' lang='grc'><strong><em>,</em></strong></span> <span class='ocrx_word' id='word_1_586' title='bbox 2202 1386 2255 1433; x_wconf 90' lang='lat' dir='ltr'><strong>et</strong></span> <span class='ocrx_word' id='word_1_587' title='bbox 2279 1379 2457 1439; x_wconf 89' lang='lat' dir='ltr'><strong>subdit</strong></span> <span class='ocrx_word' id='word_1_588' title='bbox 2489 1399 2502 1436; x_wconf 92' lang='lat'><strong>:</strong></span> <span class='ocrx_word' id='word_1_589' title='bbox 2534 1391 2594 1436; x_wconf 92' lang='lat' dir='ltr'><strong>ut</strong></span> <span class='ocrx_word' id='word_1_590' title='bbox 2619 1383 2903 1453; x_wconf 88' lang='lat' dir='ltr'><strong>impleatur</strong></span> <span class='ocrx_word' id='word_1_591' title='bbox 2929 1385 3068 1455; x_wconf 91' lang='lat' dir='ltr'><strong>quod</strong></span> <span class='ocrx_word' id='word_1_592' title='bbox 3095 1386 3161 1441; x_wconf 92' lang='lat' dir='ltr'><strong>de</strong></span> <span class='ocrx_word' id='word_1_593' title='bbox 3188 1387 3391 1442; x_wconf 90' lang='lat' dir='ltr'><strong>duobus</strong></span> <span class='ocrx_word' id='word_1_594' title='bbox 3418 1386 3522 1442; x_wconf 91' lang='lat' dir='ltr'><strong>illis</strong></span> 
     </span>
    </p>
   </div>
   <div class='ocr_carea' id='block_1_72' title="bbox 1930 1468 3525 1548">
    <p class='ocr_par' dir='ltr' id='par_1_72' title="bbox 1930 1468 3525 1548">
     <span class='ocr_line' id='line_1_72' title="bbox 1930 1468 3525 1548; baseline 0.005 -24"><span class='ocrx_word' id='word_1_595' title='bbox 1930 1468 2181 1526; x_wconf 82' lang='lat' dir='ltr'><strong>fratribus</strong></span> <span class='ocrx_word' id='word_1_596' title='bbox 2226 1472 2278 1526; x_wconf 93' lang='lat' dir='ltr'><strong>in</strong></span> <span class='ocrx_word' id='word_1_597' title='bbox 2321 1473 2487 1544; x_wconf 78' lang='lat' dir='ltr'><strong>ﬁgura</strong></span> <span class='ocrx_word' id='word_1_598' title='bbox 2529 1476 2840 1545; x_wconf 69' lang='lat' dir='ltr'><strong>praedictum</strong></span> <span class='ocrx_word' id='word_1_599' title='bbox 2880 1486 2997 1544; x_wconf 90' lang='lat' dir='ltr'><strong>est,</strong></span> <span class='ocrx_word' id='word_1_600' title='bbox 3044 1474 3112 1531; x_wconf 89' lang='lat' dir='ltr'><strong>Et</strong></span> <span class='ocrx_word' id='word_1_601' title='bbox 3152 1479 3316 1548; x_wconf 81' lang='lat' dir='ltr'><strong>maior</strong></span> <span class='ocrx_word' id='word_1_602' title='bbox 3344 1479 3525 1534; x_wconf 84' lang='lat' dir='ltr'><strong>serviet</strong></span> 
     </span>
    </p>
   </div>
   <div class='ocr_carea' id='block_1_73' title="bbox 1929 1561 3523 1638">
    <p class='ocr_par' dir='ltr' id='par_1_73' title="bbox 1929 1561 3523 1638">
     <span class='ocr_line' id='line_1_73' title="bbox 1929 1561 3523 1638; baseline 0.006 -24"><span class='ocrx_word' id='word_1_603' title='bbox 1929 1562 2115 1616; x_wconf 88' lang='lat' dir='ltr'><strong>minori</strong></span> <span class='ocrx_word' id='word_1_604' title='bbox 2159 1561 2317 1634; x_wconf 82' lang='lat' dir='ltr'><strong>(Gen.</strong></span> <span class='ocrx_word' id='word_1_605' title='bbox 2367 1581 2509 1632; x_wconf 83' lang='lat' dir='ltr'><strong>xxv,</strong></span> <span class='ocrx_word' id='word_1_606' title='bbox 2557 1566 2685 1638; x_wconf 75' lang='grc'><strong>25).</strong></span> <span class='ocrx_word' id='word_1_607' title='bbox 2737 1566 2865 1622; x_wconf 90' lang='lat' dir='ltr'><strong>Sion</strong></span> <span class='ocrx_word' id='word_1_608' title='bbox 2910 1575 3086 1623; x_wconf 88' lang='lat' dir='ltr'><strong>autem</strong></span> <span class='ocrx_word' id='word_1_609' title='bbox 3134 1576 3188 1624; x_wconf 90' lang='lat' dir='ltr'><strong>et</strong></span> <span class='ocrx_word' id='word_1_610' title='bbox 3229 1567 3523 1624; x_wconf 82' lang='lat' dir='ltr'><strong>Jerusalem</strong></span> 
     </span>
    </p>
   </div>
   <div class='ocr_carea' id='block_1_74' title="bbox 1931 1654 3525 1728">
    <p class='ocr_par' dir='ltr' id='par_1_74' title="bbox 1931 1654 3525 1728">
     <span class='ocr_line' id='line_1_74' title="bbox 1931 1654 3525 1728; baseline 0.005 -22"><span class='ocrx_word' id='word_1_611' title='bbox 1931 1654 2173 1722; x_wconf 90' lang='lat' dir='ltr'><strong>quamvis</strong></span> <span class='ocrx_word' id='word_1_612' title='bbox 2215 1655 2559 1724; x_wconf 90' lang='lat' dir='ltr'><strong>spiritualiter</strong></span> <span class='ocrx_word' id='word_1_613' title='bbox 2597 1658 2920 1728; x_wconf 84' lang='lat' dir='ltr'><strong>intelligatur</strong></span> <span class='ocrx_word' id='word_1_614' title='bbox 2942 1658 3183 1713; x_wconf 89' lang='lat' dir='ltr'><strong>Ecclesia</strong></span> <span class='ocrx_word' id='word_1_615' title='bbox 3205 1700 3220 1724; x_wconf 93' lang='lat'><strong>,</strong></span> <span class='ocrx_word' id='word_1_616' title='bbox 3249 1659 3417 1728; x_wconf 83' lang='lat' dir='ltr'><strong>magis</strong></span> <span class='ocrx_word' id='word_1_617' title='bbox 3445 1669 3525 1714; x_wconf 85' lang='lat' dir='ltr'><strong>ta-</strong></span> 
     </span>
    </p>
   </div>
   <div class='ocr_carea' id='block_1_75' title="bbox 1931 1744 3525 1820">
    <p class='ocr_par' dir='ltr' id='par_1_75' title="bbox 1931 1744 3525 1820">
     <span class='ocr_line' id='line_1_75' title="bbox 1931 1744 3525 1820; baseline 0.004 -21"><span class='ocrx_word' id='word_1_618' title='bbox 1931 1759 2055 1799; x_wconf 91' lang='lat' dir='ltr'><strong>men</strong></span> <span class='ocrx_word' id='word_1_619' title='bbox 2101 1744 2354 1800; x_wconf 88' lang='lat' dir='ltr'><strong>adversus</strong></span> <span class='ocrx_word' id='word_1_620' title='bbox 2397 1746 2528 1803; x_wconf 90' lang='lat' dir='ltr'><strong>istos</strong></span> <span class='ocrx_word' id='word_1_621' title='bbox 2566 1747 2815 1804; x_wconf 90' lang='lat' dir='ltr'><strong>idoneum</strong></span> <span class='ocrx_word' id='word_1_622' title='bbox 2861 1749 3224 1805; x_wconf 87' lang='lat' dir='ltr'><strong>testimonium</strong></span> <span class='ocrx_word' id='word_1_623' title='bbox 3259 1757 3374 1815; x_wconf 90' lang='lat' dir='ltr'><strong>est,</strong></span> <span class='ocrx_word' id='word_1_624' title='bbox 3402 1750 3525 1820; x_wconf 86' lang='lat' dir='ltr'><strong>quia</strong></span> 
     </span>
    </p>
   </div>
   <div class='ocr_carea' id='block_1_76' title="bbox 1932 1835 3527 1909">
    <p class='ocr_par' dir='ltr' id='par_1_76' title="bbox 1932 1835 3527 1909">
     <span class='ocr_line' id='line_1_76' title="bbox 1932 1835 3527 1909; baseline 0.004 -17"><span class='ocrx_word' id='word_1_625' title='bbox 1932 1851 2000 1892; x_wconf 81' lang='lat' dir='ltr'><strong>ex</strong></span> <span class='ocrx_word' id='word_1_626' title='bbox 2028 1835 2151 1904; x_wconf 71' lang='lat' dir='ltr'><strong>{isto</strong></span> <span class='ocrx_word' id='word_1_627' title='bbox 2188 1837 2340 1902; x_wconf 91' lang='lat' dir='ltr'><strong>loco,</strong></span> <span class='ocrx_word' id='word_1_628' title='bbox 2387 1838 2476 1895; x_wconf 93' lang='lat' dir='ltr'><strong>ubi</strong></span> <span class='ocrx_word' id='word_1_629' title='bbox 2519 1837 2784 1896; x_wconf 87' lang='lat' dir='ltr'><strong>Christum</strong></span> <span class='ocrx_word' id='word_1_630' title='bbox 2828 1840 3239 1909; x_wconf 82' lang='lat' dir='ltr'><strong>cruciﬁxerunt,</strong></span> <span class='ocrx_word' id='word_1_631' title='bbox 3279 1851 3332 1897; x_wconf 92' lang='lat' dir='ltr'><strong>et</strong></span> <span class='ocrx_word' id='word_1_632' title='bbox 3357 1842 3443 1897; x_wconf 84' lang='lat' dir='ltr'><strong>lex</strong></span> <span class='ocrx_word' id='word_1_633' title='bbox 3467 1851 3527 1898; x_wconf 89' lang='lat' dir='ltr'><strong>et</strong></span> 
     </span>
    </p>
   </div>
   <div class='ocr_carea' id='block_1_77' title="bbox 1931 1928 3527 2003">
    <p class='ocr_par' dir='ltr' id='par_1_77' title="bbox 1931 1928 3527 2003">
     <span class='ocr_line' id='line_1_77' title="bbox 1931 1928 3527 2003; baseline 0.003 -21"><span class='ocrx_word' id='word_1_634' title='bbox 1931 1928 2154 1983; x_wconf 85' lang='lat' dir='ltr'><strong>verbum</strong></span> <span class='ocrx_word' id='word_1_635' title='bbox 2199 1929 2407 1983; x_wconf 90' lang='lat' dir='ltr'><strong>Domini</strong></span> <span class='ocrx_word' id='word_1_636' title='bbox 2453 1931 2713 2000; x_wconf 90' lang='lat' dir='ltr'><strong>processit</strong></span> <span class='ocrx_word' id='word_1_637' title='bbox 2751 1932 2819 1986; x_wconf 91' lang='lat' dir='ltr'><strong>ad</strong></span> <span class='ocrx_word' id='word_1_638' title='bbox 2848 1931 3068 1989; x_wconf 91' lang='lat' dir='ltr'><strong>Gentes.</strong></span> <span class='ocrx_word' id='word_1_639' title='bbox 3102 1933 3211 1988; x_wconf 83' lang='lat' dir='ltr'><strong>Lex</strong></span> <span class='ocrx_word' id='word_1_640' title='bbox 3236 1931 3378 1987; x_wconf 91' lang='lat' dir='ltr'><strong>enim</strong></span> <span class='ocrx_word' id='word_1_641' title='bbox 3407 1947 3527 2003; x_wconf 63' lang='lat' dir='ltr'><strong>qua:</strong></span> 
     </span>
    </p>
   </div>
   <div class='ocr_carea' id='block_1_78' title="bbox 1932 2021 3527 2098">
    <p class='ocr_par' dir='ltr' id='par_1_78' title="bbox 1932 2021 3527 2098">
     <span class='ocr_line' id='line_1_78' title="bbox 1932 2021 3527 2098; baseline 0.005 -23"><span class='ocrx_word' id='word_1_642' title='bbox 1932 2021 2036 2076; x_wconf 89' lang='lat' dir='ltr'><strong>illis</strong></span> <span class='ocrx_word' id='word_1_643' title='bbox 2076 2036 2170 2090; x_wconf 89' lang='lat' dir='ltr'><strong>per</strong></span> <span class='ocrx_word' id='word_1_644' title='bbox 2192 2021 2408 2094; x_wconf 88' lang='lat' dir='ltr'><strong>Moysen</strong></span> <span class='ocrx_word' id='word_1_645' title='bbox 2436 2023 2560 2078; x_wconf 89' lang='lat' dir='ltr'><strong>data</strong></span> <span class='ocrx_word' id='word_1_646' title='bbox 2585 2033 2668 2080; x_wconf 89' lang='lat' dir='ltr'><strong>est</strong></span> <span class='ocrx_word' id='word_1_647' title='bbox 2687 2067 2703 2093; x_wconf 91' lang='lat'><strong>,</strong></span> <span class='ocrx_word' id='word_1_648' title='bbox 2731 2025 2800 2082; x_wconf 90' lang='lat' dir='ltr'><strong>de</strong></span> <span class='ocrx_word' id='word_1_649' title='bbox 2827 2042 2930 2098; x_wconf 92' lang='lat' dir='ltr'><strong>qua</strong></span> <span class='ocrx_word' id='word_1_650' title='bbox 2957 2027 3237 2097; x_wconf 88' lang='lat' dir='ltr'><strong>superbius</strong></span> <span class='ocrx_word' id='word_1_651' title='bbox 3263 2028 3527 2083; x_wconf 83' lang='lat' dir='ltr'><strong>extollun-</strong></span> 
     </span>
    </p>
   </div>
   <div class='ocr_carea' id='block_1_79' title="bbox 1932 2113 3529 2192">
    <p class='ocr_par' dir='ltr' id='par_1_79' title="bbox 1932 2113 3529 2192">
     <span class='ocr_line' id='line_1_79' title="bbox 1932 2113 3529 2192; baseline 0.006 -26"><span class='ocrx_word' id='word_1_652' title='bbox 1932 2120 2019 2167; x_wconf 88' lang='lat' dir='ltr'><strong>tur</strong></span> <span class='ocrx_word' id='word_1_653' title='bbox 2040 2152 2057 2179; x_wconf 95' lang='lat'><strong>,</strong></span> <span class='ocrx_word' id='word_1_654' title='bbox 2099 2120 2154 2167; x_wconf 91' lang='lat' dir='ltr'><strong>et</strong></span> <span class='ocrx_word' id='word_1_655' title='bbox 2194 2113 2261 2169; x_wconf 92' lang='lat' dir='ltr'><strong>de</strong></span> <span class='ocrx_word' id='word_1_656' title='bbox 2287 2129 2388 2183; x_wconf 91' lang='lat' dir='ltr'><strong>qua</strong></span> <span class='ocrx_word' id='word_1_657' title='bbox 2415 2115 2604 2170; x_wconf 90' lang='lat' dir='ltr'><strong>melius</strong></span> <span class='ocrx_word' id='word_1_658' title='bbox 2629 2119 3049 2187; x_wconf 90' lang='lat' dir='ltr'><strong>convincuntur,</strong></span> <span class='ocrx_word' id='word_1_659' title='bbox 3080 2134 3186 2174; x_wconf 93' lang='lat' dir='ltr'><strong>non</strong></span> <span class='ocrx_word' id='word_1_660' title='bbox 3218 2119 3529 2192; x_wconf 89' lang='lat' dir='ltr'><strong>intelligitur</strong></span> 
     </span>
    </p>
   </div>
   <div class='ocr_carea' id='block_1_80' title="bbox 1933 2207 3523 2280">
    <p class='ocr_par' dir='ltr' id='par_1_80' title="bbox 1933 2207 3523 2280">
     <span class='ocr_line' id='line_1_80' title="bbox 1933 2207 3523 2280; baseline 0.003 -19"><span class='ocrx_word' id='word_1_661' title='bbox 1933 2207 2175 2277; x_wconf 89' lang='lat' dir='ltr'><strong>prodisse</strong></span> <span class='ocrx_word' id='word_1_662' title='bbox 2211 2208 2278 2264; x_wconf 89' lang='lat' dir='ltr'><strong>de</strong></span> <span class='ocrx_word' id='word_1_663' title='bbox 2317 2208 2532 2269; x_wconf 81' lang='lat' dir='ltr'><strong>Sionet</strong></span> <span class='ocrx_word' id='word_1_664' title='bbox 2562 2211 2890 2280; x_wconf 86' lang='lat' dir='ltr'><strong>Jerusalem,</strong></span> <span class='ocrx_word' id='word_1_665' title='bbox 2928 2213 3021 2268; x_wconf 92' lang='lat' dir='ltr'><strong>sed</strong></span> <span class='ocrx_word' id='word_1_666' title='bbox 3059 2213 3127 2269; x_wconf 91' lang='lat' dir='ltr'><strong>de</strong></span> <span class='ocrx_word' id='word_1_667' title='bbox 3165 2223 3349 2270; x_wconf 90' lang='lat' dir='ltr'><strong>monte</strong></span> <span class='ocrx_word' id='word_1_668' title='bbox 3375 2214 3523 2269; x_wconf 90' lang='lat' dir='ltr'><strong>Sina.</strong></span> 
     </span>
    </p>
   </div>
   <div class='ocr_carea' id='block_1_81' title="bbox 1931 2301 3529 2378">
    <p class='ocr_par' dir='ltr' id='par_1_81' title="bbox 1931 2301 3529 2378">
     <span class='ocr_line' id='line_1_81' title="bbox 1931 2301 3529 2378; baseline 0.004 -22"><span class='ocrx_word' id='word_1_669' title='bbox 1931 2301 2015 2357; x_wconf 83' lang='lat' dir='ltr'><strong>Ad</strong></span> <span class='ocrx_word' id='word_1_670' title='bbox 2058 2310 2252 2356; x_wconf 88' lang='lat' dir='ltr'><strong>terram</strong></span> <span class='ocrx_word' id='word_1_671' title='bbox 2295 2303 2491 2374; x_wconf 90' lang='lat' dir='ltr'><strong>quippe</strong></span> <span class='ocrx_word' id='word_1_672' title='bbox 2528 2305 2934 2374; x_wconf 89' lang='lat' dir='ltr'><strong>promissionis,</strong></span> <span class='ocrx_word' id='word_1_673' title='bbox 2959 2306 3048 2361; x_wconf 91' lang='lat' dir='ltr'><strong>ubi</strong></span> <span class='ocrx_word' id='word_1_674' title='bbox 3073 2316 3156 2361; x_wconf 91' lang='lat' dir='ltr'><strong>est</strong></span> <span class='ocrx_word' id='word_1_675' title='bbox 3177 2307 3304 2362; x_wconf 91' lang='lat' dir='ltr'><strong>Sion</strong></span> <span class='ocrx_word' id='word_1_676' title='bbox 3325 2307 3380 2373; x_wconf 84' lang='grc'><strong>⁸,</strong></span> <span class='ocrx_word' id='word_1_677' title='bbox 3408 2321 3529 2378; x_wconf 72' lang='lat' dir='ltr'><strong>quae</strong></span> 
     </span>
    </p>
   </div>
   <div class='ocr_carea' id='block_1_82' title="bbox 1933 2395 3530 2468">
    <p class='ocr_par' dir='ltr' id='par_1_82' title="bbox 1933 2395 3530 2468">
     <span class='ocr_line' id='line_1_82' title="bbox 1933 2395 3530 2468; baseline 0.003 -19"><span class='ocrx_word' id='word_1_678' title='bbox 1933 2395 2232 2466; x_wconf 88' lang='lat' dir='ltr'><strong>appellatur</strong></span> <span class='ocrx_word' id='word_1_679' title='bbox 2263 2396 2425 2450; x_wconf 89' lang='lat' dir='ltr'><strong>etiam</strong></span> <span class='ocrx_word' id='word_1_680' title='bbox 2457 2396 2749 2451; x_wconf 89' lang='lat' dir='ltr'><strong>Jerusalem</strong></span> <span class='ocrx_word' id='word_1_681' title='bbox 2777 2437 2791 2462; x_wconf 95' lang='lat'><strong>,</strong></span> <span class='ocrx_word' id='word_1_682' title='bbox 2831 2405 2951 2467; x_wconf 90' lang='lat' dir='ltr'><strong>post</strong></span> <span class='ocrx_word' id='word_1_683' title='bbox 2991 2397 3336 2468; x_wconf 84' lang='lat' dir='ltr'><strong>quadraginta</strong></span> <span class='ocrx_word' id='word_1_684' title='bbox 3360 2412 3530 2454; x_wconf 91' lang='lat' dir='ltr'><strong>annos</strong></span> 
     </span>
    </p>
   </div>
   <div class='ocr_carea' id='block_1_83' title="bbox 1934 2489 3531 2560">
    <p class='ocr_par' dir='ltr' id='par_1_83' title="bbox 1934 2489 3531 2560">
     <span class='ocr_line' id='line_1_83' title="bbox 1934 2489 3531 2560; baseline 0.002 -17"><span class='ocrx_word' id='word_1_685' title='bbox 1934 2503 2056 2544; x_wconf 92' lang='lat' dir='ltr'><strong>cum</strong></span> <span class='ocrx_word' id='word_1_686' title='bbox 2083 2490 2197 2559; x_wconf 92' lang='lat' dir='ltr'><strong>ipsa</strong></span> <span class='ocrx_word' id='word_1_687' title='bbox 2225 2489 2365 2560; x_wconf 82' lang='lat' dir='ltr'><strong>Lege</strong></span> <span class='ocrx_word' id='word_1_688' title='bbox 2394 2499 2658 2545; x_wconf 88' lang='lat' dir='ltr'><strong>venerunt</strong></span> <span class='ocrx_word' id='word_1_689' title='bbox 2684 2509 2698 2546; x_wconf 91' lang='lat'><strong>:</strong></span> <span class='ocrx_word' id='word_1_690' title='bbox 2732 2505 2837 2544; x_wconf 93' lang='lat' dir='ltr'><strong>non</strong></span> <span class='ocrx_word' id='word_1_691' title='bbox 2860 2500 3040 2546; x_wconf 89' lang='lat' dir='ltr'><strong>autem</strong></span> <span class='ocrx_word' id='word_1_692' title='bbox 3061 2491 3135 2547; x_wconf 91' lang='lat' dir='ltr'><strong>ibi</strong></span> <span class='ocrx_word' id='word_1_693' title='bbox 3160 2506 3280 2547; x_wconf 90' lang='lat' dir='ltr'><strong>eam</strong></span> <span class='ocrx_word' id='word_1_694' title='bbox 3301 2491 3385 2547; x_wconf 88' lang='lat' dir='ltr'><strong>vel</strong></span> <span class='ocrx_word' id='word_1_695' title='bbox 3407 2490 3531 2546; x_wconf 87' lang='lat' dir='ltr'><strong>inde</strong></span> 
     </span>
    </p>
   </div>
   <div class='ocr_carea' id='block_1_84' title="bbox 1935 2580 3529 2651">
    <p class='ocr_par' dir='ltr' id='par_1_84' title="bbox 1935 2580 3529 2651">
     <span class='ocr_line' id='line_1_84' title="bbox 1935 2580 3529 2651; baseline 0 -15"><span class='ocrx_word' id='word_1_696' title='bbox 1935 2589 2258 2651; x_wconf 87' lang='lat' dir='ltr'><strong>acceperunt</strong></span> <span class='ocrx_word' id='word_1_697' title='bbox 2285 2580 2330 2635; x_wconf 67' lang='grc'><strong>⁸.</strong></span> <span class='ocrx_word' id='word_1_698' title='bbox 2360 2581 2704 2651; x_wconf 87' lang='lat' dir='ltr'><strong>Evangelium</strong></span> <span class='ocrx_word' id='word_1_699' title='bbox 2735 2597 2862 2637; x_wconf 89' lang='lat' dir='ltr'><strong>vero</strong></span> <span class='ocrx_word' id='word_1_700' title='bbox 2887 2581 3117 2650; x_wconf 89' lang='lat' dir='ltr'><strong>Christi,</strong></span> <span class='ocrx_word' id='word_1_701' title='bbox 3144 2591 3199 2637; x_wconf 90' lang='lat' dir='ltr'><strong>et</strong></span> <span class='ocrx_word' id='word_1_702' title='bbox 3224 2582 3337 2638; x_wconf 81' lang='lat' dir='ltr'><strong>Lex</strong></span> <span class='ocrx_word' id='word_1_703' title='bbox 3365 2581 3486 2636; x_wconf 86' lang='lat' dir='ltr'><strong>ﬁdei</strong></span> <span class='ocrx_word' id='word_1_704' title='bbox 3511 2623 3529 2647; x_wconf 90' lang='lat'><strong>,</strong></span> 
     </span>
    </p>
   </div>
   <div class='ocr_carea' id='block_1_85' title="bbox 1877 2671 3533 2742">
    <p class='ocr_par' dir='ltr' id='par_1_85' title="bbox 1877 2671 3533 2742">
     <span class='ocr_line' id='line_1_85' title="bbox 1877 2671 3533 2742; baseline 0.002 -17"><span class='ocrx_word' id='word_1_705' title='bbox 1877 2730 1883 2737; x_wconf 59' lang='grc'><strong>,</strong></span> <span class='ocrx_word' id='word_1_706' title='bbox 1935 2671 2079 2742; x_wconf 90' lang='lat' dir='ltr'><strong>quod</strong></span> <span class='ocrx_word' id='word_1_707' title='bbox 2109 2679 2311 2726; x_wconf 90' lang='lat' dir='ltr'><strong>certum</strong></span> <span class='ocrx_word' id='word_1_708' title='bbox 2338 2680 2452 2740; x_wconf 90' lang='lat' dir='ltr'><strong>est,</strong></span> <span class='ocrx_word' id='word_1_709' title='bbox 2478 2672 2601 2727; x_wconf 93' lang='lat' dir='ltr'><strong>inde</strong></span> <span class='ocrx_word' id='word_1_710' title='bbox 2629 2674 2903 2742; x_wconf 89' lang='lat' dir='ltr'><strong>processit.</strong></span> <span class='ocrx_word' id='word_1_711' title='bbox 2933 2672 3080 2729; x_wconf 89' lang='lat' dir='ltr'><strong>Sicut</strong></span> <span class='ocrx_word' id='word_1_712' title='bbox 3102 2672 3262 2728; x_wconf 90' lang='lat' dir='ltr'><strong>etiam</strong></span> <span class='ocrx_word' id='word_1_713' title='bbox 3292 2673 3406 2742; x_wconf 89' lang='lat' dir='ltr'><strong>ipse</strong></span> <span class='ocrx_word' id='word_1_714' title='bbox 3426 2673 3533 2728; x_wconf 86' lang='lat' dir='ltr'><strong>Do-</strong></span> 
     </span>
    </p>
   </div>
   <div class='ocr_carea' id='block_1_86' title="bbox 1937 2762 3533 2834">
    <p class='ocr_par' dir='ltr' id='par_1_86' title="bbox 1937 2762 3533 2834">
     <span class='ocr_line' id='line_1_86' title="bbox 1937 2762 3533 2834; baseline 0 -17"><span class='ocrx_word' id='word_1_715' title='bbox 1937 2764 2147 2828; x_wconf 90' lang='lat' dir='ltr'><strong>minus,</strong></span> <span class='ocrx_word' id='word_1_716' title='bbox 2201 2771 2544 2834; x_wconf 90' lang='lat' dir='ltr'><strong>posteaquam</strong></span> <span class='ocrx_word' id='word_1_717' title='bbox 2596 2763 2931 2830; x_wconf 85' lang='lat' dir='ltr'><strong>resurrexit,</strong></span> <span class='ocrx_word' id='word_1_718' title='bbox 2987 2765 3212 2834; x_wconf 90' lang='lat' dir='ltr'><strong>loquens</strong></span> <span class='ocrx_word' id='word_1_719' title='bbox 3258 2762 3533 2833; x_wconf 90' lang='lat' dir='ltr'><strong>discipulis</strong></span> 
     </span>
    </p>
   </div>
   <div class='ocr_carea' id='block_1_87' title="bbox 1937 2853 3532 2925">
    <p class='ocr_par' dir='ltr' id='par_1_87' title="bbox 1937 2853 3532 2925">
     <span class='ocr_line' id='line_1_87' title="bbox 1937 2853 3532 2925; baseline 0 -16"><span class='ocrx_word' id='word_1_720' title='bbox 1937 2855 2050 2909; x_wconf 92' lang='lat' dir='ltr'><strong>suis</strong></span> <span class='ocrx_word' id='word_1_721' title='bbox 2069 2897 2084 2920; x_wconf 93' lang='lat'><strong>,</strong></span> <span class='ocrx_word' id='word_1_722' title='bbox 2116 2862 2167 2909; x_wconf 88' lang='lat' dir='ltr'><strong>et</strong></span> <span class='ocrx_word' id='word_1_723' title='bbox 2190 2853 2479 2910; x_wconf 90' lang='lat' dir='ltr'><strong>ostendens</strong></span> <span class='ocrx_word' id='word_1_724' title='bbox 2507 2854 2760 2924; x_wconf 79' lang='lat' dir='ltr'><strong>praedicta</strong></span> <span class='ocrx_word' id='word_1_725' title='bbox 2787 2853 3088 2909; x_wconf 88' lang='lat' dir='ltr'><strong>divinorum</strong></span> <span class='ocrx_word' id='word_1_726' title='bbox 3117 2853 3447 2925; x_wconf 90' lang='lat' dir='ltr'><strong>eloquiorum</strong></span> <span class='ocrx_word' id='word_1_727' title='bbox 3478 2854 3532 2909; x_wconf 92' lang='lat' dir='ltr'><strong>in</strong></span> 
     </span>
    </p>
   </div>
   <div class='ocr_carea' id='block_1_88' title="bbox 1937 2944 3530 3017">
    <p class='ocr_par' dir='ltr' id='par_1_88' title="bbox 1937 2944 3530 3017">
     <span class='ocr_line' id='line_1_88' title="bbox 1937 2944 3530 3017; baseline 0 -17"><span class='ocrx_word' id='word_1_728' title='bbox 1937 2958 1997 3000; x_wconf 86' lang='lat' dir='ltr'><strong>se</strong></span> <span class='ocrx_word' id='word_1_729' title='bbox 2034 2959 2152 3000; x_wconf 88' lang='lat' dir='ltr'><strong>esse</strong></span> <span class='ocrx_word' id='word_1_730' title='bbox 2194 2945 2457 3014; x_wconf 85' lang='lat' dir='ltr'><strong>completa</strong></span> <span class='ocrx_word' id='word_1_731' title='bbox 2493 2962 2506 2999; x_wconf 87' lang='lat'><strong>:</strong></span> <span class='ocrx_word' id='word_1_732' title='bbox 2540 2944 2790 3010; x_wconf 86' lang='lat' dir='ltr'><strong>Quoniam</strong></span> <span class='ocrx_word' id='word_1_733' title='bbox 2815 2947 2887 2999; x_wconf 89' lang='lat' dir='ltr'><strong>sic</strong></span> <span class='ocrx_word' id='word_1_734' title='bbox 2912 2947 3158 3017; x_wconf 88' lang='lat' dir='ltr'><strong>scriptum</strong></span> <span class='ocrx_word' id='word_1_735' title='bbox 3186 2957 3295 3014; x_wconf 87' lang='lat' dir='ltr'><strong>est,</strong></span> <span class='ocrx_word' id='word_1_736' title='bbox 3328 2946 3530 3017; x_wconf 86' lang='lat' dir='ltr'><strong>inquit,</strong></span> 
     </span>
    </p>
   </div>
   <div class='ocr_carea' id='block_1_89' title="bbox 1938 3033 3535 3108">
    <p class='ocr_par' dir='ltr' id='par_1_89' title="bbox 1938 3033 3535 3108">
     <span class='ocr_line' id='line_1_89' title="bbox 1938 3033 3535 3108; baseline 0.001 -18"><span class='ocrx_word' id='word_1_737' title='bbox 1938 3044 1986 3090; x_wconf 90' lang='lat' dir='ltr'><strong>et</strong></span> <span class='ocrx_word' id='word_1_738' title='bbox 2031 3036 2102 3089; x_wconf 86' lang='lat' dir='ltr'><strong>sic</strong></span> <span class='ocrx_word' id='word_1_739' title='bbox 2145 3036 2366 3106; x_wconf 89' lang='lat' dir='ltr'><strong>oportuit</strong></span> <span class='ocrx_word' id='word_1_740' title='bbox 2412 3033 2668 3090; x_wconf 84' lang='lat' dir='ltr'><strong>Christum</strong></span> <span class='ocrx_word' id='word_1_741' title='bbox 2713 3036 2853 3105; x_wconf 87' lang='lat' dir='ltr'><strong>pati,</strong></span> <span class='ocrx_word' id='word_1_742' title='bbox 2899 3046 2947 3092; x_wconf 91' lang='lat' dir='ltr'><strong>et</strong></span> <span class='ocrx_word' id='word_1_743' title='bbox 2972 3053 3230 3108; x_wconf 88' lang='lat' dir='ltr'><strong>resurgere</strong></span> <span class='ocrx_word' id='word_1_744' title='bbox 3253 3055 3285 3091; x_wconf 90' lang='lat' dir='ltr'><strong>a</strong></span> <span class='ocrx_word' id='word_1_745' title='bbox 3323 3038 3535 3092; x_wconf 88' lang='lat' dir='ltr'><strong>mortuis</strong></span> 
     </span>
    </p>
   </div>
   <div class='ocr_carea' id='block_1_90' title="bbox 1939 3126 3536 3201">
    <p class='ocr_par' dir='ltr' id='par_1_90' title="bbox 1939 3126 3536 3201">
     <span class='ocr_line' id='line_1_90' title="bbox 1939 3126 3536 3201; baseline 0.003 -21"><span class='ocrx_word' id='word_1_746' title='bbox 1939 3126 2021 3180; x_wconf 89' lang='lat' dir='ltr'><strong>die</strong></span> <span class='ocrx_word' id='word_1_747' title='bbox 2057 3127 2202 3180; x_wconf 90' lang='lat' dir='ltr'><strong>tertio</strong></span> <span class='ocrx_word' id='word_1_748' title='bbox 2226 3168 2239 3190; x_wconf 93' lang='lat'><strong>,</strong></span> <span class='ocrx_word' id='word_1_749' title='bbox 2269 3129 2324 3180; x_wconf 76' lang='lat' dir='ltr'><strong>&#39;et</strong></span> <span class='ocrx_word' id='word_1_750' title='bbox 2364 3126 2632 3196; x_wconf 75' lang='lat' dir='ltr'><strong>prwdicari</strong></span> <span class='ocrx_word' id='word_1_751' title='bbox 2677 3126 2731 3181; x_wconf 89' lang='lat' dir='ltr'><strong>in</strong></span> <span class='ocrx_word' id='word_1_752' title='bbox 2760 3129 2960 3182; x_wconf 88' lang='lat' dir='ltr'><strong>nomine</strong></span> <span class='ocrx_word' id='word_1_753' title='bbox 2988 3131 3098 3201; x_wconf 89' lang='lat' dir='ltr'><strong>ejus</strong></span> <span class='ocrx_word' id='word_1_754' title='bbox 3127 3130 3463 3200; x_wconf 71' lang='lat' dir='ltr'><strong>paenitentiam</strong></span> <span class='ocrx_word' id='word_1_755' title='bbox 3487 3140 3536 3184; x_wconf 89' lang='lat' dir='ltr'><strong>et</strong></span> 
     </span>
    </p>
   </div>
   <div class='ocr_carea' id='block_1_91' title="bbox 1938 3221 3535 3294">
    <p class='ocr_par' dir='ltr' id='par_1_91' title="bbox 1938 3221 3535 3294">
     <span class='ocr_line' id='line_1_91' title="bbox 1938 3221 3535 3294; baseline 0.002 -20"><span class='ocrx_word' id='word_1_756' title='bbox 1938 3221 2280 3274; x_wconf 87' lang='lat' dir='ltr'><strong>remissionem</strong></span> <span class='ocrx_word' id='word_1_757' title='bbox 2307 3229 2625 3289; x_wconf 84' lang='lat' dir='ltr'><strong>peccatorum</strong></span> <span class='ocrx_word' id='word_1_758' title='bbox 2655 3237 2742 3288; x_wconf 92' lang='lat' dir='ltr'><strong>per</strong></span> <span class='ocrx_word' id='word_1_759' title='bbox 2766 3237 2937 3275; x_wconf 90' lang='lat' dir='ltr'><strong>omnes</strong></span> <span class='ocrx_word' id='word_1_760' title='bbox 2962 3231 3129 3292; x_wconf 88' lang='lat' dir='ltr'><strong>gentes</strong></span> <span class='ocrx_word' id='word_1_761' title='bbox 3145 3263 3160 3288; x_wconf 95' lang='lat'><strong>,</strong></span> <span class='ocrx_word' id='word_1_762' title='bbox 3185 3223 3535 3294; x_wconf 82' lang='lat' dir='ltr'><strong>incipientibus</strong></span> 
     </span>
    </p>
   </div>
   <div class='ocr_carea' id='block_1_92' title="bbox 1940 3309 3536 3385">
    <p class='ocr_par' dir='ltr' id='par_1_92' title="bbox 1940 3309 3536 3385">
     <span class='ocr_line' id='line_1_92' title="bbox 1940 3309 3536 3385; baseline 0.004 -21"><span class='ocrx_word' id='word_1_763' title='bbox 1940 3312 2009 3365; x_wconf 93' lang='lat' dir='ltr'><strong>ab</strong></span> <span class='ocrx_word' id='word_1_764' title='bbox 2053 3310 2342 3366; x_wconf 84' lang='lat' dir='ltr'><strong>Jerusalem</strong></span> <span class='ocrx_word' id='word_1_765' title='bbox 2387 3309 2537 3382; x_wconf 85' lang='lat' dir='ltr'><strong>(Luc.</strong></span> <span class='ocrx_word' id='word_1_766' title='bbox 2583 3327 2752 3378; x_wconf 78' lang='lat' dir='ltr'><strong>xxw,</strong></span> <span class='ocrx_word' id='word_1_767' title='bbox 2792 3313 2897 3380; x_wconf 69' lang='grc'><strong>46,</strong></span> <span class='ocrx_word' id='word_1_768' title='bbox 2945 3313 3058 3384; x_wconf 75' lang='grc'><strong>47).</strong></span> <span class='ocrx_word' id='word_1_769' title='bbox 3087 3314 3222 3370; x_wconf 88' lang='lat' dir='ltr'><strong>Ecce</strong></span> <span class='ocrx_word' id='word_1_770' title='bbox 3246 3315 3384 3385; x_wconf 88' lang='lat' dir='ltr'><strong>quod</strong></span> <span class='ocrx_word' id='word_1_771' title='bbox 3413 3329 3536 3385; x_wconf 86' lang='lat' dir='ltr'><strong>pro-</strong></span> 
     </span>
    </p>
   </div>
   <div class='ocr_carea' id='block_1_93' title="bbox 1943 3401 3539 3477">
    <p class='ocr_par' dir='ltr' id='par_1_93' title="bbox 1943 3401 3539 3477">
     <span class='ocr_line' id='line_1_93' title="bbox 1943 3401 3539 3477; baseline 0.002 -21"><span class='ocrx_word' id='word_1_772' title='bbox 1943 3402 2180 3474; x_wconf 86' lang='lat' dir='ltr'><strong>phetavit</strong></span> <span class='ocrx_word' id='word_1_773' title='bbox 2218 3402 2382 3458; x_wconf 88' lang='lat' dir='ltr'><strong>Isaias</strong></span> <span class='ocrx_word' id='word_1_774' title='bbox 2418 3401 2602 3458; x_wconf 91' lang='lat' dir='ltr'><strong>dicens</strong></span> <span class='ocrx_word' id='word_1_775' title='bbox 2635 3421 2648 3457; x_wconf 88' lang='lat'><strong>:</strong></span> <span class='ocrx_word' id='word_1_776' title='bbox 2680 3402 2766 3457; x_wconf 76' lang='lat' dir='ltr'><strong>Ex</strong></span> <span class='ocrx_word' id='word_1_777' title='bbox 2801 3402 2932 3459; x_wconf 89' lang='lat' dir='ltr'><strong>Sion</strong></span> <span class='ocrx_word' id='word_1_778' title='bbox 2959 3405 3092 3460; x_wconf 89' lang='lat' dir='ltr'><strong>enim</strong></span> <span class='ocrx_word' id='word_1_779' title='bbox 3122 3405 3203 3460; x_wconf 77' lang='lat' dir='ltr'><strong>lea:</strong></span> <span class='ocrx_word' id='word_1_780' title='bbox 3229 3406 3423 3477; x_wconf 84' lang='lat' dir='ltr'><strong>prodiet</strong></span> <span class='ocrx_word' id='word_1_781' title='bbox 3447 3448 3461 3473; x_wconf 91' lang='lat'><strong>,</strong></span> <span class='ocrx_word' id='word_1_782' title='bbox 3490 3416 3539 3460; x_wconf 86' lang='lat' dir='ltr'><strong>et</strong></span> 
     </span>
    </p>
   </div>
   <div class='ocr_carea' id='block_1_94' title="bbox 1942 3492 3538 3552">
    <p class='ocr_par' dir='ltr' id='par_1_94' title="bbox 1942 3492 3538 3552">
     <span class='ocr_line' id='line_1_94' title="bbox 1942 3492 3538 3552; baseline 0.001 -2"><span class='ocrx_word' id='word_1_783' title='bbox 1942 3494 2145 3550; x_wconf 85' lang='lat' dir='ltr'><strong>verbum</strong></span> <span class='ocrx_word' id='word_1_784' title='bbox 2183 3492 2389 3548; x_wconf 90' lang='lat' dir='ltr'><strong>Domini</strong></span> <span class='ocrx_word' id='word_1_785' title='bbox 2431 3509 2494 3548; x_wconf 80' lang='lat' dir='ltr'><strong>ea:</strong></span> <span class='ocrx_word' id='word_1_786' title='bbox 2519 3492 2826 3548; x_wconf 86' lang='lat' dir='ltr'><strong>Jerusalem.</strong></span> <span class='ocrx_word' id='word_1_787' title='bbox 2861 3495 2934 3552; x_wconf 90' lang='lat' dir='ltr'><strong>lbi</strong></span> <span class='ocrx_word' id='word_1_788' title='bbox 2964 3495 3106 3550; x_wconf 88' lang='lat' dir='ltr'><strong>enim</strong></span> <span class='ocrx_word' id='word_1_789' title='bbox 3135 3497 3352 3552; x_wconf 82' lang='lat' dir='ltr'><strong>veniens</strong></span> <span class='ocrx_word' id='word_1_790' title='bbox 3381 3496 3538 3551; x_wconf 89' lang='lat' dir='ltr'><strong>desu-</strong></span> 
     </span>
    </p>
   </div>
   <div class='ocr_carea' id='block_1_95' title="bbox 1943 3585 3538 3658">
    <p class='ocr_par' dir='ltr' id='par_1_95' title="bbox 1943 3585 3538 3658">
     <span class='ocr_line' id='line_1_95' title="bbox 1943 3585 3538 3658; baseline -0.002 -15"><span class='ocrx_word' id='word_1_791' title='bbox 1943 3601 2044 3658; x_wconf 88' lang='lat' dir='ltr'><strong>per</strong></span> <span class='ocrx_word' id='word_1_792' title='bbox 2084 3585 2376 3642; x_wconf 89' lang='lat' dir='ltr'><strong>secundum</strong></span> <span class='ocrx_word' id='word_1_793' title='bbox 2430 3585 2638 3640; x_wconf 91' lang='lat' dir='ltr'><strong>Domini</strong></span> <span class='ocrx_word' id='word_1_794' title='bbox 2683 3587 3094 3655; x_wconf 74' lang='lat' dir='ltr'><strong>promissionem</strong></span> <span class='ocrx_word' id='word_1_795' title='bbox 3139 3587 3366 3658; x_wconf 89' lang='lat' dir='ltr'><strong>Spiritus</strong></span> <span class='ocrx_word' id='word_1_796' title='bbox 3411 3602 3538 3642; x_wconf 87' lang='lat' dir='ltr'><strong>san-</strong></span> 
     </span>
    </p>
   </div>
   <div class='ocr_carea' id='block_1_96' title="bbox 1944 3679 3536 3750">
    <p class='ocr_par' dir='ltr' id='par_1_96' title="bbox 1944 3679 3536 3750">
     <span class='ocr_line' id='line_1_96' title="bbox 1944 3679 3536 3750; baseline -0.003 -14"><span class='ocrx_word' id='word_1_797' title='bbox 1944 3689 2064 3736; x_wconf 88' lang='lat' dir='ltr'><strong>ctus</strong></span> <span class='ocrx_word' id='word_1_798' title='bbox 2087 3721 2103 3748; x_wconf 90' lang='lat'><strong>,</strong></span> <span class='ocrx_word' id='word_1_799' title='bbox 2135 3694 2228 3736; x_wconf 90' lang='lat' dir='ltr'><strong>eos</strong></span> <span class='ocrx_word' id='word_1_800' title='bbox 2254 3693 2388 3750; x_wconf 88' lang='lat' dir='ltr'><strong>quos</strong></span> <span class='ocrx_word' id='word_1_801' title='bbox 2412 3687 2538 3733; x_wconf 91' lang='lat' dir='ltr'><strong>tunc</strong></span> <span class='ocrx_word' id='word_1_802' title='bbox 2564 3693 2666 3733; x_wconf 92' lang='lat' dir='ltr'><strong>una</strong></span> <span class='ocrx_word' id='word_1_803' title='bbox 2695 3679 2884 3734; x_wconf 83' lang='lat' dir='ltr'><strong>domus</strong></span> <span class='ocrx_word' id='word_1_804' title='bbox 2910 3681 3250 3744; x_wconf 89' lang='lat' dir='ltr'><strong>continebat,</strong></span> <span class='ocrx_word' id='word_1_805' title='bbox 3279 3680 3536 3748; x_wconf 88' lang='lat' dir='ltr'><strong>implevit,</strong></span> 
     </span>
    </p>
   </div>
   <div class='ocr_carea' id='block_1_97' title="bbox 1945 3770 3534 3842">
    <p class='ocr_par' dir='ltr' id='par_1_97' title="bbox 1945 3770 3534 3842">
     <span class='ocr_line' id='line_1_97' title="bbox 1945 3770 3534 3842; baseline -0.001 -15"><span class='ocrx_word' id='word_1_806' title='bbox 1945 3780 2002 3828; x_wconf 91' lang='lat' dir='ltr'><strong>et</strong></span> <span class='ocrx_word' id='word_1_807' title='bbox 2043 3771 2188 3842; x_wconf 91' lang='lat' dir='ltr'><strong>loqui</strong></span> <span class='ocrx_word' id='word_1_808' title='bbox 2213 3770 2407 3841; x_wconf 86' lang='lat' dir='ltr'><strong>linguis</strong></span> <span class='ocrx_word' id='word_1_809' title='bbox 2433 3771 2670 3825; x_wconf 90' lang='lat' dir='ltr'><strong>omnium</strong></span> <span class='ocrx_word' id='word_1_810' title='bbox 2698 3773 2935 3840; x_wconf 86' lang='lat' dir='ltr'><strong>gentium</strong></span> <span class='ocrx_word' id='word_1_811' title='bbox 2961 3771 3086 3826; x_wconf 81' lang='lat' dir='ltr'><strong>fecit</strong></span> <span class='ocrx_word' id='word_1_812' title='bbox 3115 3771 3250 3840; x_wconf 85' lang='lat' dir='ltr'><strong>(Act.</strong></span> <span class='ocrx_word' id='word_1_813' title='bbox 3284 3773 3350 3837; x_wconf 84' lang='lat' dir='ltr'><strong>n&#39;,</strong></span> <span class='ocrx_word' id='word_1_814' title='bbox 3383 3770 3491 3842; x_wconf 84' lang='grc'><strong>1-6)</strong></span> <span class='ocrx_word' id='word_1_815' title='bbox 3521 3791 3534 3826; x_wconf 90' lang='lat'><strong>:</strong></span> 
     </span>
    </p>
   </div>
   <div class='ocr_carea' id='block_1_98' title="bbox 1947 3860 3538 3930">
    <p class='ocr_par' dir='ltr' id='par_1_98' title="bbox 1947 3860 3538 3930">
     <span class='ocr_line' id='line_1_98' title="bbox 1947 3860 3538 3930; baseline -0.001 -12"><span class='ocrx_word' id='word_1_816' title='bbox 1947 3871 2004 3919; x_wconf 85' lang='lat' dir='ltr'><strong>et</strong></span> <span class='ocrx_word' id='word_1_817' title='bbox 2051 3861 2175 3917; x_wconf 89' lang='lat' dir='ltr'><strong>inde</strong></span> <span class='ocrx_word' id='word_1_818' title='bbox 2216 3861 2462 3916; x_wconf 79' lang='lat' dir='ltr'><strong>exierunt</strong></span> <span class='ocrx_word' id='word_1_819' title='bbox 2506 3860 2797 3930; x_wconf 81' lang='lat' dir='ltr'><strong>praedicare</strong></span> <span class='ocrx_word' id='word_1_820' title='bbox 2840 3861 3186 3930; x_wconf 88' lang='lat' dir='ltr'><strong>Evangelium</strong></span> <span class='ocrx_word' id='word_1_821' title='bbox 3216 3862 3268 3915; x_wconf 91' lang='lat' dir='ltr'><strong>in</strong></span> <span class='ocrx_word' id='word_1_822' title='bbox 3298 3862 3538 3917; x_wconf 90' lang='lat' dir='ltr'><strong>notitiam</strong></span> 
     </span>
    </p>
   </div>
   <div class='ocr_carea' id='block_1_99' title="bbox 1948 3951 3543 4024">
    <p class='ocr_par' dir='ltr' id='par_1_99' title="bbox 1948 3951 3543 4024">
     <span class='ocr_line' id='line_1_99' title="bbox 1948 3951 3543 4024; baseline 0 -15"><span class='ocrx_word' id='word_1_823' title='bbox 1948 3953 2186 4009; x_wconf 88' lang='lat' dir='ltr'><strong>omnium</strong></span> <span class='ocrx_word' id='word_1_824' title='bbox 2211 3953 2468 4024; x_wconf 85' lang='lat' dir='ltr'><strong>gentium.</strong></span> <span class='ocrx_word' id='word_1_825' title='bbox 2497 3951 2647 4007; x_wconf 88' lang='lat' dir='ltr'><strong>Sicut</strong></span> <span class='ocrx_word' id='word_1_826' title='bbox 2665 3953 2807 4007; x_wconf 91' lang='lat' dir='ltr'><strong>enim</strong></span> <span class='ocrx_word' id='word_1_827' title='bbox 2835 3952 2944 4007; x_wconf 83' lang='lat' dir='ltr'><strong>Lex</strong></span> <span class='ocrx_word' id='word_1_828' title='bbox 2974 3952 3061 4006; x_wconf 91' lang='lat' dir='ltr'><strong>illa</strong></span> <span class='ocrx_word' id='word_1_829' title='bbox 3084 3993 3101 4019; x_wconf 97' lang='lat'><strong>,</strong></span> <span class='ocrx_word' id='word_1_830' title='bbox 3134 3968 3252 4023; x_wconf 85' lang='lat' dir='ltr'><strong>quae</strong></span> <span class='ocrx_word' id='word_1_831' title='bbox 3282 3953 3543 4024; x_wconf 88' lang='lat' dir='ltr'><strong>processit</strong></span> 
     </span>
    </p>
   </div>
   <div class='ocr_carea' id='block_1_100' title="bbox 1949 4044 3542 4118">
    <p class='ocr_par' dir='ltr' id='par_1_100' title="bbox 1949 4044 3542 4118">
     <span class='ocr_line' id='line_1_100' title="bbox 1949 4044 3542 4118; baseline 0.002 -16"><span class='ocrx_word' id='word_1_832' title='bbox 1949 4045 2020 4102; x_wconf 90' lang='lat' dir='ltr'><strong>de</strong></span> <span class='ocrx_word' id='word_1_833' title='bbox 2063 4055 2246 4101; x_wconf 89' lang='lat' dir='ltr'><strong>monte</strong></span> <span class='ocrx_word' id='word_1_834' title='bbox 2289 4044 2416 4101; x_wconf 91' lang='lat' dir='ltr'><strong>Sina</strong></span> <span class='ocrx_word' id='word_1_835' title='bbox 2440 4087 2455 4112; x_wconf 93' lang='lat'><strong>,</strong></span> <span class='ocrx_word' id='word_1_836' title='bbox 2493 4046 2931 4117; x_wconf 82' lang='lat' dir='ltr'><strong>quinquagesimo</strong></span> <span class='ocrx_word' id='word_1_837' title='bbox 2958 4046 3045 4102; x_wconf 91' lang='lat' dir='ltr'><strong>die</strong></span> <span class='ocrx_word' id='word_1_838' title='bbox 3069 4056 3191 4118; x_wconf 90' lang='lat' dir='ltr'><strong>post</strong></span> <span class='ocrx_word' id='word_1_839' title='bbox 3215 4048 3542 4105; x_wconf 88' lang='lat' dir='ltr'><strong>celebratum</strong></span> 
     </span>
    </p>
   </div>
   <div class='ocr_carea' id='block_1_101' title="bbox 1950 4137 3545 4212">
    <p class='ocr_par' dir='ltr' id='par_1_101' title="bbox 1950 4137 3545 4212">
     <span class='ocr_line' id='line_1_101' title="bbox 1950 4137 3545 4212; baseline 0.003 -18"><span class='ocrx_word' id='word_1_840' title='bbox 1950 4137 2156 4194; x_wconf 89' lang='lat' dir='ltr'><strong>Pascha</strong></span> <span class='ocrx_word' id='word_1_841' title='bbox 2207 4137 2507 4208; x_wconf 87' lang='lat' dir='ltr'><strong>conscripta</strong></span> <span class='ocrx_word' id='word_1_842' title='bbox 2547 4147 2629 4194; x_wconf 88' lang='lat' dir='ltr'><strong>est</strong></span> <span class='ocrx_word' id='word_1_843' title='bbox 2673 4138 2839 4209; x_wconf 87' lang='lat' dir='ltr'><strong>digito</strong></span> <span class='ocrx_word' id='word_1_844' title='bbox 2880 4137 3021 4206; x_wconf 91' lang='lat' dir='ltr'><strong>Dei,</strong></span> <span class='ocrx_word' id='word_1_845' title='bbox 3070 4155 3176 4210; x_wconf 91' lang='lat' dir='ltr'><strong>quo</strong></span> <span class='ocrx_word' id='word_1_846' title='bbox 3219 4140 3545 4212; x_wconf 83' lang='lat' dir='ltr'><strong>signiﬁcatur</strong></span> 
     </span>
    </p>
   </div>
   <div class='ocr_carea' id='block_1_102' title="bbox 1952 4229 3545 4301">
    <p class='ocr_par' dir='ltr' id='par_1_102' title="bbox 1952 4229 3545 4301">
     <span class='ocr_line' id='line_1_102' title="bbox 1952 4229 3545 4301; baseline 0.003 -16"><span class='ocrx_word' id='word_1_847' title='bbox 1952 4229 2186 4301; x_wconf 89' lang='lat' dir='ltr'><strong>Spiritus</strong></span> <span class='ocrx_word' id='word_1_848' title='bbox 2215 4237 2432 4284; x_wconf 89' lang='lat' dir='ltr'><strong>sanctus</strong></span> <span class='ocrx_word' id='word_1_849' title='bbox 2461 4247 2474 4284; x_wconf 88' lang='lat'><strong>:</strong></span> <span class='ocrx_word' id='word_1_850' title='bbox 2503 4229 2574 4284; x_wconf 87' lang='lat' dir='ltr'><strong>ita</strong></span> <span class='ocrx_word' id='word_1_851' title='bbox 2597 4229 2708 4285; x_wconf 81' lang='lat' dir='ltr'><strong>Lex</strong></span> <span class='ocrx_word' id='word_1_852' title='bbox 2737 4230 2835 4285; x_wconf 93' lang='lat' dir='ltr'><strong>ista</strong></span> <span class='ocrx_word' id='word_1_853' title='bbox 2861 4270 2876 4296; x_wconf 92' lang='lat'><strong>,</strong></span> <span class='ocrx_word' id='word_1_854' title='bbox 2903 4245 3022 4300; x_wconf 70' lang='lat' dir='ltr'><strong>quae</strong></span> <span class='ocrx_word' id='word_1_855' title='bbox 3043 4232 3302 4301; x_wconf 89' lang='lat' dir='ltr'><strong>processit</strong></span> <span class='ocrx_word' id='word_1_856' title='bbox 3325 4232 3396 4288; x_wconf 90' lang='lat' dir='ltr'><strong>de</strong></span> <span class='ocrx_word' id='word_1_857' title='bbox 3415 4233 3545 4289; x_wconf 92' lang='lat' dir='ltr'><strong>Sion</strong></span> 
     </span>
    </p>
   </div>
   <div class='ocr_carea' id='block_1_103' title="bbox 1953 4319 3546 4391">
    <p class='ocr_par' dir='ltr' id='par_1_103' title="bbox 1953 4319 3546 4391">
     <span class='ocr_line' id='line_1_103' title="bbox 1953 4319 3546 4391; baseline 0.003 -15"><span class='ocrx_word' id='word_1_858' title='bbox 1953 4329 2010 4376; x_wconf 89' lang='lat' dir='ltr'><strong>et</strong></span> <span class='ocrx_word' id='word_1_859' title='bbox 2048 4319 2347 4376; x_wconf 86' lang='lat' dir='ltr'><strong>Jerusalem</strong></span> <span class='ocrx_word' id='word_1_860' title='bbox 2373 4361 2388 4386; x_wconf 94' lang='lat'><strong>,</strong></span> <span class='ocrx_word' id='word_1_861' title='bbox 2418 4334 2526 4375; x_wconf 92' lang='lat' dir='ltr'><strong>non</strong></span> <span class='ocrx_word' id='word_1_862' title='bbox 2552 4321 2605 4374; x_wconf 93' lang='lat' dir='ltr'><strong>in</strong></span> <span class='ocrx_word' id='word_1_863' title='bbox 2635 4319 2826 4376; x_wconf 87' lang='lat' dir='ltr'><strong>tabulis</strong></span> <span class='ocrx_word' id='word_1_864' title='bbox 2854 4321 3074 4391; x_wconf 89' lang='lat' dir='ltr'><strong>lapideis</strong></span> <span class='ocrx_word' id='word_1_865' title='bbox 3099 4364 3114 4390; x_wconf 94' lang='lat'><strong>,</strong></span> <span class='ocrx_word' id='word_1_866' title='bbox 3146 4322 3241 4378; x_wconf 90' lang='lat' dir='ltr'><strong>sed</strong></span> <span class='ocrx_word' id='word_1_867' title='bbox 3271 4323 3324 4378; x_wconf 91' lang='lat' dir='ltr'><strong>in</strong></span> <span class='ocrx_word' id='word_1_868' title='bbox 3354 4325 3546 4381; x_wconf 87' lang='lat' dir='ltr'><strong>tabulis</strong></span> 
     </span>
    </p>
   </div>
   <div class='ocr_carea' id='block_1_104' title="bbox 1953 4412 3547 4488">
    <p class='ocr_par' dir='ltr' id='par_1_104' title="bbox 1953 4412 3547 4488">
     <span class='ocr_line' id='line_1_104' title="bbox 1953 4412 3547 4488; baseline 0.001 -18"><span class='ocrx_word' id='word_1_869' title='bbox 1953 4413 2132 4470; x_wconf 87' lang='lat' dir='ltr'><strong>cordis</strong></span> <span class='ocrx_word' id='word_1_870' title='bbox 2158 4423 2462 4469; x_wconf 88' lang='lat' dir='ltr'><strong>sanctorum</strong></span> <span class='ocrx_word' id='word_1_871' title='bbox 2492 4412 2948 4483; x_wconf 88' lang='lat' dir='ltr'><strong>Evangelistarum</strong></span> <span class='ocrx_word' id='word_1_872' title='bbox 2976 4415 3171 4484; x_wconf 87' lang='lat' dir='ltr'><strong>scripta</strong></span> <span class='ocrx_word' id='word_1_873' title='bbox 3195 4425 3276 4472; x_wconf 91' lang='lat' dir='ltr'><strong>est</strong></span> <span class='ocrx_word' id='word_1_874' title='bbox 3301 4431 3396 4487; x_wconf 88' lang='lat' dir='ltr'><strong>per</strong></span> <span class='ocrx_word' id='word_1_875' title='bbox 3423 4417 3547 4488; x_wconf 85' lang='lat' dir='ltr'><strong>Spi-</strong></span> 
     </span>
    </p>
   </div>
   <div class='ocr_carea' id='block_1_105' title="bbox 1953 4505 3546 4578">
    <p class='ocr_par' dir='ltr' id='par_1_105' title="bbox 1953 4505 3546 4578">
     <span class='ocr_line' id='line_1_105' title="bbox 1953 4505 3546 4578; baseline 0.002 -15"><span class='ocrx_word' id='word_1_876' title='bbox 1953 4507 2116 4563; x_wconf 90' lang='lat' dir='ltr'><strong>ritum</strong></span> <span class='ocrx_word' id='word_1_877' title='bbox 2160 4515 2433 4573; x_wconf 90' lang='lat' dir='ltr'><strong>sanctum,</strong></span> <span class='ocrx_word' id='word_1_878' title='bbox 2481 4505 2922 4576; x_wconf 82' lang='lat' dir='ltr'><strong>quinquagesimo</strong></span> <span class='ocrx_word' id='word_1_879' title='bbox 2962 4507 3049 4563; x_wconf 92' lang='lat' dir='ltr'><strong>die</strong></span> <span class='ocrx_word' id='word_1_880' title='bbox 3087 4517 3207 4578; x_wconf 89' lang='lat' dir='ltr'><strong>post</strong></span> <span class='ocrx_word' id='word_1_881' title='bbox 3231 4524 3413 4566; x_wconf 89' lang='lat' dir='ltr'><strong>verum</strong></span> <span class='ocrx_word' id='word_1_882' title='bbox 3441 4510 3546 4566; x_wconf 88' lang='lat' dir='ltr'><strong>Pa-</strong></span> 
     </span>
    </p>
   </div>
   <div class='ocr_carea' id='block_1_106' title="bbox 1955 4595 3549 4673">
    <p class='ocr_par' dir='ltr' id='par_1_106' title="bbox 1955 4595 3549 4673">
     <span class='ocr_line' id='line_1_106' title="bbox 1955 4595 3549 4673; baseline 0.004 -22"><span class='ocrx_word' id='word_1_883' title='bbox 1955 4597 2084 4652; x_wconf 89' lang='lat' dir='ltr'><strong>scha</strong></span> <span class='ocrx_word' id='word_1_884' title='bbox 2128 4595 2390 4666; x_wconf 89' lang='lat' dir='ltr'><strong>passionis</strong></span> <span class='ocrx_word' id='word_1_885' title='bbox 2425 4603 2482 4651; x_wconf 88' lang='lat' dir='ltr'><strong>et</strong></span> <span class='ocrx_word' id='word_1_886' title='bbox 2506 4597 2913 4653; x_wconf 88' lang='lat' dir='ltr'><strong>resurrectionis</strong></span> <span class='ocrx_word' id='word_1_887' title='bbox 2939 4598 3149 4654; x_wconf 88' lang='lat' dir='ltr'><strong>Domini</strong></span> <span class='ocrx_word' id='word_1_888' title='bbox 3177 4599 3414 4668; x_wconf 86' lang='lat' dir='ltr'><strong>Christi;</strong></span> <span class='ocrx_word' id='word_1_889' title='bbox 3443 4619 3549 4673; x_wconf 90' lang='lat' dir='ltr'><strong>quo</strong></span> 
     </span>
    </p>
   </div>
   <div class='ocr_carea' id='block_1_107' title="bbox 1957 4687 3551 4765">
    <p class='ocr_par' dir='ltr' id='par_1_107' title="bbox 1957 4687 3551 4765">
     <span class='ocr_line' id='line_1_107' title="bbox 1957 4687 3551 4765; baseline 0.004 -21"><span class='ocrx_word' id='word_1_890' title='bbox 1957 4689 2044 4744; x_wconf 91' lang='lat' dir='ltr'><strong>die</strong></span> <span class='ocrx_word' id='word_1_891' title='bbox 2061 4687 2289 4759; x_wconf 88' lang='lat' dir='ltr'><strong>Spiritus</strong></span> <span class='ocrx_word' id='word_1_892' title='bbox 2303 4695 2518 4743; x_wconf 86' lang='lat' dir='ltr'><strong>sanctus</strong></span> <span class='ocrx_word' id='word_1_893' title='bbox 2541 4694 2624 4743; x_wconf 89' lang='lat' dir='ltr'><strong>est</strong></span> <span class='ocrx_word' id='word_1_894' title='bbox 2649 4687 2845 4744; x_wconf 90' lang='lat' dir='ltr'><strong>missus</strong></span> <span class='ocrx_word' id='word_1_895' title='bbox 2861 4729 2878 4756; x_wconf 91' lang='lat'><strong>,</strong></span> <span class='ocrx_word' id='word_1_896' title='bbox 2909 4689 3001 4759; x_wconf 91' lang='lat' dir='ltr'><strong>qui</strong></span> <span class='ocrx_word' id='word_1_897' title='bbox 3027 4689 3199 4747; x_wconf 85' lang='lat' dir='ltr'><strong>fuerat</strong></span> <span class='ocrx_word' id='word_1_898' title='bbox 3226 4693 3247 4723; x_wconf 79' lang='grc'>³</span> <span class='ocrx_word' id='word_1_899' title='bbox 3277 4701 3402 4749; x_wconf 90' lang='lat' dir='ltr'><strong>ante</strong></span> <span class='ocrx_word' id='word_1_900' title='bbox 3427 4709 3551 4765; x_wconf 91' lang='lat' dir='ltr'><strong>pro-</strong></span> 
     </span>
    </p>
   </div>
   <div class='ocr_carea' id='block_1_108' title="bbox 1957 4793 2172 4835">
    <p class='ocr_par' dir='ltr' id='par_1_108' title="bbox 1957 4793 2172 4835">
     <span class='ocr_line' id='line_1_108' title="bbox 1957 4793 2172 4835; baseline -0.019 0"><span class='ocrx_word' id='word_1_901' title='bbox 1957 4793 2172 4835; x_wconf 80' lang='lat' dir='ltr'><strong>mlSSllS.</strong></span> 
     </span>
    </p>
   </div>
   <div class='ocr_carea' id='block_1_109' title="bbox 2032 4891 3550 4962">
    <p class='ocr_par' dir='ltr' id='par_1_109' title="bbox 2032 4891 3550 4962">
     <span class='ocr_line' id='line_1_109' title="bbox 2032 4891 3550 4962; baseline 0.003 -12"><span class='ocrx_word' id='word_1_902' title='bbox 2032 4894 2121 4950; x_wconf 86' lang='grc'><strong>10.</strong></span> <span class='ocrx_word' id='word_1_903' title='bbox 2159 4892 2236 4949; x_wconf 90' lang='lat' dir='ltr'><strong>Ite</strong></span> <span class='ocrx_word' id='word_1_904' title='bbox 2273 4907 2448 4960; x_wconf 93' lang='lat' dir='ltr'><strong>nunc,</strong></span> <span class='ocrx_word' id='word_1_905' title='bbox 2489 4907 2523 4949; x_wconf 92' lang='grc' dir='ltr'>ο</span> <span class='ocrx_word' id='word_1_906' title='bbox 2562 4891 2816 4950; x_wconf 85' lang='lat' dir='ltr'><strong>Israelitae</strong></span> <span class='ocrx_word' id='word_1_907' title='bbox 2845 4895 3137 4952; x_wconf 88' lang='lat' dir='ltr'><strong>secundum</strong></span> <span class='ocrx_word' id='word_1_908' title='bbox 3161 4912 3376 4954; x_wconf 90' lang='lat' dir='ltr'><strong>carnem</strong></span> <span class='ocrx_word' id='word_1_909' title='bbox 3400 4939 3416 4962; x_wconf 91' lang='lat'><strong>,</strong></span> <span class='ocrx_word' id='word_1_910' title='bbox 3446 4914 3550 4955; x_wconf 91' lang='lat' dir='ltr'><strong>non</strong></span> 
     </span>
    </p>
   </div>
   <div class='ocr_carea' id='block_1_110' title="bbox 1962 4986 3554 5055">
    <p class='ocr_par' dir='ltr' id='par_1_110' title="bbox 1962 4986 3554 5055">
     <span class='ocr_line' id='line_1_110' title="bbox 1962 4986 3554 5055; baseline 0.002 -12"><span class='ocrx_word' id='word_1_911' title='bbox 1962 4986 2252 5043; x_wconf 88' lang='lat' dir='ltr'><strong>secundum</strong></span> <span class='ocrx_word' id='word_1_912' title='bbox 2291 4986 2574 5055; x_wconf 89' lang='lat' dir='ltr'><strong>spiritum;</strong></span> <span class='ocrx_word' id='word_1_913' title='bbox 2618 4987 2690 5041; x_wconf 91' lang='lat' dir='ltr'><strong>ite</strong></span> <span class='ocrx_word' id='word_1_914' title='bbox 2730 5001 2904 5053; x_wconf 90' lang='lat' dir='ltr'><strong>nunc,</strong></span> <span class='ocrx_word' id='word_1_915' title='bbox 2933 4996 2988 5044; x_wconf 88' lang='lat' dir='ltr'><strong>et</strong></span> <span class='ocrx_word' id='word_1_916' title='bbox 3010 4989 3183 5045; x_wconf 90' lang='lat' dir='ltr'><strong>adhuc</strong></span> <span class='ocrx_word' id='word_1_917' title='bbox 3207 4990 3554 5048; x_wconf 86' lang='lat' dir='ltr'><strong>contradicite</strong></span> 
     </span>
    </p>
   </div>
   <div class='ocr_carea' id='block_1_111' title="bbox 1963 5080 3555 5152">
    <p class='ocr_par' dir='ltr' id='par_1_111' title="bbox 1963 5080 3555 5152">
     <span class='ocr_line' id='line_1_111' title="bbox 1963 5080 3555 5152; baseline 0.001 -15"><span class='ocrx_word' id='word_1_918' title='bbox 1963 5081 2312 5152; x_wconf 78' lang='lat' dir='ltr'><strong>apertissime</strong></span> <span class='ocrx_word' id='word_1_919' title='bbox 2331 5080 2542 5135; x_wconf 89' lang='lat' dir='ltr'><strong>veritati</strong></span> <span class='ocrx_word' id='word_1_920' title='bbox 2575 5097 2587 5132; x_wconf 95' lang='lat'>:</span> <span class='ocrx_word' id='word_1_921' title='bbox 2616 5089 2670 5136; x_wconf 91' lang='lat' dir='ltr'><strong>et</strong></span> <span class='ocrx_word' id='word_1_922' title='bbox 2697 5094 2816 5134; x_wconf 91' lang='lat' dir='ltr'><strong>cum</strong></span> <span class='ocrx_word' id='word_1_923' title='bbox 2847 5081 3040 5137; x_wconf 91' lang='lat' dir='ltr'><strong>auditis</strong></span> <span class='ocrx_word' id='word_1_924' title='bbox 3059 5081 3283 5150; x_wconf 80' lang='lat' dir='ltr'><strong>,Venite,</strong></span> <span class='ocrx_word' id='word_1_925' title='bbox 3311 5085 3555 5139; x_wconf 57' lang='lat' dir='ltr'><strong>ascendo-</strong></span> 
     </span>
    </p>
   </div>
   <div class='ocr_carea' id='block_1_112' title="bbox 1965 5171 3556 5242">
    <p class='ocr_par' dir='ltr' id='par_1_112' title="bbox 1965 5171 3556 5242">
     <span class='ocr_line' id='line_1_112' title="bbox 1965 5171 3556 5242; baseline 0.004 -14"><span class='ocrx_word' id='word_1_926' title='bbox 1965 5191 2080 5228; x_wconf 89' lang='lat' dir='ltr'><strong>mus</strong></span> <span class='ocrx_word' id='word_1_927' title='bbox 2116 5173 2168 5228; x_wconf 90' lang='lat' dir='ltr'><strong>in</strong></span> <span class='ocrx_word' id='word_1_928' title='bbox 2206 5181 2424 5227; x_wconf 90' lang='lat' dir='ltr'><strong>montem</strong></span> <span class='ocrx_word' id='word_1_929' title='bbox 2451 5171 2660 5226; x_wconf 86' lang='lat' dir='ltr'><strong>Domini</strong></span> <span class='ocrx_word' id='word_1_930' title='bbox 2688 5214 2703 5236; x_wconf 93' lang='lat'><strong>,</strong></span> <span class='ocrx_word' id='word_1_931' title='bbox 2731 5182 2778 5226; x_wconf 88' lang='lat' dir='ltr'><strong>et</strong></span> <span class='ocrx_word' id='word_1_932' title='bbox 2803 5173 2856 5226; x_wconf 92' lang='lat' dir='ltr'><strong>in</strong></span> <span class='ocrx_word' id='word_1_933' title='bbox 2885 5173 3092 5228; x_wconf 89' lang='lat' dir='ltr'><strong>domum</strong></span> <span class='ocrx_word' id='word_1_934' title='bbox 3118 5173 3214 5228; x_wconf 88' lang='lat' dir='ltr'><strong>Dei</strong></span> <span class='ocrx_word' id='word_1_935' title='bbox 3238 5173 3400 5230; x_wconf 72' lang='lat' dir='ltr'><strong>Iacob</strong></span> <span class='ocrx_word' id='word_1_936' title='bbox 3422 5192 3444 5242; x_wconf 84' lang='lat'><strong>,°</strong></span> <span class='ocrx_word' id='word_1_937' title='bbox 3473 5178 3556 5234; x_wconf 85' lang='lat' dir='ltr'><strong>di-</strong></span> 
     </span>
    </p>
   </div>
   <div class='ocr_carea' id='block_1_113' title="bbox 1967 5263 3557 5337">
    <p class='ocr_par' dir='ltr' id='par_1_113' title="bbox 1967 5263 3557 5337">
     <span class='ocr_line' id='line_1_113' title="bbox 1967 5263 3557 5337; baseline 0.004 -17"><span class='ocrx_word' id='word_1_938' title='bbox 1967 5265 2072 5320; x_wconf 90' lang='lat' dir='ltr'><strong>cite</strong></span> <span class='ocrx_word' id='word_1_939' title='bbox 2095 5305 2110 5331; x_wconf 94' lang='lat'><strong>,</strong></span> <span class='ocrx_word' id='word_1_940' title='bbox 2134 5263 2242 5320; x_wconf 89' lang='lat' dir='ltr'><strong>Nos</strong></span> <span class='ocrx_word' id='word_1_941' title='bbox 2271 5277 2492 5330; x_wconf 90' lang='lat' dir='ltr'><strong>sumus;</strong></span> <span class='ocrx_word' id='word_1_942' title='bbox 2524 5271 2584 5318; x_wconf 89' lang='lat' dir='ltr'><strong>ut</strong></span> <span class='ocrx_word' id='word_1_943' title='bbox 2611 5265 2740 5319; x_wconf 83' lang='lat' dir='ltr'><strong>caeci</strong></span> <span class='ocrx_word' id='word_1_944' title='bbox 2771 5264 3052 5320; x_wconf 76' lang='lat' dir='ltr'><strong>oﬂendatis</strong></span> <span class='ocrx_word' id='word_1_945' title='bbox 3081 5265 3138 5320; x_wconf 92' lang='lat' dir='ltr'><strong>in</strong></span> <span class='ocrx_word' id='word_1_946' title='bbox 3165 5277 3402 5325; x_wconf 92' lang='lat' dir='ltr'><strong>montem</strong></span> <span class='ocrx_word' id='word_1_947' title='bbox 3428 5310 3444 5337; x_wconf 92' lang='lat'><strong>,</strong></span> <span class='ocrx_word' id='word_1_948' title='bbox 3472 5271 3557 5326; x_wconf 87' lang='lat' dir='ltr'><strong>ubi</strong></span> 
     </span>
    </p>
   </div>
   <div class='ocr_carea' id='block_1_114' title="bbox 2035 5459 3554 5534">
    <p class='ocr_par' dir='ltr' id='par_1_114' title="bbox 2035 5459 3554 5534">
     <span class='ocr_line' id='line_1_114' title="bbox 2035 5459 3554 5534; baseline 0.006 -24"><span class='ocrx_word' id='word_1_949' title='bbox 2035 5463 2051 5494; x_wconf 76' lang='grc' dir='ltr'><strong><em>ι</em></strong></span> <span class='ocrx_word' id='word_1_950' title='bbox 2079 5462 2196 5511; x_wconf 80' lang='lat' dir='ltr'><strong>Editi</strong></span> <span class='ocrx_word' id='word_1_951' title='bbox 2221 5497 2235 5522; x_wconf 90' lang='lat'><strong>,</strong></span> <span class='ocrx_word' id='word_1_952' title='bbox 2283 5459 2598 5534; x_wconf 69' lang='lat' dir='ltr'><strong>celsitudines</strong></span> <span class='ocrx_word' id='word_1_953' title='bbox 2627 5475 2792 5513; x_wconf 77' lang='lat' dir='ltr'><strong>eorum</strong></span> <span class='ocrx_word' id='word_1_954' title='bbox 2825 5461 2930 5534; x_wconf 68' lang='lat' dir='ltr'><strong>ejus</strong></span> <span class='ocrx_word' id='word_1_955' title='bbox 2969 5461 3203 5534; x_wconf 66' lang='lat' dir='ltr'><strong>celsitudo</strong></span> <span class='ocrx_word' id='word_1_956' title='bbox 3223 5469 3554 5534; x_wconf 67' lang='lat' dir='ltr'><strong>transcendit.</strong></span> 
     </span>
    </p>
   </div>
   <div class='ocr_carea' id='block_1_115' title="bbox 1970 5526 3554 5586">
    <p class='ocr_par' dir='ltr' id='par_1_115' title="bbox 1970 5526 3554 5586">
     <span class='ocr_line' id='line_1_115' title="bbox 1970 5526 3554 5586; baseline 0.006 -15"><span class='ocrx_word' id='word_1_957' title='bbox 1970 5531 2161 5583; x_wconf 85' lang='lat' dir='ltr'><strong>vocem,</strong></span> <span class='ocrx_word' id='word_1_958' title='bbox 2187 5536 2370 5586; x_wconf 81' lang='lat' dir='ltr'><strong>eorum,</strong></span> <span class='ocrx_word' id='word_1_959' title='bbox 2384 5526 2712 5586; x_wconf 84' lang='lat' dir='ltr'><strong>expunximus</strong></span> <span class='ocrx_word' id='word_1_960' title='bbox 2733 5526 3017 5576; x_wconf 87' lang='lat' dir='ltr'><strong>auctoritate</strong></span> <span class='ocrx_word' id='word_1_961' title='bbox 3039 5527 3429 5580; x_wconf 87' lang='lat' dir='ltr'><strong>cisterciensium</strong></span> <span class='ocrx_word' id='word_1_962' title='bbox 3455 5540 3554 5581; x_wconf 80' lang='lat' dir='ltr'><strong>Mss.</strong></span> 
     </span>
    </p>
   </div>
   <div class='ocr_carea' id='block_1_116' title="bbox 2033 5585 3460 5656">
    <p class='ocr_par' dir='ltr' id='par_1_116' title="bbox 2033 5585 3460 5656">
     <span class='ocr_line' id='line_1_116' title="bbox 2033 5585 3460 5656; baseline 0.008 -25"><span class='ocrx_word' id='word_1_963' title='bbox 2033 5588 2053 5656; x_wconf 65' lang='grc' dir='ltr'><strong>ξ</strong></span> <span class='ocrx_word' id='word_1_964' title='bbox 2088 5585 2298 5656; x_wconf 55' lang='lat' dir='ltr'><strong>vaticani</strong></span> <span class='ocrx_word' id='word_1_965' title='bbox 2325 5585 2422 5656; x_wconf 75' lang='lat' dir='ltr'><strong>duo</strong></span> <span class='ocrx_word' id='word_1_966' title='bbox 2439 5593 2570 5656; x_wconf 58' lang='lat' dir='ltr'><strong>Mss,</strong></span> <span class='ocrx_word' id='word_1_967' title='bbox 2595 5591 2751 5656; x_wconf 82' lang='lat' dir='ltr'><strong>tamen</strong></span> <span class='ocrx_word' id='word_1_968' title='bbox 2767 5598 2883 5656; x_wconf 68' lang='lat' dir='ltr'><strong>eum</strong></span> <span class='ocrx_word' id='word_1_969' title='bbox 2905 5587 3219 5656; x_wconf 76' lang='lat' dir='ltr'><strong>trartscendit,</strong></span> <span class='ocrx_word' id='word_1_970' title='bbox 3248 5601 3460 5656; x_wconf 84' lang='lat' dir='ltr'><strong>superat.</strong></span> 
     </span>
    </p>
   </div>
   <div class='ocr_carea' id='block_1_117' title="bbox 2034 5645 3558 5712">
    <p class='ocr_par' dir='ltr' id='par_1_117' title="bbox 2034 5645 3558 5712">
     <span class='ocr_line' id='line_1_117' title="bbox 2034 5645 3558 5712; baseline 0.009 -19"><span class='ocrx_word' id='word_1_971' title='bbox 2034 5649 2055 5678; x_wconf 80' lang='grc'>³</span> <span class='ocrx_word' id='word_1_972' title='bbox 2087 5653 2301 5708; x_wconf 87' lang='lat' dir='ltr'><strong>Nomen,</strong></span> <span class='ocrx_word' id='word_1_973' title='bbox 2337 5645 2478 5708; x_wconf 88' lang='lat' dir='ltr'><strong>Sion,</strong></span> <span class='ocrx_word' id='word_1_974' title='bbox 2518 5647 2598 5696; x_wconf 88' lang='lat' dir='ltr'><strong>hic</strong></span> <span class='ocrx_word' id='word_1_975' title='bbox 2631 5649 2681 5695; x_wconf 89' lang='lat' dir='ltr'><strong>in</strong></span> <span class='ocrx_word' id='word_1_976' title='bbox 2719 5646 2862 5698; x_wconf 88' lang='lat' dir='ltr'><strong>editis</strong></span> <span class='ocrx_word' id='word_1_977' title='bbox 2883 5650 3141 5712; x_wconf 90' lang='lat' dir='ltr'><strong>omissum,</strong></span> <span class='ocrx_word' id='word_1_978' title='bbox 3178 5645 3452 5705; x_wconf 68' lang='lat' dir='ltr'><strong>restittltur</strong></span> <span class='ocrx_word' id='word_1_979' title='bbox 3495 5668 3558 5706; x_wconf 79' lang='lat' dir='ltr'><strong>ex</strong></span> 
     </span>
    </p>
   </div>
   <div class='ocr_carea' id='block_1_118' title="bbox 2032 5771 3564 5842">
    <p class='ocr_par' dir='ltr' id='par_1_118' title="bbox 2032 5771 3564 5842">
     <span class='ocr_line' id='line_1_118' title="bbox 2032 5771 3564 5842; baseline 0.014 -25"><span class='ocrx_word' id='word_1_980' title='bbox 2032 5771 2055 5842; x_wconf 63' lang='grc' dir='ltr'><strong>ξ</strong></span> <span class='ocrx_word' id='word_1_981' title='bbox 2087 5777 2264 5821; x_wconf 85' lang='lat' dir='ltr'><strong>Omnes</strong></span> <span class='ocrx_word' id='word_1_982' title='bbox 2284 5771 2476 5842; x_wconf 72' lang='lat' dir='ltr'><strong>mdices</strong></span> <span class='ocrx_word' id='word_1_983' title='bbox 2514 5777 2617 5820; x_wconf 82' lang='lat' dir='ltr'><strong>Mss.</strong></span> <span class='ocrx_word' id='word_1_984' title='bbox 2663 5773 2906 5834; x_wconf 85' lang='lat' dir='ltr'><strong>omittunt,</strong></span> <span class='ocrx_word' id='word_1_985' title='bbox 2939 5786 3033 5824; x_wconf 86' lang='lat' dir='ltr'><strong>non</strong></span> <span class='ocrx_word' id='word_1_986' title='bbox 3054 5781 3214 5827; x_wconf 82' lang='lat' dir='ltr'><strong>autem</strong></span> <span class='ocrx_word' id='word_1_987' title='bbox 3236 5776 3303 5828; x_wconf 85' lang='lat' dir='ltr'><strong>ibi</strong></span> <span class='ocrx_word' id='word_1_988' title='bbox 3336 5791 3459 5842; x_wconf 86' lang='lat' dir='ltr'><strong>eam,</strong></span> <span class='ocrx_word' id='word_1_989' title='bbox 3491 5780 3564 5838; x_wconf 80' lang='lat' dir='ltr'><strong>vel</strong></span> 
     </span>
    </p>
   </div>
   <div class='ocr_carea' id='block_1_119' title="bbox 1969 5833 2408 5896">
    <p class='ocr_par' dir='ltr' id='par_1_119' title="bbox 1969 5833 2408 5896">
     <span class='ocr_line' id='line_1_119' title="bbox 1969 5833 2408 5896; baseline -0.009 -12"><span class='ocrx_word' id='word_1_990' title='bbox 1969 5833 2083 5885; x_wconf 84' lang='lat' dir='ltr'><strong>inde</strong></span> <span class='ocrx_word' id='word_1_991' title='bbox 2104 5839 2408 5896; x_wconf 71' lang='lat' dir='ltr'><strong>acceperunt.</strong></span> 
     </span>
    </p>
   </div>
   <div class='ocr_carea' id='block_1_120' title="bbox 2037 5891 3377 5965">
    <p class='ocr_par' dir='ltr' id='par_1_120' title="bbox 2037 5891 3377 5965">
     <span class='ocr_line' id='line_1_120' title="bbox 2037 5891 3377 5965; baseline 0.008 -21"><span class='ocrx_word' id='word_1_992' title='bbox 2037 5897 2057 5929; x_wconf 75' lang='grc'>³</span> <span class='ocrx_word' id='word_1_993' title='bbox 2091 5891 2227 5956; x_wconf 65' lang='lat' dir='ltr'><strong>aditi,&quot;</strong></span> <span class='ocrx_word' id='word_1_994' title='bbox 2249 5893 2336 5957; x_wconf 86' lang='lat' dir='ltr'><strong>qui</strong></span> <span class='ocrx_word' id='word_1_995' title='bbox 2355 5891 2566 5960; x_wconf 76' lang='lat' dir='ltr'><strong>ﬁdeliter</strong></span> <span class='ocrx_word' id='word_1_996' title='bbox 2587 5897 2762 5962; x_wconf 80' lang='lat' dir='ltr'><strong>fuerat.</strong></span> <span class='ocrx_word' id='word_1_997' title='bbox 2788 5899 2950 5963; x_wconf 80' lang='lat' dir='ltr'><strong>Abest,</strong></span> <span class='ocrx_word' id='word_1_998' title='bbox 2978 5896 3205 5965; x_wconf 79' lang='lat' dir='ltr'><strong>ﬁdeliter,</strong></span> <span class='ocrx_word' id='word_1_999' title='bbox 3231 5909 3377 5956; x_wconf 74' lang='lat' dir='ltr'><strong>alus.</strong></span> 
     </span>
    </p>
   </div>
  </div>
