4082 6452
519 593 702 657 cellisa
731 583 865 654 Pacie‘
897 587 1046 668 pejus
1076 579 1310 666 perdatis
1334 589 1583 647 frontem.
1614 575 1672 642 Si
1697 585 1822 674 vere
1853 582 2010 638 vultis
2032 581 2110 635 di-

520 697 642 752 cere
666 738 680 763 ,
710 691 817 750 Nos
847 703 1067 757 smnus;
1095 673 1166 746 ibi
1190 686 1290 744 hoc
1313 685 1502 750 dicite,
1530 679 1618 736 ubi
1646 673 1834 735 auditis
1861 721 1874 745 ,
1908 677 1981 731 Ab
2008 676 2111 730 ini-

510 779 789 862 quitatibus
815 787 832 816 ί
860 784 1035 856 populi
1062 771 1354 852 meiductus
1379 783 1450 832 est
1477 774 1543 830 ad
1571 780 1774 829 mortem
1794 770 1943 842 (Isai.
1978 786 2066 824 LIII
2089 809 2105 836 ,

519 879 598 950 8).
645 879 721 934 Dc
743 875 955 934 Christo
982 865 1121 930 enim
1151 871 1350 928 dictum
1379 875 1459 924 est
1483 910 1496 935 ,
1525 882 1680 938 quem
1709 869 1802 919 vos
1833 863 1884 917 in
1916 876 2107 932 paren-

517 949 659 1029 tibus
700 969 892 1027 vestris
928 967 1153 1024 duxistis
1189 963 1258 1019 ad
1293 969 1556 1027 mortem;
1598 958 1687 1030 qui
1729 958 1865 1012 sicut
1893 955 2008 1010 ovis
2039 949 2105 1006 ad

515 1055 900 1121 immolandum
922 1061 1112 1117 ductus
1140 1068 1262 1125 est,
1292 1067 1350 1114 ut
1379 1055 1581 1113 Pascha
1605 1095 1622 1120 ,
1646 1047 1786 1134 quod
1808 1050 2106 1138 nescientes

512 1157 793 1215 celebratis
814 1199 828 1224 ,
870 1153 1170 1213 nescientes
1209 1137 1474 1209 saeviendo
1508 1144 1801 1218 impleretis
1831 1143 1872 1195 ².
1900 1137 1956 1198 Si
1981 1156 2108 1196 vere

512 1249 673 1305 vultis
712 1248 887 1303 dicere
907 1288 921 1315 ,
953 1244 1060 1302 Nos
1090 1250 1271 1301 sumus
1297 1261 1311 1310 ;
1341 1251 1467 1298 tunc
1495 1231 1654 1296 dicite
1677 1280 1692 1305 ,
1724 1233 1934 1307 quando
1958 1230 2107 1287 audi-

511 1342 580 1399 tis
598 1385 615 1410 ,
651 1341 888 1396 Incrassa
916 1357 1003 1396 cor
1030 1339 1202 1413 pepuli
1231 1331 1382 1410 hujus
1405 1378 1420 1405 ,
1450 1344 1497 1391 et
1524 1331 1672 1389 aures
1697 1347 1869 1387 eorum
1899 1325 2102 1399 appila,

508 1443 555 1489 et
591 1433 761 1489 oculos
799 1450 972 1488 eorum
997 1437 1151 1503 gra‘va
1180 1429 1290 1502 (Id.
1320 1444 1408 1497 v1,
1439 1415 1551 1498 10).
1580 1423 1728 1480 Tunc
1751 1421 1912 1478 dicite
1931 1463 1946 1491 ,
1974 1419 2103 1506 Nos,

509 1542 696 1584 sumus
725 1544 739 1594 ;
769 1525 984 1598 qnando
1005 1519 1227 1593 auditis,
1258 1521 1389 1579 Tota
1415 1519 1498 1576 die
1523 1517 1747 1591 expendi
1767 1533 1945 1572 manus
1966 1531 2104 1570 meas

507 1621 574 1677 ad
602 1621 846 1693 populum
873 1638 974 1676 non
999 1619 1296 1683 credentem,
1323 1626 1370 1672 et
1392 1613 1816 1671 contradicentem
1842 1607 1949 1696 (Id.
1976 1625 2096 1674 va,

507 1715 588 1786 2).
629 1714 776 1770 Tunc
804 1713 962 1769 dicite
982 1753 998 1780 ,
1024 1711 1130 1767 Nos
1159 1726 1342 1765 sumus
1367 1725 1380 1777 ;
1412 1705 1624 1779 quando
1652 1702 1845 1760 auditis
1869 1744 1885 1771 ,
1921 1699 2102 1755 Excre-

509 1813 682 1861 centur
719 1795 852 1860 oculi
895 1821 1067 1859 eorum
1107 1820 1169 1857 ne
1191 1801 1426 1867 videant,
1460 1810 1504 1854 et
1529 1799 1682 1854 dorsa
1706 1812 1881 1852 eorum
1905 1809 2102 1876 semper

508 1898 717 1952 incurva
763 1895 930 1967 (Psal.
978 1911 1172 1961 vam,
1220 1891 1335 1964 25).
1371 1891 1440 1975 ‘In
1486 1877 1570 1945 his
1611 1898 1769 1960 atque
1795 1883 2100 1958 hujttsmodi

512 1989 834 2060 propheticis
870 1987 1088 2043 vocibus
1117 1985 1274 2041 dicite
1297 2027 1312 2052 ,
1340 1983 1448 2039 Nos
1477 1995 1698 2048 sumus;
1732 1980 1823 2036 ubi
1848 1980 1964 2035 sine
1994 1977 2099 2034 ulla

505 2062 832 2137 dubitatione
882 2095 975 2134 vos
1027 2079 1156 2134 estis
1203 2095 1216 2132 :
1263 2075 1358 2132 sed
1405 2074 1483 2129 sic
1527 2073 1655 2130 caeci
1693 2073 1856 2140 estis,
1893 2079 1952 2126 ut
1979 2085 2100 2126 esse

503 2189 602 2230 vos
623 2166 809 2245 dicatis
825 2171 911 2226 ubi
932 2185 1038 2226 non
1053 2170 1200 2235 estis,
1215 2177 1269 2224 et
1283 2183 1388 2224 non
1405 2182 1499 2222 vos
1511 2165 1809 2238 agnoscatis
1837 2164 1923 2220 ubi
1944 2163 2093 2219 estis.

579 2247 804 2318 CAPUT
845 2249 978 2316 Vni.
1009 2291 1080 2300 -
1110 2259 1197 2315 II.
1228 2255 1531 2313 Judworum
1556 2274 1587 2312 α
1616 2249 1724 2310 Deo
1755 2255 1980 2309 dimissio
2009 2270 2098 2325 per

503 2355 698 2413 Isaiam
736 2355 1095 2428 praznuntiata.
1123 2352 1227 2410 Sed
1257 2353 1310 2408 in
1339 2351 1453 2407 haec
1478 2349 1840 2406 manifestiora
1866 2364 1984 2419 quae
2014 2347 2096 2402 di-

504 2459 688 2507 cturus
713 2465 830 2506 sum
851 2491 865 2516 ,
898 2445 1165 2520 paulisper
1188 2446 1460 2503 attendite.
1501 2445 1656 2501 Certe
1683 2459 1804 2499 cum
1827 2441 2021 2497 auditis
2043 2442 2095 2496 in

505 2541 648 2598 bono
686 2535 884 2608 Israel,
928 2525 1133 2606 dicitis,
1173 2537 1283 2594 Nos
1327 2552 1546 2604 sumus;
1586 2544 1639 2592 et
1672 2551 1794 2591 cum
1819 2533 2011 2589 auditis
2041 2533 2095 2588 in

502 2632 644 2689 bono
691 2629 888 2700 Jacob,
941 2630 1154 2698 dicitis,
1207 2615 1314 2685 Nos
1361 2641 1566 2685 sumus.
1613 2627 1834 2682 Etcum
1878 2641 1914 2706 ap
1947 2624 2095 2679 vobis

502 2739 662 2780 causa
700 2717 984 2796 requiritur
1007 2765 1020 2790 ,
1063 2721 1433 2792 respondetis,
1472 2719 1734 2789 Quoniam
1773 2715 1937 2774 Jacob
1980 2717 2096 2788 ipse

503 2824 588 2873 est
633 2807 688 2871 et
728 2801 930 2884 Israel,
981 2825 1048 2871 ex
1089 2830 1195 2886 quo
1234 2813 1530 2884 patriarcha
1576 2812 1848 2883 propagati
1871 2826 2094 2878 sumus,

505 2907 646 2965 unde
670 2895 862 2964 merito
892 2910 1056 2980 patris
1085 2909 1252 2964 nostri
1271 2893 1626 2979 appellatione
1649 2921 1952 2962 censemur.
1979 2903 2096 2959 Non

505 3015 635 3073 ergo
665 3015 760 3057 vos
780 2985 889 3056 alto
917 3009 970 3055 et
993 2983 1140 3072 gravi
1160 3013 1349 3054 somno
1378 2984 1727 3066 dormientes,
1751 2997 1816 3052 ad
1843 2997 2093 3067 spiritua-

504 3093 575 3149 Iia
613 3110 730 3166 qua:
756 3109 862 3150 non
890 3093 1076 3164 capitis
1106 3081 1435 3159 excitamus;
1465 3107 1637 3162 neque
1667 3106 1807 3146 nunc
1831 3089 2098 3160 quomodo

505 3187 854 3259 spiritualiter
893 3186 1198 3259 accipienda
1243 3187 1349 3241 sint
1390 3186 1491 3240 ista
1531 3183 1814 3251 vocabula,
1859 3181 2011 3239 vobis
2039 3182 2094 3238 in

505 3280 687 3336 auditu
737 3288 792 3337 et
830 3280 946 3336 visu
990 3280 1248 3352 spirituali
1289 3279 1465 3358 surdis
1503 3286 1558 3334 et
1593 3277 1748 3333 caecis
1778 3274 2100 3347 persuadere

507 3389 783 3430 conamur.
833 3374 1036 3452 Nempe
1081 3359 1217 3430 sicut
1259 3389 1366 3446 vos
1395 3371 1672 3438 fatemini,
1709 3381 1762 3427 ct
1792 3369 1952 3426 lectio
1977 3368 2097 3424 libri

507 3465 781 3523 Genescos
818 3467 1098 3523 manifeste
1135 3467 1408 3532 declarat,
1441 3479 1576 3520 unus
1609 3464 1770 3519 homo
1794 3472 1909 3519 erat
1935 3462 2099 3519 Iacob

507 3567 563 3616 et
603 3559 763 3615 Israel
801 3559 952 3634 (Gen.
993 3576 1176 3630 xxxn,
1211 3559 1344 3631 28);
1385 3567 1440 3616 et
1463 3558 1603 3614 unde
1627 3558 1955 3629 gloriamini,
1987 3559 2098 3628 ipsa

508 3660 592 3707 est
635 3650 828 3706 domus
868 3651 1061 3721 Iacob,
1107 3667 1225 3722 quae
1262 3652 1456 3708 domus
1481 3658 1563 3706 est
1590 3651 1772 3706 Israel.
1806 3649 1943 3718 Quid
1973 3663 2100 3720 ergo

510 3752 626 3812 est,
672 3743 830 3814 quod
861 3744 1003 3816 idem
1053 3747 1167 3817 ipse
1207 3744 1499 3818 propheta,
1542 3758 1661 3799 cum
1688 3745 2101 3814 prtenuntiasset

508 3847 747 3894 montem
786 3835 1021 3894 futurum
1062 3847 1303 3910 paratum
1334 3837 1387 3893 in
1411 3839 1686 3894 cacumine
1711 3838 2004 3905 montium,-
2033 3835 2100 3892 ad

511 3943 671 4000 quem
713 3937 966 4006 ventura;
986 3938 1166 3985 essent
1206 3931 1468 3986 universae
1501 3939 1724 4001 gentes;
1752 3930 1874 4000 quia
1904 3943 2011 3985 non
2035 3928 2102 3984 de

511 4028 696 4076 monte
723 4019 849 4076 Sina
879 4013 969 4076 uni
989 4022 1132 4092 genti
1154 4062 1170 4090 ,
1198 4021 1292 4078 sed
1312 4022 1379 4078 de
1401 4021 1528 4079 Sion
1553 4030 1606 4079 et
1625 4022 1920 4079 Jerusalem
1942 4023 2024 4078 lex
2049 4029 2105 4078 et

512 4119 737 4176 verbum
769 4119 978 4175 Domini
1000 4135 1374 4190 processurum
1396 4129 1540 4177 esset
1561 4120 1808 4176 omnibus
1825 4121 2102 4192 gentibus;

513 4211 658 4283 quod
683 4198 1110 4268 manifestissime
1136 4212 1189 4268 in
1218 4212 1429 4270 Christo
1452 4222 1505 4270 et
1528 4212 1839 4270 Christianis
1862 4211 2104 4270 videmus

512 4303 793 4376 impletum
839 4321 852 4358 :
899 4305 1056 4375 paulo
1085 4315 1204 4375 post
1231 4305 1358 4362 dicit
1378 4346 1394 4371 ,
1426 4305 1494 4361 Et
1520 4323 1652 4365 nunc
1682 4315 1734 4361 tu
1753 4343 1768 4374 ,
1799 4306 1978 4364 domus
2002 4306 2102 4362 Ja-

514 4396 607 4450 cob
625 4433 641 4464 ,
685 4396 846 4452 venite
866 4435 882 4465 ,
925 4397 1232 4452 ambulemus
1260 4397 1313 4452 in
1345 4398 1457 4476 luce
1483 4397 1503 4430 ³
1528 4397 1732 4454 Domini
1753 4401 1778 4454 Ρ
1805 4399 1899 4455 llic
1922 4398 2103 4470 profe-

515 4496 606 4544 cto
647 4488 835 4556 dicetis
857 4523 874 4556 ,
918 4497 977 4544 ut
1014 4491 1195 4546 soletis
1215 4529 1230 4556 ,
1260 4491 1368 4547 Nos
1397 4506 1612 4558 sumus;
1644 4493 1737 4549 sed
1764 4493 1904 4565 quod
1928 4494 2105 4564 sequl-

515 4586 606 4635 tur
627 4619 644 4647 ,
667 4580 936 4651 paulisper
964 4583 1236 4651 attendite,
1264 4591 1322 4638 ut
1346 4599 1466 4640 cum
1496 4585 1735 4641 dixeritis
1761 4587 1902 4658 quod
1924 4587 2101 4653 vultis,

517 4671 682 4727 etiam
723 4673 865 4743 quod
911 4690 1016 4729 non
1039 4677 1212 4733 vultis
1247 4677 1491 4733 audiatis.
1520 4679 1652 4734 Nam
1678 4680 1944 4751 Propheta
1970 4688 2102 4737 eon-

515 4761 689 4832 iungit
730 4771 784 4818 et
825 4763 985 4831 dicit,
1030 4766 1232 4822 Dimisit
1279 4771 1410 4824 enim
1455 4771 1644 4840 plebem
1684 4789 1860 4840 suam,
1899 4775 2105 4829 dontu'm

517 4850 689 4906 Israel
728 4851 882 4942 (Isai.
929 4870 1004 4922 ιι,
1031 4857 1120 4942 ⁵5,
1289 4859 1384 4915 llic
1415 4860 1607 4930 dicite,
1639 4861 1748 4918 Nos
1773 4878 1991 4932 sumus;
2019 4865 2105 4922 hic

516 4957 613 4997 vos
651 4941 951 5014 aguosmte,
989 4937 1043 5003 et
1071 4931 1223 5018 nobis
1251 4952 1372 5023 quia
1401 4953 1502 5009 ista
1530 4958 2062 5014 commemoravimus
2087 4999 2104 5027 ,

516 5032 797 5103 ignos'cite.
827 5037 881 5090 Si
907 5031 1046 5093 enim
1070 5029 1298 5097 libenter
1319 5030 1512 5100 auditis
1529 5083 1546 5111 ,
1577 5045 1645 5102 ad
1670 5058 1901 5104 vestrum
1921 5049 2109 5106 dicuno

516 5135 604 5182 tur
635 5125 920 5202 alloquium
945 5149 960 5198 ;
988 5131 1032 5188 Si
1055 5125 1183 5219 vero
1205 5137 1538 5219 indignanter
1551 5140 1764 5210 auditis,
1791 5143 1856 5199 ad
1877 5154 2108 5201 vestrum

1753 459 1809 530 S.
1851 463 2218 528 AUGUSTINI
2266 455 2574 529 EPISCOPI

3729 461 3803 528 60

2213 607 2486 672 pturarum
2529 617 2636 660 non
2680 603 2903 674 potestis
2947 603 3192 672 auferre,
3239 603 3687 678 quemadmodum
3720 603 3800 662 illi

2212 691 2471 750 Dominus
2512 695 2823 767 imperavit,
2865 697 3134 752 exclamat
3170 695 3551 764 vehementer,
3580 704 3635 753 et
3662 697 3804 754 sicut

2215 785 2340 840 tuba
2379 788 2573 843 cxaltat
2614 804 2788 844 vocem
2817 805 2965 845 suam
2998 789 3150 860 (Isai.
3179 805 3305 845 Lvnt
3325 832 3340 858 ,
3371 791 3423 863 I)
3443 831 3459 858 ,
3484 803 3688 860 vosque
3715 791 3804 846 in-

2212 890 2427 951 crepat,
2475 882 2658 938 dicens
2707 901 2720 938 :
2767 883 2834 938 Et
2876 900 3006 938 nunc
3051 894 3139 952 tu,
3185 884 3363 939 domus
3384 883 3800 952 Jacob,venite,

2210 970 2520 1027 ambulemus
2551 975 2600 1028 in
2627 976 2739 1028 luce
2764 975 2984 1030 Domini.
3016 975 3295 1032 Occidistis
3323 975 3593 1033 Christum
3621 976 3672 1030 in
3703 993 3801 1046 pa-

2209 1063 2449 1118 rentibus
2475 1065 2685 1121 vestris.
2715 1065 2937 1122 Tamdiu
2962 1082 3067 1122 non
3091 1066 3416 1135 credidistis,
3442 1076 3497 1124 et
3522 1068 3800 1124 contradi-

2209 1153 2362 1211 xistis
2409 1173 2422 1209 :
2463 1157 2557 1212 sed
2594 1156 2829 1213 nondum
2873 1158 3123 1228 peristis,
3165 1158 3289 1230 quia
3311 1159 3548 1214 nondum
3577 1157 3645 1214 de
3674 1173 3800 1212 cor-

2209 1261 2340 1317 pore
2378 1248 2596 1314 existis;
2637 1257 2691 1303 et
2729 1264 2872 1304 nunc
2907 1249 3114 1305 habetis
3138 1251 3365 1320 Spatium
3396 1249 3720 1322 ptenitendi,
3745 1257 3802 1305 et

2207 1355 2350 1396 nunc
2378 1341 2574 1396 venite.
2610 1340 2748 1399 Olim
2783 1342 2996 1411 quidem
3021 1341 3308 1410 debuistis,
3340 1341 3434 1398 sed
3459 1350 3513 1398 et
3536 1337 3800 1398 nunc‘ve-

2208 1433 2319 1489 nite
2345 1453 2357 1489 :
2390 1434 2625 1490 nondum
2651 1434 2785 1490 [initi
2809 1444 2935 1492 sunt
2955 1436 3102 1503 dies,
3131 1436 3215 1492 cui
3242 1435 3478 1492 nondum
3508 1435 3656 1491 venit
3676 1435 3800 1490 ulti-

2205 1532 2326 1584 mu‘s
2350 1527 2484 1608 dics.
2518 1529 2625 1583 Aut
2652 1528 2697 1584 si
2725 1543 2819 1584 vos
2845 1537 3094 1601 tanquam
3119 1530 3336 1586 domum
3361 1528 3529 1586 Iacob
3552 1528 3798 1600 Prophe«

2205 1627 2314 1676 tam
2357 1629 2568 1678 secutos
2587 1662 2603 1688 ,
2643 1623 2753 1694 jam
2781 1624 2834 1679 in
2864 1624 2982 1679 lucc
3011 1624 3219 1680 Domini
3244 1623 3459 1680 creditis
3484 1624 3800 1693 ambulare,

2203 1712 2420 1770 domum
2440 1713 2600 1770 Israel
2623 1731 2782 1786 quam
2803 1715 3001 1771 dimisit
3016 1717 3300 1774 ostendite.
3320 1717 3430 1774 Nos
3457 1717 3602 1774 enim
3620 1725 3804 1790 utros-

2201 1822 2308 1879 que
2348 1815 2740 1874 monstramus,
2781 1817 2836 1864 et
2869 1824 3002 1878 quos
3024 1824 3091 1864 ex
3121 1809 3210 1864 illa
3239 1809 3397 1865 domo
3422 1809 3662 1866 vocando
3686 1797 3799 1865 dis-

2206 1900 2473 1967 creverit,
2528 1908 2582 1955 et
2611 1914 2746 1970 quos
2770 1900 2880 1956 illic
2905 1909 3243 1957 remanentes
3269 1900 3550 1958 dimiserit.
3573 1901 3802 1957 Vocavit

2201 1992 2344 2050 enim
2371 1992 2494 2048 inde
2518 2007 2626 2048 non
2648 1993 2821 2048 solum
2848 1993 3165 2064 Apostolos,
3189 1995 3284 2051 sed
3313 1995 3470 2052 etiam
3498 2003 3619 2066 post
3637 1993 3798 2051 Chri-

2198 2085 2268 2142 sti
2305 2085 2756 2141 resurrectionem
2783 2086 3033 2157 populum
3063 2102 3344 2157 magnum;
3377 2087 3522 2150 unde
3549 2087 3798 2157 superius

2195 2174 2307 2248 jam
2351 2177 2583 2233 diximus
2624 2195 2642 2248 ,ε
2682 2177 2885 2234 dimisit
2926 2187 3102 2235 autem
3141 2179 3297 2245 illos,
3337 2193 3473 2250 quos
3511 2179 3671 2234 etiam
3697 2191 3798 2234 vos

2197 2285 2306 2326 non
2350 2269 2619 2326 credendo
2655 2271 2974 2338 imitamini;
3017 2279 3072 2327 et
3095 2286 3188 2328 vos
3218 2271 3362 2342 ipsos
3385 2311 3400 2336 ,
3433 2271 3521 2343 qui
3549 2286 3642 2328 eos
3671 2271 3796 2326 imi-

2198 2361 2360 2418 tando
2388 2363 2442 2418 in
2465 2362 2650 2419 eadem
2681 2363 2916 2433 pernicie
2941 2361 3313 2418 demoramini.
3345 2364 3451 2418 Aut
3481 2363 3525 2418 si
3545 2377 3641 2419 vos
3663 2362 3800 2419 estis

2197 2466 2332 2524 quos
2366 2451 2490 2508 inde
2524 2455 2765 2522 vocavit,
2808 2453 2898 2509 ubi
2928 2461 3050 2508 sunt
3070 2467 3202 2524 quos
3234 2452 3477 2512 dimisit?
3499 2452 3615 2508 Non
3647 2452 3810 2509 enim-

2196 2545 2423 2614 potestis
2459 2544 2674 2612 dicere,
2710 2543 2853 2616 quod
2886 2543 3066 2600 nescio
3099 2559 3258 2615 quam
3283 2544 3441 2599 aliam
3465 2551 3678 2615 gentem
3707 2543 3798 2599 di-

2197 2638 2442 2707 miserit;
2483 2654 2617 2695 cum-
2645 2639 2910 2710 Propheta
2947 2640 3142 2695 clamet
3170 2656 3182 2693 :
3211 2638 3416 2694 Dimisit
3441 2640 3574 2694 enim
3601 2638 3799 2709 plebem

2169 2721 2342 2786 'suam
2359 2773 2377 2801 ,
2423 2731 2632 2801 domum,
2654 2730 2839 2787 Israel.
2871 2732 3011 2789 Ecce
3037 2731 3178 2803 quod
3206 2732 3336 2788 estis
3355 2774 3369 2799 ,
3401 2745 3507 2787 non
3534 2730 3677 2802 quod
3700 2744 3804 2786 vos

2198 2836 2318 2879 esse
2347 2822 2582 2896 jactatis.
2612 2823 2824 2880 Dimisit
2854 2825 2999 2880 enim
3026 2833 3080 2880 et
3104 2823 3312 2880 vineam
3335 2865 3350 2891 ,
3373 2823 3443 2878 de
3473 2837 3576 2894 qua
3601 2837 3799 2892 exspe-

2197 2916 2361 2973 ctavit
2389 2925 2444 2972 ut
2469 2915 2670 2973 faceret
2694 2931 2825 2974 uvas
2846 2959 2862 2986 ,
2887 2917 3015 2974 fecit
3041 2925 3220 2974 autem
3243 2917 3424 2988 spinas
3451 2933 3466 2982 ;
3491 2925 3547 2971 et
3565 2914 3796 2970 manda-

2197 3009 2274 3064 vit
2313 3009 2541 3066 nttbibus
2578 3011 2692 3067 suis
2716 3027 2785 3067 ne
2811 3012 3054 3081 pluerent
3078 3026 3239 3081 super
3265 3025 3381 3067 eam
3411 3009 3656 3066 imbrem.
3684 3008 3802 3065 Sed

2197 3103 2361 3158 etiam
2403 3102 2529 3158 inde
2568 3117 2662 3159 eos
2700 3103 2937 3168 vocavit,
2977 3102 3170 3173 quibus
3195 3102 3366 3157 dicit:
3397 3100 3635 3156 Judieate
3663 3102 3798 3155 inter

2198 3207 2279 3246 me
2313 3202 2360 3247 et
2387 3193 2584 3248 vineam
2612 3211 2776 3250 meam
2807 3193 2920 3266 (Id.
2945 3209 3011 3260 ν,
3038 3193 3177 3264 2-6).
3205 3194 3282 3249 De
3315 3193 3510 3264 quibus
3531 3201 3586 3250 et
3614 3192 3798 3249 Domi-

2197 3299 2299 3340 nus
2337 3285 2410 3340 ait
2439 3303 2453 3340 :
2486 3285 2549 3342 Si
2577 3303 2668 3357 ego
2705 3287 2758 3341 in
2788 3285 3066 3341 Beelzebub
3088 3285 3236 3357 ejicio
3265 3285 3515 3341 daemonia
3536 3325 3552 3352 ,
3583 3285 3679 3355 ﬁlii
3707 3301 3797 3342 w-

2198 3379 2291 3432 stri
2310 3378 2362 3432 in
2382 3394 2478 3448 quo
2505 3379 2710 3449 ejiciunt
2728 3380 2752 3433 ?
2769 3377 2894 3434 Ideo
2913 3380 3015 3451 ipsi
3028 3380 3232 3452 judices
3253 3388 3399 3434 erunt
3414 3379 3566 3434 vestri
3580 3377 3795 3453 (Matth.-

2199 3489 2306 3540 xn,
2345 3474 2461 3546 27).
2498 3473 2703 3541 Quibus
2729 3474 2829 3530 hoc
2854 3475 3172 3546 promittens
3213 3493 3227 3530 :
3271 3474 3558 3540 Sedebitis,
3587 3474 3758 3545 inquit
3774 3505 3803 3542 -,-

2197 3581 2350 3636 super
2405 3565 2666 3620 duodecim
2731 3565 2872 3621 sedes
2909 3607 2924 3633 ,
2972 3567 3264 3636 judicantes
3323 3565 3590 3621 duodecim
3638 3566 3800 3620 tribus

2199 3653 2369 3711 Israel
2411 3655 2521 3729 (Id.
2567 3672 2660 3712 nx
2687 3698 2701 3723 ,
2743 3655 2859 3729 28).
2900 3656 3118 3713 Sedebit
3154 3658 3334 3728 itaque
3371 3657 3562 3713 domus
3587 3655 3798 3722 Iacob,

2199 3765 2318 3821 quae
2362 3750 2415 3805 in
2458 3749 2578 3806 luce
2624 3749 2835 3806 Domini
2864 3759 3048 3805 vocata
3087 3749 3410 3817 ambulavit,
3434 3748 3673 3819 judicare
3700 3747 3804 3804 do-

2199 3856 2349 3918 mum
2392 3840 2595 3908 Israel,
2641 3841 2744 3897 hoc
2780 3849 2901 3910 est,
2942 3839 3151 3911 plebem
3195 3841 3361 3912 ipsius
3384 3853 3544 3911 quam
3572 3839 3802 3895 dimisit.

2201 3934 2482 4001 Quomodo
2531 3935 2674 3991 enim
2720 3934 2874 4006 juxta
2925 3935 3173 3991 eumdem
3225 3936 3542 4006 prophetam
3573 3974 3588 4001 ,
3639 3932 3806 4005 Lupi:

2201 4043 2350 4098 quem
2378 4027 2766 4097 reprobaverunt
2792 4028 3102 4097 ludificantes
3122 4067 3136 4091 ,
3170 4027 3252 4082 hic
3277 4027 3440 4097 factus
3467 4034 3542 4081 est
3565 4026 3617 4080 in
3645 4031 3807 4095 caput

2203 4120 2379 4192 anguli
2409 4119 2542 4191 (Isai
2567 4135 2733 4175 xxvnt
2755 4159 2770 4186 ,
2802 4120 2903 4187 I6,
2935 4127 2981 4174 et
3010 4118 3162 4172 Psal.-
3182 4133 3359 4185 exvn,
3383 4117 3473 4186 22)
3494 4133 3509 4182 ;
3533 4116 3634 4170 nisi
3655 4113 3805 4184 quod

2204 4225 2271 4267 ex
2302 4210 2709 4266 circumcisione
2735 4218 2789 4264 et
2809 4209 3070 4279 praeputio
3089 4207 3268 4278 populi
3293 4215 3541 4275 tanquam
3567 4205 3806 4275 parietes

2203 4301 2272 4358 de
2308 4302 2518 4358 diverso
2554 4301 2864 4366 venientes,
2907 4301 2961 4356 in
3002 4299 3199 4368 angulo
3225 4298 3437 4354 sibimet
3465 4306 3722 4367 tanquam
3742 4296 3806 4352 in

2207 4395 2352 4466 pacis
2376 4393 2558 4450 osculo
2587 4394 2900 4464 copulantur
2927 4394 2951 4447 I
2975 4391 3127 4448 Unde
3154 4390 3284 4446 dicit
3309 4389 3606 4460 Apostolus
3631 4404 3645 4442 :
3678 4386 3803 4460 Ipse

2204 4497 2277 4544 est
2299 4490 2433 4543 enim
2455 4504 2558 4560 pax
2580 4495 2752 4543 nostra
2769 4510 2786 4553 ,·
2811 4488 2897 4559 qui
2917 4488 3036 4558 fecit
3060 4489 3278 4558 citraque
3296 4501 3454 4540 unum
3480 4482 3698 4554 (Ephes.
3730 4497 3808 4552 il,

2205 4581 2321 4652 Ib).
2368 4581 2468 4650 Qui
2511 4596 2638 4654 ergo
2677 4589 2742 4636 ex
2782 4580 2943 4636 domo
2987 4579 3152 4636 Iacob
3189 4580 3302 4635 sive
3331 4576 3494 4634 Israel
3522 4583 3806 4632 vocantem“

2204 4668 2377 4725 secuti
2419 4677 2580 4735 sunt,
2609 4667 2710 4738 ipsi
2737 4675 2862 4722 sunt
2893 4667 3054 4737 lapidi
3082 4665 3323 4736 angulari
3346 4665 3715 4728 colmrentes,
3749 4670 3810 4717 et

2204 4762 2259 4820 in
2299 4762 2507 4818 Domini
2548 4761 2665 4816 luce
2697 4759 3030 4816 ambulantes
3076 4778 3090 4814 :
3137 4774 3274 4830 quos
3310 4772 3437 4812 vero
3462 4757 3537 4812 ibi
3562 4754 3813 4828 dimisit,

2205 4855 2306 4927 ipsi
2345 4864 2472 4910 sunt
2512 4853 2720 4910 ruinam
2760 4851 3120 4921 aedificantes,
3157 4861 3213 4908 et
3237 4850 3550 4922 angularem
3573 4849 3814 4922 lapidem

2210 4948 2580 5018 reprobantes.

2280 5038 2505 5095 CAPUT
2561 5037 2650 5093 IX.
2675 5069 2744 5078 —
2771 5038 2855 5093 I2.
2880 5037 3119 5092 Dimissio
3145 5035 3444 5092 Judcorum
3469 5036 3656 5091 clarius
3680 5048 3816 5106 pro-

2213 5134 2348 5188 dicta
2378 5149 2466 5205 per
2494 5131 2827 5187 Malachiam.
2859 5130 3185 5199 Sacriﬁcium
3209 5127 3606 5184 Christianorum
3630 5127 3815 5194 ubique

521 5220 774 5278 dicuntur
812 5210 1177 5295 opprobrium.
1216 5211 1480 5310 'Dicantur
1521 5243 1698 5289 tamen
1725 5245 1970 5307 oportet,
1999 5239 2112 5297 sive
2213 5227 2410 5281 interra
2426 5226 2535 5280 etin
2551 5227 2672 5280 caelo
2693 5222 3206 5292 oﬂ‘erturPostremo
3221 5221 3266 5274 si
3281 5220 3397 5276 haec
3410 5221 3569 5276 verba
3586 5217 3817 5289 prophe-

520 5313 824 5370 volcntibus
843 5358 857 5383 ,
884 5322 1000 5372 sive
1023 5307 1322 5376 nolentibus
1347 5323 1518 5380 vobis.
1552 5325 1711 5392 Ecce,
1739 5343 1846 5384 non
1869 5345 1989 5402 ego,
2019 5333 2113 5389 sed
2216 5321 2318 5376 tica
2335 5318 2628 5374 secundum
2649 5332 2743 5373 cor
2765 5323 2998 5370 vestrum
3019 5315 3073 5367 in
3085 5313 3246 5367 alium
3264 5323 3480 5367 sensum
3499 5310 3818 5402 detorquere

522 5405 779 5477 propheta
808 5424 966 5479 quem
995 5410 1168 5482 legitis
1187 5455 1202 5481 ,
1235 5428 1328 5484 per
1356 5429 1513 5484 quem
1545 5417 1711 5474 Deum
1740 5400 1974 5478 Ιορυιιίηι
2008 5440 2115 5482 non
2218 5412 2507 5479 conamini,
2531 5418 2562 5466 o
2581 5409 2774 5477 Judmi,
2799 5417 2984 5464 contra
3005 5405 3228 5460 Salutem
3251 5412 3481 5459 vestram
3505 5400 3819 5456 resistentes

522 5500 748 5569 potestis
777 5503 970 5573 negare
988 5540 1006 5572 ,
1036 5501 1195 5574 quem
1223 5503 1288 5560 de
1313 5509 1628 5566 auctoritate
1648 5511 1945 5570 divinarum
1975 5517 2118 5575 Scri-
2220 5505 2356 5561 Filio
2388 5504 2513 5570 Dei;
2542 5502 2587 5558 Si
2610 5502 2745 5568 11190;
2768 5499 3006 5570 ἰηειυειιη,
3031 5495 3192 5551 Verba
3209 5495 3287 5550 δίο
3305 5493 3462 5547 “illis
3477 5491 3741 5562 πείρετε,
3764 5498 3822 5544 ιη

2224 5596 2414 5654 eadem
2441 5595 2510 5650 sit
2537 5593 2687 5665 plebs
2716 5601 2769 5646 et
2797 5590 2988 5644 domus
3001 5586 3166 5643 Iacob
3181 5585 3263 5639 vel
3285 5583 3469 5647 Israel,
3491 5589 3742 5638 etvocata
3767 5590 3825 5633 et

2227 5689 2476 5753 dimissa;
2509 5700 2615 5740 non
2643 5685 2696 5738 in
2723 5683 2841 5736 aliis
2861 5689 3069 5746 vocata,
3100 5679 3152 5732 in
3181 5676 3296 5730 aliis
3325 5675 3568 5742 dimissa,
3587 5675 3682 5731 sed
3703 5673 3824 5727 uni-

2228 5754 2381 5837 versa
2415 5788 2695 5849 propterea
2725 5783 2929 5838 vocata,
2954 5779 3012 5825 ut
3030 5769 3328 5824 ambularet
3353 5771 3405 5822 in
3435 5768 3555 5823 luce
3583 5767 3818 5832 Domini;

2232 5869 2481 5942 quoniam
2509 5875 2787 5939 propterea
2809 5872 2922 5919 erat
2949 5860 3188 5929 dimissa,
3220 5859 3363 5931 quod
3389 5873 3494 5914 non
3523 5851 3832 5913 ambulabat

2096 6035 2103 6040 _
2241 5967 2298 6035 in
2322 5966 2439 6021 luce
2471 5959 2716 6028 Domini;
2747 5966 2837 6016 aut
2866 5965 3012 6016 certe
3051 5956 3129 6014 sic
3167 5953 3222 6028 in
3248 5953 3369 6014 aliis
3392 5960 3600 6032 vocata,
3632 5951 3686 6008 in
3709 5951 3833 6008 aliis

1946 6067 1966 6102 τ’
2061 6044 2101 6102 ἱ
2128 6041 2174 6086 ’·”-’

1949 6101 1954 6106 ·
2055 6101 2138 6144 θην.
2150 6127 2182 6142 κγ
2197 6102 2250 6146 ,τ’

807 5626 1221 5726 ἓηξίιξφέιριεηι.
1247 5651 1304 5695 At
1338 5654 1466 5709 Mss,
1492 5643 1558 5701 Jb
1590 5650 1919 5718 utiqu'itatib'us
1948 5672 1966 5710 :
1992 5663 2120 5726 quod

525 5699 793 5763 respondet
815 5716 975 5763 graeco
989 5699 1119 5756 LXX.

591 5762 613 5840 ξ
642 5762 837 5840 tntgqtss’.
861 5771 913 5814 AI.
933 5767 1431 5840 editi,‘nescientes_in
1453 5778 1640 5840 pecude
1673 5778 1943 5840 celebratis.
1990 5789 2122 5838 nrt-2":

527 5820 902 5904 ιλςζζξζῆιέέγητ
915 5828 998 5904 ξιιέὶ
1015 5820 1084 5904 est
1102 5820 1260 5904 riguus
1279 5820 2127 5904 néi,"c'oiziséEF5rJz£F,'

528 5889 742 5950 nostrum
765 5889 1036 5950 imntolatus
1059 5889 1374 5947 esti‘ltristus.

588 5945 612 5977 ³
643 5947 716 5996 sic
736 5945 907 6009 plures
1060 5956 1197 6020 juxta
1220 5945 1430 6010 ιέΧΧξνΑι
1456 5961 1592 6026 editi,
1617 5964 1668 6017 in
1693 5965 1862 6021 lucem.
