4082 6470
205 541 266 600 BI
1270 531 1675 591 TBACTATIJb
1711 529 2066 588 ADVERSUS
2101 531 2405 592 JUDJEOS.
3399 539 3474 598 δε

207 652 450 720 dimissa,
482 660 542 709 ut
568 650 714 708 nulla
737 651 878 708 facta
900 651 1234 722 separatione
1257 665 1456 706 mensze
1477 649 1784 712 Dominicac,

205 743 272 802 sd
293 745 504 801 Christi
529 744 853 800 sacriﬁcium
881 747 1176 815 pertinente
1197 753 1236 812 ι,
1259 743 1360 798 sub
1378 741 1579 797 eisdem
1601 739 1795 795 veteri-

207 838 304 894 bus
331 836 690 893 sacramentis
715 841 900 892 essent
936 837 1177 908 utrique,
1219 845 1272 890 et
1299 837 1334 890 ii
1363 835 1566 890 scilicet
1605 833 1694 903 qui
1739 833 1795 887 in

207 932 328 988 luce
359 930 572 986 Domini
601 930 938 986 ambulantes
973 932 1088 1000 ejus
1125 937 1384 1000 praecepta
1413 933 1712 993 servarunt,
1744 933 1798 980 et

206 1025 242 1080 ii
277 1024 378 1095 qui
405 1023 668 1093 jusﬁtiam
693 1025 1010 1094 iespuentes
1047 1023 1116 1078 ab
1139 1037 1206 1080 eo
1229 1022 1408 1080 deseri
1443 1025 1750 1078 meruerunt
1778 1037 1792 1074 :

205 1117 256 1172 si
285 1117 406 1172 hac
429 1130 556 1187 ergo
581 1116 664 1170 sic
691 1115 990 1188 intelligere
1012 1116 1172 1171 vultis
1192 1155 1209 1184 ,
1237 1115 1366 1186 quid
1407 1113 1596 1170 dicturi
1623 1113 1752 1168 estis
1777 1152 1792 1179 ,

203 1209 554 1280 etq'uo‘umdo
580 1209 744 1265 'alid'm
778 1209 1090 1280 prophetam
1134 1208 1487 1275 intellecturi,
1524 1206 1615 1278 qui
1641 1205 1795 1261 vobis

205 1301 426 1355 omnino
471 1299 618 1356 lianc
657 1307 898 1370 amputat
937 1314 1152 1366 vocem,
1187 1308 1330 1355 tanta
1371 1298 1796 1354 manifestation'e

205 1391 552 1456 clamantem,
579 1390 703 1446 Non
723 1397 794 1446 est
814 1393 939 1446 mihi
961 1392 1190 1447 voluntas
1205 1393 1260 1447 in
1285 1391 1442 1457 vobis,
1469 1391 1592 1446 dicit
1615 1391 1798 1446 Domi-

209 1499 304 1538 nus
327 1484 676 1554 omnipotens,
707 1495 754 1540 et
776 1485 1078 1555 sacriﬁcium
1099 1497 1198 1540 non
1215 1486 1462 1556 accipiam
1483 1486 1548 1539 de
1569 1484 1798 1540 manibus

211 1574 404 1628 castris.
439 1575 580 1642 Quia
603 1574 666 1629 ab
691 1577 880 1631 oriente
899 1577 1006 1631 sole
1027 1587 1184 1646 usque
1207 1578 1260 1630 in
1289 1577 1592 1630 occidentem
1618 1591 1797 1630 nomen

211 1681 376 1720 meum
393 1666 596 1720 claram
623 1671 812 1738 factum
831 1677 906 1722 est
927 1668 980 1722 in
999 1669 1226 1740 gentibus
1247 1686 1268 1736 ;
1289 1678 1336 1724 et
1355 1669 1407 1722 in
1429 1669 1565 1723 omni
1584 1669 1694 1723 loco
1713 1683 1799 1723 sa-

213 1759 460 1826 criﬁcium
497 1759 714 1826 offertur
753 1761 943 1814 nomini
969 1777 1079 1815 meo
1099 1801 1112 1825 ,
1161 1762 1465 1830 Sacriﬁcium
1501 1762 1746 1816 mundum
1777 1778 1797 1816 .'

209 1853 450 1918 quoniam
479 1867 720 1922 insignum
745 1865 926 1906 nomen
949 1861 1112 1906 meum
1131 1854 1184 1906 in
1206 1853 1448 1923 gentibus,
1473 1853 1592 1908 dicit
1617 1851 1798 1908 Denti-

213 1955 310 1994 κω
331 1941 656 2010 cinnipotens
676 1941 931 2010 (Malach.
964 1958 1001 2006 ι,
1037 1944 1124 2009 10,
1156 1942 1264 2017 li).
1298 1945 1410 2012 Qua
1435 1945 1645 2000 tandem
1667 1959 1797 2002 voce

213 2039 370 2087 tanta
395 2039 586 2090 rerum
614 2035 898 2091 evidentiae
921 2037 1266 2092 reclamalis?
1293 2038 1428 2106 Quid
1449 2047 1543 2094 vos
1568 2041 1797 2111 amplius

211 2125 366 2178 nimis
387 2125 736 2195 impudenter
757 2127 1029 2194 ex'tollltis,
1058 2137 1118 2182 ut
1141 2129 1382 2199 graviore
1403 2132 1556 2186 ruina
1577 2131 1799 2186 misera-

211 2213 364 2269 bilius
393 2217 670 2286 pereatis?
703 2217 824 2274 Non
850 2229 924 2274 est
958 2219 1080 2274 mihi
1109 2221 1338 2276 uoluntas
1370 2222 1424 2276 in
1448 2223 1604 2290 vobis,
1635 2222 1792 2291 dicit,

211 2299 314 2360 non
343 2297 690 2377 quicumque,
722 2297 818 2364 sed
862 2309 1105 2364 Dominus
1148 2313 1480 2381 omnipotens.
1513 2311 1650 2380 Quid
1681 2321 1796 2368 tan-

213 2407 320 2452 tum
363 2397 434 2452 de
463 2399 702 2455 Abrahae
745 2401 952 2456 semine
997 2402 1318 2472 gloriamini,
1359 2405 1448 2474 qui
1479 2405 1798 2476 ubicumque

218 2490 406 2544 auditis
429 2491 604 2546 Iacob
621 2501 712 2546 aut
733 2492 914 2558 Israel,
939 2503 1030 2548 aut
1049 2494 1265 2550 domum
1293 2495 1458 2552 Jacob
1479 2496 1559 2551 vel
1578 2497 1796 2552 domum

217 2577 394 2644 Israel,
417 2595 542 2635 cum
569 2581 746 2652 aliqua
769 2583 926 2639 laude
947 2585 1072 2651 dici,
1096 2586 1414 2643 centenditis
1441 2588 1544 2643 hoc
1568 2603 1672 2642 non
1700 2605 1796 2658 po-

215 2670 378 2726 tuisse
407 2671 511 2726 dici
530 2713 546 2738 ,
579 2673 682 2728 nisi
711 2673 778 2729 de
805 2675 992 2730 vobis?
1015 2671 1138 2731 cum
1163 2673 1422 2734 Dominus
1459 2679 1796 2750 omnipotens

213 2761 384 2827 dicat,
411 2762 530 2817 Non
551 2773 622 2818 est
649 2765 776 2818 mihi
800 2767 1031 2822 voluntas
1049 2769 1100 2822 in
1122 2768 1276 2836 vobis,
1301 2778 1348 2823 et
1367 2771 1672 2841 sacriﬁcium
1693 2788 1794 2828 non

209 2853 466 2922 accipiam
489 2854 550 2909 de
575 2847 804 2911 manibus
830 2859 1020 2912 vestris.
1049 2851 1200 2915 Certe
1227 2861 1314 2917 hic
1337 2878 1530 2934 negare
1560 2879 1667 2919 non
1694 2881 1792 2935 po-

213 2939 382 3010 ἰεείῑε,
413 2947 520 3002 non
565 2939 737 3003 solum
767 2941 915 3006 illum
956 2953 1064 3030 non
1092 2947 1336 3026 accipere
1374 2945 1692 3034 sacrificium
1725 2953 1796 3015 de

217 3037 457 3092 manibus
485 3040 699 3108 vestris,
729 3042 824 3097 sed
847 3059 946 3099 nec
964 3060 1061 3101 vos
1096 3043 1171 3101 illi
1206 3048 1401 3103 oll‘erre
1430 3050 1675 3104 manibus
1704 3066 1796 3106 ve-

211 3131 356 3186 stris.
383 3129 560 3188 Locus
583 3133 726 3188 enim
745 3151 882 3192 unus
892 3146 974 3192 est
989 3137 1106 3209 lege
1127 3139 1682 3209 Dominiconstitutus,
1705 3143 1793 3198 ubi

213 3222 460 3278 manibus
487 3225 684 3280 vestris
717 3227 978 3283 sacrificia
998 3229 1156 3299 jussit
1182 3231 1384 3298 offerri,
1417 3243 1611 3304 praeter
1636 3249 1794 3304 quem

215 3309 390 3366 locum
419 3315 638 3368 omnino
678 3317 966 3384 prohibuit.
1004 3319 1156 3375 Hunc
1183 3337 1310 3392 ergo
1334 3307 1508 3378 locum
1540 3323 1792 3394 quoniam

213 3415 314 3472 pro
340 3407 534 3460 vestris
559 3407 766 3464 meritis
789 3409 1042 3468 amisistis
1059 3453 1074 3478 ,
1103 3413 1260 3469 etiam
1304 3417 1619 3472 sacrificium
1651 3419 1794 3489 quod

213 3493 284 3550 ibi
321 3503 528 3551 tantum
557 3497 754 3554 licebat
794 3500 1008 3568 oﬁ'crri,
1043 3503 1096 3557 in
1139 3503 1271 3560 locis
1295 3499 1490 3562 oiferre
1531 3503 1648 3563 aliis
1689 3521 1794 3565 non

215 3585 442 3640 audetis.
463 3587 602 3643 Ecce
616 3591 835 3646 omnino
857 3592 1128 3662 impletum
1150 3597 1385 3666 estquod
1405 3598 1477 3652 ait
1503 3599 1790 3670 Propheta,

215 3673 280 3728 Et
303 3677 614 3745 sacriﬁcium
639 3696 736 3733 non
763 3683 1008 3754 accipiam
1024 3683 1086 3739 de
1113 3687 1341 3741 manibus
1363 3691 1552 3743 vestris.
1583 3690 1714 3746 Nam
1744 3693 1790 3748 si

214 3763 265 3819 in
295 3761 508 3822 terrena
537 3763 834 3827 Jerusalem
882 3785 1119 3831 maneret
1153 3775 1304 3833 vobis
1347 3779 1598 3850 templum
1635 3791 1687 3839 ct
1718 3783 1796 3838 al-

215 3863 356 3924 tare,
383 3857 618 3928 possetis
643 3853 820 3918 dicere
849 3857 900 3918 in
927 3861 1006 3920 eis
1031 3857 1132 3923 hoc
1153 3884 1271 3925 esse
1291 3887 1406 3927 com
1414 3871 1634 3942 plctum,
1659 3891 1795 3945 quo-

213 3963 334 4003 rum
365 3951 678 4020 iniquorum
703 3954 840 4010 inter
855 3971 952 4012 vos
980 3960 1386 4018 constitutorum
1411 3963 1668 4020 sacriﬁcia
1687 3967 1794 4022 Do-

211 4037 400 4094 minus
427 4055 539 4095 non
569 4057 827 4114 occeptat;
859 4049 1084 4106 aliorum
1115 4069 1242 4110 vero
1272 4071 1341 4111 ex
1373 4043 1521 4117 vobis
1550 4073 1708 4136 atque
1739 4069 1794 4122 in

209 4131 374 4224 vobis
425 4143 701 4224 acceptare
740 4141 1028 4210 sacriﬁcia,
1076 4145 1164 4214 qui
1197 4145 1288 4203 Dei
1319 4162 1582 4224 praecepta
1612 4131 1793 4214 custo-

215 4213 393 4278 diunt.
427 4217 544 4282 Hoc
567 4243 667 4284 non
698 4241 776 4287 est
795 4241 890 4288 Cur
915 4213 1236 4308 possitidici,
1265 4213 1351 4297 ubi
1379 4213 1553 4304 nullus
1575 4255 1792 4309 omnino

213 4325 451 4406 vestrum
495 4329 606 4406 est,
653 4323 740 4392 qui
790 4325 1082 4384 secundum
1109 4325 1326 4402 Legem,
1370 4352 1489 4406 quae
1515 4339 1582 4396 de
1612 4354 1796 4401 monte

211 4401 342 4500 Sina
358 4405 648 4500 iproccsslt,
677 4409 922 4474 manibus
952 4421 1062 4477 suis
1090 4401 1406 4482 sacrificium
1439 4433 1606 4500 possit
1631 4433 1790 4490 otl‘er-

217 4503 296 4552 t'c.
329 4497 512 4590 l‘iequc
529 4499 633 4559 hoc
671 4505 740 4560 ita
769 4507 1076 4577 praediclum
1107 4525 1159 4570 et
1189 4497 1460 4588 impletum
1489 4533 1590 4590 est,
1621 4536 1676 4580 ut
1703 4515 1794 4586 vos

213 4589 520 4685 prOphetica
580 4599 842 4685 sententia
898 4603 1222 4674 respondere
1273 4589 1592 4682 permittat,
1660 4607 1792 4685 Quia

215 4677 460 4768 manibus
510 4701 618 4742 non
663 4677 934 4748 elici-imus
978 4710 1225 4768 carnem,
1274 4677 1368 4757 sed
1421 4677 1589 4761 corde
1609 4677 1797 4768 et~ore

211 4765 486 4831 offerimus
515 4777 758 4848 laudem,
790 4781 1082 4844 secundum
1127 4785 1253 4848 illud
1294 4793 1347 4850 in
1389 4797 1599 4854 Psalmo
1635 4819 1646 4855 :
1682 4771 1794 4857 Int-

211 4863 350 4962 ntola
379 4865 488 4921 Deo
515 4873 824 4962 sacriﬁcium
852 4877 1019 4934 laudis
1047 4877 1218 4962 (Psal.
1257 4902 1412 4954 χιιι,
1460 4890 1571 4962 Μ).
1621 4894 1794 4950 Etiam

213 4949 336 5008 hinc
359 4951 677 5016 contradicit
707 4949 879 5034 vobis,
909 4965 998 5040 qui
1024 4949 1171 5042 dicit,
1214 4965 1335 5031 Non
1367 4949 1437 5034 cst
1475 4949 1598 5036 mihi
1619 4949 1796 5041 volun?

213 5049 288 5100 tas
315 5047 370 5102 in
397 5049 558 5105 vobis.

281 5131 394 5240 l3“.-
415 5137 620 5202 Deinde
649 5165 714 5205 ne
742 5149 1076 5222 existimetis,
1111 5149 1216 5214 non
1245 5161 1588 5222 offerentibus
1618 5169 1790 5240 vobis,

209 5231 310 5324 ite-2
339 5231 435 5288 illo
465 5237 758 5324 accipiente
798 5239 865 5298 de
909 5247 1151 5304 manibus
1179 5256 1368 5309 vestris
1392 5298 1406 5324 ,
1455 5258 1562 5314 Deo
1591 5231 1794 5316 sacriﬁ;

211 5315 348 5375 cium
379 5339 490 5379 non
517 5319 732 5424 offerri;
764 5349 869 5404 quo
899 5337 1110 5406 quidem
1155 5337 1242 5398 ille
1282 5315 1554 5420 non'cget,
1586 5352 1674 5424 qui
1701 5355 1796 5409 bo-

209 5425 398 5514 norum
437 5419 741 5478 nostrorum
783 5425 976 5492 nullius
1022 5430 1262 5504 indiget:
1300 5419 1474 5495 tamen
1513 5419 1633 5514 quia
1681 5449 1798 5504 sine

207 5505 476 5608 sacriﬁcio
505 5523 612 5566 non
639 5517 749 5582 est,
780 5517 922 5588 quod
944 5538 1046 5576 non
1078 5523 1152 5579 illi
1176 5569 1190 5592 ,
1227 5528 1320 5584 sed
1351 5531 1503 5588 nobis
1529 5505 1662 5592 ittile
1689 5549 1790 5608 est,

203 5597 452 5670 adjungit
480 5613 534 5658 et
559 5604 704 5671 dicit,
733 5609 864 5677 Quia
886 5613 948 5666 ab
971 5616 1160 5672 oriente
1186 5621 1293 5676 sole
1315 5641 1470 5694 usque
1489 5628 1542 5680 in
1563 5597 1794 5686 occideri-'-

1902 648 2142 701 mundum
2171 665 2190 703 :
2219 650 2454 718 quoniam
2479 657 2715 722 magnum
2742 659 2924 708 nomen
2951 666 3116 707 meum
3141 653 3196 710 in
3222 654 3474 727 gentibus,

1899 741 2018 794 dicit
2057 740 2302 796 Dominus
2325 743 2653 814 omnipotens.
2689 743 2828 812 Quid
2858 743 2925 799 ad
2953 744 3070 800 haec
3103 745 3476 816 respondetis't

1899 833 2115 902 Aperite
2141 831 2322 888 oculos
2347 833 2559 889 tandem
2587 835 2890 906 aliquando,
2914 845 2968 891 et
2985 836 3182 904 videte,
3205 837 3272 893 ab
3293 839 3470 893 orien-

1903 935 1954 979 te
1983 924 2096 979 sole
2121 939 2288 996 usque
2313 925 2366 978 in
2394 925 2742 992 occidentem,
2773 941 2882 982 non
2913 926 2968 982 in
2999 942 3125 995 uno,
3155 927 3293 984 sicut
3322 927 3474 985 vobis

1901 1017 2068 1074 fuerat
2093 1018 2438 1073 constitutum
2460 1057 2475 1086 ,
2505 1018 2598 1074 sed
2635 1020 2690 1075 in
2731 1020 2876 1075 omni
2901 1021 3020 1077 loco
3047 1021 3225 1077 offerri
3267 1022 3476 1077 sacriﬁ-

1900 1109 2038 1165 cium
2060 1108 2477 1165 Christianorum
2506 1125 2521 1176 ;
2549 1121 2655 1165 non
2681 1111 2896 1168 cuilibet
2921 1113 3044 1180 deo,
3071 1113 3164 1168 sed
3190 1115 3238 1169 ei
3267 1115 3358 1184 qui
3377 1115 3478 1170 ista

1901 1199 2176 1270 prmdixit,
2227 1201 2338 1256 Deo
2381 1201 2564 1257 Israel.
2622 1201 2772 1258 Unde
2809 1211 2864 1257 et
2903 1204 3030 1260 alibi
3057 1204 3186 1260 dicit
3225 1203 3480 1260 Ecclesiae

1899 1306 2012 1347 suae
2041 1309 2054 1346 :
2089 1291 2154 1345 Et
2177 1293 2262 1362 qui
2288 1293 2413 1346 eruit
2439 1299 2517 1362 te,
2547 1295 2654 1364 ipse
2679 1293 2818 1348 Deus
2853 1293 3034 1362 Israel,
3064 1297 3308 1351 universa!
3333 1305 3479 1352 terra!

1901 1383 2154 1438 vocabitur
2181 1383 2332 1455 (Isai.
2362 1401 2464 1450 Liv,
2496 1387 2571 1455 5).
2595 1387 2914 1441 Scrutamini
2938 1385 3258 1457 Scripturas,
3283 1388 3336 1443 in
3359 1389 3478 1458 qui-

1901 1476 2000 1530 bus
2032 1477 2226 1546 putatis
2251 1491 2344 1530 vos
2375 1477 2569 1532 habere
2593 1479 2754 1532 vitam
2784 1485 3038 1532 atternam
3069 1476 3247 1548 (Joan.
3277 1495 3332 1545 v,
3363 1477 3479 1548 '59).

1902 1570 1969 1625 Et
1995 1569 2230 1640 profecto
2269 1569 2553 1636 haberetis,
2583 1572 2626 1625 si
2655 1571 2930 1626 Christum
2963 1571 3014 1624 in
3042 1571 3123 1626 eis
3152 1571 3482 1642 intelligere-

1901 1665 1970 1718 tis
1989 1705 2002 1730 ,
2041 1671 2094 1718 et
2119 1664 2388 1719 teneretis.
2419 1661 2524 1720 Sed
2562 1664 2966 1733 pcrscrutamini
2996 1675 3088 1718 eas
3123 1681 3136 1717 :
3165 1663 3294 1732 ipsa:
3319 1663 3472 1718 testi-

1900 1757 2136 1812 monium
2157 1757 2440 1828 perhibent
2467 1757 2532 1814 de
2559 1758 2660 1814 hoc
2683 1757 2942 1812 sacriﬁcio
2972 1757 3191 1822 mundo,
3221 1755 3363 1827 quod
3389 1755 3476 1812 of.

1901 1848 2070 1905 fertur
2094 1850 2204 1906 Deo
2225 1850 2416 1916 lsrael;
2447 1867 2550 1906 non
2575 1851 2642 1906 ab
2679 1866 2784 1905 una
2813 1859 2972 1921 gente
3001 1861 3198 1918 vestra,
3233 1849 3300 1905 de
3325 1849 3485 1919 cujus

1901 1941 2145 1996 manibus
2185 1957 2292 1996 non
2321 1956 2378 1996 se
2411 1953 2748 2011 accepturum
2779 1942 3058 2013 praedixit;
3094 1941 3187 1997 sed
3212 1941 3280 2000 ab
3306 1941 3482 1996 omni-

1899 2033 2000 2089 bus
2023 2035 2286 2104 gentibus,
2309 2043 2428 2106 quae
2457 2035 2657 2102 dicunt,
2693 2035 2886 2103 Venite,
2911 2037 3240 2090 ascendamus
3261 2037 3313 2090 in
3336 2052 3480 2090 mon-

1903 2135 2000 2178 tem
2027 2125 2232 2180 Domini
2259 2125 2411 2195 (lsai.
2441 2143 2498 2194 ll,
2528 2127 2606 2198 ὅ).
2639 2127 2746 2182 Νεε
2769 2125 2822 2181 in
2863 2143 2967 2182 uno
2995 2127 3134 2193 loco,
3165 2127 3301 2182 sicut
3328 2125 3481 2181 vobis

1901 2227 2222 2290 praeceptum
2257 2228 2372 2274 erat
2419 2221 2473 2274 in
2505 2229 2712 2274 terrena
2753 2219 3080 2285 Jerusalem;
3111 2219 3204 2274 sed
3244 2220 3296 2273 in
3335 2218 3482 2275 omni

1901 2309 2039 2376 loco,
2071 2326 2236 2380 usque
2262 2311 2313 2366 in
2343 2311 2511 2382 ipsam
2536 2311 2829 2366 Jerusalem
2853 2313 2890 2364 ί.
2923 2311 3030 2366 Nec
3073 2311 3364 2366 secundum
3389 2323 3480 2365 ora
3575 2353 3586 2374 .

1901 2401 2080 2458 dinem
2121 2402 2298 2458 Aaron
2323 2445 2337 2469 ,
2380 2402 2474 2458 sed
2515 2401 2809 2458 secundum
2837 2403 3078 2458 ordinem
3107 2401 3478 2457 Melchisedec.

1900 2493 2112 2550 Christo
2155 2493 2298 2548 enim
2345 2494 2544 2548 dictum
2587 2504 2703 2560 est,
2736 2503 2790 2550 et
2815 2493 2882 2550 de
2923 2493 3136 2548 Christo
3181 2502 3326 2547 tanto
3358 2503 3480 2548 ante

1899 2581 2208 2656 praedictum
2236 2594 2338 2652 est,
2363 2585 2564 2640 Iuravit
2591 2585 2857 2650 Dominus,
2886 2593 3052 2639 etnon
3077 2585 3326 2654 paenitebit
3343 2600 3476 2652 eum,

1899 2675 1980 2732 Tt‘t
2009 2693 2060 2732 es
2087 2677 2322 2732 sacerdos
2363 2678 2416 2730 in
2441 2681 2683 2732 internum
2708 2677 2980 2731 secundum
3007 2676 3236 2730 ordinem
3262 2675 3480 2730 Melchi-

1898 2770 2040 2828 sedec
2065 2768 2236 2842 (Psal.
2269 2785 2382 2836 CIX,
2421 2770 2500 2840 4).
2525 2769 2662 2838 Quid
2688 2779 2790 2834 est,
2817 2767 3019 2822 Iuravit
3042 2767 3324 2831 Dominus;
3354 2767 3476 2833 nisi,

1901 2857 2216 2918 inconcussa
2239 2863 2462 2918 veritate
2489 2861 2756 2916 ﬁrmavit?
2785 2871 2836 2915 et
2857 2860 2982 2932 quid
3009 2870 3109 2925 est,
3143 2878 3242 2915 non
3269 2860 3480 2932 paenite-

1899 2951 1969 3008 bit
1999 2971 2130 3020 eum,
2163 2955 2286 3021 nisi,
2319 2951 2420 3008 hoc
2459 2951 2816 3008 sacerdotium
2845 2953 2983 3008 nulla
3017 2951 3233 3008 Omnino
3273 2953 3482 3010 ratione

1898 3045 2159 3102 mutabit?
2180 3046 2360 3116 Neque
2383 3046 2526 3101 enim
2549 3047 2685 3100 sicut
2706 3046 2997 3110 hominem,
3023 3045 3246 3114 paenitet
3267 3045 3432 3100 Deum
3463 3063 3476 3099 :

1899 3139 1992 3195 sed
2021 3137 2112 3194 Dei
2141 3139 2333 3195 dicitur
2361 3140 2694 3209 poenitentia,
2719 3139 2962 3210 quamvis
2987 3139 3054 3193 ab
3080 3139 3174 3193 illo
3201 3139 3477 3206 institutae,

1899 3233 1976 3287 rei
2006 3231 2263 3302 cujusque
2293 3232 2535 3296 mutatio,
2567 3248 2685 3302 qua:
2711 3231 3032 3286 credebatur
3060 3245 3179 3286 esse
3205 3245 3478 3286 mansura.

1899 3321 2128 3378 Proinde
2151 3331 2274 3378 cum
2297 3315 2445 3390 dicit,
2477 3322 2598 3377 Non
2620 3323 2877 3394 paenitebit
2905 3340 3038 3388 eum,
3063 3321 3144 3376 Tu
3170 3338 3220 3376 es
3248 3321 3483 3377 sacerdos

1898 3413 1950 3466 in
2000 3423 2241 3468 wtcrmtm
2295 3413 2571 3468 secundum
2635 3414 2861 3468 ordinem
2917 3413 3292 3479 Melchisedec;
3350 3413 3482 3467 satis

1897 3503 2133 3559 ostendit
2167 3515 2286 3558 eum
2329 3503 2675 3573 paenituisse,
2709 3503 2812 3558 hoc
2837 3512 2951 3568 est,
2993 3519 3116 3558 eum
3145 3510 3350 3558 mutare
3376 3516 3477 3558 vo-

1899 3594 2062 3649 luisse
2091 3595 2446 3649 saccrdotium
2471 3594 2613 3664 quod
2642 3595 2990 3648 constituerat
3015 3593 3307 3650 secundum
3337 3594 3480 3648 ordi-

1899 3701 2020 3740 nem
2060 3684 2236 3740 Aaron
2282 3701 2295 3738 :
2337 3685 2471 3738 sicut
2520 3683 2586 3738 de
2631 3693 2856 3754 utroque
2897 3683 3136 3738 videmus
3181 3683 3476 3753 impletum.

1897 3773 2032 3831 Nam
2060 3783 2109 3827 et
2138 3774 2314 3828 Aaron
2359 3773 2710 3828 sacerdotium
2749 3773 2858 3843 jam
2886 3769 3084 3827 nullum
3115 3783 3198 3828 est
3227 3773 3280 3827 in
3301 3769 3480 3844 aliquo

1899 3867 2121 3938 templo,
2147 3875 2200 3922 et
2218 3865 2410 3922 Christi
2435 3863 2784 3922 sacerdotium
2810 3865 2861 3920 in
2889 3872 3144 3921 teternum
3167 3872 3472 3934 perseverat

1899 3960 1954 4017 in
1982 3959 2139 4016 cmlo.

1972 4053 2058 4109 14.
2099 4051 2179 4107 Ad
2211 4052 2348 4106 hanc
2375 4066 2500 4122 ergo
2523 4051 2691 4106 lucem
2717 4045 2926 4104 Domini
2949 4057 3103 4103 vocat
3125 4063 3220 4102 vos
3247 4047 3485 4118 Prophe-

1899 4155 1975 4212 ta,
2009 4161 2127 4200 cum
2159 4143 2307 4208 dicit,
2340 4139 2408 4198 Et
2435 4161 2565 4198 nunc
2593 4153 2664 4212 tu,
2691 4144 2869 4197 domus
2891 4137 3071 4218 acob,
3102 4143 3280 4208 uenite,
3303 4141 3484 4196 ambu-

1900 4239 2060 4294 lemus
2090 4238 2138 4291 in
2164 4235 2275 4291 luce
2305 4235 2529 4290 Domini.
2557 4229 2653 4302 Tu,
2683 4235 2860 4289 domus
2884 4227 3065 4300 Jacob,
3095 4250 3252 4304 quam
3278 4229 3486 4290 vocavit

1902 4341 1955 4386 et
1977 4327 2176 4400 elegit;
2209 4344 2314 4384 non
2345 4327 2439 4395 Tu,
2465 4345 2622 4398 quam
2655 4327 2872 4382 dimisit.
2904 4317 3110 4380 Dimisit
3139 4327 3271 4380 enim
3294 4325 3485 4398 plebem

1899 4439 2062 4488 suam,
2087 4415 2288 4475 domum
2317 4415 2499 4477 Israel.
2533 4419 2684 4489 (Isai,
2709 4437 2744 4473 ιι
2768 4463 2780 4487 ,
2811 4417 2867 4488 ξ’),
2894 4419 2968 4488 6).
3008 4411 3335 4489 Quicumque
3361 4411 3487 4476 inde

1899 4509 2082 4570 venire
2113 4509 2290 4582 vultis,
2325 4513 2390 4568 ad
2441 4509 2575 4568 hanc
2623 4507 2988 4584 pertinebitis,
3036 4529 3194 4584 quam
3241 4515 3484 4577 vocavit;

1900 4603 1986 4661 illa
2017 4603 2299 4674 carcbitis,
2345 4621 2502 4676 quam
2539 4603 2904 4660 dimisit..Lux
2937 4607 3132 4677 quippe
3167 4607 3400 4674 Domini,
3432 4608 3486 4664 in

1901 4713 2001 4770 qua
2040 4697 2314 4753 ambulant
2351 4706 2568 4768 gentes,
2601 4697 2684 4752 illa
2720 4707 2801 4752 est
2828 4699 2895 4754 de
2930 4715 3032 4768 qua
3058 4698 3197 4753 idem
3227 4699 3486 4769 propheta

1903 4785 2047 4856 dicit,
2083 4789 2212 4844 Dedi
2234 4800 2278 4844 te
2303 4789 2356 4844 in
2385 4793 2546 4844 lucem
2577 4790 2817 4862 gentium,
2847 4801 2900 4844 ut
2930 4792 2999 4844 sis
3028 4791 3166 4846 salus
3192 4809 3301 4846 mea
3333 4809 3488 4862 usque

1901 4875 1953 4934 in
1991 4883 2116 4950 ﬁnes
2153 4891 2296 4937 terra:
2338 4879 2447 4954 (Id.
2481 4897 2631 4948 ηις,
2665 4881 2740 4952 6).
2774 4883 2870 4936 Cui
2903 4881 3005 4938 hoc
3031 4883 3228 4938 dictant
3253 4893 3354 4950 est,
3385 4883 3486 4938 nisi

1902 4969 2154 5028 Christo?
2182 4969 2248 5028 de
2286 4989 2390 5043 quo
2419 4973 2695 5043 impletum
2731 4983 2831 5040 cst,
2864 4975 2962 5029 nisi
2993 4975 3060 5032 de
3086 4973 3340 5030 Christo?
3369 4973 3486 5029 Non

1903 5071 1982 5118 est
2009 5064 2104 5116 ista
2129 5061 2217 5116 lux
2243 5061 2294 5117 in
2326 5063 2574 5128 vobis,de
2600 5065 2790 5134 quibus
2811 5063 3099 5121 identidem
3129 5067 3328 5120 dictum
3359 5076 3478 5120 est:

1903 5153 2055 5210 Dedit
2081 5155 2182 5210 illis
2205 5153 2342 5210 Deus
2373 5157 2606 5228 spiritum
2626 5158 3024 5228 compunctionis
3047 5173 3067 5221 ;
3093 5157 3283 5222 oculos,
3307 5164 3363 5209 ut
3387 5173 3488 5212 non

1903 5247 2101 5301 videant
2119 5263 2136 5312 ;
2167 5257 2212 5300 et
2238 5265 2402 5310 aures.
2432 5257 2486 5302 ut
2516 5265 2615 5302 non
2641 5249 2882 5314 audiant,
2919 5264 3075 5318 usque
3105 5247 3158 5300 in
3189 5247 3488 5302 hodiernum

1908 5325 2040 5394 tliem
2072 5339 2244 5410 (Rom.
2271 5357 2344 5406 x1,
2365 5340 2442 5414 8).
2467 5341 2579 5395 Non
2597 5351 2698 5409 cst,
2722 5342 2956 5412 inquam,
2984 5339 3034 5391 in
3053 5337 3204 5392 vobis
3225 5337 3444 5396 ltzeclux
3471 5382 3485 5396 .

1905 5431 2025 5490 ideo
2053 5433 2214 5488 nimia
2239 5435 2474 5490 caecitate
2501 5427 2728 5506 lapidem
2749 5431 3066 5502 reprobatis,
3091 5433 3181 5504 qui
3203 5431 3373 5490 factus
3401 5439 3486 5489 est

1906 5523 1958 5579 in
1987 5534 2144 5596 caput
2169 5525 2363 5596 anguli.
2393 5523 2550 5597 Ergo,
2581 5526 2809 5580 Accedite
2830 5524 2898 5577 ad
2924 5541 3058 5592 eum,
3087 5535 3132 5579 et
3159 5525 3491 5580 illuminand-

1907 5617 1959 5670 ni
1989 5615 2156 5688 (Psal.
2182 5635 2371 5690 xxttlu,
2403 5617 2480 5692 6).
2513 5615 2646 5686 Quid
2674 5625 2773 5684 est,
2808 5617 3483 5685 Accedite;nisi,credite?

1905 5709 2022 5778 Quo
2047 5711 2188 5765 enim
2215 5711 2367 5778 eatis,
2396 5717 2453 5765 ut
2481 5710 2544 5764 ad
2567 5725 2688 5764 eum
2721 5711 3023 5776 aceedatis;
3057 5723 3175 5767 cum
3199 5707 3286 5766 ille
3309 5711 3378 5765 sit
3397 5711 3479 5764 la-

1907 5803 1988 5872 pis
2009 5801 2074 5857 de
2099 5817 2204 5871 quo
2231 5802 2412 5856 Daniel
2440 5799 2694 5871 propheta
2717 5801 2862 5868 dicit,
2891 5802 3030 5872 quod
3057 5801 3350 5859 crescendo
3373 5807 3482 5856 tam

1971 5956 1988 5984 ί
2025 5955 2154 6028 aliud
2179 5955 2367 6028 Bedam,
2403 5955 2471 6028 ad
2491 5957 2635 6028 Hebr.
2673 5961 2720 6014 7.
2765 5973 2930 6028 usque
2949 5973 3000 6010 ut
3029 5974 3136 6028 ipsa
3167 5959 3436 6014 Jerusalem
3461 5971 3482 6011 :

1906 6016 1958 6066 id
1983 6024 2076 6078 est,
2096 6023 2242 6070 etiam
2266 6018 2316 6068 iu
2333 6020 2437 6084 ipsa
2451 6021 2738 6086 Jerusalem,
2769 6023 2818 6077 in
2835 6016 2982 6078 caelo.
