4082 6456
580 436 651 495 03
1500 426 1871 487 ADMONlTlO
1910 425 1976 482 IN
2013 423 2423 482 OPUSCULUM
2453 420 2922 491 SUBSEQUENS.
3788 432 3865 491 α

581 566 808 623 magnus
843 563 997 604 mons
1027 547 1195 604 iactus
1221 546 1327 613 sit,
1358 554 1415 601 ut
1460 543 1707 613 impleret
1748 542 2046 597 universam
2080 540 2161 593 fa-

579 643 719 699 ciem
746 650 901 697 terra:
928 640 1088 714 (Dan.
1130 657 1188 708 ιι,
1218 639 1346 709 '55)?
1376 636 1462 692 Sic
1483 636 1624 691 enim
1651 642 1703 689 et
1726 643 1910 705 gentes
1932 649 2050 703 quae
2076 632 2161 687 di-

582 742 729 795 cunt,
763 733 956 801 Venite,
979 732 1305 787 ascendamus
1329 730 1381 782 in
1408 736 1627 783 montem
1651 726 1874 793 Domini,
1898 740 2161 795 nusquam

582 835 846 882 terrarum
877 840 1095 896 pergere
1124 833 1178 879 et
1203 821 1481 891 pervenire
1507 818 1853 874 contendunt.
1889 817 1988 873 Ubi
2016 823 2159 883 sunt,

583 917 659 973 ibi
682 916 974 971 ascendunt
1005 934 1017 970 :
1050 914 1170 985 quia
1202 913 1256 966 in
1284 912 1428 965 omni
1450 911 1569 965 loco
1595 909 1915 965 sacriﬁcium
1942 907 2164 962 oﬁ‘ertur

586 1010 879 1066 secundum
951 1008 1191 1063 ordinem
1254 1004 1620 1060 Melchisedec.
1698 1003 1763 1057 Et
1823 1003 1959 1056 sicut
2028 1002 2162 1055 alius

582 1101 841 1173 propheta
877 1099 1021 1163 dicit,
1043 1098 1356 1152 Exterminat
1399 1097 1535 1151 Deus
1574 1112 1745 1149 omnes
1784 1094 1902 1148 deos
1939 1095 2164 1164 gentium

582 1200 747 1257 terrm,
798 1201 844 1245 et
887 1190 1101 1244 adorant
1141 1190 1267 1257 eum:
1292 1190 1625 1260 unusquisque
1661 1187 1724 1241 de
1769 1185 1876 1239 loco
1916 1202 2005 1239 suo
2034 1185 2162 1254 (So-

581 1284 738 1352 phon.
794 1298 853 1347 ιι,
879 1281 991 1353 11).
1023 1281 1155 1336 Cum
1204 1296 1331 1351 ergo
1355 1280 1506 1334 vobis
1557 1278 1790 1344 dicitur,
1838 1276 2073 1329 Accedite
2097 1276 2165 1329 ad

579 1389 694 1427 eum
726 1388 746 1427 :
789 1387 896 1428 non
928 1372 1077 1427 vobis
1111 1372 1330 1437 dicitur,
1361 1372 1531 1426 Naves
1561 1380 1651 1425 aut
1683 1370 1922 1439 jumenta
1954 1384 2163 1439 praepa-

578 1473 716 1530 rate,
745 1472 800 1518 et
818 1465 1007 1518 vestris
1036 1464 1267 1518 victimis
1295 1472 1536 1527 onerate,
1566 1469 1619 1517 et
1648 1461 1715 1517 de
1743 1471 1849 1515 tam
1874 1462 2164 1531 longinquo

579 1554 785 1623 pergite
805 1554 869 1609 ad
891 1555 1063 1609 locum
1090 1555 1179 1609 ubi
1204 1555 1344 1609 Deus
1366 1554 1621 1609 sacriﬁcia
1646 1562 1838 1608 vestrae
1864 1553 2164 1608 devotionis

580 1656 851 1717 acceptet;
882 1648 975 1703 sed
997 1689 1010 1713 ,
1044 1649 1299 1704 Accedite
1339 1649 1404 1703 ad
1435 1664 1554 1703 eum
1587 1649 1677 1719 qui
1706 1649 1755 1702 in
1786 1650 1980 1704 vestris
2019 1650 2164 1703 auri-

579 1738 681 1794 bus
701 1740 1039 1809 praedicatur,
1068 1741 1304 1797 accedite
1339 1741 1405 1796 ad
1434 1757 1555 1795 eum
1585 1742 1674 1811 qui
1700 1748 1824 1796 ante
1852 1741 2034 1796 oculos
2063 1756 2162 1796 ve-

577 1841 717 1888 stros
761 1834 1099 1904 gloriﬁcatur.
1152 1836 1485 1891 Ambulaudo
1530 1852 1637 1892 non
1684 1836 1989 1891 laborabitis
2025 1854 2038 1891 :
2090 1835 2161 1891 ibi

577 1923 719 1977 enim
749 1925 1020 1992 acceditis,
1059 1926 1143 1980 ubi
1171 1928 1410 1983 creditis.

650 2014 876 2072 CAPUT
918 2017 986 2071 Χ.
1028 2021 1215 2075 -15.
1263 2022 1375 2088 Qua
1418 2021 1661 2075 charitate
1693 2021 1942 2075 invitandi
1987 2020 2161 2075 Judaei

576 2104 645 2157 ad
673 2106 845 2173 fidem.
886 2107 1031 2177 Haec,
1062 2109 1358 2165 charissimi
1386 2114 1421 2177 ι,
1456 2112 1567 2167 sive
1606 2120 1895 2182 gratanter,
1925 2112 2037 2167 sive
2075 2113 2158 2167 in-

641 2235 656 2265 ¹
686 2236 826 2306 _Editi,
860 2238 1038 2306 fratres
1072 2240 1359 2306 charissimi.
1402 2245 1579 2304 Abest,
1617 2244 1818 2306 fratres,
1863 2259 1891 2295 a
1922 2252 2028 2295 Mss.
2065 2258 2161 2295 nec

575 2296 703 2357 apud
726 2296 1039 2361 Augustinum
1077 2302 1219 2353 facile
1242 2313 1502 2356 occurrunt
1532 2296 1714 2368 junctae
1746 2296 1890 2357 simul
1927 2308 2004 2366 ha:
2049 2308 2159 2356 dua:

1786 2418 1959 2427 ...ι-.-

1398 2418 1778 2429 —-——_—_.._.

2274 538 2552 609 dignanter
2588 538 2803 593 audiant
2830 537 2999 594 Judaei
3022 581 3035 604 ,
3067 554 3165 596 nos
3188 548 3365 613 tamen
3404 542 3498 599 ubi
3531 557 3863 615 possumus,

2273 643 2394 685 cum
2415 645 2600 686 eorum
2621 629 2905 687 dilectibne
2935 631 3307 701 prmdicemus.
3338 633 3451 691 Nec
3480 639 3709 706 superbe
3735 640 3860 710 glo-

2272 724 2474 778 riemur
2492 724 2748 779 adversus
2772 739 2950 780 ramos
2978 724 3178 781 fractos
3203 744 3215 779 :
3246 727 3340 783 sed
3366 729 3546 799 potius
3566 732 3866 800 cogitemus

2271 818 2422 889 cujus
2449 819 2636 889 gratia,
2670 826 2725 874 et
2747 826 2941 889 quanta
2968 819 3355 888 misericordia,
3386 830 3441 876 et
3464 822 3519 876 in
3548 838 3655 893 qua
3684 825 3867 881 radice

2273 914 2456 969 inserti
2497 927 2713 979 sumus;
2744 924 2803 969 ut
2830 928 2938 969 non
2978 912 3082 968 alta
3112 914 3402 983 sapientes,
3433 914 3527 970 sed
3566 917 3860 973 humilibus

2272 1006 2667 1062 consentientes
2693 1004 2859 1075 (Beda
2873 1022 2962 1061 seu
2986 1004 3199 1071 Florus,
3226 1006 3295 1059 ad
3320 1006 3472 1061 Rom.
3499 1006 3595 1077 xi),
3630 1021 3738 1063 non
3782 1009 3865 1065 eis

2272 1113 2395 1154 cum
2448 1098 2861 1169 praesumptione
2915 1096 3222 1152 insultando
3248 1136 3262 1162 ,
3318 1097 3413 1153 sed
3457 1112 3577 1153 cum
3630 1107 3867 1154 tremore

2272 1190 2587 1246 exsultando
2615 1190 2853 1246 dicamus
2885 1188 3067 1260 (Psal.
3098 1205 3155 1257 ιι,
3181 1188 3306 1259 11),
3340 1188 3536 1257 Venite,
3554 1190 3867 1246 ambulemus

2271 1282 2325 1335 in
2351 1282 2461 1335 luce
2489 1282 2715 1349 Domini,
2743 1282 2981 1351 quoniam
3010 1298 3251 1353 magnum
3290 1290 3471 1337 nomen
3508 1283 3623 1351 ejus
3660 1283 3712 1336 in
3738 1300 3867 1354 gen-

2273 1372 2423 1427 tibus.
2446 1372 2501 1429 Si
2522 1373 2663 1427 enim
2685 1372 2948 1428 audierint
2995 1380 3050 1427 et
3086 1372 3456 1440 obaudierint,
3517 1382 3674 1429 erunt
3725 1374 3867 1430 inter

2272 1481 2366 1522 eos
2393 1466 2789 1536 quibusdictum
2806 1472 2888 1521 est
2914 1483 2927 1519 :
2960 1466 3273 1520 Acceditead
3295 1482 3431 1533 eum,
3464 1474 3511 1521 et
3536 1467 3867 1521 illuminami-

2272 1558 2327 1611 ni
2364 1556 2539 1626 (Rom.
2572 1555 2673 1629 XI);
2702 1566 2748 1612 et
2801 1556 2969 1610 vultus
3011 1558 3157 1611 vestri
3211 1573 3314 1612 non
3352 1557 3657 1611 erubescent.
3682 1557 3739 1613 Si
3762 1572 3864 1613 au-

2273 1658 2381 1706 tem
2409 1650 2629 1705 audiunt
2653 1658 2708 1705 et
2732 1665 2839 1706 non
2860 1649 3170 1715 obaudiunt,
3202 1650 3385 1706 vident
3410 1658 3464 1706 et
3483 1650 3740 1717 invident,
3768 1652 3861 1707 in-

2274 1751 2358 1799 ter
2384 1758 2481 1799 eos
2523 1750 2649 1798 sunt
2682 1743 2749 1798 de
2775 1742 2969 1813 quibus
3001 1742 3201 1798 dictum
3230 1752 3348 1799 est:
3382 1741 3632 1797 Peccator
3658 1743 3862 1811 videbit,

2272 1842 2319 1895 et
2338 1835 2605 1900 irascetur;
2635 1835 2867 1889 dentibus
2890 1836 2995 1888 suis
3016 1835 3231 1905 frendet,
3251 1842 3297 1888 et
3313 1834 3524 1889 tabescet
3549 1833 3722 1906 (Psal.
3748 1849 3861 1902 (ιιι,

2271 1925 2386 1997 10).
2419 1925 2535 1997 Ego
2554 1935 2740 1992 autem,
2769 1926 2898 1981 dicit
2925 1925 3164 1981 Ecclesia
3188 1925 3559 1993 Christo,velut
3592 1925 3724 1979 oliva
3751 1928 3867 1995 fru-

2271 2020 2450 2090 ctifera
2482 2019 2536 2072 in
2563 2019 2713 2073 domo
2743 2017 2971 2083 Domini,
2999 2019 3197 2087 speravi
3231 2018 3283 2071 in
3310 2017 3657 2072 misericordia
3682 2016 3777 2071 Dei
3806 2017 3864 2071 in
3930 2010 3947 2022 ⁵

2269 2119 2529 2175 aeternum,
2555 2119 2603 2164 et
2626 2110 2679 2164 in
2705 2110 2945 2164 saeculum
2972 2110 3146 2164 swculi
3172 2108 3343 2181 (Psal.
3376 2124 3447 2174 LI,
3475 2107 3590 2178 10).

2268 2257 2434 2356 ιιοὲξίδὲ
2457 2244 2634 2307 fratres
2656 2239 2947 2302 charissimi,
2969 2246 3150 2304 praeter
3172 2251 3317 2304 quam
3342 2240 3394 2289 in
3415 2237 3735 2302 supposititiis
3756 2248 3863 2288 ser-

2269 2320 2317 2356 m
2432 2319 2508 2355 us.

2269 2319 2508 2357 monibus.

584 2405 1385 2463 E.__
1786 2410 3835 2466 “iga

1957 2513 2480 2590 SEQUUNTUR

1295 2653 1663 2725 OPEBA
1712 2652 2317 2727 ADVERSUS
2380 2650 3060 2725 MANICHAEOS
3095 2697 3121 2739 ,

930 2798 1072 2853 QUB
1113 2801 1506 2846 AUGUSTINUS
1552 2803 1850 2847 TEMPORE
1895 2803 2309 2848 PRESBYTERII
2352 2805 2429 2848 AC
2474 2803 2889 2848 EPISCOPATUS
2932 2802 3031 2847 SUI
3075 2797 3495 2845 CONSCIUPSIT.

568 2900 651 2950 Bis
669 2899 816 2951 etiam
836 2901 1086 2966 subjicitur
1108 2903 1257 2955 index
1280 2903 1481 2954 aliorum
1504 2904 1867 2967 Opusculorum,
1893 2908 2071 2969 quibus
2093 2908 2143 2957 in
2169 2908 2369 2958 eosdem
2390 2908 2651 2957 haereticos
2672 2913 2787 2957 ante
2810 2918 2950 2957 suum
2974 2906 3365 2969 presbyteratum
3395 2914 3463 2954 ex
3493 2901 3713 2966 professo
3730 2905 3871 2969 egit,

1188 2979 1381 3017 necnon
1395 2966 1685 3018 caeterorum
1710 2971 1759 3018 in
1778 2966 1955 3032 quibus
1977 2970 2107 3031 ipsos
2128 2970 2291 3019 obiter
2312 2982 2622 3033 quocumque
2643 2977 2863 3031 tempore
2886 2966 3221 3031 reprehendit.

1960 3093 2462 3173 mem

1676 3269 2721 3387 ADMONITIO

1611 3466 1690 3526 IN
1731 3464 2200 3528 OPUSCULUM
2242 3456 2763 3537 SUBSEQUENS.

2030 3594 2393 3650 0W0

637 3712 856 3769 Librum
877 3712 943 3768 de
973 3713 1209 3771 Utilitate
1234 3715 1485 3771 credendi
1523 3724 1766 3773 recenset
1792 3716 2116 3788 Augustinus
2144 3715 2371 3784 primum
2408 3728 2602 3770 eorum
2630 3728 2765 3786 quos
2797 3712 2966 3770 edidit
3006 3721 3249 3785 tempore
3287 3714 3369 3769 sui
3399 3713 3818 3788 presbyteratus.

567 3806 716 3861 Hanc
742 3822 869 3861 vero
895 3807 1203 3877 dignitatem
1252 3809 1491 3879 Hippone
1531 3811 1764 3881 suscepit
1801 3811 1899 3866 sub
1920 3810 2131 3881 initium
2157 3810 2282 3864 anni
2309 3808 2413 3864 39i
2444 3827 2459 3876 ;
2515 3808 2657 3880 quod
2690 3809 2803 3878 jam
2845 3809 2979 3864 alias
3009 3808 3492 3865 demonstravimus
3534 3808 3589 3864 iu
3626 3809 3850 3866 secundi

566 3899 697 3952 tomi
727 3899 1056 3968 praefatione,
1084 3900 1150 3954 ad
1172 3902 1454 3971 Augustini
1481 3904 1735 3971 epistolas
1761 3903 1817 3969 8,
1852 3904 1906 3967 9,
1934 3912 2039 3957 etc.

643 3989 788 4059 Opus
816 3990 1069 4045 Honorati
1087 4006 1245 4048 causa
1274 3994 1507 4063 scripsit,
1528 4005 1584 4049 ut
1612 4011 1642 4049 a
1666 3995 2077 4051 Manicha-orum
2091 4008 2273 4051 errore
2289 3995 2518 4050 amicum
2538 4004 3006 4066 revocaret,quem
3040 3996 3167 4051 olim
3200 3996 3253 4050 in
3280 4009 3464 4052 eorum
3490 3994 3707 4065 laqueos
3736 3993 3859 4065 ipso

566 4080 888 4150 conjecerat,
933 4081 1085 4136 sicuti
1118 4082 1217 4137 sub
1238 4082 1356 4138 libri
1386 4085 1661 4141 exordium
1686 4086 1993 4141 conﬁtetur.
2038 4088 2303 4155 Deceptus
2330 4086 2501 4142 fuerat
2537 4087 2843 4143 Honoratus
2872 4088 3130 4158 speciosis
3156 4088 3261 4143 illis
3291 4087 3701 4143 Manichaeorum
3733 4086 3856 4157 pol-

565 4172 964 4239 licitationibus,
993 4173 1184 4243 quibus
1210 4189 1268 4229 se
1290 4176 1421 4230 nihil
1466 4177 1565 4232 nisi
1591 4177 1730 4248 quod
1764 4178 1969 4232 ratione
2010 4177 2234 4232 evidens
2261 4186 2316 4233 et
2342 4187 2585 4247 apertum
2617 4178 2800 4244 ﬁeret,
2826 4177 3080 4232 docturos
3118 4176 3536 4245 promittebant:
3568 4175 3856 4230 irridebat-

568 4277 673 4332 que
700 4263 787 4317 illc
812 4261 865 4315 in
890 4262 1168 4318 catholica:
1204 4264 1455 4320 Ecclesia:
1498 4266 1777 4336 disciplina
1798 4310 1812 4333 ,
1855 4267 1995 4338 quod
2028 4267 2159 4323 ﬁdes
2188 4266 2491 4321 hominibus
2519 4268 2894 4336 imperaretur,
2924 4280 3025 4320 nec
3048 4280 3233 4319 verum
3272 4264 3352 4319 eis
3389 4263 3594 4319 ratione
3622 4263 3858 4321 demon-

568 4363 848 4410 straretur.
876 4354 1011 4410 Cum
1042 4355 1201 4425 igitur
1220 4356 1352 4413 falsa
1383 4358 1620 4414 veritatis
1649 4359 1828 4429 specie
1856 4360 2064 4424 illusus,
2094 4374 2201 4413 non
2231 4358 2542 4427 temporalis
2562 4356 2826 4412 commodi
2854 4356 3021 4427 gratia
3052 4355 3300 4410 inductus
3325 4353 3626 4410 adhaereret
3654 4357 3853 4426 errori,

570 4443 755 4514 sicque
780 4444 948 4515 magis
988 4444 1244 4516 deceptus
1266 4447 1334 4503 ab
1362 4448 1649 4516 haereticis,
1673 4465 1829 4521 quam
1858 4449 2146 4505 hinreticus
2171 4458 2348 4514 esset;
2380 4449 2613 4518 speravit
2639 4446 2966 4518 Augustinus
2992 4446 3106 4502 fore
3141 4455 3198 4501 ut
3223 4447 3373 4502 illum
3414 4446 3485 4502 ad
3510 4463 3689 4504 veram
3720 4450 3853 4504 reli-

568 4535 779 4605 gionem
818 4535 1126 4603 adduceret,
1150 4537 1196 4592 si
1236 4538 1394 4593 modo
1418 4540 1763 4606 ostenderet,
1793 4540 2113 4596 Manichaios
2140 4540 2397 4609 sacrilege
2424 4553 2487 4594 ac
2515 4547 2715 4594 temere
2750 4538 2803 4593 in
2832 4552 2925 4593 eos
2953 4538 3150 4603 invehi,
3184 4538 3275 4609 qui
3301 4538 3575 4593 catholica:
3603 4539 3725 4595 ﬁdei
3750 4555 3857 4595 au-

569 4626 869 4682 ctoritatem
896 4638 1202 4698 sequentes,
1231 4638 1512 4700 antequam
1536 4631 1667 4685 illud
1698 4646 1901 4696 verum,
1926 4633 2065 4701 quod
2087 4646 2219 4701 pura
2249 4638 2427 4685 mente
2456 4629 2802 4700 conspicitur,
2832 4630 3024 4684 intueri
3054 4636 3276 4697 queant,
3306 4627 3575 4683 credendo
3614 4644 3851 4698 praemu-

571 4719 808 4786 niuntur,
839 4730 891 4775 et
924 4721 1290 4776 illuminaturo
1316 4732 1683 4792 prmparantur
1712 4723 1841 4777 Deo.
1874 4722 1931 4777 ld
1959 4732 2135 4777 autem
2157 4723 2235 4778 sic
2255 4730 2470 4793 praestat
2499 4722 2601 4776 hoc
2624 4721 2679 4774 in
2708 4734 2897 4789 opere,
2932 4727 2989 4773 ut
3014 4717 3223 4774 Veteris
3252 4733 3465 4788 quoque
3493 4717 3851 4789 Testamenti,

569 4810 721 4880 cujus
750 4811 823 4866 illi
847 4814 1077 4867 maxime
1104 4812 1521 4882 reprehensione
1553 4812 1961 4868 commovebant
1991 4812 2288 4883 imperitos,
2320 4810 2670 4882 patrocinium
2698 4810 2974 4879 suscipiat.

639 4904 917 4975 AuguStini
945 4905 1112 4959 labori
1137 4905 1417 4975 studioque
1444 4914 1656 4975 aptatus
1682 4920 1806 4975 erga
1831 4905 2160 4959 Honoratum
2184 4903 2458 4974 respondit
2479 4908 2735 4965 eventus;
2760 4900 2806 4955 si
2836 4910 3011 4955 tamen
3038 4900 3086 4955 is
3113 4909 3217 4963 est,
3248 4909 3305 4954 ut
3330 4899 3514 4955 Rivius
3538 4899 3851 4966 arbitratur,

567 4995 659 5066 qui
688 4995 756 5051 ab
789 4996 921 5050 urbe
942 4995 1260 5067 Carthagine
1289 4997 1555 5051 scribebat
1581 4997 1647 5051 ad
1678 4996 2034 5066 Augustinum
2075 4997 2218 5051 circa
2257 5008 2452 5049 annum
2482 4992 2618 5057 412,
2650 5002 2703 5047 et
2733 4993 2906 5047 varias
2933 4992 3007 5046 illi
3038 4992 3361 5063 quaestiones
3389 4991 3695 5048 enodandas
3719 5007 3853 5062 pro-

566 5088 815 5159 ponebat.
847 5088 1101 5156 Quamvis
1126 5090 1267 5143 enim
1298 5090 1601 5143 Honoratus
1626 5090 1725 5143 iste
1755 5088 1980 5144 necdum
2022 5088 2349 5158 Baptismum
2398 5083 2766 5154 percepisset,
2801 5083 2906 5139 illa:
2947 5093 3122 5138 tamen
3151 5098 3269 5153 quae
3297 5083 3364 5138 ab
3389 5099 3455 5138 eo
3484 5092 3855 5153 proponuntur

569 5180 891 5248 quiestiones
919 5179 1134 5234 minime
1162 5179 1403 5234 redolent
1428 5181 1807 5247 manichceum,
1837 5195 1935 5234 nec
1962 5179 2029 5234 de
2054 5178 2356 5234 Manichicis
2386 5176 2487 5231 nisi
2509 5190 2575 5231 ex
2599 5175 2878 5231 occasione
2901 5176 3132 5246 loquitur
3154 5176 3253 5245 ipsi
3282 5176 3625 5245 Augustinus,
3651 5184 3704 5229 et
3726 5185 3851 5230 tan-

567 5286 724 5340 quam
750 5272 818 5327 de
846 5272 910 5326 iis
937 5287 1072 5341 quos
1098 5272 1209 5341 ipse
1232 5282 1477 5326 censeret
1504 5272 1807 5328 haereticos.
1841 5272 2003 5326 Istum
2033 5273 2203 5341 ipsum
2230 5270 2580 5334 Honoratum,
2605 5268 2688 5324 cui
2711 5270 3035 5339 AuguStinus
3063 5268 3345 5338 epistolam
3370 5268 3474 5323 NO
3499 5268 3703 5335 scribit,
3728 5284 3855 5338 pre-

565 5365 839 5436 sbyterum
866 5362 1214 5419 Cassiodorus
1244 5374 1511 5433 nuncupat
1538 5380 1549 5416 :
1584 5364 1673 5434 qui
1706 5364 1841 5419 forte
1869 5366 1934 5419 ad
1965 5364 2392 5434 presbyteratum
2417 5370 2702 5431 provectus
2738 5370 2921 5431 postea
2949 5361 3127 5416 fuerit.
3152 5362 3411 5432 Loquitur
3435 5361 3764 5431 Augustinus
3791 5362 3850 5417 in

567 5460 793 5529 epistola
823 5459 914 5524 83,
938 5458 1005 5514 de
1033 5466 1204 5514 morte
1243 5458 1461 5512 alterius
1485 5458 1762 5527 cujusdam
1809 5456 2066 5513 Honorati
2097 5455 2414 5528 presbyteri.
2445 5453 2557 5511 Sub
2598 5455 2757 5509 ﬁnem
2789 5469 2998 5525 quoque
3040 5454 3161 5509 vitae
3188 5468 3300 5510 suae
3327 5454 3538 5523 scripsit
3566 5453 3853 5523 epistolam

566 5551 671 5609 29νὸ
696 5552 763 5607 ad
802 5550 1245 5606 Thabennensem
1274 5550 1580 5621 episcopum
1608 5549 1845 5619 ejusdem
1876 5548 2126 5604 nominis.

646 5690 737 5748 De
767 5687 928 5750 libro
961 5686 1357 5767 subsequente
1388 5686 1528 5748 vide
1571 5683 1679 5749 lib.
1734 5686 1791 5757 1,
1838 5702 1968 5763 cap.
2024 5683 2121 5757 1Ιι,
2164 5684 2741 5757 Retractationum,
2776 5689 2923 5743 tom.
2953 5683 3011 5755 1,
3035 5682 3153 5743 col.
3193 5680 3334 5756 605,
3363 5700 3427 5742 η.
3464 5681 3522 5757 1,
3553 5700 3591 5743 α
3618 5680 3825 5745 verbis

563 5791 706 5854 Iam
732 5807 908 5865 vero,
937 5807 1127 5870 usque
1156 5788 1235 5850 ad
1261 5788 1378 5851 col.
1405 5788 1545 5860 608,
1577 5808 1645 5849 η.
1674 5788 1739 5863 6,
1771 5786 1993 5861 verbis,
2026 5786 2200 5847 Idem
2230 5787 2555 5848 videretur
2595 5804 2757 5847 esse.
3179 5786 3265 5847 Μ.

2028 5910 2389 5968 0W0
