4082 6438
222 409 3492 494 ψ

805 547 956 663 S-
1041 548 1808 664 AURELII
1883 551 2885 674 AUGUSTINI

1401 736 1912 803 HIPPONENSIS
1953 739 2307 804 EPISCOPI

257 906 584 1067 DE
710 904 1698 1068 UTILITA
1722 903 2038 1064 TE
2167 905 3414 1080 CREDENDI

1352 1147 1508 1228 AD
1585 1142 2348 1228 HONORATUM

1498 1315 1774 1411 ariber
1856 1333 2077 1412 unus
2124 1300 2240 1406 (α).

1609 1507 2082 1566 M

246 1636 418 1680 contra
439 1630 727 1702 Manichaeos
745 1629 977 1703 disputat,
1002 1627 1426 1736 probatque
1441 1623 1683 1696 sacrilege
1703 1633 1758 1670 ac
1781 1627 1974 1673 temere
1996 1627 2045 1673 in
2072 1638 2160 1678 eos
2180 1630 2373 1690 invehi,
2396 1633 2480 1697 qui
2501 1633 2749 1686 catholicae
2766 1634 2880 1686 ﬁdei
2903 1638 3240 1689 auctoritatem
3261 1621 3482 1704 sequen-

246 1705 285 1736 ι
309 1692 371 1736 ad
385 1700 730 1736 mvstenornm
753 1690 1126 1736 mtellttzenttam
1145 1702 1261 1736 sese
1280 1687 1313 1736 ll
1336 1701 1412 1736 lus
1429 1685 1645 1736 subStdto
1665 1691 1957 1736 comparant.
1983 1686 2098 1736 dum
2122 1703 2180 1736 ea
2213 1693 2421 1736 malum
2440 1708 2552 1736 mina
2576 1695 2785 1736 nnndnm
2817 1697 2982 1736 vniam
3013 1701 3174 1736 nnimn
3197 1703 3458 1736 hominum

187 1700 286 1755 tu,
309 1692 371 1740 ad
385 1694 730 1755 mysteriorum
753 1687 1126 1754 intelligentiam
1145 1687 1261 1739 sese
1280 1687 1313 1738 il

2119 1446 2126 1467 l

1888 1686 2552 1787 testszsegiisassw
2817 1686 2986 1752 νωειιί
3001 1686 3479 1787 satis.

187 1700 286 1751 tu,
300 1692 371 1765 ad
385 1694 743 1764 mysteriorum.
753 1685 1126 1754 intelligentiam
1145 1685 1261 1739 sese
1280 1685 1412 1738 illius
1429 1685 1645 1736 subsidio
1665 1691 1957 1794 cogitat-ant,
1983 1686 2105 1761 dum
2122 1703 2181 1742 ea
2213 1685 2469 1768 credunt'g

186 1754 286 1804 sed
299 1766 529 1817 imprims
551 1754 771 1804 ostendit
798 1761 945 1804 Vetus
963 1757 1326 1803 Testamentum
1343 1759 1604 1813 perperam
1615 1746 1676 1796 ab
1698 1760 1715 1794 ι
1793 1756 1871 1794 em
1891 1745 2136 1802 haeretims
2154 1755 2469 1818 reprehendi.

1613 1876 2035 1920 -οθ-δθωεεε-ο-

250 1992 481 2050 CAPUT
519 1992 806 2050 PRIMUM.
824 2023 896 2032 —
913 1993 934 2047 l
951 2030 964 2045 .
1009 1992 1123 2060 Quo
1148 1991 1356 2047 consilio
1377 1991 1483 2046 hac
1511 1989 1778 2045 Honorato

185 2084 382 2138 scribat.
443 2085 730 2139 Hmeticus
772 2094 819 2140 et
873 2084 1117 2139 htereticis
1166 2083 1372 2139 credens
1395 2125 1411 2151 ,
1469 2099 1570 2138 non
1618 2081 1772 2137 idem.

189 2177 364 2244 Operi:
386 2189 770 2249 argumentum.
797 2177 1061 2244 Quomodo
1084 2193 1173 2247 per
1193 2176 1508 2232 Manichteos
1536 2176 1777 2247 Augusti-

186 2285 274 2322 nus
316 2269 554 2341 deceptus
608 2271 836 2326 evaserit.
884 2270 1288 2326 Manichworum
1338 2271 1526 2325 dictum
1570 2270 1626 2324 in
1671 2282 1777 2324 sum

187 2371 323 2415 secta
343 2361 646 2418 desertores.
671 2362 728 2419 Si
753 2361 906 2429 mihi,
936 2362 1228 2432 Honorate,
1252 2378 1415 2418 unum
1445 2371 1603 2432 atque
1631 2361 1774 2417 idem

187 2453 453 2508 videretur
475 2469 618 2521 esse,
648 2454 952 2522 haereticus,
973 2461 1027 2509 et
1045 2453 1270 2509 credens
1295 2453 1558 2509 lnereticis
1587 2452 1770 2519 homo,

186 2551 286 2600 tam
314 2545 495 2615 lingua
525 2559 688 2615 quam
716 2543 839 2600 stilo
869 2545 925 2599 in
967 2543 1066 2600 hac
1103 2559 1262 2600 causa
1289 2543 1772 2615 conquiescendum

185 2635 307 2690 mihi
334 2651 459 2692 esse
484 2635 798 2692 arbitrarer.
841 2634 994 2693 Nunc
1022 2652 1149 2692 vero
1187 2651 1308 2691 cum
1346 2635 1486 2690 inter
1510 2635 1627 2692 haec
1666 2633 1772 2690 duo

184 2728 475 2798 plurimum
499 2728 749 2784 intersit:
795 2729 1222 2800 quandoquidem
1254 2729 1534 2784 haereticus
1562 2737 1643 2784 est
1666 2768 1681 2794 ,
1715 2735 1772 2782 ut

181 2835 298 2876 mea
328 2820 437 2876 fert
458 2821 657 2891 opinio,
691 2821 779 2891 qui
805 2821 1029 2891 alicujus
1062 2819 1370 2890 temporalis
1400 2819 1687 2885 commodi,
1718 2825 1773 2874 et

184 2913 411 2969 maxime
453 2913 638 2984 gloria:
683 2913 1114 2984 principatusque
1151 2912 1231 2968 sui
1260 2911 1461 2982 gratia,
1498 2909 1661 2965 falsas
1707 2923 1770 2966 ac

184 3020 342 3060 novas
370 3005 654 3076 opiniones
694 3005 781 3062 vel
810 3005 977 3077 gignit
1013 3005 1101 3061 vel
1139 3004 1410 3074 sequitur;
1460 3003 1548 3059 ille
1589 3011 1770 3057 autem

181 3097 263 3168 qui
294 3097 601 3168 huiusmodi
629 3097 936 3153 hominibus
963 3096 1166 3162 credit,
1197 3095 1360 3151 homo
1389 3105 1474 3152 est
1511 3095 1770 3166 imagina-

180 3191 318 3246 tione
342 3190 574 3262 quadam
616 3191 856 3246 veritatis
890 3205 954 3245 ac
986 3189 1198 3260 pietatis
1232 3189 1415 3244 illusus
1443 3205 1456 3242 :
1503 3203 1624 3243 cum
1657 3186 1771 3242 hac

178 3297 302 3354 ergo
330 3286 406 3339 ita
426 3285 562 3349 sint,
585 3299 693 3339 non
725 3285 903 3354 putavi
934 3282 1074 3353 apud
1101 3291 1154 3338 te
1185 3280 1448 3336 silendum
1479 3294 1618 3346 esse,
1641 3277 1770 3351 quid

177 3376 307 3431 mihi
331 3375 402 3431 de
432 3374 753 3431 invenienda
793 3389 857 3430 ac
900 3372 1178 3429 retinenda
1216 3372 1442 3427 veritate
1486 3369 1766 3436 videatur;

176 3467 328 3537 cujus
346 3508 362 3532 ,
394 3475 453 3521 ut
476 3467 602 3533 scis,
632 3467 701 3522 ab
723 3466 941 3522 ineunte
970 3464 1329 3521 adolescentia
1358 3477 1551 3533 magno
1584 3477 1770 3519 amore

175 3560 535 3632 ﬁagravimus.
565 3559 674 3617 Sed
697 3575 785 3616 res
810 3567 893 3616 est
918 3559 1073 3630 longe
1097 3566 1303 3614 remota
1330 3571 1362 3611 a
1390 3570 1647 3611 vanorum
1675 3554 1770 3611 ho-

176 3652 378 3707 minum
410 3651 702 3718 mentibus,
749 3650 843 3721 qui
871 3649 1028 3704 nimis
1057 3649 1110 3704 in
1141 3648 1256 3704 haec
1294 3647 1596 3718 corporalia
1640 3661 1768 3716 pro-

174 3744 346 3815 gressi
371 3754 534 3815 atque
557 3743 715 3815 lapsi,
743 3742 874 3798 nihil
899 3741 1041 3798 aliud
1062 3749 1249 3812 putant
1277 3755 1418 3805 esse,
1445 3755 1606 3810 quam
1626 3737 1770 3808 quod

175 3837 293 3890 istis
317 3835 562 3906 quinque
591 3834 883 3890 notissimis
917 3833 1116 3888 nuntiis
1144 3832 1382 3902 corporis
1412 3831 1684 3896 sentiunt;
1715 3839 1771 3886 et

171 3942 304 3997 quas
350 3927 425 3981 ab
450 3925 540 3980 his
582 3925 762 3997 plagas
799 3934 958 3996 atque
988 3925 1244 3995 imagines
1281 3931 1636 3995 acceperunt,
1677 3936 1769 3977 eas

172 4033 362 4074 secum
395 4016 656 4083 volvunt,
682 4017 835 4071 etiam
859 4031 982 4071 cum
1010 4025 1268 4071 conantur
1304 4015 1561 4070 recedere
1587 4028 1617 4068 a
1647 4019 1769 4068 se‘n-

171 4109 357 4174 sibus;
391 4115 450 4162 et
490 4121 556 4163 ex
583 4121 759 4161 earum
804 4105 1079 4162 mortifera
1122 4115 1176 4163 et
1219 4104 1557 4161 fallacissima
1585 4104 1767 4176 regula

172 4201 469 4257 ineﬁ’abilia
516 4201 803 4271 penetralia
849 4201 1088 4256 veritatis
1139 4201 1438 4279 rectissime
1479 4215 1539 4256 se
1591 4199 1769 4255 metiri

175 4303 383 4364 putant.
425 4291 570 4348 Nihil
609 4303 693 4349 est
730 4292 960 4358 facilius,
989 4293 1064 4347 mi
1093 4292 1405 4348 charissime
1425 4334 1440 4360 ,
1472 4307 1632 4362 quam
1660 4307 1767 4348 non

175 4387 340 4442 solum
373 4401 436 4442 se
461 4386 641 4441 dicere
658 4427 675 4453 ,
704 4385 798 4441 sed
824 4385 986 4441 etiam
1013 4383 1220 4455 opinari
1244 4399 1430 4440 verum
1456 4384 1724 4440 invenisse
1751 4401 1764 4439 ε

176 4482 262 4535 sed
292 4497 455 4551 quam
482 4481 658 4550 reipsa
692 4479 1064 4535 difﬁcillimum
1090 4479 1194 4544 sit,
1226 4491 1502 4549 agnosces,
1538 4486 1597 4532 ut
1635 4492 1768 4532 con-

176 4572 300 4638 ﬁdo,
323 4573 408 4627 his
422 4573 614 4628 litteris
631 4573 786 4628 meis.
805 4566 934 4639 Quae
945 4569 1115 4626 uttibi
1125 4570 1352 4640 prosint,
1369 4578 1460 4624 aut
1475 4577 1620 4625 certe
1637 4569 1768 4624 nihil

176 4664 392 4730 obsint,
421 4665 779 4735 omnibusque
809 4664 1026 4719 omnino
1067 4677 1292 4734 quorum
1323 4662 1378 4716 in
1417 4676 1604 4716 manus
1634 4661 1768 4716 forte

173 4755 520 4823 devenerint,
565 4767 621 4813 et
663 4757 846 4828 rogavi
871 4756 1070 4822 Deum,
1116 4763 1180 4810 et
1210 4768 1376 4826 rogo;
1406 4760 1462 4810 et
1497 4768 1654 4824 spero
1697 4754 1766 4808 ita

171 4847 301 4914 fore,
325 4850 372 4904 si
396 4850 534 4906 bene
556 4850 687 4905 mihi
718 4849 966 4906 conscius
993 4863 1134 4917 sum,
1155 4847 1302 4918 quod
1326 4846 1392 4902 ad
1421 4848 1560 4903 hunc
1585 4845 1766 4902 stilum

171 4944 254 5012 pio
281 4953 338 4999 et
362 4943 610 5001 ofﬁcioso
647 4945 829 5000 animo
848 4985 864 5011 ,
893 4957 1000 4999 non
1026 4942 1150 4998 vani
1174 4941 1409 4998 nominis
1441 4941 1766 5013 appetitione

172 5050 230 5092 ac
255 5038 559 5110 nugatoria:
581 5037 956 5094 ostentationis
983 5035 1207 5092 accessi.

1952 1991 2007 2048 2.
2046 1993 2143 2048 Est
2172 1994 2332 2066 igitur
2375 1996 2508 2053 mihi
2535 1999 2900 2070 propositum,
2931 2007 2991 2057 ut
3013 2000 3236 2072 probem
3265 2001 3360 2058 tibi
3384 2043 3400 2069 ,
3428 2003 3478 2060 si

1883 2085 2104 2151 possim,
2133 2085 2276 2154 quod
2304 2086 2579 2144 Manichaai
2607 2089 2864 2161 sacrilege
2888 2105 2954 2147 ac
2980 2099 3182 2147 temere
3205 2091 3467 2149 invehan-

1882 2181 1968 2229 tur
1997 2175 2049 2230 in
2075 2191 2169 2232 eos
2193 2179 2282 2248 qui
2311 2179 2588 2236 catholicae
2613 2181 2736 2237 ﬁdei
2758 2183 3130 2240 auctoritatem
3153 2195 3464 2256 sequentes,

1879 2273 2164 2338 antequam
2197 2269 2328 2324 illud
2356 2286 2562 2340 verum,
2591 2273 2733 2342 quod
2755 2288 2882 2343 pura
2912 2283 3095 2330 mente
3118 2277 3470 2348 conspicitur,

1879 2357 2074 2414 intueri
2103 2371 2329 2430 queant,
2363 2363 2632 2420 credendo
2658 2366 3100 2435 prtemuniuntur,
3117 2375 3171 2422 et
3199 2367 3472 2424 illumina-

1879 2459 1998 2507 turo
2037 2465 2400 2524 praeparantur
2436 2458 2565 2514 Deo.
2623 2457 2773 2514 Nosti
2811 2460 2976 2529 enim,
3020 2460 3311 2530 Honorate,
3363 2478 3476 2520 non

1877 2541 2035 2596 aliam
2068 2544 2138 2599 ob
2167 2560 2382 2601 causam
2413 2562 2511 2602 nos
2539 2549 2594 2602 in
2623 2549 2752 2604 tales
2781 2548 3026 2608 homines
3054 2551 3302 2608 incidisse
3321 2594 3336 2618 ,
3369 2553 3474 2609 nisi

1877 2633 2018 2703 quod
2042 2649 2101 2689 se
2128 2635 2395 2704 dicebant,
2423 2638 2646 2694 terribili
2665 2641 2982 2697 auctoritate
3000 2652 3264 2712 separata,
3283 2658 3431 2699 mera
3451 2644 3470 2675 ί

1876 2733 1931 2780 et
1954 2726 2181 2796 simplici
2212 2730 2419 2785 ratione
2447 2745 2541 2786 eos
2566 2730 2659 2802 qui
2696 2746 2756 2787 se
2783 2732 2970 2788 audire
2994 2733 3194 2789 vellent
3222 2733 3468 2791 introdu-

1875 2825 2058 2875 cturos
2101 2819 2168 2874 ad
2199 2821 2389 2886 Deum,
2437 2831 2492 2878 et
2537 2839 2724 2879 errore
2750 2825 2896 2889 omni
2939 2824 3280 2881 liberaturos.
3329 2825 3470 2895 Quid

1875 2910 2017 2964 enim
2044 2925 2130 2966 me
2156 2911 2298 2966 aliud
2324 2913 2565 2984 cogebat,
2598 2929 2768 2970 annos
2791 2914 2906 2971 fere
2930 2930 3144 2984 novem,
3176 2926 3356 2987 spreta
3385 2933 3473 2975 re-

1875 3002 2071 3074 ligione
2095 3019 2215 3074 quae
2241 3005 2369 3062 mihi
2393 3007 2614 3076 puerulo
2638 3023 2669 3062 a
2695 3008 3004 3078 parentibus
3027 3009 3184 3064 insita
3205 3018 3340 3079 erat,
3371 3010 3472 3067 ho-

1873 3095 2046 3150 mines
2073 3096 2195 3151 illos
2229 3099 2380 3168 sequi
2414 3113 2478 3153 ac
2506 3098 2789 3170 diligenter
2817 3101 3002 3157 audire
3029 3101 3106 3171 (b)
3129 3101 3287 3175 ;,nisi
3323 3102 3468 3173 quod

1874 3200 1974 3240 nos
1993 3188 2372 3256 superstitione
2395 3191 2603 3259 terreri,
2628 3200 2681 3245 et
2708 3190 2866 3246 ﬁdem
2889 3191 3044 3247 nobis
3063 3200 3186 3247 ante
3206 3193 3466 3248 rationem

1875 3277 2123 3350 imperari
2144 3279 2403 3346 dicerent,
2428 3297 2486 3337 se
2511 3293 2686 3337 autem
2708 3283 2912 3338 nullum
2932 3299 3176 3354 premere
3195 3285 3263 3339 ad
3280 3283 3464 3352 ﬁdem,

1873 3369 1978 3423 nisi
2005 3370 2150 3439 prius
2191 3369 2430 3426 discussa
2459 3382 2512 3427 et
2540 3373 2767 3429 enodata
2797 3374 3061 3429 veritate?
3089 3374 3218 3443 Quis
3246 3391 3354 3430 non
3383 3375 3468 3431 his

1873 3459 2342 3530 pollicitationibus
2393 3461 2714 3531 illiceretur,
2770 3465 3066 3535 praesertim
3111 3465 3468 3521 adolescentis

1873 3552 2091 3606 animus.
2125 3553 2348 3623 cupidus
2388 3555 2520 3621 veri,
2565 3556 2726 3610 etiam
2766 3557 3143 3612 nonnullorum
3189 3557 3244 3612 in
3281 3557 3467 3613 schola

1874 3643 2151 3699 doctorum
2180 3645 2454 3700 hominum
2493 3645 2938 3716 disputationibus
2965 3647 3225 3717 superbus
3262 3657 3316 3703 et
3343 3662 3467 3718 gar-

1873 3737 2020 3791 rulus
2047 3752 2059 3787 :
2093 3736 2303 3805 qualem
2334 3751 2420 3791 me
2452 3745 2576 3791 tunc
2621 3737 2700 3792 illi
2738 3737 3086 3801 invenerunt,
3117 3748 3464 3808 spernentem

1873 3831 2073 3887 scilicet
2113 3832 2260 3900 quasi
2309 3831 2480 3886 aniles
2521 3830 2757 3894 fabulas,
2801 3830 2946 3885 etab
2993 3832 3072 3886 eis
3114 3830 3461 3901 promissum,

1872 3933 2112 3996 apertum
2140 3931 2195 3978 et
2220 3922 2487 3978 sincerum
2513 3937 2697 3977 verum
2726 3930 2910 3978 tenere
2937 3930 3096 3992 atque
3127 3922 3342 3978 haurire
3361 3938 3460 3978 cu-
3561 3980 3563 3983 ,

1873 4015 2144 4086 pienlem?
2190 4013 2297 4070 Sed
2325 4029 2444 4084 quae
2472 4029 2680 4069 rursum
2707 4015 2843 4069 ratio
2870 4013 3196 4082 revocabat,
3228 4029 3297 4070 ne
3322 4013 3465 4085 apud

1872 4124 1966 4165 eos
1992 4110 2204 4180 penitus
2232 4108 2491 4163 haererem
2511 4148 2526 4172 ,
2560 4116 2620 4162 ut
2657 4121 2742 4162 me
2775 4108 2827 4162 in
2858 4106 2948 4161 illo
2974 4106 3143 4178 gradu
3171 4122 3332 4178 quem
3371 4122 3466 4162 vo-

1872 4210 1996 4256 cant
2023 4200 2338 4255 Auditorum
2367 4208 2624 4265 tenerem,
2651 4208 2710 4253 ut
2737 4197 2894 4267 hujus
2923 4197 3106 4252 mundi
3130 4213 3279 4269 spem
3301 4205 3465 4268 atque

1874 4293 2083 4364 negotia
2114 4307 2220 4348 non
2249 4292 2608 4358 dimitterem;
2642 4291 2742 4345 nisi
2771 4289 2912 4361 quod
2943 4289 3088 4361 ipsos
3111 4305 3322 4361 quoque
3350 4291 3466 4346 ani-

1874 4385 2270 4441 madvertebam
2322 4385 2439 4455 plus
2494 4384 2546 4437 in
2604 4383 2909 4438 refellendis
2967 4383 3086 4436 aliis
3133 4381 3361 4438 disertos
3411 4390 3467 4439 et

1871 4481 2118 4551 copiosos
2141 4493 2282 4544 esse,
2305 4493 2465 4548 quam
2494 4477 2546 4531 in
2570 4476 2683 4531 suis
2705 4474 2992 4546 prohandis
3013 4474 3195 4531 ﬁrmos
3215 4483 3270 4531 et
3289 4484 3466 4531 certos

1873 4573 2129 4628 manere?
2155 4571 2259 4627 Sed
2289 4570 2357 4626 de
2385 4586 2471 4625 me
2498 4570 2624 4640 quid
2652 4568 2825 4624 dicam
2850 4611 2864 4634 ,
2901 4569 2989 4639 qui
3027 4569 3138 4639 jam
3167 4567 3464 4624 catholicus

1871 4665 2193 4720 christianus
2233 4663 2419 4719 eram?
2447 4677 2566 4733 qua:
2597 4677 2740 4717 nunc
2778 4662 2938 4717 ubera
2968 4662 2990 4692 ²
3013 4704 3028 4729 ,
3071 4671 3189 4732 post
3211 4660 3463 4731 longissi-

1872 4775 2013 4814 mam
2043 4758 2184 4813 sitim
2220 4773 2354 4828 pene
2381 4755 2671 4811 exhaustus
2696 4764 2855 4825 atque
2883 4755 3062 4810 aridus
3089 4755 3130 4822 ³,
3161 4763 3268 4810 tota
3292 4753 3462 4809 avidi-

1872 4859 1979 4906 tate
2003 4849 2246 4920 repetivi,
2276 4861 2445 4917 eaque
2473 4847 2631 4902 altius
2656 4845 2792 4903 ﬂens
2818 4856 2873 4902 et
2897 4861 3117 4917 gemens
3144 4843 3388 4902 concussi
3407 4849 3464 4898 et

1871 4940 2146 5012 expressi,
2170 4947 2228 4993 ut
2253 4937 2305 4992 id
2331 4945 2572 4994 manaret
2597 4937 2740 5007 quod
2767 4936 2897 4992 mihi
2923 4936 3001 4992 sic
3039 4936 3230 4992 atiecto
3267 4935 3333 4989 ad
3370 4947 3460 4988 re—

1871 5033 2194 5088 creationem
2222 5029 2352 5085 satis
2381 5045 2500 5086 esse
2531 5037 2730 5099 posset,
2758 5038 2813 5085 et
2836 5028 2902 5084 ad
2927 5044 3080 5101 spem
3101 5015 3459 5084 reducendam

1351 5142 1637 5183 ADIONITIO
1675 5143 1756 5182 PP.
1796 5137 2274 5182 BENEDICTINORUI.

229 5221 292 5270 ad
330 5221 699 5271 emendandum
743 5220 920 5270 librum
961 5220 1028 5271 de
1070 5191 1281 5270 Utilitate
1326 5217 1561 5268 credendi
1602 5217 1678 5265 usi
1719 5229 1885 5267 sumus
1927 5215 2171 5265 codicibus
2208 5220 2312 5276 Mss.
2363 5212 2599 5276 Vaticanis
2641 5213 2892 5276 quinque,
2930 5211 3178 5276 Gallicanis
3218 5213 3455 5276 septem,

177 5286 426 5343 Victorino,
451 5283 789 5342 (:ermanensi,
805 5283 1102 5345 Corbeiensi,
1125 5279 1773 5345 Michaelino,_(:isterciensi,
1796 5277 2097 5345 taudunensi
2131 5275 2327 5345 majoris
2354 5272 2598 5345 Ecclesize,
2625 5271 2678 5324 ei
2701 5271 2968 5345 eremplari
2990 5272 3169 5345 domini
3190 5271 3264 5344 ,αθ
3297 5277 3457 5321 tiaran

173 5335 431 5417 τοιοβιιὶεζ
466 5347 612 5396 variis
630 5335 787 5396 etiam
805 5335 1101 5396 lectionibus
1126 5344 1274 5394 trium
1306 5335 1610 5405 Belgicorum
1632 5353 1720 5403 per
1753 5335 2075 5391 bovanienses
2105 5335 2316 5400 vulgatis
2330 5373 2345 5399 ,
2384 5348 2441 5386 ac
2472 5335 2667 5387 tandem
2707 5335 2999 5386 editionibus
3020 5335 3230 5397 antiquis
3253 5346 3309 5383 ac
3331 5346 3458 5396 pra:-

170 5408 335 5471 dpuis.

245 5493 771 5574 Comparavimus
794 5499 1093 5574 praterea
1115 5509 1213 5552 eas
1247 5507 1451 5550 omnes
1481 5487 1783 5551 editiones
1811 5487 1998 5550 initio
2031 5487 2206 5549 Retr.
2227 5493 2286 5548 et
2305 5486 2621 5561 Confess.,
2646 5492 2694 5545 t.
2728 5483 2786 5560 1,
2816 5487 3204 5543 memoratas.
3288 5478 3377 5542 Μ.

229 5596 249 5668 ξ
275 5595 423 5668 prditi,
446 5595 591 5668 mira.
615 5594 788 5666 Melius
809 5595 992 5668 aliquot
1012 5603 1144 5668 Mss".
1159 5606 1309 5665 mera.

228 5659 249 5722 ξ
270 5665 329 5722 tn,
345 5645 583 5722 exinnis,
613 5656 700 5722 qui
718 5670 842 5722 nune
865 5645 1014 5708 ubera
1034 5645 1278 5711 Ecclesiae.
1303 5662 1360 5707 Αι
1374 5655 1424 5705 in
1442 5660 1572 5718 Mss,
1594 5666 1704 5719 qua:
1723 5665 1853 5707 nunc
1869 5653 2050 5719 ubera;
2069 5653 2246 5705 omima
2264 5661 2406 5714 voce,
2438 5645 2680 5701 Ecclesia.

229 5719 426 5794 fgditi,
441 5719 636 5794 auidus;
665 5719 1166 5794 tfl‘mendanturtamg.

227 5780 307 5911 ta
568 5781 1079 5897 sessum
1191 5845 1201 5856 ο

533 5881 546 5896 .
658 5897 661 5899 _
827 5879 838 5894 .
919 5857 969 5909 p.
995 5845 1072 5908 ll,
1099 5851 1153 5898 et
1169 5843 1256 5896 lib.
1281 5843 1331 5908 5,
1354 5855 1459 5908 cap.
1479 5843 1564 5894 14.

619 6025 685 6045 θ-Α·
713 6051 715 6054 ⁴
765 6047 774 6052 _
801 6038 876 6047 ..-ς

3517 5086 3533 5096 σε

3508 5097 3516 5137 ἔ
