4082 6450
551 371 628 454 et
1475 362 1566 426 DE
1603 357 1968 422 UTILITATE
2007 345 2369 434 canonum,
2411 354 2470 434 δ,
2511 344 2876 434 aUcus'rmt
3757 339 3829 401 es

561 492 685 546 vitce
726 502 788 545 ac
823 486 1026 544 salutis.
1073 482 1211 552 Quid
1240 494 1368 553 ergo
1407 479 1473 535 de
1521 493 1607 533 me
1645 477 1760 560 ipso
1799 472 2018 560 dicam?
2063 471 2143 527 Tu

563 581 797 638 nondum
852 566 1204 646 Christianus,
1249 560 1348 650 qui
1397 572 1608 628 hortatu
1653 557 1814 638 meo,
1872 581 1991 636 cum
2041 579 2140 635 eos

562 673 907 728 vehementer
931 651 1301 731 cxsecrarcris,
1330 665 1418 718 vix
1438 661 1697 717 adductus
1722 675 1782 716 es
1809 668 1866 714 ut
1895 656 2141 741 audiendi

565 765 658 820 tibi
687 772 843 834 atque
871 759 1181 832 explorandi
1212 757 1537 821 viderentur,
1571 768 1694 824 qua,
1720 765 1922 822 qureso,
1954 749 2057 803 alia
2082 762 2142 803 re

565 855 857 930 delectatus
878 868 955 928 es,
979 850 1284 930 recordare,
1319 846 1542 920 obsecro
1571 853 1641 915 te,
1669 843 1775 920 nisi
1807 855 1994 912 magna
2023 853 2144 912 qua-

568 947 687 1012 dam
724 927 1134 1022 prtBSuntptiOIm
1165 955 1232 1010 ac
1253 927 1656 1010 'Vpollicitatione
1691 931 1998 994 rationum?
2041 929 2148 986 Sed

566 1040 690 1110 quia
728 1038 818 1093 diu
847 1037 1175 1103 multumque
1204 1031 1271 1087 de
1299 1029 1663 1100 imperitorum
1695 1026 1969 1083 erroribus
1995 1022 2148 1077 latis-

472 1198 474 1200 τ
567 1132 700 1186 sime
721 1145 782 1184 ae
801 1124 1267 1184 vehementissime
1289 1121 1656 1193 disputabant,“
1677 1117 1820 1190 quod
1843 1117 2010 1184 cuivis
2037 1129 2151 1188 me.-

568 1222 821 1278 diocriter
844 1217 1053 1275 erudito
1081 1231 1199 1272 esse
1224 1214 1551 1278 facillimum,
1576 1225 1698 1267 sero
1725 1208 1882 1265 didici
1908 1226 1920 1260 :
1952 1206 1998 1262 si
2025 1203 2151 1276 quid

571 1313 728 1368 etiam
759 1325 978 1366 suorum
1004 1307 1155 1363 nobis
1183 1305 1524 1367 inserebant,
1554 1301 1872 1360 necessitate
1905 1297 2151 1366 retinen-

569 1404 719 1471 dum,
739 1417 860 1458 cum
885 1402 986 1456 alia
1017 1414 1123 1454 non
1146 1403 1487 1453 occurrerent
1507 1395 1558 1449 in
1577 1391 1768 1463 quibus
1789 1390 2154 1460 acquiescere-

570 1510 707 1562 mus,
738 1493 1145 1549 arbitrabamur.
1173 1489 1354 1558 Itaque
1383 1487 1536 1542 nobis
1565 1484 1830 1540 iaciebant
1853 1480 1992 1552 quod
2015 1479 2152 1536 insi-

571 1587 708 1655 diosi
754 1599 984 1656 aucupes
1013 1583 1198 1656 solent
1234 1581 1324 1666 qui
1375 1580 1605 1654 viscatos
1649 1575 1893 1650 surculos
1935 1579 2155 1648 propter

569 1693 771 1752 equam
797 1663 1028 1747 derigant.
1056 1676 1096 1744 ί,
1113 1663 1582 1741 ωβῑιὶψιςθμςςηε
1607 1664 1893 1756 decipiant.
1916 1664 2159 1726 Obruunt

573 1771 736 1837 enim,
786 1779 841 1825 et
877 1783 1089 1840 quoquo
1132 1764 1291 1820 modo
1331 1763 1644 1834 cooperiunt
1689 1759 1821 1816 alias
1851 1775 1970 1830 quae
2014 1757 2158 1812 circa

573 1869 699 1916 sunt
723 1874 887 1929 aquas
909 1900 922 1926 ,
950 1857 1034 1913 vel
1064 1855 1188 1912 inde
1218 1855 1379 1910 etiam
1411 1852 1769 1909 formidolosis
1796 1848 2158 1904 molitionibus

569 1951 878 2028 deterrent,
928 1950 1072 2021 utin
1115 1962 1300 2016 eorum
1338 1946 1487 2020 dolos
1511 1986 1526 2013 ,
1559 1958 1666 2018 non
1711 1942 1978 2016 electione
2003 1982 2018 2007 ,
2057 1938 2160 2010 sed

575 2045 749 2118 inOpia
780 2044 1044 2100 decidant.

591 2123 594 2126 ’
647 2140 699 2193 5.
733 2136 842 2202 Sed
877 2151 974 2191 cur
1002 2149 1108 2190 non
1148 2135 1261 2210 ipse
1305 2131 1433 2200 mihi
1475 2127 1809 2202 respondeo,
1857 2124 1996 2196 quod
2046 2123 2162 2200 ὶδιᾳ)

549 2223 733 2302 Ἰβυιω
760 2244 820 2283 ac
847 2227 1037 2298 lepidae
1065 2224 1434 2292 similitudines
1462 2231 1621 2293 atque
1651 2217 1952 2290 huiusmodi
1981 2230 2162 2288 repre-

573 2317 883 2385 hensiones,
931 2318 985 2373 in
1029 2331 1214 2386 omnes
1260 2315 1351 2394 qui
1399 2312 1593 2384 aliquid
1643 2311 1857 2382 docent,
1903 2322 1933 2362 a
1975 2305 2161 2378 quovis

576 2413 881 2484 adversario
918 2409 1115 2474 ellimdi
1158 2406 1510 2463 urbanissime
1547 2420 1609 2464 ac
1652 2401 1983 2458 dicacissime
2031 2413 2158 2470 pos-

577 2505 743 2562 sunt?
771 2503 877 2559 Sed
905 2501 974 2557 ob
1009 2503 1111 2556 hoc
1138 2499 1315 2572 putavi
1345 2498 1543 2569 aliquid
1581 2497 1682 2552 tale
1713 2493 2052 2564 inserendum
2081 2493 2166 2562 lit-

575 2599 706 2666 ,tcrvis
728 2595 859 2651 meis
884 2635 898 2664 ,
928 2603 984 2648 ut
1010 2609 1103 2648 eos
1126 2593 1460 2660 admoneam,
1489 2589 1733 2645 desinant
1756 2587 1948 2654 talibus
1971 2600 2161 2656 agere:

576 2695 639 2744 ut
670 2685 1116 2759 quemadmodum
1145 2684 1234 2740 ille
1279 2682 1379 2748 ait,
1424 2680 1682 2751 separatis
1721 2679 1874 2749 nugis
1922 2677 2164 2746 locorum

575 2765 1070 2848 communium,ires
1089 2792 1217 2842 ,cum
1235 2791 1322 2844 re,
1352 2788 1508 2829 causa
1540 2787 1661 2827 cum
1686 2786 1864 2840 causa,
1887 2769 2021 2837 ratio
2043 2784 2166 2839 cum

579 2871 785 2941 ratione
807 2867 1054 2940 conﬂigat
1076 2865 1313 2940 (Cicero).
1340 2866 1515 2933 Quare
1543 2863 1789 2932 desinant
1813 2861 1991 2930 dicere
2014 2860 2163 2929 illud,

575 2948 722 3034 quod
770 2961 822 3016 in
875 2975 968 3032 ore
1013 2958 1210 3028 habent
1257 2943 1406 3044 quasi
1454 2955 1851 3028 necessarium,
1901 2968 2023 3022 cum
2074 2966 2167 3020 eos

581 3043 806 3124 Quisque
832 3051 1135 3120 deseruerit
1180 3049 1269 3122 qui
1300 3047 1494 3117 diutius
1540 3046 1806 3118 audisset,
1841 3043 2033 3099 Lumen
2077 3061 2166 3116 per

581 3143 728 3198 illum
763 3144 1034 3210 transitum
1082 3141 1215 3214 fecit.
1268 3139 1427 3194 Vides
1470 3139 1611 3210 enim
1651 3147 1726 3206 tu,
1773 3153 1890 3192 mea
1935 3137 2167 3204 maxima

582 3251 708 3292 cura
731 3234 874 3308 (nam
904 3233 970 3290 de
995 3233 1100 3304 illis
1129 3247 1234 3287 non
1266 3231 1420 3286 nimis
1450 3227 1662 3300 aestuo),
1696 3244 1852 3312 quam
1871 3227 1981 3296 hoc
2011 3227 2168 3297 inane

579 3337 639 3396 et
667 3327 976 3388 facillimum
1003 3325 1067 3379 ad
1098 3321 1593 3397 reprehendendum
1621 3321 1788 3392 cuivis
1827 3335 1946 3375 esse
1975 3320 2164 3392 possit.

581 3418 892 3498 Itaquehoc
921 3416 1308 3473 discutiendum
1336 3416 1541 3486 dimitto
1560 3413 1860 3500 prudentiae
1892 3421 2012 3468 tute.
2051 3412 2165 3484 Non

583 3513 729 3584 enim
769 3527 956 3579 vereor
999 3524 1066 3564 ne
1104 3524 1190 3577 me
1227 3506 1499 3579 arbitreris
1549 3505 1898 3576 inhabitatum
1943 3503 2163 3570 lumine,

583 3618 704 3669 cum
729 3603 851 3657 vitae
869 3601 1032 3670 hujus
1060 3599 1241 3654 mundi
1286 3614 1429 3653 eram
1464 3597 1759 3668 implicatus
1784 3640 1798 3663 ,
1831 3597 2166 3668 tenebrosam

582 3709 952 3770 spem‘gerens
977 3736 990 3760 ,
1022 3693 1087 3747 de
1115 3691 1509 3766 pulchritudine
1539 3692 1739 3758 uxoris,
1770 3690 1837 3760 de
1861 3705 2059 3761 pompa
2085 3690 2167 3756 di-

583 3771 859 3852 vitiarum,
893 3775 1239 3851 deinanitate
1275 3782 1537 3854 honorum
1569 3782 1882 3854 cteterisque
1914 3783 2084 3854 noxiis
2113 3790 2167 3837 et

584 3875 893 3950 perniciosis
923 3876 1296 3945 voluptatibus.
1342 3874 1466 3929 Πλιξο
1497 3874 1637 3944 enim
1683 3874 1860 3946 omnia
1882 3914 1895 3940 ,
1929 3873 2070 3944 quod
2114 3881 2168 3944 te

583 3955 691 4038 non
716 3969 865 4036 latet,
895 3983 1014 4022 cum
1041 3966 1274 4036 studiose
1303 3966 1420 4036 illos
1447 3966 1710 4037 audirem,
1743 3955 1942 4035 cupere
1966 3974 2017 4037 et
2043 3980 2167 4038 Spe-

585 4077 706 4126 rare
741 4077 855 4128 non
901 4059 1243 4114 desistebam.
1289 4057 1469 4128 Neque
1522 4056 1624 4111 hoc
1678 4065 1876 4111 corum’
1913 4055 2170 4132 doctrinae

587 4152 797 4207 tribuo:
849 4149 1015 4205 fateor
1059 4149 1198 4216 enim
1243 4158 1296 4204 et
1337 4149 1457 4217 illos
1481 4148 1674 4220 sedulo
1703 4163 1942 4222 monere,
1974 4160 2031 4203 ut
2070 4148 2170 4202 ista

582 4240 892 4297 'caveantur.
913 4225 1016 4295 Sed,
1041 4239 1198 4294 modo
1216 4240 1300 4294 mc
1322 4238 1500 4310 dicere
1521 4237 1789 4294 desertum
1811 4238 2027 4307 lumine,
2047 4253 2169 4293 cum

587 4335 653 4400 ab
683 4335 763 4388 his
791 4335 1034 4389 omnibus
1061 4333 1264 4388 umbris
1297 4349 1473 4388 rerum
1498 4317 1582 4388 me
1611 4331 1918 4405 ave‘rtcrim,
1951 4331 2170 4402 soloque

584 4429 726 4498 victu
755 4427 819 4482 ad
862 4426 1220 4482 valetudinem
1261 4427 1500 4499 corporis
1540 4427 1845 4481 necessario
1891 4435 2169 4501 contentus

589 4535 708 4575 esse
737 4519 1063 4574 decreverim
1088 4561 1101 4585 ,
1141 4519 1461 4586 illustratum
1489 4526 1666 4572 autem
1692 4503 1851 4588 atque
1871 4517 2170 4592 fulgentem

589 4610 752 4680 fuisse
775 4652 789 4678 ,
819 4626 938 4666 cum
971 4611 1069 4666 ista
1097 4609 1370 4682 diligerem
1413 4618 1467 4666 et
1494 4608 1578 4680 bis
1607 4609 1874 4666 involutus
1919 4619 2128 4684 tenerer
2151 4653 2167 4679 ,

590 4704 819 4770 hominis
848 4713 947 4772 est,
990 4712 1047 4760 ut
1077 4704 1354 4760 mitissime
1382 4701 1579 4776 dicam,
1612 4705 1786 4774 minus
1821 4714 1973 4760 acute
1997 4703 2172 4758 consi-

589 4795 825 4862 derantis
856 4810 942 4851 res
966 4837 979 4861 ,
1009 4796 1077 4851 de
1107 4795 1297 4866 quibus
1322 4795 1464 4866 loqui
1493 4796 1717 4870 multum
1745 4804 1905 4868 amat.
1946 4793 2051 4852 Sed
2081 4811 2172 4851 ve-

589 4890 797 4944 niamus
823 4888 890 4943 ad
916 4904 1149 4960 causam,
1180 4887 1224 4944 si
1246 4888 1446 4964 placet.

658 4979 972 5052 CAPUT“.
1017 5009 1089 5020 —-
1124 4981 1177 5034 4.
1210 4971 1482 5048 Mauichwi
1518 4978 1670 5035 Vetus
1699 4979 2072 5052 Testamentum
2098 4997 2175 5034 re-

593 5071 905 5144 prehendunt
933 5070 1072 5141 apud
1112 5070 1386 5140 imperitos.
1429 5069 1560 5126 Nam
1588 5062 1724 5128 bene
1754 5073 1890 5140 nosti
1919 5073 2058 5145 quod
2087 5088 2174 5142 re-

595 5165 988 5238 prehendentes
1015 5162 1291 5232 Manichzei
1323 5163 1637 5234 catholicam
1661 5165 1836 5240 ﬁdem,
1869 5154 2176 5234 etimaxime

594 5259 760 5318 .Vetus
784 5258 1572 5329 Testamentumdiscerpentes
1601 5267 1656 5315 et
1675 5243 2013 5326 dilaniantes,
2031 5275 2178 5316 com-

597 5361 814 5409 movent
861 5351 1133 5422 imperitos
1167 5368 1180 5405 :
1210 5349 1298 5421 qui
1352 5349 1588 5419 profecto
1628 5351 1875 5406 nesciunt
1917 5361 2178 5422 quatenus

595 5441 1042 5514 sintpccipicnda
1061 5441 1266 5519 .ilia,_ct
1293 5440 1737 5528 quemadmodum
1767 5441 1954 5516 hausta
1971 5443 2179 5514 utiliter

595 5537 646 5590 iu
672 5548 834 5590 venas
872 5534 1023 5602 quasi
1065 5533 1388 5603 vagientium
1429 5531 1601 5587 adhuc
1639 5535 1934 5589 animarum
1977 5536 2182 5591 medul-

598 5629 780 5698 lasquc
823 5625 1167 5681 descendant.
1226 5626 1292 5680 Et
1335 5626 1458 5696 quia
1490 5633 1620 5689 sunt
1648 5625 2019 5699 ibiqumdam
2063 5642 2182 5700 qua:

596 5759 852 5876 “Iamiam,
894 5770 1043 5824 prope
1077 5768 1268 5822 aqumn.
1313 5764 1368 5810 Αι
1389 5765 1518 5822 Mss.,
1541 5764 1735 5824 propter
1771 5771 1947 5824 aquam
1970 5759 2183 5813 :eodem

2247 469 2620 550 subotl‘endant
2648 470 2850 524 animos
2880 470 3091 539 ignaros
3115 476 3169 526 et
3198 466 3525 542 negligentes
3552 472 3664 541 sui,
3712 489 3839 544 qua:

2241 560 2479 636 ’maxima
2499 559 2654 632 turba
2683 569 2764 615 est
2785 602 2798 627 ,
2825 552 3153 639 populariter
3171 562 3417 640 accusari
3443 569 3668 632 possunt
3695 581 3708 616 :
3742 564 3841 618 dc-

2251 654 2394 710 l'endi
2431 663 2608 709 autem
2649 654 3009 725 populariter,
3057 663 3273 725 propter
3317 656 3568 726 mysteria
3607 671 3724 728 qua:
3749 655 3839 714 his

2250 733 2629 816 continentur,
2681 763 2786 802 non
2826 763 2855 802 a
2895 747 3074 802 multis
3118 747 3403 804 admodum
3447 758 3686 819 possunt.
3734 751 3842 821 Qui

2245 856 2380 912 vero
2419 840 2573 912 pauci
2603 841 2702 908 hoc
2743 839 2917 895 facere
2945 846 3240 914 noverunt,
3279 857 3394 920 non
3432 850 3614 924 autaut
3635 857 3842 932 propa-

2249 933 2362 996 tula
2387 941 2440 988 et
2457 933 2763 1002 famigerula
2785 931 3024 1006 quaedam
3053 933 3104 992 in
3127 931 3484 1014 disputatione
3509 931 3797 1013 certamina
3821 953 3842 1004 ;

2255 1036 2308 1083 et
2335 1029 2404 1083 ob
2431 1028 2530 1082 hoc
2558 1029 2775 1084 minime
2801 1030 2911 1082 noti
2936 1038 3094 1094 sunt,
3135 1029 3238 1084 nisi
3277 1027 3361 1084 his
3388 1029 3476 1098 qui
3516 1045 3609 1085 eos
3638 1029 3845 1086 instan-

2254 1121 2459 1189 tissime
2485 1122 2782 1193 requirunt.
2816 1123 2890 1177 De
2919 1123 3017 1178 hac
3044 1123 3202 1194 igitur
3228 1123 3640 1180 Manichaeorum
3673 1133 3842 1181 temc‘

2255 1213 2411 1267 ritate
2435 1257 2449 1277 ,
2491 1228 2592 1282 qua
2618 1213 2782 1268 Vetus
2811 1214 3206 1269 Testamentum
3233 1222 3288 1270 et
3326 1216 3639 1272 catholicam
3675 1215 3841 1274 ﬁdem

2256 1304 2690 1374 reprehendunt,
2738 1307 2918 1377 accipe
2942 1350 2956 1374 ,
3009 1307 3231 1364 obsecro
3253 1350 3268 1375 ,
3297 1324 3415 1379 quae
3443 1325 3527 1366 me
3569 1322 3843 1368 moveant.

2256 1394 2394 1466 Opto
2421 1403 2594 1451 autem
2627 1411 2688 1451 ac
2718 1410 2874 1466 spero
2911 1406 2963 1454 te
2997 1397 3099 1454 hoc
3141 1400 3318 1454 animo
3344 1412 3705 1472 accepturum,
3733 1419 3846 1474 quo

2257 1505 2289 1544 a
2314 1503 2401 1544 me
2427 1487 2693 1544 dicuntur.
2725 1489 2836 1545 Scit
2860 1497 3034 1546 autem
3059 1492 3218 1558 Deus,
3245 1493 3331 1547 cui
3351 1501 3474 1549 nota
3501 1503 3626 1550 sunt
3645 1511 3844 1552 arcana

2259 1581 2598 1638 conscientiae
2631 1595 2763 1642 mete
2784 1623 2797 1646 ,
2832 1581 2963 1636 nihil
2984 1597 3069 1637 me
3091 1583 3145 1644 in
3172 1582 3279 1658 hoc
3304 1598 3552 1662 sermone
3576 1586 3849 1660 malitiose

2254 1689 2417 1746 agere
2449 1692 2462 1729 :
2495 1674 2589 1730 sed
2619 1683 2675 1730 ut
2694 1675 2945 1732 existimo
2991 1676 3355 1746 accipiendum
3385 1693 3508 1734 esse
3531 1722 3546 1747 ,
3575 1680 3686 1745 veri
3711 1695 3850 1750 pro-

2260 1757 2419 1822 bandi
2464 1781 2622 1822 causa
2650 1785 2662 1821 :
2689 1768 2774 1821 cui
2813 1767 2901 1822 uni
2941 1767 3020 1822 rei
3052 1769 3231 1822 vivere
3260 1769 3372 1835 jam
3419 1769 3506 1824 diu
3537 1771 3843 1838 statuimus,

2264 1867 2321 1916 et
2352 1859 2649 1914 incredibili
2675 1859 3063 1926 sollicitudine;
3099 1876 3166 1915 ne
3196 1861 3325 1915 mihi
3361 1877 3541 1918 errare
3569 1863 3846 1919 vobiscum

2263 1952 2569 2026 faciilimum
2588 1953 2749 2009 fuerit
2766 1995 2780 2018 ,
2815 1954 2916 2024 iter
2935 1964 3109 2010 autem
3141 1967 3344 2034 rectum
3365 1965 3550 2033 tepere
3570 1957 3847 2028 vobiscum

2265 2048 2366 2125 sit,
2414 2063 2485 2118 ne
2523 2048 2710 2112 .durius
2759 2049 2944 2122 loquar
2985 2049 3376 2122 difﬁcillimum.
3431 2052 3536 2112 Sed
3578 2069 3851 2125 prmsumo

2265 2138 2406 2210 quod
2436 2149 2489 2195 et
2518 2139 2570 2193 in
2596 2139 2700 2212 hac
2739 2155 2833 2218 spe
2857 2183 2872 2206 ,
2920 2158 3021 2214 qua
3066 2158 3223 2218 spero
3267 2159 3360 2201 vos
3401 2146 3538 2216 viam
3569 2147 3850 2217 sapientia:

2263 2245 2473 2300 mecum
2502 2230 2853 2307 obtenturus,
2901 2248 3009 2305 non
3039 2249 3124 2300 me
3163 2234 3376 2310 deseret
3409 2236 3501 2308 ille
3536 2238 3626 2302 cui
3670 2252 3852 2295 sacrao

2269 2330 2353 2394 tus
2397 2337 2565 2388 sum:
2605 2337 2762 2394 quem
2809 2323 2925 2394 dies
2968 2335 3256 2399 noctesque
3306 2328 3498 2398 intueri
3546 2343 3746 2397 conor;
3793 2337 3853 2386 et
3900 2377 3911 2384 .

2268 2414 2518 2500 quoniam
2557 2423 2777 2486 propter
2801 2426 3032 2500 peccata
3057 2433 3175 2498 mea
3195 2428 3518 2498 propterque
3556 2430 3852 2490 consuetu-

2268 2491 2446 2576 dinem
2473 2505 2638 2578 plagis
2653 2491 3053 2574 veteritosarum
3076 2491 3381 2586 opinionum
3407 2491 3697 2586 sauciatam
3720 2530 3857 2578 ocu-

2270 2594 2380 2651 lum
2403 2597 2594 2670 animte
2618 2613 2828 2670 gerens,
2851 2601 3135 2666 invalidum
3158 2618 3242 2674 me
3262 2620 3380 2678 esse
3401 2620 3682 2676 cognosco,
3706 2622 3856 2679 saepe

2269 2700 2398 2756 rogo
2435 2701 2560 2754 cum
2604 2688 2872 2769 lacrymis.
2917 2691 2986 2746 Et
3005 2694 3457 2772 quemadmodum
3487 2706 3608 2770 post
3636 2698 3851 2768 longam

2270 2777 2562 2857 caecitatem
2586 2794 2649 2836 ac
2675 2781 2923 2854 tenebras
2950 2783 3236 2856 luminibus
3254 2787 3341 2861 vix
3354 2788 3570 2866 apertis,
3599 2798 3652 2860 et
3675 2789 3853 2860 adhuc

2271 2869 2445 2926 lucem
2471 2872 2777 2950 palpitando
2801 2884 2957 2946 atque
2985 2879 3284 2952 aversando
3304 2921 3319 2945 ,
3366 2895 3523 2952 quam
3545 2891 3727 2952 tamen
3755 2882 3856 2951 dc-

2272 2961 2539 3042 siderant,
2566 2966 2953 3038 recusantibus,
2981 2971 3278 3043 praesertim
3299 2973 3353 3044 tsi
3385 2973 3462 3047 eis
3481 2973 3658 3050 solem
3688 2974 3852 3047 istum

2270 3052 2532 3138 quispiam
2578 3064 2799 3111 conetur
2829 3058 3124 3128 ostendere,
3154 3077 3166 3113 :
3191 3059 3263 3114 ita
3287 3062 3418 3138 mihi
3460 3078 3601 3137 nunc
3649 3066 3851 3144 evenit,

2270 3161 2379 3216 non
2407 3148 2618 3218 neganti
2638 3163 2765 3216 esse
2797 3149 3062 3226 ineffabile
3088 3151 3337 3226 quiddam
3367 3163 3419 3210 et
3440 3155 3708 3229 singulare
3736 3159 3855 3214 ani.

2271 3255 2373 3308 mae
2395 3238 2598 3312 bonum
2620 3241 2760 3314 quod
2791 3252 2970 3320 mente
2996 3244 3278 3314 videatur;
3329 3256 3489 3320 etme
3513 3248 3580 3303 ad
3608 3259 3854 3322 contem-

2270 3330 2522 3404 plandum
2541 3317 2934 3410 ,nondumiesse
2973 3335 3228 3412 idoneum
3259 3353 3378 3413 cum
3411 3317 3543 3409 .iletu
3571 3351 3624 3408 et
3645 3317 3854 3414 gemitu

2271 3422 2565 3496 conﬁtenti.
2617 3422 2732 3490 Non
2754 3439 2849 3498 μιλο
2885 3441 3022 3501 ergo
3061 3427 3305 3502 deseret,
3356 3430 3401 3494 si
3438 3431 3568 3507 nihil
3612 3432 3772 3504 tinge,
3803 3433 3856 3489 si

2272 3511 2446 3586 officio
2475 3513 2642 3590 ducor
2661 3556 2676 3579 ,
2709 3517 2753 3570 si
2778 3517 3054 3596 veritatem
3076 3535 3232 3602 amp,
3263 3521 3318 3592 si
3357 3523 3642 3594 amicitiam
3668 3525 3853 3600 diligo,

2271 3605 2316 3677 si
2343 3607 2566 3680 multum
2595 3617 2774 3682 metuo
2805 3625 2872 3666 ne
2907 3611 3126 3676 fallaris.

2343 3697 2564 3772 CAPUT
2593 3697 2675 3778 Ill.
2704 3730 2773 3738 —
2798 3700 2850 3756 5.
2873 3700 3501 3782 Quadrttplexscripturus
3529 3708 3724 3783 Veteris
3758 3711 3859 3768 Te-

2271 3791 2503 3860 stuuzenti
2542 3791 2792 3864 tructondj
2819 3794 2970 3849 ratio.
3017 3793 3249 3869 Historia
3278 3807 3324 3854 et
3348 3801 3598 3876 (etiologiu
3623 3803 3672 3856 in
3704 3803 3859 3858 Scri-

2273 3881 2456 3952 pturis.
2500 3881 2767 3960 Apologia.
2806 3884 3081 3964 Allegoria.
3103 3886 3213 3958 Leu:
3236 3907 3334 3953 non
3364 3894 3642 3960 necessaria
3662 3896 3763 3962 ,ῃὶδὶ
3790 3896 3859 3951 iis

2271 3972 2448 4041 quibus
2493 3973 2627 4026 utilis
2657 3983 2727 4048 est
2763 3976 2972 4044 servitus
3011 3994 3069 4031 ac
3105 3979 3275 4054 timor.
3319 3980 3569 4054 ,Mysteria
3619 3985 3675 4038 in
3701 3987 3861 4044 veteri

2272 4063 2406 4138 Lege
2425 4066 2602 4120 velata.
2639 4067 2832 4142 ,Qniuis
2863 4069 3020 4146 igitur
3039 4071 3311 4147 scrinium
3335 4115 3351 4139 ,
3395 4090 3515 4146 qua:
3546 4075 3862 4146 TeStamen-

2276 4163 2385 4210 tum
2419 4156 2584 4226 Vetus
2605 4166 2851 4232 vocatur,
2881 4159 3160 4236 diligenter
3190 4178 3306 4236 eam
3327 4180 3496 4240 nesse
3515 4167 3862 4242 cupientibus

2277 4246 2600 4332 quadrifaria
2631 4249 2889 4315 traditur;
2922 4251 3538 4328 secundumiiistoniam,
3559 4259 3863 4317 secundum

2276 4338 2626 4424 aetiologian),
2659 4340 2948 4416 secundum
2976 4342 3303 4421 apologiam,
3327 4347 3628 4422 secundum
3653 4351 3862 4421 allego-

2274 4431 2428 4504 riam.
2457 4429 2533 4506 Ne
2564 4446 2648 4504 uie
2672 4431 2912 4508 ineptum
2931 4442 3090 4518 putes
3113 4477 3127 4501 ,
3150 4437 3345 4513 .graa‘cis
3368 4438 3668 4514 nominibus
3694 4451 3864 4499 uten-

2277 4533 2404 4598 tem.
2455 4523 2692 4604 Priniuin
2723 4525 2856 4607 quia
2886 4526 2975 4608 ῥὶς)
3013 4529 3203 4607 accepi
3228 4568 3242 4594 ,
3284 4544 3391 4598 nec
3431 4531 3529 4600 tibi
3559 4532 3662 4598 hoc
3701 4534 3863 4591 aliter

2279 4613 2450 4686 audeo
2475 4615 2721 4689 intimare
2749 4629 2906 4698 quam
2935 4618 3137 4694 accepi.
3173 4619 3382 4694 peinde
3421 4629 3474 4690 tu
3503 4637 3712 4698 quoque
3735 4627 3862 4682 ani-

2279 4707 2567 4784 madvertis
2591 4748 2606 4775 ,
2650 4722 2753 4792 nep
2773 4723 2899 4791 esse
2938 4709 3124 4788 harum
3155 4726 3334 4790 rerum
3366 4714 3504 4790 apud
3531 4731 3627 4774 nos
3667 4718 3865 4776 usitata

2278 4799 2535 4873 nomina;
2559 4813 2682 4872 qua;
2714 4798 2771 4875 si
2814 4798 3153 4881 [aibricassem
3201 4802 3599 4881 interpretando
3623 4848 3639 4875 ,
3673 4823 3867 4883 essein

2280 4891 2518 4972 proiecto
2549 4892 2815 4967 ineptior;
2855 4893 2907 4968 si
2938 4896 3598 4976 autem,circumloquercr
3618 4940 3632 4966 ,
3683 4901 3868 4977 minus

2279 4996 2452 5038 essem
2475 4983 2527 5036 in
2547 4981 2862 5038 disserendo
2887 4983 3184 5066 expeditos.
3203 4985 3272 5062 id
3306 4997 3505 5061 tantum
3527 5004 3621 5046 oro
3650 4991 3866 5064 eredas,

2280 5086 2491 5150 quoquo
2534 5073 2701 5146 modo
2743 5068 2958 5141 errem,
3002 5065 3189 5131 nihil’a
3214 5094 3300 5134 me
3341 5079 3521 5136 inﬂato
3559 5096 3622 5136 ac
3646 5065 3870 5138 tumido

2273 5164 2416 5244 ﬁeri.
2435 5167 2750 5242 Secundum
2770 5167 3054 5253 ,iiistoriam
3081 5172 3612 5252 ergotraditurhoum
3641 5175 3872 5250 docetur

2283 5259 2408 5330 quid
2434 5261 2708 5331 scriptum,
2730 5271 2820 5316 aut
2845 5261 2971 5332 quid
2996 5272 3202 5336 gestum
3225 5266 3321 5331 sit;
3343 5267 3474 5338 quid
3503 5283 3609 5323 non
3629 5277 3870 5346 gestum,

2283 5352 2378 5408 sed
2419 5349 2783 5408 tantummodo
2819 5346 3074 5425 scriptum
3116 5358 3264 5427 quasi
3294 5367 3497 5428 gestum
3529 5360 3616 5414 sit.
3664 5359 3875 5430 Secun-

2275 5444 2411 5520 dum
2452 5445 2768 5518 aetiologiam
2797 5487 2810 5514 ,
2841 5461 2962 5506 cum
3008 5447 3456 5532 osienditurguid
3485 5466 3585 5534 gua
3603 5450 3680 5526 de
3706 5429 3876 5531 causa

2287 5539 2371 5596 vel
2402 5538 2597 5594 factum
2627 5539 2710 5595 vel
2737 5539 2935 5606 dictum
2965 5542 3053 5612 sit.
3084 5542 3384 5620 Secundum
3401 5545 3722 5622 analogiam,
3747 5563 3877 5604 cum

2281 5631 2687 5702 demonstratur
2719 5648 2839 5689 .non
2886 5634 2987 5689 sibi
3038 5617 3307 5689 adversari
3496 5617 3875 5711 Testamenta,

2291 5722 2456 5779 Vetus
2479 5733 2533 5778 et
2552 5722 2776 5779 Novum.
2808 5724 3108 5802 Secundum
3128 5725 3465 5802 allegoriam,
3494 5743 3617 5805 cum
3647 5714 3880 5805 docetur

2292 5829 2398 5872 non
2420 5816 2486 5871 ad
2502 5817 2741 5878 litteram
2771 5832 2890 5875 esse
2911 5818 3485 5890 accipiendaqqu
3520 5803 3640 5892 quae
3671 5803 3883 5895 scripta
