4082 6460
231 341 306 407 se
1655 323 1861 434 quam
1898 321 2100 426 unus.
3444 321 3511 386 70

231 471 386 528 sunt,
417 459 512 516 sed
545 459 772 530 ﬁgurate
798 447 1163 530 intelligenda.

301 555 362 608 ti.
395 553 492 608 His
521 551 772 608 omnibus
805 551 976 606 modis
997 549 1256 605 Dominus
1281 553 1466 604 noster
1489 545 1644 602 Iesus
1671 543 1831 600 Chri-

231 657 352 703 stus
383 654 438 700 et
462 644 710 714 Apostoli
733 643 813 698 usi
841 652 984 698 sunt.
1029 641 1162 720 Nam
1187 641 1254 697 de
1281 639 1499 695 historia
1537 638 1661 694 illud
1689 652 1835 691 sum-

229 748 386 809 ptum
437 743 558 804 est,
607 751 734 790 eum
779 734 1046 805 objectum
1089 741 1266 802 esset,
1315 729 1456 802 quod
1497 730 1584 785 die
1627 727 1832 784 sabbati

229 829 484 902 discipuli
513 827 632 899 ejus
653 828 831 898 spicas
855 827 1175 883 evulsissent
1205 844 1218 880 :
1251 824 1372 880 Non
1397 825 1606 896 legistis,
1635 823 1826 892 inquit,

229 923 374 996 quod
400 923 516 995 fecit
541 921 751 988 David,
793 938 908 976 cum
935 920 1146 975 esurit-et
1167 959 1180 986 ,
1219 928 1264 973 et
1296 918 1382 990 qui
1407 934 1518 972 cum
1559 933 1615 971 eo
1651 924 1830 981 erant;

229 1017 488 1088 quorme
511 1015 722 1068 intravit
745 1014 799 1067 in
829 1013 1036 1067 domum
1059 1010 1154 1066 Dei
1172 1054 1187 1080 ,
1214 1019 1262 1066 et
1291 1027 1444 1082 panes
1473 1007 1830 1080 prapositionis

231 1107 558 1162 manducavit
577 1146 594 1173 ,
623 1121 751 1174 quos
783 1120 886 1159 non
916 1103 1094 1158 licebat
1124 1102 1169 1157 ei
1197 1101 1507 1156 manducare
1524 1141 1539 1166 ,
1579 1115 1736 1168 neque
1761 1098 1832 1152 eis

229 1201 324 1271 qui
359 1216 472 1254 cum
505 1215 560 1254 eo
599 1207 779 1266 eram,
819 1198 918 1253 nisi
959 1195 1080 1251 solis
1107 1194 1444 1250 sacerdotibus
1481 1191 1704 1265 (Matth.
1733 1205 1825 1256 xu,

221 1290 264 1348 ‘5
283 1333 300 1359 ,
331 1291 432 1364 4)?
461 1290 544 1345 Ad
583 1289 904 1360 :ntiologiam
927 1302 1056 1344 vero
1085 1286 1212 1342 illud
1239 1286 1502 1356 pertinet,
1529 1281 1672 1356 quod
1707 1296 1830 1337 eum

230 1384 484 1440 Christus
511 1383 876 1454 prohibuisset
904 1395 1125 1436 uxorem
1168 1378 1324 1448 abjici
1345 1420 1359 1446 ,
1391 1377 1494 1433 nisi
1521 1375 1830 1430 fm‘nicatio-

231 1474 316 1532 nis
343 1489 528 1542 causa,
557 1474 898 1544 relatumque
923 1479 1064 1528 esset
1083 1469 1152 1525 ab
1171 1469 1650 1540 interrogant-ibus,
1677 1465 1827 1537 Moy-

231 1579 332 1624 sen
377 1567 562 1624 libello
589 1565 716 1620 dato
753 1564 962 1634 repudii
1005 1562 1312 1634 permisisse
1339 1560 1608 1616 licentiam
1643 1578 1656 1614 :
1693 1559 1826 1627 Hoc,

227 1659 446 1728 inquit,
507 1655 712 1727 Moyses
761 1655 878 1724 fecit
923 1662 1128 1726 propter
1175 1652 1416 1706 duritiam
1461 1649 1626 1704 cordis
1675 1649 1828 1704 vestri

229 1754 258 1822 (
297 1751 388 1807 id.
411 1767 534 1814 ιιι,
559 1750 642 1820 8).
681 1748 782 1804 Hic
819 1748 961 1803 enim
1031 1760 1189 1802 causa
1217 1743 1422 1801 reddita
1450 1751 1533 1798 est
1581 1757 1676 1797 cur
1701 1740 1828 1796 illud

235 1859 272 1900 θ
299 1844 476 1914 Moyse
501 1856 600 1912 pro
645 1848 888 1910 tempore
927 1837 1064 1894 bene
1111 1836 1430 1907 permissum
1477 1833 1583 1900 sit;
1631 1839 1690 1887 ut
1727 1831 1829 1888 hoc

235 1935 384 2009 quod
409 1935 659 1991 Christus
681 1931 1045 2004 praecipiebat,
1073 1930 1174 1985 alia
1199 1929 1310 2001 jam
1341 1939 1578 1998 tempora
1609 1925 1829 1982 demon-

231 2037 406 2084 strare
456 2025 750 2081 videretur.
825 2023 1032 2079 Horum
1071 2031 1254 2078 autem
1307 2027 1606 2090 temporum
1660 2017 1823 2084 vices,

233 2131 394 2190 atque
415 2118 666 2173 ordinem
691 2117 832 2171 mira
853 2113 1082 2186 quadam
1109 2112 1305 2168 divina.
1337 2109 1685 2182 providentim
1711 2107 1827 2165 dis-

227 2213 498 2286 positione
539 2211 804 2282 digestum
853 2217 1012 2280 atque
1055 2207 1442 2279 compositum,
1488 2205 1700 2276 longum
1745 2211 1830 2259 est

227 2293 542 2378 explanare.

297 2399 353 2452 7.
381 2397 506 2454 lam
531 2409 696 2467 porro
739 2392 1035 2465 analogiam
1065 2393 1084 2424 ί
1109 2434 1125 2460 ,
1171 2405 1274 2462 qua
1319 2387 1593 2458 utriusque
1635 2387 1825 2442 Testa-

231 2490 399 2548 πιθηιὶ
425 2487 780 2559 congruentia
821 2483 1136 2562 perspicitur
1156 2523 1170 2548 ,
1222 2479 1348 2552 quid
1377 2493 1475 2550 ego
1500 2478 1672 2534 dicam
1699 2491 1827 2532 usos

229 2583 396 2639 fuisse
435 2593 626 2636 omnes
679 2591 906 2649 quorum
958 2573 1258 2632 auctori-tati
1304 2572 1378 2628 illi
1421 2571 1650 2638 cedunt;
1704 2584 1824 2626 cum

231 2691 419 2732 secum
459 2673 560 2744 ipsi
589 2671 932 2728 considerare
957 2669 1164 2739 posSint
1190 2709 1206 2735 ,
1235 2681 1394 2737 quam
1422 2664 1587 2719 multa
1613 2663 1827 2717 soleant

233 2765 422 2823 dicere
465 2765 698 2820 immissa
727 2775 849 2820 esse
887 2753 1176 2831 Scripturis
1215 2757 1408 2814 divinis
1434 2771 1464 2811 a
1491 2754 1673 2810 nescio
1701 2753 1824 2824 qui—

233 2861 338 2918 bus
377 2856 780 2929 corruptoribus
807 2853 1085 2910 veritatis?
1133 2851 1265 2918 Quae
1305 2864 1411 2905 vox
1454 2847 1585 2902 mihi
1613 2859 1823 2916 semper

235 2952 480 3026 quidem,
509 2951 671 3007 etiam
697 2963 818 3004 cum
845 2962 938 3004 eos
975 2943 1214 3002 audirem
1235 2986 1249 3010 ,
1301 2939 1680 2998 invalidissima
1712 2938 1826 2992 visa

233 3055 316 3100 est
343 3061 358 3098 :
390 3057 490 3098 nec
509 3040 638 3098 mihi
667 3040 791 3105 soli,
821 3037 920 3094 sed
947 3035 1106 3093 etiam
1133 3035 1226 3090 tibi
1247 3033 1394 3106 (nam
1421 3031 1558 3086 bene
1581 3029 1822 3100 memini)

225 3146 286 3194 et
309 3137 466 3192 nobis
495 3133 751 3190 omnibus
771 3172 788 3200 ,
819 3132 908 3202 qui
945 3129 1104 3201 paulo
1129 3127 1387 3198 majorem
1411 3124 1741 3194 diligentiam
1769 3123 1824 3177 in

227 3229 516 3304 iudicando
555 3227 758 3283 habere
804 3225 1170 3292 conabamur,
1215 3237 1376 3292 quam
1405 3219 1554 3274 turba
1602 3217 1827 3274 creden-

225 3324 386 3380 tium.
435 3320 588 3376 Nunc
624 3333 755 3374 vero
785 3327 1133 3389 posteaquam
1164 3314 1294 3370 mihi
1323 3320 1448 3368 sunt
1474 3311 1714 3381 exposita
1741 3319 1825 3364 at-

223 3407 336 3487 que
375 3413 606 3471 enodata
643 3411 808 3466 multa
831 3451 846 3475 ,
887 3424 1005 3480 quae
1035 3423 1119 3463 me
1147 3406 1385 3462 maxime
1418 3403 1728 3467 movebant,
1761 3417 1825 3456 ea

229 3509 438 3564 scilicet
460 3507 512 3562 in
537 3506 729 3578 quibus
757 3504 970 3558 illorum
996 3502 1312 3572 plerumque
1339 3514 1397 3554 se
1419 3499 1599 3570 jactat,
1633 3505 1687 3552 et
1713 3511 1824 3567 quo

227 3601 474 3656 securius
495 3599 612 3654 sine
647 3595 957 3652 adversario
976 3635 991 3661 ,
1021 3608 1085 3649 eo
1115 3591 1334 3648 effusius
1364 3591 1594 3645 exsultat
1618 3589 1821 3655 oratio;

225 3691 362 3750 nihil
389 3690 520 3746 mihi
544 3688 754 3745 videtur
780 3687 848 3742 ab
876 3687 952 3743 eis
974 3683 1334 3756 impudentius
1360 3681 1462 3737 dici
1491 3724 1504 3748 ,
1536 3681 1616 3736 vel
1645 3687 1702 3734 ut
1725 3679 1827 3734 mi-

225 3787 336 3842 tius
359 3786 552 3856 loquar
568 3826 582 3850 ,
609 3781 930 3839 incuriosius
959 3787 1013 3834 et
1037 3777 1372 3842 imbecillius,
1405 3790 1560 3845 quam
1577 3773 1825 3842 Scriptu-

219 3891 321 3933 ras
363 3875 583 3932 divinas
627 3889 746 3930 esse
791 3880 1067 3940 corruptas
1101 3887 1113 3922 :
1146 3883 1266 3923 cum
1315 3865 1366 3920 id
1415 3865 1572 3919 nullis
1621 3863 1672 3918 in
1719 3871 1823 3916 tam

223 3967 444 4024 recenti
499 3966 758 4020 memoria
805 3961 1137 4020 exstantibus
1183 3956 1576 4028 exemplaribus
1613 3955 1826 4025 possint

221 4057 590 4114 convincere.
639 4054 695 4110 Si
731 4055 866 4110 enim
895 4053 1136 4109 dicerent
1174 4067 1266 4106 eas
1296 4049 1396 4104 sibi
1441 4048 1650 4120 penitus
1679 4047 1822 4101 acci-

219 4149 468 4224 piendas
485 4163 597 4204 non
617 4155 828 4222 putasse
855 4190 870 4216 ,
901 4145 1044 4218 quod
1071 4145 1137 4200 ab
1161 4143 1248 4200 his
1270 4150 1450 4200 essent
1480 4141 1818 4222 conscriptte,

225 4257 366 4316 quos
387 4255 578 4296 verum
594 4219 868 4310 scripsisse
891 4253 996 4294 non
1017 4237 1428 4300 arbitrarentur;
1459 4219 1601 4290 esset
1619 4239 1826 4286 utcum-

227 4351 336 4408 que
365 4333 740 4405 tergiversatio
767 4346 952 4387 eorum
977 4332 1174 4386 rectior
1199 4370 1212 4394 ,
1243 4327 1328 4384 vel
1348 4341 1499 4383 error
1521 4325 1822 4380 humanior.

229 4428 344 4484 Hoc
367 4425 518 4483 enim
543 4424 610 4480 de
639 4425 733 4480 illo
761 4423 894 4478 libro
921 4422 1162 4477 fecerunt
1185 4461 1200 4488 ,
1231 4419 1322 4490 qui
1340 4422 1509 4474 Actus
1540 4415 1823 4488 Apostolo-

229 4539 350 4580 rum
377 4522 708 4577 inscribitur.
741 4518 894 4586 Quod
920 4533 1104 4574 eorum
1137 4515 1438 4580 consilium,
1467 4530 1588 4570 cum
1615 4527 1823 4568 mecum

233 4619 352 4688 ipse
377 4625 670 4688 pertracto,
699 4629 909 4685 nequeo
934 4614 1062 4668 satis
1085 4609 1288 4666 mirari.
1307 4609 1421 4664 Non
1439 4609 1582 4663 enim
1612 4607 1824 4676 sapien-

233 4711 366 4765 tiam
395 4711 674 4764 hominum
705 4709 758 4764 in
788 4707 890 4763 hac
915 4722 994 4772 re,
1024 4705 1120 4762 sed
1149 4719 1242 4760 cor
1268 4703 1536 4774 medioqe
1559 4699 1824 4754 desidero.

231 4801 401 4859 Tanta
435 4803 579 4858 enim
605 4801 742 4856 liber
771 4800 874 4856 iste
899 4798 1077 4866 habet,
1105 4813 1222 4869 qum
1244 4796 1436 4851 similia
1465 4793 1572 4849 slht
1601 4791 1684 4847 his
1709 4807 1826 4863 qua:

229 4896 536 4965 accipiunt,
582 4902 644 4949 ut
673 4907 878 4964 magna:
903 4891 1143 4946 stultitia:
1167 4889 1301 4966 mihi
1331 4887 1574 4943 videatur
1592 4928 1606 4953 ,
1641 4901 1745 4940 non
1773 4892 1828 4940 et

225 4985 374 5041 hunc
403 4985 655 5056 accipere
679 5025 696 5052 ,
727 4991 779 5039 et
801 4983 848 5037 si
869 4982 993 5054 quid
1023 4983 1095 5037 ibi
1121 4997 1216 5038 eos
1241 4979 1495 5046 otl‘endit,
1527 4978 1720 5033 falsum
1750 4985 1828 5032 at-

223 5093 329 5150 que
371 5075 682 5132 immissum
723 5075 921 5132 dicere.
973 5075 1078 5130 Aut
1107 5074 1152 5130 si
1193 5073 1312 5128 talis
1337 5072 1507 5149 oratio
1547 5069 1828 5141 impudens

223 5181 328 5240 est,
355 5171 520 5227 sicuti
549 5179 652 5237 est,
679 5184 775 5226 cur
803 5169 858 5224 in
875 5167 1036 5246 Pauli
1077 5167 1326 5238 Epistolis
1348 5207 1362 5232 ,
1403 5180 1498 5220 cur
1523 5163 1574 5219 in
1603 5171 1829 5234 quatuor

225 5263 512 5336 Evangelii
541 5261 693 5318 libris
719 5277 782 5318 ea
823 5261 1002 5316 valere
1047 5257 1244 5330 aliquid
1281 5265 1501 5328 putant,
1545 5257 1597 5311 in
1638 5255 1829 5328 quibus

215 5357 368 5412 'liaud
397 5356 518 5413 scio
545 5353 812 5411 ananulto
837 5355 989 5425 plura
1015 5352 1121 5408 sint
1162 5351 1537 5423 proportione,
1585 5363 1744 5419 quam
1761 5349 1829 5404 in

219 5449 324 5506 "illo
353 5449 502 5506 libro
541 5455 994 5524 esse‘potueruut,
1033 5461 1154 5518 qua:
1178 5461 1209 5503 a
1235 5443 1631 5515 corruptoribus
1662 5447 1830 5499 inter-

223 5541 374 5614 iecta
401 5540 557 5598 credi
583 5541 805 5598 volunt?
851 5539 954 5598 Sed
991 5539 1238 5596 nimirum
1267 5535 1396 5592 illud
1425 5545 1507 5592 est
1527 5535 1670 5608 quod
1699 5535 1832 5590 mihi

231 5635 472 5701 videtur,
500 5633 645 5710 quod
669 5641 794 5706 peto
817 5632 1174 5704 placidissimo
1197 5638 1252 5687 et
1270 5629 1614 5686 serenissimo
1631 5627 1832 5698 judicio

295 5749 314 5780 ⁸
349 5754 408 5798 ιιι
433 5748 649 5808 exorsis,
674 5746 913 5811 analogia.
939 5753 990 5796 In
1007 5753 1116 5796 Mss.
1141 5757 1277 5811 vero,
1301 5742 1587 5811 analogiam.
1609 5740 1834 5811 ttefertur

227 5809 292 5874 ad
311 5811 548 5874 verbum,
569 5803 694 5874 usos,
717 5803 848 5874 quod
869 5821 978 5874 cum
1001 5807 1250 5874 accusandi
1266 5803 1386 5874 casu
1409 5803 1504 5855 non
1526 5803 1834 5874 ineleganter

217 5871 474 5952 jungitur.
501 5865 576 5923 sic
597 5865 752 5936 infra;
771 5884 874 5942 cap.
904 5869 1394 5948 8,‘cujusmodi.riam
1409 5882 1522 5920 usus
1543 5865 1736 5930 fuerim.

1943 467 2150 508 mecum
2205 453 2532 511 consideres.
2585 453 2734 514 Nosti
2779 455 2922 538 enim
2966 458 3108 533 quod
3156 461 3386 517 auctoris
3435 462 3520 520 sui

1939 543 2212 628 Manichaci
2239 563 2516 618 personam
2545 549 2597 605 in
2626 551 3000 622 Apostolorum
3043 569 3323 610 numerum
3355 553 3520 610 indu-

1941 651 2060 693 cere
2079 639 2394 710 molientes,
2425 643 2604 718 dicunt
2641 643 2896 715 Spiritum
2921 655 3159 704 sanctum
3183 690 3198 716 ,
3228 663 3385 720 quem
3409 648 3519 706 Do-

1943 732 2119 787 minus
2171 733 2444 805 discipulis
2481 753 2538 796 se
2587 739 2874 816 missurum
2921 723 3042 798 esSe
3091 743 3364 814 promisit,
3423 758 3520 813 per

1939 823 2110 894 ipsum
2140 825 2207 881 ad
2229 842 2325 881 nos
2352 831 2580 886 venisse.
2611 831 2790 902 ltaque
2817 833 2860 887 si
2887 833 3007 890 illos
3035 835 3197 906 Actus
3224 834 3514 906 Apostolo-

1939 931 2058 971 rum
2089 918 2422 990 acciperent,
2469 919 2522 974 in
2551 923 2741 991 quibus
2767 923 3041 980 evidenter
3069 923 3325 981 adventus
3347 925 3518 980 sancti

1937 1011 2166 1082 Spiritus
2189 1013 2506 1082 prmdicatur
2533 1013 2668 1086 (Act.
2699 1032 2757 1083 ιι,
2779 1016 2920 1088 2-4),
2947 1033 3053 1073 non
3081 1018 3380 1074 invenirent
3393 1032 3520 1089 quo-

1937 1101 2098 1157 modo
2127 1102 2178 1157 id
2209 1103 2502 1161 immissum
2529 1120 2650 1162 esse
2674 1107 2929 1164 dicerent.
2963 1109 3160 1167 Volunt
3178 1113 3317 1167 enim
3336 1111 3517 1167 nescio

1937 1206 2070 1261 quos
2119 1205 2457 1266 corruptores
2508 1197 2812 1254 divinorum
2857 1200 3134 1257 Librorum
3181 1212 3308 1258 ante
3351 1204 3518 1274 ipsius

1937 1284 2212 1342 Manichmi
2241 1297 2477 1359 tempora
2506 1289 2701 1366 fuisse;
2729 1293 3028 1363 corrupisse
3063 1304 3238 1352 autem
3261 1296 3384 1352 i‘llos
3425 1295 3516 1367 qui

1935 1377 2238 1433 tudzcorum
2271 1382 2438 1452 legem
2469 1383 2758 1454 Evangelio
2802 1385 3026 1462 miscere
3053 1389 3356 1458 cupiebant.
3403 1387 3517 1445 Hoc

1935 1477 2109 1524 autem
2135 1471 2202 1526 de
2229 1471 2427 1542 Spiritu
2453 1485 2635 1546 sancto
2679 1475 2857 1532 dicere
2891 1487 3204 1548 nequeunt,
3247 1479 3347 1534 nisi
3378 1478 3516 1535 forte

1933 1561 2200 1618 divinasse
2245 1565 2361 1620 iilos
2404 1576 2682 1638 asseram,
2735 1577 2789 1623 et
2829 1570 3068 1639 posuisse
3103 1569 3168 1625 in
3213 1571 3321 1626 suis
3367 1568 3516 1627 libris

1931 1655 2074 1726 quod
2101 1666 2286 1712 contra
2315 1659 2552 1716 futurum
2582 1662 2866 1732 aliquando
2895 1663 3264 1731 Manichreum,
3293 1665 3382 1735 qui
3399 1641 3518 1734 Spi-

1935 1748 2092 1804 ritum
2115 1759 2355 1807 sanctum
2387 1768 2483 1824 per
2511 1769 2570 1810 se
2595 1756 2816 1811 missum
2848 1771 2966 1812 esse
2994 1757 3218 1828 diceret,
3247 1755 3518 1829 proferre-

1935 1851 2043 1898 tur.
2093 1843 2286 1898 V'erum
2334 1845 2400 1900 de
2439 1846 2638 1917 Spiritu
2683 1855 2868 1904 sancto
2897 1847 3028 1903 alias
3069 1849 3277 1919 planius
3319 1847 3519 1918 aliquid

1933 1933 2266 2006 eloquemur.
2293 1935 2443 1992 Nunc
2466 1938 2532 1992 ad
2561 1939 2661 1994 hoc
2687 1938 2826 2010 quod
2854 1939 3182 1995 intenderam
3213 1938 3516 1996 redeamus.

2005 2027 2058 2083 8.
2087 2028 2218 2083 Nam
2250 2038 2308 2084 et
2337 2030 2612 2086 historiam
2649 2029 2859 2086 Veteris
2887 2030 3211 2087 Testamenti
3237 2073 3252 2102 ,
3294 2039 3348 2086 et
3372 2031 3522 2086 aetio-

1933 2118 2155 2192 logiam,
2201 2131 2254 2177 et
2297 2123 2595 2194 analogiam
2644 2123 2696 2177 in
2732 2123 3246 2180 Novo‘l‘estamento
3263 2123 3518 2192 inveniri,

1931 2216 2080 2283 satis,
2113 2223 2169 2270 ut
2199 2223 2346 2287 puto,
2378 2225 2460 2272 est
2487 2217 2906 2273 demonstratum
2942 2237 2955 2274 :
2988 2218 3054 2274 de
3081 2217 3330 2288 allegoria
3353 2223 3520 2272 restat

1931 2308 2232 2364 ostendere.
2285 2308 2402 2380 ipse
2431 2310 2711 2366 Liberator
2741 2320 2923 2366 noster
2961 2311 3012 2366 in
3049 2291 3342 2382 Evangelio
3383 2309 3518 2365 alle-

1927 2401 2077 2476 goria
2105 2403 2266 2457 utitur
2291 2416 2354 2457 ex
2373 2401 2564 2458 Vetere
2583 2399 2928 2460 Testamento
2960 2422 2972 2458 :
3003 2401 3291 2470 Generatio,
3317 2402 3513 2474 inquit,

1933 2491 2038 2546 litvo
2061 2493 2258 2564 signant
2283 2495 2498 2560 quierit;
2529 2503 2573 2548 et
2599 2511 2698 2549 non
2721 2495 2922 2549 dabitur
2951 2496 2996 2550 ei
3022 2496 3118 2549 nisi
3145 2495 3346 2568 signum
3370 2491 3522 2550 Jonts

1933 2584 2209 2655 prophetaz.
2252 2585 2397 2640 Sicut
2421 2586 2554 2640 enim
2578 2584 2742 2640 Jonas
2768 2587 2820 2640 in
2845 2595 3010 2640 ventre
3043 2587 3132 2642 ceti
3160 2585 3315 2640 tribus
3346 2584 3520 2640 diebus

1933 2687 1978 2731 et
2004 2677 2158 2732 tribus
2183 2677 2407 2740 noctibus
2443 2677 2539 2748 fuit
2559 2719 2571 2742 ,
2611 2679 2682 2732 sic
2708 2687 2751 2733 et
2782 2677 2949 2734 Filius
2986 2679 3201 2734 hominis
3227 2679 3382 2733 tribus
3410 2678 3519 2733 die—

1929 2767 2022 2822 bus
2047 2775 2091 2822 et
2133 2769 2288 2824 tribus
2333 2768 2558 2823 noctibus
2602 2770 2696 2824 erit
2723 2770 2775 2822 in
2814 2769 2966 2824 corde
3003 2779 3150 2824 terra:
3187 2768 3394 2840 (Matth.
3421 2784 3517 2834 xu,

1931 2859 2018 2927 59,
2054 2858 2165 2932 40).
2197 2859 2328 2915 Nam
2356 2860 2480 2932 quid
2507 2877 2605 2931 ego
2632 2861 2698 2915 de
2728 2861 2971 2932 apostolo
3000 2859 3166 2916 Paulo
3187 2860 3359 2915 dicam
3381 2901 3394 2926 ,
3425 2863 3516 2932 qui

1929 2955 2280 3026 ,eliamipsam
2311 2953 2484 3014 Exodi
2509 2954 2783 3032 historiam
2813 2953 3004 3008 futurae
3025 2953 3327 3009 christiana:
3345 2953 3518 3024 plebis

1931 3045 2238 3117 allegoriam
2291 3045 2453 3102 fuisse
2504 3045 2769 3116 signiﬁcat
2821 3045 2887 3100 ad
2932 3043 3235 3101 Corinthios
3279 3045 3520 3116 Epistula

1931 3139 2137 3208 prima?
2189 3137 2328 3192 Nolo
2357 3147 2520 3192 autem
2541 3155 2626 3192 vos
2655 3139 2890 3214 ignorare
2913 3180 2927 3205 ,
2961 3141 3142 3210 fratres
3164 3179 3176 3203 ,
3205 3139 3325 3210 quia
3351 3147 3518 3210 patres

1930 3230 2092 3286 nostri
2106 3247 2275 3285 omnes
2298 3229 2390 3284 sub
2417 3231 2545 3285 nube
2570 3235 2792 3303 fuerunt,
2821 3239 2866 3285 et
2890 3247 3062 3300 omnes
3081 3247 3169 3301 per
3185 3246 3323 3286 mare
3348 3239 3517 3284 trans-

1929 3325 2093 3378 ierunt
2113 3365 2126 3391 ,
2169 3333 2216 3378 et
2265 3341 2434 3379 omnes
2462 3323 2516 3377 in
2542 3321 2755 3394 Moysen
2787 3325 2805 3356 ί
2838 3324 3078 3390 baptizati
3105 3332 3223 3378 sunt
3248 3366 3261 3388 ,
3307 3323 3360 3377 in
3389 3321 3518 3378 nube

1931 3427 1976 3472 et
2003 3418 2056 3472 in
2083 3417 2215 3471 mari
2239 3433 2257 3470 :
2285 3425 2331 3470 et
2354 3433 2524 3472 omnes
2563 3417 2794 3471 eumdem
2835 3417 2996 3471 cibum
3034 3415 3347 3488 spiritualem
3375 3433 3519 3470 man-

1931 3509 2234 3565 daraverunt
2253 3550 2269 3578 ,
2311 3517 2356 3563 et
2384 3525 2554 3564 omnes
2584 3511 2811 3564 eumdem
2850 3518 3022 3584 potum
3049 3510 3361 3580 spiritualem
3383 3509 3518 3563 bibe-

1929 3611 2066 3657 runt.
2098 3601 2344 3658 Bibebant
2369 3601 2501 3657 enim
2523 3603 2585 3658 de
2600 3602 2852 3674 spirituali
2867 3611 3192 3672 consequente
3211 3618 3292 3656 eos
3305 3610 3444 3672 petra
3453 3591 3479 3632 ’ί
3498 3617 3514 3667 ;

1930 3705 2073 3768 petra
2098 3705 2266 3751 autem
2293 3703 2401 3750 erat
2431 3693 2678 3750 Christus.
2731 3694 2838 3750 Sed
2875 3712 2975 3748 non
3010 3695 3064 3748 in
3092 3693 3322 3765 pluribus
3345 3711 3517 3748 eorum

1929 3787 2233 3857 complacuit
2253 3785 2364 3842 Deo
2395 3787 2415 3819 ³
2451 3805 2464 3840 :
2495 3788 2730 3857 prostrati
2755 3787 2886 3840 enim
2911 3787 3101 3840 suntin
3132 3787 3344 3842 deserto.
3393 3783 3517 3840 Ha'c

1930 3889 2096 3934 autem
2125 3880 2302 3958 figura:
2327 3887 2513 3933 nostra:
2538 3883 2776 3948 fuerunt,
2815 3888 2868 3931 ut
2899 3895 2999 3931 non
3028 3877 3183 3932 simus
3211 3877 3382 3948 cupidi
3409 3893 3517 3930 ma-

1929 3972 2092 4028 lorum
2110 4012 2124 4038 ,
2159 3971 2288 4026 sicut
2317 3970 2458 4025 etilli
2483 3970 2858 4041 concupierunt.
2900 3967 3078 4039 Neque
3104 3967 3244 4022 idola
3268 3967 3512 4036 colamus,

1929 4064 2056 4117 sicut
2081 4061 2287 4134 quidam
2317 4061 2532 4129 exiliis,
2558 4063 2685 4115 sicut
2707 4061 2948 4131 scriptum
2977 4069 3052 4114 est
3084 4075 3102 4113 :
3127 4059 3274 4114 Sedit
3299 4060 3517 4134 papulas

1933 4153 2243 4208 manducare
2281 4163 2326 4206 et
2369 4152 2570 4216 bibere,
2626 4161 2672 4206 et
2713 4157 3034 4207 surrexerunt
3088 4149 3280 4206 ludere.
3340 4149 3518 4222 Neque

1930 4249 2235 4318 fornicemur
2259 4286 2274 4310 ,
2323 4244 2450 4300 sicut
2480 4243 2684 4313 quidam
2711 4259 2772 4296 ea:
2801 4242 2903 4296 illis
2923 4241 3170 4314 fornicati
3190 4251 3325 4308 sunt,
3359 4251 3405 4297 et
3431 4259 3516 4296 ce-

1930 4339 2161 4393 ciderunt
2201 4353 2302 4392 una
2345 4336 2427 4390 die
2459 4336 2635 4406 viginti
2680 4335 2778 4388 tria
2807 4335 2968 4388 millia
3010 4337 3288 4389 hominum.
3341 4333 3520 4408 Neque

1931 4441 2174 4487 tentemus
2216 4431 2508 4494 Christum,
2561 4429 2690 4483 sicut
2730 4429 2934 4496 quidam
2971 4445 3146 4483 eorum
3181 4437 3514 4499 tentaverunt,

1931 4536 1978 4582 et
2005 4545 2036 4580 a
2063 4524 2374 4597 serpentibus
2403 4523 2719 4577 inter-ierunt.
2750 4520 2928 4592 Neque
2958 4538 3328 4578 murmuremus
3347 4564 3362 4590 ,
3391 4523 3521 4578 sicut

1931 4619 2134 4688 quidam
2158 4633 2219 4670 ea;
2251 4617 2354 4670 illis
2385 4622 2854 4680 murmuraverunt,
2887 4622 2931 4668 et
2971 4615 3227 4684 perierunt
3264 4617 3325 4669 ab
3353 4625 3519 4672 easter-

1933 4712 2200 4766 minatore.
2234 4709 2417 4762 Omnia
2446 4717 2614 4760 autem
2643 4707 2740 4760 ista
2759 4706 2810 4759 in
2837 4707 3002 4778 ﬁgura
3019 4707 3370 4778 contingebant
3394 4707 3518 4763 illis.

1935 4802 2142 4874 Scripta
2180 4811 2346 4854 autem
2385 4807 2498 4854 sunt
2535 4796 2603 4851 ad
2628 4797 2993 4868 correptionem
3026 4807 3249 4853 nostram
3273 4840 3286 4864 ,
3315 4800 3368 4853 in
3397 4815 3521 4870 quos

1934 4897 2061 4968 ﬁnes
2087 4893 2386 4950 swculorum
2413 4891 2716 4946 devenerunt
2739 4889 2783 4962 (Ι
2813 4887 2931 4946 Cor.
2960 4905 2991 4945 x
3016 4933 3031 4958 ,
3066 4891 3239 4962 1-11).
3269 4889 3364 4945 Est
3393 4892 3521 4945 item

1933 4987 2074 5059 apud
2104 4985 2416 5056 Apostolum
2448 4983 2698 5053 allegoria
2725 4981 2964 5052 quoidam
2986 5025 3000 5049 ,
3047 4997 3174 5039 sane
3194 4984 3261 5038 ad
3304 4998 3519 5038 causam

1936 5077 2491 5156 maximepertinens,
2523 5075 2642 5130 ideo
2669 5073 2810 5145 quod
2844 5075 2944 5146 ipsi
2972 5091 3093 5131 eam
3121 5075 3171 5130 in
3201 5075 3518 5146 diSputando

1935 5171 2177 5246 proferre
2203 5179 2361 5242 atque
2382 5177 2650 5226 ostentare
2679 5179 3023 5226 consuerunt.
3045 5169 3196 5224 idem
3222 5169 3362 5225 enim
3391 5171 3522 5227 Pau-

1935 5267 2018 5322 lus
2047 5265 2176 5320 dicit
2213 5263 2279 5319 ad
2311 5263 2526 5320 Galatas
2559 5280 2572 5317 :
2606 5263 2868 5334 Scriptum
2906 5271 2978 5318 est
3017 5263 3149 5316 enim
3186 5261 3320 5334 quod
3355 5263 3522 5320 Abra-

1935 5361 2056 5422 ham
2095 5359 2220 5413 duos
2261 5358 2396 5428 ﬁlios
2437 5357 2641 5436 habuit;
2681 5373 2838 5411 unum
2877 5355 2939 5409 de
2975 5354 3246 5420 ancilla,et
3278 5375 3435 5412 unum
3462 5361 3525 5414 de

1939 5453 2096 5526 libera
2125 5468 2143 5508 :
2169 5449 2258 5506 sed
2284 5451 2326 5505 is
2351 5450 2551 5522 quidem
2583 5450 2670 5521 qui
2689 5449 2750 5503 de
2778 5445 2993 5516 ancilla,
3026 5451 3298 5506 secundum
3323 5469 3525 5516 carnem

2004 5613 2022 5676 ξ
2055 5611 2191 5671 aditi,
2207 5609 2267 5660 in
2291 5619 2466 5676 nugae.
2485 5615 2545 5658 ιη
2569 5614 2682 5676 sisi.
2703 5604 2852 5676 -.juxta
2881 5608 3192 5676 33am,3in
3215 5619 3428 5676 nomen.
3451 5609 3528 5676 sic

1929 5673 2064 5730 .iufra
2081 5669 2463 5742 consentientes
2479 5669 2651 5742 $1091,
2672 5675 2875 5742 vgteres
2896 5669 3024 5728 libri
3059 5673 3261 5742 habent,
3290 5669 3526 5742 bibebant

1939 5737 2204 5798 erran;ubi
2229 5735 2362 5794 editi,
2389 5731 2809 5783 nibebantautem.
3149 5737 3152 5740 -
3300 5731 3304 5732 κ
3343 5731 3354 5732 κ
3397 5741 3402 5744 ,
3449 5731 3488 5738 ν.

2005 5802 2026 5832 ³
2060 5806 2110 5847 tn
2139 5805 2263 5856 Mss,
2293 5799 2600 5859 prosequente
2622 5803 2700 5840 eos
2725 5798 2878 5854 petra.

2009 5863 2030 5896 ³
2053 5861 2186 5922 Editi,
2207 5855 2501 5922 beneplacuit
2527 5863 2641 5905 Deo.
2663 5859 2716 5905 At
2730 5859 2856 5926 Mss.,
2884 5858 3188 5932 complacuit.
