4082 6450
570 399 630 457 71
1434 404 1521 462 DE
1555 400 1925 462 UTILITATE
1965 396 2331 471 CREDENDI,
2372 400 2430 460 S.
2459 396 2826 459 AUGUSTINI
3762 392 3831 456 72

543 535 694 582 natus
716 532 791 581 est
801 539 823 591 ,'
846 525 934 596 qui
958 532 1125 580 autem
1153 523 1216 581 de
1241 523 1396 579 libera
1414 566 1427 588 ,
1453 538 1544 593 per
1564 520 1948 591 promissionem
1978 537 1998 576 :
2024 537 2138 593 qua:

541 629 662 677 sunt
689 636 778 691 per
818 620 1113 691 allegoriam
1151 619 1307 673 dicta.
1366 616 1505 670 Nam
1533 615 1639 668 hac
1677 625 1791 669 sunt
1820 614 1920 669 duo
1953 612 2135 669 Testa-

541 722 751 778 menta;
778 728 937 765 unum
960 711 1159 781 quidem
1190 710 1253 763 de
1290 718 1456 761 monte
1485 705 1615 761 Sina
1643 707 1699 759 in
1722 706 2013 761 servitutem
2044 722 2134 776 ge-

541 822 754 871 nerans,
800 802 935 874 quod
954 811 1030 857 est
1052 802 1209 872 Agar.
1239 799 1369 854 Sina
1398 798 1532 852 enim
1560 814 1703 853 mons
1742 807 1815 852 est
1841 798 1895 851 in
1923 796 2131 863 Arabia,

539 897 622 965 qui
651 894 866 965 conﬁnis
887 896 931 950 ei
973 909 1089 966 qua:
1126 908 1259 946 nunc
1302 900 1373 946 est
1406 889 1725 954 Jerusalem,
1768 900 1812 944 et
1848 891 1996 944 servit
2020 905 2134 943 cum

539 988 664 1057 ﬁliis
688 989 812 1042 suis.
847 987 973 1054 Quae
996 994 1163 1038 autem
1190 1001 1392 1039 sursum
1412 995 1483 1038 est
1510 982 1793 1038 Jerusalem
1812 1025 1826 1050 ,
1860 984 2016 1037 libera
2036 990 2129 1050 est,

541 1096 654 1149 qum
683 1088 753 1134 est
776 1090 934 1133 mater
955 1078 1180 1130 omnium
1210 1086 1437 1131 nostrum
1463 1074 1671 1148 (Colat.
1692 1092 1741 1129 tv
1762 1116 1777 1141 ,
1806 1074 2021 1145 22-26).

608 1170 662 1225 9.
707 1171 802 1228 Hic
841 1170 999 1239 igitur
1028 1167 1103 1222 illi
1134 1166 1377 1223 homines
1406 1166 1627 1221 nimium
1656 1165 1817 1232 mali,
1846 1164 1973 1219 dum
2012 1165 2130 1219 fru-

537 1274 711 1318 strare
732 1262 931 1331 Legem
954 1269 1234 1327 conantur,
1267 1275 1360 1316 eas
1387 1259 1688 1329 Scripturas
1712 1256 2011 1327 approbare
2031 1270 2130 1311 nos

539 1364 752 1425 cogunt.
782 1352 1079 1409 Attendunt
1106 1353 1248 1408 enim
1274 1352 1417 1422 quod
1442 1351 1642 1407 dictum
1670 1359 1771 1418 est,
1801 1351 1853 1404 in
1875 1351 2131 1405 servitute

535 1462 656 1503 esse
683 1462 777 1503 eos
805 1447 893 1517 qui
925 1447 1024 1503 sub
1053 1446 1194 1517 Lege
1222 1454 1381 1510 sunt,
1415 1453 1469 1500 et
1511 1444 1562 1500 id
1605 1444 1849 1498 ultimum
1884 1458 1996 1514 prae
2022 1458 2130 1498 caeo

538 1539 669 1595 leris
697 1538 955 1593 ventilant
997 1555 1010 1592 :
1056 1536 1303 1592 Evacuati
1343 1536 1459 1591 estis
1496 1552 1529 1588 a
1568 1534 1796 1600 Christo,
1828 1534 1915 1605 qui
1941 1535 1996 1588 in
2024 1533 2132 1605 lege

534 1632 923 1704 iustiﬁcamini;
963 1648 994 1684 a
1032 1631 1195 1702 gratia
1233 1630 1491 1685 excidistis
1533 1628 1646 1700 (Id.
1675 1644 1725 1694 ν,
1748 1626 1835 1698 4).
1877 1626 1987 1683 Nos
2014 1625 2132 1681 haec

535 1727 714 1781 omnia
742 1741 869 1781 vera
898 1740 1019 1780 esse
1046 1724 1408 1790 concedimus,
1441 1738 1540 1778 nec
1571 1723 1717 1777 illam
1748 1722 1917 1791 legem
1946 1734 2131 1775 neces-

535 1820 729 1875 sariam
761 1832 880 1873 esse
908 1817 1164 1883 dicimus,
1193 1816 1293 1871 nisi
1323 1817 1401 1870 eis
1429 1815 1624 1885 quibus
1662 1822 1744 1869 est
1782 1812 1955 1867 adhuc
1986 1811 2131 1866 utilis

534 1908 769 1963 servitus
798 1926 810 1960 :
842 1906 1067 1977 ideoque
1098 1906 1299 1961 utiliter
1327 1920 1447 1961 esse
1476 1905 1637 1959 latam
1662 1945 1678 1971 ,
1709 1902 1851 1972 quod
1881 1901 2131 1957 homines

534 1998 625 2069 qui
652 1996 891 2052 revocari
917 2011 947 2050 a
974 1997 1207 2065 peccatis
1232 1996 1437 2051 ratione
1468 2009 1576 2049 non
1602 2002 1872 2065 poterant,
1899 1992 1986 2046 tali
2013 1991 2130 2061 lege

535 2091 818 2146 coercendi
857 2098 1041 2157 erant,
1075 2104 1351 2159 poenarum
1395 2088 1602 2142 scilicet
1640 2087 1859 2141 istarum
1899 2100 2018 2155 qua:
2046 2083 2129 2138 vi-

537 2184 650 2238 deri
678 2183 746 2237 ab
771 2183 946 2237 stultis
969 2190 1209 2252 possunt,
1241 2181 1397 2235 minis
1424 2190 1583 2249 atque
1610 2177 1936 2241 terroribus;
1964 2190 1994 2230 a
2014 2175 2132 2246 qui-

539 2272 643 2329 bus
666 2274 831 2343 gratia
858 2272 1057 2330 Christi
1084 2288 1204 2328 cum
1234 2272 1444 2339 liberat,
1477 2286 1581 2326 non
1624 2271 1795 2341 legem
1843 2269 1983 2323 illam
2028 2268 2126 2323 da-

540 2374 719 2432 mnat,
754 2364 845 2419 sed
876 2363 1160 2433 aliquando
1199 2378 1297 2418 nos
1323 2362 1694 2433 obtemperare
1723 2375 1833 2415 suae
1861 2358 2126 2425 charitati,

538 2469 646 2510 non
687 2455 889 2510 servire
919 2454 1095 2509 timori
1125 2454 1282 2524 Legis
1301 2496 1316 2521 ,
1350 2453 1554 2507 invitat.
1588 2452 1703 2522 Ipsa
1732 2460 1813 2508 est
1840 2451 2007 2521 gratia
2027 2491 2043 2518 ,
2075 2447 2128 2503 id

536 2554 622 2602 est
642 2588 658 2615 ,
689 2545 1005 2602 beneficium
1036 2545 1177 2615 quod
1208 2560 1313 2600 non
1343 2545 1644 2615 intelligunt
1675 2542 1774 2598 sibi
1811 2542 2020 2597 venisse
2043 2539 2126 2595 di-

533 2637 765 2704 vinitus,
795 2636 885 2707 qui
926 2636 1100 2691 adhuc
1137 2650 1259 2693 esse
1298 2636 1521 2705 cupiunt
1559 2634 1660 2690 sub
1698 2633 1924 2688 vinculis
1950 2632 2126 2702 Legis.

532 2731 677 2799 Quos
707 2730 896 2785 merito
924 2728 1116 2784 Paulus
1145 2728 1389 2799 objurgat
1416 2736 1667 2797 tanquam
1696 2724 1937 2780 inﬁdeles
1958 2766 1973 2791 ,
2005 2723 2129 2794 quia

533 2838 563 2878 a
590 2822 867 2885 servitute,
892 2819 981 2875 cui
1006 2829 1154 2875 certo
1183 2828 1426 2889 tempore
1447 2817 1741 2888 justissima
1774 2816 1867 2871 Dei
1896 2814 2129 2884 disposi-

535 2914 680 2971 tione
714 2913 938 2983 subjecti
967 2920 1152 2979 erant,
1177 2913 1287 2982 jam
1317 2926 1412 2982 per
1441 2910 1722 2965 Dominum
1764 2916 2005 2964 nostrum
2034 2906 2128 2963 Je-

533 3024 650 3065 sum
698 3022 757 3062 se
802 3006 1053 3061 liberatos
1096 3020 1215 3061 esse
1258 3019 1366 3060 non
1409 3003 1651 3060 credunt.
1694 3002 1829 3057 Hinc
1874 3011 1958 3058 est
1998 3000 2129 3057 illud

535 3102 776 3173 ejusdem
805 3100 1032 3172 apostoli
1063 3118 1076 3153 :
1107 3099 1215 3155 Lex
1244 3100 1378 3154 enim
1408 3099 1714 3170 pwdagogus
1742 3106 1910 3152 noster
1942 3105 2048 3151 erat
2076 3097 2129 3152 in

535 3193 735 3248 Christo
763 3191 873 3266 (Id.
903 3208 959 3247 Ill
982 3235 995 3257 ,
1023 3190 1140 3262 24).
1175 3192 1267 3247 llle
1297 3192 1458 3262 igitur
1484 3190 1827 3261 paedagogum
1854 3188 2001 3245 dedit
2028 3188 2128 3243 ho-

534 3287 769 3345 minibus
795 3302 953 3359 quem
988 3286 1272 3351 timerent,
1303 3286 1392 3357 qui
1420 3287 1733 3356 magistrum
1760 3294 1945 3355 postea
1970 3298 2128 3355 quem

536 3381 838 3451 diligerent.
890 3380 946 3434 In
992 3380 1182 3450 quibus
1226 3388 1401 3434 tamen
1450 3378 1606 3449 Legis
1650 3377 1932 3448 praeceptis
1972 3384 2130 3445 atque

534 3474 831 3539 mandatis,
865 3472 1057 3544 quibus
1087 3487 1230 3527 nunc
1256 3471 1585 3528 Christianos
1628 3470 1707 3524 uti
1753 3469 1832 3525 fas
1876 3484 1982 3525 non
2024 3477 2127 3537 est,

535 3566 694 3636 quale
720 3565 801 3621 vel
823 3565 1099 3620 sabbatum
1122 3573 1223 3627 est,
1249 3564 1335 3619 vel
1356 3562 1712 3625 circumcisio,
1742 3561 1823 3617 vel
1845 3560 2125 3628 sacriﬁcia,

534 3666 587 3712 et
614 3657 657 3711 si
688 3656 811 3726 quid
844 3654 1147 3725 huiusmodi
1176 3662 1276 3719 est,
1312 3662 1456 3708 tanta
1487 3652 1740 3725 mysteria
1767 3652 2125 3718 continentur,

538 3755 596 3802 ut
619 3747 793 3801 omnis
821 3747 938 3816 pius
968 3746 1227 3816 intelligat
1251 3745 1382 3800 nihil
1410 3759 1530 3800 esse
1559 3743 1941 3814 perniciosius,
1969 3758 2127 3814 quam

535 3838 786 3909 quidquid
814 3837 885 3892 ibi
905 3846 986 3893 est
1007 3838 1173 3907 accipi
1201 3836 1267 3891 ad
1296 3836 1547 3903 litteram,
1572 3835 1624 3891 id
1650 3846 1751 3902 est,
1778 3837 1844 3915 ad
1870 3836 2125 3903 verbum;

535 3930 669 3986 nihil
690 3940 865 3985 autem
890 3930 1176 3996 salubrius,
1201 3945 1359 4000 quam
1386 3930 1572 4000 spiritu
1593 3926 1838 3985 revelari.
1864 3928 1991 3985 Inde
2010 3938 2124 3984 est:

536 4022 726 4079 Littera
766 4022 983 4089 occidit,
1014 4022 1223 4092 spiritus
1262 4032 1428 4075 autem
1472 4021 1689 4090 vivi/icat
1720 4019 1814 4091 (a).
1852 4020 1976 4075 Inde
2004 4029 2125 4075 est:

536 4114 772 4187 Idipsum
813 4115 1035 4169 velamen
1064 4117 1118 4167 in
1146 4114 1356 4168 lectione
1395 4112 1580 4168 Veteris
1615 4112 1914 4166 Testamenti
1937 4121 2125 4179 manet,

537 4208 670 4279 quod
695 4224 795 4261 non
820 4206 1087 4273 revelatur,
1117 4206 1357 4275 quoniam
1382 4206 1435 4259 in
1458 4204 1656 4258 Christo
1676 4212 1965 4258 evacuatur.
1992 4203 2131 4257 Eva-

538 4308 726 4355 cuatur
753 4314 982 4369 namque
1013 4298 1065 4353 in
1092 4296 1305 4353 Christo
1325 4339 1338 4361 ,
1374 4313 1479 4352 non
1510 4297 1673 4352 Vetus
1703 4296 2126 4364 Testamentum,

537 4392 634 4449 sed
664 4392 903 4448 velamen
949 4390 1098 4461 ejus;
1149 4398 1206 4443 ut
1252 4404 1346 4459 per
1383 4388 1648 4444 Christum
1690 4387 2045 4458 intelligatur,
2076 4395 2131 4442 et

537 4487 687 4558 quasi
717 4484 1018 4542 denudctur
1037 4527 1051 4552 ,
1095 4484 1237 4554 quod
1267 4484 1381 4539 sine
1410 4482 1622 4538 Christo
1649 4482 1931 4536 obscurum
1971 4488 2130 4550 atque

538 4582 855 4652 adopertum
878 4589 981 4635 est.
1008 4579 1196 4633 Statim
1220 4580 1415 4649 quippe
1438 4576 1579 4632 idem
1602 4575 1874 4646 apostolus
1895 4571 2125 4643 snbjicit:

538 4676 665 4731 Cum
702 4684 869 4729 autem
908 4672 1168 4728 transieris
1200 4670 1266 4725 ad
1298 4670 1581 4736 Christum,
1613 4671 1870 4740 auferetur
1906 4666 2130 4731 velamen

542 4764 609 4838 (ll
635 4764 752 4821 Cor.
781 4779 857 4831 Ill,
888 4765 939 4829 6,
977 4765 1062 4829 14,
1098 4762 1206 4835 16).
1236 4762 1349 4816 Νοιι
1376 4761 1519 4817 enim
1547 4760 1638 4826 ait,
1674 4758 1960 4814 Auferetur
1983 4755 2127 4821 Lex;

537 4867 649 4925 aut,
679 4856 1083 4913 Testamentum
1112 4855 1295 4910 Vetus.
1329 4853 1442 4909 Non
1471 4852 1633 4924 igitur
1660 4867 1754 4922 per
1778 4847 1988 4905 Domini
2007 4861 2131 4918 gra-

541 4951 667 5007 tiam
690 4993 706 5019 ,
738 4958 987 5021 tanquam
1023 4949 1229 5004 inutilia
1271 4948 1342 5003 ibi
1388 4955 1723 5019 tegerentur,
1768 4944 1940 5000 ablata
1970 4949 2128 5007 sunt;

539 5044 633 5101 sed
662 5052 875 5115 tegmen
908 5042 1083 5114 potius
1106 5084 1119 5108 ,
1150 5056 1258 5113 quo
1286 5040 1435 5095 utilia
1463 5038 1794 5110 tegebantur.
1836 5035 1945 5091 lloc
1974 5033 2132 5090 modo

540 5137 715 5208 agitur
742 5151 864 5193 cum
896 5136 961 5190 iis
989 5136 1078 5205 qui
1110 5133 1348 5189 studiose
1376 5147 1439 5187 ac
1467 5132 1550 5202 pie
1568 5171 1583 5198 ,
1610 5145 1715 5185 non
1744 5127 1952 5183 turbide
1976 5136 2134 5195 atque

541 5227 819 5298 improbe,
871 5226 1267 5295 Scripturarum
1317 5224 1525 5278 illarum
1577 5236 1794 5277 sensum
1835 5218 2129 5289 requirunt,

542 5319 1046 5389 demonstraturque
1074 5317 1259 5373 sedulo
1286 5324 1341 5372 et
1366 5315 1497 5371 ordo
1522 5329 1702 5370 rerum
1722 5354 1735 5378 ,
1769 5320 1821 5368 et
1846 5326 2021 5366 causa:
2052 5309 2132 5364 fa-

543 5424 751 5471 ctorum
796 5425 956 5486 atque
999 5412 1295 5478 dictorum,
1347 5418 1401 5465 et
1442 5407 1651 5463 Veteris
1692 5405 2020 5461 Testamenti
2067 5401 2134 5457 ad

544 5506 751 5563 Novum
780 5515 922 5562 tanta
959 5504 1305 5577 congruentia
1328 5544 1342 5566 ,
1382 5509 1440 5556 ut
1475 5515 1611 5571 apex
1649 5499 1862 5565 nullus,
1907 5498 1999 5569 qui
2028 5511 2135 5552 non

544 5608 824 5667 consonet,
856 5598 1218 5668 relinquatur;
1247 5606 1300 5652 et
1328 5595 1617 5667 ﬁgurarum
1647 5601 1795 5647 tanta
1822 5599 2050 5658 secreta,
2079 5598 2137 5645 ut

546 5690 725 5748 omnia
754 5707 872 5763 quae
902 5689 1306 5762 interpretando
1335 5695 1617 5758 eruuntur,
1647 5685 1874 5744 miseros
1898 5698 2019 5743 esse
2044 5698 2136 5740 co-

611 5900 687 5969 (a)
711 5907 729 5951 ι
750 5908 901 5967 ﬂete,
923 5914 1027 5967 cap.
1050 5900 1127 5966 14,
1144 5914 1194 5952 n.
1219 5902 1264 5953 l.

2245 518 2370 591 ga‘nt
2399 519 2551 575 fateri
2574 561 2588 586 ,
2623 519 2713 589 qui
2742 518 2855 573 haec
2884 517 3064 573 volunt
3092 524 3215 573 ante
3250 516 3643 591 condemnare,
3671 539 3833 595 quam

2244 611 2470 668 discere.

2312 701 2540 759 CAPUT
2579 702 2666 757 IV.
2694 732 2763 742 —
2788 702 2874 758 10.
2904 701 3115 769 Triplex
3142 720 3283 758 error
3311 705 3594 775 legentium.
3625 707 3728 763 Sed
3756 718 3830 776 ut,

2242 796 2438 851 omissa
2479 797 2691 851 interim
2734 796 3009 851 altitudine
3040 798 3275 853 scientiae
3295 840 3309 865 ,
3340 799 3419 853 sic
3450 814 3601 869 agam
3634 810 3834 867 tecum,

2240 889 2507 959 quomodo
2545 889 2807 961 agendum
2848 890 3079 946 arbitror
3121 906 3243 945 cum
3286 890 3533 948 familiari
3580 910 3733 959 meo;
3780 896 3835 950 id

2238 991 2355 1049 est,
2403 984 2538 1038 sicut
2578 998 2677 1054 ego
2722 998 2967 1053 possum,
3000 999 3104 1038 non
3145 984 3284 1039 sicut
3320 984 3659 1041 doctissimos
3689 988 3834 1065 viros

2238 1088 2397 1144 posse
2428 1075 2649 1129 miratus
2678 1090 2794 1130 sum
2827 1094 2840 1130 :
2872 1076 2970 1130 tria
3000 1091 3197 1145 genera
3226 1085 3351 1131 sunt
3379 1079 3578 1133 erroris
3598 1121 3612 1144 ,
3644 1081 3835 1149 quibus

2239 1166 2484 1223 homines
2525 1178 2737 1235 errant,
2771 1183 2889 1223 cum
2922 1169 3122 1239 aliquid
3149 1170 3349 1240 legunt.
3386 1172 3460 1227 De
3495 1173 3719 1244 singulis
3749 1174 3833 1229 di-

2237 1273 2377 1313 cam.
2408 1259 2644 1315 Primum
2674 1276 2842 1331 genus
2872 1272 2989 1328 est,
3036 1262 3088 1315 in
3120 1278 3225 1332 quo
3256 1262 3307 1317 id
3347 1264 3491 1334 quod
3530 1265 3720 1320 falsum
3750 1274 3835 1321 est

2236 1366 2420 1407 verum
2460 1360 2675 1420 putatur
2695 1393 2708 1417 ,
2736 1367 2857 1407 cum
2890 1352 3032 1407 aliud
3061 1355 3150 1423 qui
3181 1354 3394 1424 scripsit
3418 1358 3698 1425 putaverit.
3732 1358 3831 1411 Αι.

2236 1450 2409 1497 terum
2436 1451 2551 1509 est,
2580 1443 2822 1513 quamvis
2848 1460 2955 1498 non
2983 1453 3089 1498 tam
3117 1445 3218 1499 late
3243 1455 3459 1515 patens,
3503 1464 3609 1503 non
3654 1458 3833 1505 tamen

2236 1532 2412 1587 minus
2439 1532 2654 1587 noxium
2675 1575 2689 1599 ,
2721 1547 2843 1588 cum
2874 1534 2928 1589 id
2956 1534 3097 1604 quod
3123 1534 3312 1591 falsum
3344 1545 3428 1591 est
3455 1553 3639 1593 verum
3674 1548 3835 1610 puta-

2238 1632 2342 1690 tur,
2373 1624 2424 1678 id
2455 1634 2631 1679 tamen
2662 1634 2880 1695 putatur
2904 1627 3044 1697 quod
3072 1628 3231 1682 etiam
3259 1628 3349 1684 ille
3373 1631 3463 1700 qui
3493 1632 3705 1701 scripsit
3734 1648 3835 1703 pu-

2235 1718 2382 1773 tavit.
2415 1718 2653 1773 Tertium
2681 1728 2789 1784 est,
2821 1734 2943 1774 cum
2984 1736 3049 1775 ex
3091 1721 3265 1775 alieno
3292 1723 3491 1792 scripto
3518 1724 3834 1794 intelligitur

2235 1808 2433 1879 aliquid
2456 1809 2587 1874 veri,
2611 1824 2731 1864 cum
2754 1809 2859 1865 hoc
2886 1811 2975 1866 ille
3002 1812 3092 1880 qui
3118 1812 3332 1881 scripsit
3357 1828 3460 1868 non
3486 1814 3831 1870 intellexerit.

2235 1902 2292 1956 In
2329 1916 2435 1972 quo
2462 1918 2660 1973 genere
2692 1919 2794 1958 non
2826 1920 3014 1975 parum
3046 1914 3128 1960 est
3154 1906 3394 1961 utilitatis
3414 1949 3429 1974 ,
3472 1908 3579 1963 imo
3620 1909 3665 1963 si
3704 1909 3834 1964 dili-

2234 1996 2445 2064 gentius
2468 1995 2777 2075 consideres
2798 2039 2812 2065 ,
2842 2006 2983 2053 totus
3010 1998 3222 2070 legendi
3251 1999 3454 2055 fructus
3492 2010 3572 2056 est
3599 2002 3830 2072 integer.

2236 2088 2399 2144 Primi
2435 2089 2647 2159 generis
2687 2092 2989 2161 exemplum
3029 2102 3147 2157 est,
3180 2102 3238 2147 ut
3266 2093 3309 2147 si
3337 2094 3648 2164 quisquam,
3680 2094 3833 2150 verbi

2232 2182 2403 2252 gratia
2425 2224 2438 2247 ,
2473 2182 2613 2237 dicat
2644 2190 2698 2238 et
2734 2183 2921 2238 credat
2957 2183 3420 2239 Rhadamanthum
3453 2185 3591 2255 apud
3633 2186 3832 2241 inferos

2234 2274 2418 2329 audire
2468 2289 2532 2329 ac
2580 2274 2871 2344 dijudicare
2924 2290 3113 2331 causas
3157 2286 3520 2342 mortuorum,
3570 2292 3635 2331 eo
3683 2277 3831 2347 quod

2232 2364 2467 2421 Maronis
2507 2366 2559 2420 in
2600 2367 2837 2421 carmine
2876 2366 2929 2420 id
2967 2367 3156 2438 legerit
3195 2368 3432 2437 (dinei
3476 2368 3561 2421 lib.
3600 2369 3659 2434 6,
3698 2385 3829 2423 vers.

2235 2456 2520 2528 566-569).
2553 2457 2650 2512 Hic
2670 2458 2813 2512 enim
2838 2468 2983 2513 errat
3007 2458 3213 2513 duobus
3240 2459 3445 2525 modis;
3474 2460 3617 2530 quod
3642 2469 3695 2515 et
3716 2475 3834 2515 rem

2232 2563 2338 2603 non
2366 2548 2687 2603 credendam
2726 2549 2929 2617 credit,
2959 2543 3129 2619 neque
3159 2549 3211 2604 id
3242 2550 3504 2620 putandus
3533 2561 3616 2605 est
3653 2550 3834 2605 credi-

2234 2640 2377 2696 disse
2407 2641 2496 2696 ille
2536 2656 2696 2712 quem
2739 2642 2885 2713 legit.
2914 2642 3153 2697 Alterum
3180 2657 3348 2712 genus
3374 2642 3722 2697 animadverti
3753 2642 3835 2698 sic

2236 2740 2415 2802 potest
2439 2750 2450 2785 :
2476 2732 2520 2787 si
2544 2733 2683 2803 quis,
2713 2733 2835 2803 quia
2861 2732 3141 2789 Lucretius
3161 2733 3391 2787 animam
3414 2748 3477 2789 ex
3501 2732 3692 2788 atomis
3709 2746 3835 2789 esse

2234 2824 2456 2890 scribit,
2485 2840 2711 2895 eamque
2737 2834 2859 2895 post
2883 2833 3111 2880 mortem
3140 2826 3192 2879 in
3218 2824 3431 2880 easdem
3464 2833 3670 2879 atomos
3698 2824 3834 2880 solvi

2233 2924 2393 2987 atque
2429 2917 2649 2972 interire
2670 2960 2683 2984 ,
2720 2917 2771 2972 id
2801 2932 2987 2972 verum
3018 2932 3081 2972 ac
3110 2916 3210 2972 sibi
3239 2916 3569 2972 credendum
3599 2918 3831 2975 arbitre—

2238 3016 2341 3062 tur.
2380 3007 2509 3062 Nam
2542 3017 2597 3063 et
2621 3007 2707 3063 hic
2738 3023 2841 3063 non
2868 3009 3046 3063 minus
3084 3010 3246 3062 miser
3282 3015 3391 3072 est,
3425 3007 3469 3061 si
3497 3006 3565 3062 de
3594 3024 3652 3062 re
3684 3016 3833 3064 tanta

2235 3099 2289 3154 id
2316 3099 2456 3169 quod
2480 3100 2667 3153 falsum
2689 3107 2771 3154 est
2791 3114 2887 3169 pro
2907 3108 3057 3154 certo
3077 3098 3175 3153 sibi
3199 3098 3496 3168 persuasit;
3526 3114 3832 3169 quanquam

2231 3189 2285 3245 id
2313 3172 2591 3246 Lucretius
2615 3231 2628 3253 ,
2662 3190 2812 3260 cujus
2854 3189 3004 3244 libris
3034 3188 3289 3259 deceptus
3322 3196 3435 3255 est,
3464 3189 3710 3258 Opinatus
3736 3191 3829 3247 sit.

2232 3285 2371 3354 Quid
2409 3285 2550 3342 enim
2583 3284 2705 3340 huic
2735 3284 2951 3354 prodest
2975 3284 3044 3341 de
3069 3285 3301 3341 auctoris
3329 3286 3594 3341 sententia
3624 3296 3831 3341 certum

2232 3392 2375 3446 esse,
2394 3377 2608 3448 quando
2629 3377 2727 3431 sibi
2751 3392 2871 3432 eum
2895 3392 3000 3432 non
3026 3393 3118 3447 per
3138 3393 3295 3448 quem
3320 3394 3423 3431 non
3448 3388 3651 3432 erraret
3669 3380 3710 3444 ¹,
3733 3378 3832 3433 sed

2232 3484 2352 3525 cum
2381 3486 2486 3541 quo
2515 3479 2739 3537 erraret,
2769 3470 3027 3541 elegerit?
3057 3471 3241 3526 Tertio
3269 3472 3450 3542 generi
3478 3480 3559 3526 est
3587 3471 3712 3526 illud
3740 3487 3832 3527 ac-

2232 3563 2627 3618 commodatum
2660 3582 2673 3617 :
2707 3563 2751 3618 si
2782 3563 2902 3634 quis
2932 3562 3219 3634 Epicurum
3242 3605 3256 3630 ,
3288 3565 3426 3619 lecto
3453 3564 3646 3634 ejus_in
3680 3564 3832 3620 libris

2229 3655 2408 3726 aliquo
2445 3656 2565 3711 loco
2598 3655 2689 3711 ubi
2721 3656 3106 3711 continentiam
3136 3656 3351 3725 laudat,
3380 3658 3431 3711 in
3462 3657 3653 3711 virtute
3678 3656 3831 3712 illum

2230 3740 2499 3805 summum
2529 3749 2727 3805 bonum
2757 3750 3002 3819 posuisse
3028 3758 3318 3814 asseveret,
3346 3759 3399 3803 et
3426 3748 3545 3803 ideo
3576 3762 3679 3802 non
3706 3762 3832 3805 esse

2204 3840 2578 3911 culpandum.
2609 3841 2743 3895 Huic
2769 3842 2929 3896 etiam
2970 3840 3101 3911 quid
3136 3842 3287 3895 obest
3326 3856 3477 3896 error
3502 3840 3749 3910 Epicuri,
3780 3839 3832 3894 si

2232 3947 2502 3987 summum
2522 3934 2721 3989 bonum
2745 3933 2979 3988 hominis
3001 3933 3324 4003 voluptatem
3350 3933 3438 3987 ille
3459 3932 3697 4002 corporis
3716 3945 3833 3985 cre-

2232 4024 2341 4091 dit;
2371 4040 2493 4080 cum
2520 4025 2623 4081 iste
2646 4040 2755 4080 non
2781 4039 2839 4081 se
2865 4024 3073 4080 dederit
3099 4034 3205 4079 tam
3235 4025 3374 4094 turpi
3400 4025 3676 4094 noxiazque
3702 4038 3831 4077 sen-

2232 4115 2447 4181 tentiae,
2481 4130 2657 4185 neque
2693 4116 2763 4170 ob
2802 4116 2961 4169 aliam
2990 4130 3203 4169 causam
3233 4115 3281 4169 ei
3315 4114 3519 4183 placeat
3543 4114 3830 4184 Epicurus,

2230 4208 2333 4263 nisi
2362 4207 2504 4277 quod
2536 4223 2655 4263 eum
2684 4207 2918 4262 sensisse
2957 4222 3062 4263 non
3094 4214 3270 4275 putat,
3313 4204 3453 4273 quod
3493 4206 3677 4259 sentiri
3719 4220 3834 4261 non

2232 4299 2518 4369 oporteat?
2539 4298 2636 4353 Hic
2656 4312 2807 4352 error
2829 4312 2936 4351 non
2961 4296 3119 4350 modo
3146 4297 3409 4349 humanus
3436 4302 3538 4360 cst,
3562 4295 3656 4350 sed
3682 4310 3833 4365 smpe

2232 4391 2392 4445 etiam
2415 4389 2629 4443 homine
2650 4388 3014 4457 dignissimus.
3045 4387 3181 4454 Quid
3208 4388 3348 4443 enim
3366 4427 3381 4454 ,
3415 4388 3459 4442 si
3488 4387 3618 4442 mihi
3645 4388 3710 4443 de
3729 4388 3834 4443 ali-

2231 4497 2338 4553 quo
2364 4497 2519 4552 quem
2552 4480 2825 4551 diligerem
2856 4480 3191 4535 nuntiaretur
3212 4478 3355 4549 quod
3382 4479 3501 4545 sibi,
3535 4495 3656 4535 cum
3685 4489 3833 4537 esset

2232 4574 2505 4639 barbatus,
2546 4572 2827 4643 pueritiam
2857 4582 3014 4642 atque
3041 4571 3315 4627 infantiam
3345 4571 3415 4625 ita
3444 4571 3655 4640 placere
3680 4571 3830 4625 mul-

2232 4666 2302 4721 tis
2329 4664 2667 4721 audientibus
2694 4663 2906 4730 dixerit,
2936 4673 2992 4717 ut
3021 4664 3179 4718 etiam
3208 4662 3466 4733 juraverit
3494 4678 3553 4718 se
3582 4662 3829 4718 similiter

2234 4760 2370 4815 velle
2388 4736 2590 4823 vivere',
2618 4757 2777 4828 idque
2799 4758 2869 4813 ita
2891 4758 3021 4813 mihi
3047 4758 3384 4828 probaretur,
3410 4768 3466 4813 ut
3491 4758 3831 4828 impudenter

2235 4850 2523 4923 negarem?
2554 4864 2679 4905 num
2704 4850 3178 4921 reprehendendus
3205 4850 3454 4918 viderer,
3485 4852 3528 4905 si
3560 4867 3680 4907 eum
3710 4851 3831 4906 exi-

2234 4944 2530 5010 stimarem,
2558 4959 2677 5000 eum
2706 4943 2807 5001 hoc
2831 4944 3065 5013 diceret,
3098 4945 3396 5017 signiﬁcare
3426 4948 3657 5002 voluisse
3676 4988 3690 5013 ,
3724 4946 3832 5003 sibi

2236 5036 2448 5108 placere
2478 5036 2870 5103 innocentiam,
2903 5047 2957 5093 et
2997 5039 3065 5093 ab
3098 5039 3178 5094 eis
3207 5038 3399 5110 quibus
3430 5039 3700 5093 hominum
3728 5054 3831 5109 ge-

2237 5143 2337 5182 nus
2358 5128 2718 5184 involveretur
2739 5129 3117 5199 cupiditatibus
3142 5130 3381 5185 animum
3409 5131 3663 5199 alienum,
3686 5140 3739 5187 et
3760 5146 3826 5188 ex

2237 5236 2302 5275 eo
2327 5221 2473 5275 illum
2502 5222 2670 5292 magis
2701 5223 2975 5293 magisque
3000 5222 3275 5293 diligerem
3298 5265 3313 5291 ,
3354 5239 3513 5294 quam
3551 5233 3701 5279 antea
3744 5223 3820 5277 di-

2236 5315 2501 5386 ligebam;
2532 5316 2737 5370 etiamsi
2770 5314 2995 5371 fortasse
3036 5316 3125 5371 ille
3165 5316 3219 5370 in
3258 5331 3543 5397 puerqrum
3584 5314 3838 5371 :etatibus

2238 5406 2537 5463 libertatem
2559 5407 2840 5478 quamdam
2864 5407 2915 5461 in
2939 5407 3170 5463 ludendo
3189 5416 3246 5464 et
3264 5408 3489 5463 cibando
3508 5417 3667 5477 atque
3690 5406 3843 5476 igna—

2237 5516 2362 5556 vum
2406 5502 2577 5557 otium
2614 5502 2804 5556 stultus
2843 5501 3181 5558 adamasset?
3217 5483 3327 5557 Fac
3364 5502 3506 5556 enim
3544 5516 3666 5556 eum
3709 5513 3838 5555 esse

2238 5592 2542 5648 defunctum
2571 5601 2849 5663 postquam
2880 5592 2981 5650 hoc
3006 5593 3136 5648 mihi
3162 5594 3457 5649 nuntiatum
3485 5601 3588 5659 est,
3622 5607 3721 5648 nec
3747 5593 3839 5647 in--

2240 5686 2498 5757 terrogari
2523 5700 2553 5739 a
2579 5700 2665 5742 me
2691 5686 2925 5757 potuisse
2945 5685 3252 5757 quidquam,
3279 5696 3336 5742 ut
3356 5685 3591 5757 aperiret
3614 5692 3837 5742 senten-

2309 5904 2325 5932 ι
2362 5899 2461 5966 ulc,
2486 5900 2537 5951 in
2557 5905 2672 5953 ante
2696 5900 2839 5953 editis
2851 5901 3026 5954 omissa
3045 5908 3151 5955 erat
3171 5900 3403 5969 particula
3423 5911 3627 5968 negans.
