4082 6484
263 409 343 477 73
1688 405 1854 476 IJBE]

1960 400 2127 477 INUS.
3483 429 3558 490 7t

264 534 395 587 tiam
420 543 614 599 suam;
642 538 857 589 essetne
880 532 1159 606 quisquam
1186 541 1295 590 tam
1321 532 1593 604 improbus
1617 532 1707 603 qui
1727 530 1861 586 mihi

266 632 650 691 suocenseret,
698 614 821 679 cum
862 624 1093 681 hominis
1130 626 1399 681 laudarem
1437 624 1768 696 propositum
1805 631 1863 679 et

264 714 599 770 voluntatem
627 730 725 785 per
747 715 835 772 illa
860 717 974 786 ipsa
997 718 1160 773 verba
1186 715 1305 789 quae
1324 717 1675 790 acceperam?
1700 715 1858 783 Quid,

264 807 403 879 quod
441 808 610 863 etiam
641 808 819 878 justus
856 824 1037 865 rerum
1072 810 1403 866 existimator
1443 826 1553 865 non
1595 808 1863 865 dubitaret

264 905 491 960 fortasse
512 903 739 960 laudare
756 903 1066 975 opinionem
1086 919 1149 961 ac
1167 892 1495 960 voluntatem
1519 917 1713 969 meam,
1739 916 1860 957 cum

266 1002 323 1051 et
344 995 649 1051 innocentia
678 994 810 1049 mihi
838 995 1094 1066 placeret,
1119 1003 1175 1050 et
1200 994 1363 1050 homo
1389 994 1458 1050 de
1485 994 1696 1049 homine
1723 993 1778 1047 in
1801 1006 1862 1048 re

266 1086 426 1143 dubia
456 1086 597 1143 bene
620 1087 800 1159 potius
822 1086 1222 1155 existimarem,
1261 1100 1385 1142 cum
1425 1084 1586 1141 etiam
1624 1084 1765 1139 male
1792 1082 1860 1138 li-

267 1189 412 1236 ceret
440 1179 493 1233 '2

330 1273 564 1331 CAPUT
601 1272 671 1329 V.
708 1303 781 1315 —
816 1274 907 1331 II.
946 1273 1072 1329 Tres
1127 1272 1496 1346 scripturarum
1547 1284 1861 1343 quarumque

259 1364 584 1432 diluemus.
614 1364 847 1421 Ecclesia
885 1365 1134 1419 catholica
1170 1364 1357 1419 erroris
1392 1362 1670 1417 secundum
1695 1360 1860 1416 ullum

258 1456 466 1511 modum
497 1472 565 1511 ea:
587 1456 845 1527 prtedictis
867 1456 1107 1529 redargui
1135 1472 1238 1510 non
1264 1463 1426 1527 potest
1453 1455 1506 1509 in
1539 1452 1734 1509 Veteris
1759 1451 1860 1506 Te-

260 1549 494 1604 stamenti
516 1548 748 1604 lectione.
769 1549 901 1617 Quae
922 1563 1043 1605 cum
1069 1549 1145 1604 ita
1170 1548 1298 1614 sint,
1320 1545 1442 1601 audi
1465 1546 1625 1601 etiam
1647 1558 1860 1600 earum-

259 1640 381 1697 dem
404 1641 797 1713 scripturarum
826 1641 1050 1697 totidem
1079 1639 1414 1697 conditiones
1436 1646 1491 1694 et
1510 1637 1855 1694 diﬂ‘erentias.
1908 1654 1913 1663 τ

260 1730 394 1787 Nam
417 1746 646 1788 necesse
670 1740 756 1787 est
780 1731 999 1787 totidem
1027 1736 1332 1787 occurrant.
1360 1730 1468 1783 Aut
1489 1728 1633 1784 enim
1659 1727 1860 1782 utiliter

267 1825 477 1894 scripsit
502 1824 802 1895 quispiam,
835 1832 891 1880 et
924 1837 1029 1879 non
1058 1822 1262 1879 utiliter
1289 1822 1358 1878 ab
1386 1821 1564 1891 aliqua
1603 1818 1857 1889 intelligi-

264 1929 348 1972 tur
373 1935 388 1970 :
413 1926 506 1972 aut
532 1926 822 1988 utrumque
851 1915 1110 1972 inutiliter
1135 1915 1196 1970 iit
1223 1932 1237 1969 :
1264 1922 1359 1970 aut
1381 1913 1583 1968 utiliter
1610 1909 1859 1981 intelligit

260 2010 450 2075 lector,
475 2023 601 2064 cum
632 2008 722 2064 ille
744 2016 953 2074 contra,
981 2005 1073 2079 qui
1098 2006 1312 2078 legitur,
1339 2003 1632 2075 scripserit.
1655 2000 1856 2057 Horum

257 2104 416 2157 trium
446 2102 680 2173 primum
707 2114 814 2156 non
841 2100 1107 2170 improbo,
1136 2097 1382 2153 ultimum
1413 2109 1519 2149 non
1544 2107 1697 2149 curo.
1722 2092 1855 2146 Nam

258 2209 431 2265 neque
460 2208 681 2264 possum
705 2191 1097 2264 reprehendere
1136 2190 1411 2245 hominem
1449 2188 1539 2258 qui
1581 2186 1726 2241 nulla
1758 2201 1855 2242 sua

255 2288 409 2357 culpa
433 2286 582 2341 male
610 2285 912 2341 intellectus
931 2291 1047 2350 est;
1075 2295 1177 2337 nec
1201 2280 1427 2335 moleste
1448 2272 1648 2335 habere
1671 2290 1856 2348 quem-

255 2393 412 2449 quam
442 2378 589 2448 legi,
618 2377 708 2448 qui
740 2391 930 2431 verum
970 2389 1077 2430 non
1106 2373 1333 2441 viderit,
1376 2387 1497 2428 cum
1542 2370 1734 2426 obesse
1771 2370 1855 2426 le-

254 2472 504 2544 gentibus
551 2470 687 2526 nihil
727 2471 958 2526 videam.
984 2468 1164 2525 Unum
1201 2468 1359 2539 igitur
1401 2477 1571 2537 genus
1609 2472 1692 2520 est
1726 2478 1855 2533 pro-

255 2564 630 2631 batissimum,
676 2571 732 2619 et
771 2562 925 2634 quasi
969 2560 1436 2633 purgatissimum,
1466 2574 1588 2614 cum
1628 2565 1682 2612 et
1714 2556 1853 2612 bona

254 2656 455 2726 scripta
477 2662 623 2721 sunt,
652 2664 707 2710 et
730 2655 786 2709 in
813 2654 1009 2710 bonam
1035 2660 1240 2724 partem
1266 2651 1599 2722 accipiuntur
1621 2664 1653 2704 a
1674 2648 1854 2717 legen-

256 2748 425 2803 tibus.
466 2746 521 2802 Id
548 2760 763 2817 quoque
792 2753 971 2801 tamen
1002 2744 1177 2800 adhuc
1204 2744 1258 2799 in
1288 2743 1395 2798 duo
1423 2742 1707 2807 dividitur;
1745 2753 1854 2796 non

224 2872 227 2873 ν
254 2839 407 2895 enim
438 2839 642 2910 penitus
670 2837 906 2894 excludit
932 2851 1194 2893 errorem.
1234 2835 1368 2891 Nam
1407 2834 1590 2891 evenit
1615 2833 1853 2904 plerum-

254 2948 385 3001 que,
416 2940 476 2986 ut
503 2945 626 2987 cum
648 2931 789 2986 bene
814 2929 1042 2985 senserit
1065 2933 1315 2999 scriptor,
1342 2926 1482 2982 bene
1505 2926 1667 2982 etiam
1685 2923 1855 2981 lector

258 3026 489 3091 sentiat;
522 3023 617 3081 sed
637 3023 781 3079 aliud
800 3037 960 3095 quam
978 3023 1088 3089 ille,
1111 3033 1166 3078 et
1190 3036 1333 3092 saepe
1360 3020 1578 3086 melius,
1608 3033 1752 3090 saepe
1774 3020 1856 3074 in-

254 3116 442 3182 ferius,
458 3116 665 3172 utiliter
678 3124 875 3171 tamen.
893 3115 1029 3171 Cum
1046 3122 1224 3171 autem
1242 3124 1297 3170 et
1311 3114 1415 3170 hoc
1430 3115 1693 3170 sentimus
1710 3112 1853 3184 quod

253 3208 342 3264 ille
368 3222 531 3279 quem
562 3208 813 3278 legimus,
840 3215 895 3263 et
914 3206 968 3262 id
988 3214 1071 3261 est
1092 3207 1215 3261 vitae
1242 3206 1380 3262 bene
1401 3204 1623 3277 agendae
1641 3219 1854 3262 accom-

253 3299 710 3367 modatissimum,
734 3298 1156 3354 cumulatissime
1182 3310 1301 3354 sese
1326 3297 1488 3353 habet
1511 3297 1729 3366 veritas,
1753 3312 1853 3355 nec

253 3391 474 3448 aliunde
509 3392 750 3463 aperitur
783 3390 1028 3447 falsitatis
1058 3391 1228 3469 locus.
1260 3390 1414 3458 Quod
1440 3405 1609 3462 genus
1635 3405 1756 3447 cum
1786 3390 1853 3446 de

252 3482 419 3540 rebus
460 3483 859 3540 obscurissimis
899 3482 1059 3540 lectio
1100 3491 1214 3549 est,
1262 3482 1596 3538 rarissimum
1635 3482 1852 3537 omnino

224 3584 371 3641 est;
403 3590 583 3645 neque
607 3574 685 3642 id,
708 3589 829 3631 mea
861 3575 1121 3631 sententia
1144 3616 1158 3641 ,
1189 3574 1391 3647 liquido
1418 3575 1577 3643 sciri,
1606 3574 1703 3631 sed
1731 3583 1851 3631 tan-

253 3668 538 3724 tummodo
574 3668 720 3724 credi
750 3676 947 3740 potest.
977 3669 1183 3736 Quibus
1220 3670 1363 3725 enim
1400 3669 1726 3740 argumentis
1753 3669 1851 3725 ah-

252 3761 428 3816 sentis
451 3760 540 3816 vel
567 3759 762 3815 mortui
788 3760 1022 3815 hominis
1044 3761 1375 3817 voluntatem
1400 3760 1471 3815 ita
1498 3761 1764 3831 colligam,
1793 3770 1853 3816 ut

251 3852 326 3908 de
353 3851 448 3908 illa
473 3852 656 3922 iurare
682 3853 917 3924 possim;
946 3867 1068 3909 cum
1093 3852 1253 3909 etiam
1281 3853 1327 3908 si
1356 3866 1592 3924 praesens
1625 3853 1851 3909 interro-

250 3954 503 4017 garetur,
530 3946 696 4000 multa
715 3961 835 4001 esse
859 3955 1096 4016 possent,
1124 3962 1266 4018 quae,
1293 3947 1340 4002 si
1363 3946 1535 4002 malus
1555 3961 1661 4001 non
1682 3954 1848 4015 esset,

250 4035 667 4093 ofﬁciosissime
703 4038 1087 4095 absconderet?
1116 4039 1248 4094 Illud
1275 4048 1453 4095 autem
1484 4038 1613 4094 nihil
1642 4038 1709 4094 ad
1735 4053 1849 4094 rem

248 4126 701 4200 cognoscendam
725 4130 893 4186 valere
920 4129 1187 4199 arbitror,
1224 4132 1395 4203 qualis
1430 4130 1591 4187 fuerit
1632 4131 1722 4187 ille
1758 4130 1851 4201 qui

250 4218 528 4291 scripsit:
557 4218 925 4278 honestissime
969 4231 1148 4278 tamen
1194 4223 1365 4279 bonus
1400 4222 1669 4289 creditur,
1698 4222 1850 4292 cujus

254 4313 459 4369 litteris
486 4314 669 4383 generi
698 4314 932 4371 humano
967 4294 1369 4386 posteritatique
1405 4316 1705 4372 consultum
1744 4324 1845 4371 est.

326 4405 422 4462 l2.
463 4404 822 4474 Quamobrem
848 4407 1039 4464 vellem
1066 4407 1197 4463 mihi
1226 4408 1312 4463 isti
1338 4407 1607 4475 dicerent,
1651 4408 1706 4463 in
1744 4421 1851 4478 quo

253 4512 459 4570 genere
483 4508 685 4569 ponant
710 4499 964 4557 Ecclesia:
992 4499 1293 4568 catholicae,
1334 4515 1491 4571 quem
1520 4508 1735 4571 putant,
1763 4516 1850 4557 er-

255 4603 461 4647 rorem.
490 4590 548 4647 Si
585 4591 639 4646 in
668 4592 876 4662 primo,
906 4606 1069 4664 grave
1096 4592 1317 4648 omnino
1350 4592 1554 4648 crimen
1586 4610 1600 4647 :
1633 4591 1727 4649 sed
1752 4592 1849 4648 de-

257 4680 559 4738 fensionem
601 4683 946 4754 longinquam
992 4699 1101 4740 non
1140 4682 1394 4754 requirit;
1433 4683 1562 4738 satis
1588 4690 1674 4739 est
1702 4684 1849 4739 enim

253 4788 458 4844 negare
482 4775 559 4830 ita
598 4790 699 4831 nos
743 4775 1074 4847 intelligere,
1113 4785 1172 4832 ut
1205 4776 1314 4844 illi,
1342 4790 1464 4831 cum
1507 4775 1847 4844 invehuntur,

248 4866 585 4922 existimant.
616 4865 675 4923 Si
698 4868 751 4922 in
778 4867 1018 4924 secundo
1038 4909 1054 4935 ,
1085 4882 1194 4924 non
1220 4866 1397 4922 minus
1419 4881 1580 4938 grave
1604 4872 1688 4923 est
1713 4884 1730 4923 :
1753 4867 1850 4924 sed

244 4958 446 5013 eadem
471 4971 605 5014 voce
626 4956 964 5015 refellentur.
998 4958 1057 5015 Si
1089 4959 1145 5014 in
1179 4959 1337 5015 tertio
1356 4998 1371 5025 ,
1402 4957 1605 5013 nullum
1645 4960 1848 5016 crimen

244 5058 353 5105 est.
387 5052 525 5119 Age,
558 5064 620 5105 ac
648 5050 845 5106 deinde
868 5050 1172 5119 Scripturas
1202 5051 1343 5121 ipsas
1371 5050 1671 5107 considera.
1712 5050 1850 5119 Quid

244 5143 397 5197 enim
423 5143 579 5198 libris
604 5142 863 5214 objiciunt
882 5143 1113 5209 Veteris,
1141 5143 1281 5215 quod
1302 5142 1514 5211 dicitur,
1539 5144 1851 5200 Testamen-

243 5236 287 5290 ti
303 5237 329 5290 ?
353 5235 762 5307 Numquidnam
785 5237 928 5308 quod
947 5236 1074 5293 boni
1100 5246 1240 5302 sunt,
1270 5237 1364 5292 sed
1389 5236 1528 5292 male
1546 5236 1847 5308 intelligun-

243 5335 335 5381 tur
361 5342 397 5382 a
429 5327 628 5383 nobis?
655 5329 725 5384 At
762 5343 856 5384 eos
891 5328 992 5400 ipsi
1021 5344 1127 5385 non
1157 5328 1441 5399 accipiunt.
1481 5327 1563 5383 An
1592 5327 1716 5399 quia
1750 5342 1849 5383 nec

243 5416 375 5473 boni
404 5426 559 5484 sunt,
588 5433 693 5476 nec
718 5419 858 5477 bene
879 5420 1248 5491 accipiuntur?
1276 5420 1346 5475 At
1371 5419 1472 5475 hoc
1495 5420 1739 5489 superior
1756 5419 1851 5475 de-

244 5508 431 5566 fensio
459 5511 594 5567 satis
617 5520 907 5583 expugnat.
931 5513 1017 5567 An
1043 5511 1169 5567 illud
1193 5511 1373 5567 dicent
1394 5530 1409 5566 :
1432 5510 1686 5581 Quamvis
1713 5511 1850 5566 bene

242 5616 278 5656 a
301 5602 466 5658 vobis
488 5603 853 5674 accipiantur,
880 5604 1008 5659 mali
1033 5612 1159 5660 sunt
1188 5604 1406 5659 tamen?
1435 5603 1573 5672 Quid
1601 5602 1848 5659 estaliud

241 5694 409 5749 vivos
429 5735 448 5761 ,
470 5709 597 5750 cum
623 5696 816 5765 quibus
838 5711 929 5752 res
954 5697 1125 5767 agitur
1144 5737 1160 5765 ,
1186 5695 1522 5752 adversarios
1548 5694 1846 5763 absolvere,

310 5848 330 5878 ί
365 5846 862 5918 ωιτη-πιαιεάὶεενετ.
886 5848 1053 5900 Melius
1070 5857 1144 5900 Er.
1167 5857 1219 5901 et
1234 5857 1361 5913 Mss,
1380 5848 1505 5903 male
1527 5849 1851 5916 liceret:sup-

243 5906 348 5973 ple,
374 5906 682 5961 eaﬁstimare.

192 6006 195 6009 '
540 5996 768 6058 SANCT.
814 5997 1091 6062 AUGUST.
1136 5996 1303 6059 VIII.

1973 539 2131 602 atque
2159 533 2284 588 olim
2312 542 2550 591 mortuos
2569 578 2583 605 ,
2615 551 2735 593 cum
2762 530 2954 610 quibus
2981 541 3126 598 nulla
3150 544 3422 599 contentio
3448 555 3556 616 est,

1970 625 2257 680 accusare?
2274 627 2385 697 Ego
2400 628 2612 698 quidem
2641 630 2759 686 illos
2788 632 3002 688 viroset
3022 634 3196 688 omnia
3224 636 3426 691 utiliter
3444 652 3560 693 me-

1969 715 2155 771 moriae
2178 719 2481 788 mandasse,
2504 730 2559 777 et
2579 737 2802 793 magnos
2820 740 2883 780 ac
2902 725 3110 782 divinos
3129 727 3389 795 fuisse,’et
3408 730 3557 791 illam

1971 803 2140 876 legem
2185 807 2276 862 Dei
2314 808 2467 878 jussu
2505 826 2569 868 ac
2602 814 2875 871 voluntate
2917 819 3302 890 promulgatam
3345 838 3465 878 esse
3500 831 3557 881 et

1968 897 2236 954 conditam
2266 900 2429 957 credo
2458 920 2471 956 :
2500 912 2554 959 et
2580 905 2631 960 id
2651 947 2667 974 ,
2694 923 2997 979 quanquam
3026 927 3288 984 perpauca
3317 916 3433 986 ejus
3460 933 3558 989 ge«

1969 991 2113 1045 neris
2140 990 2401 1050 librorum
2438 995 2603 1051 sciam
2624 1039 2639 1065 ,
2671 1002 2994 1070 persuadere
3024 1013 3199 1061 tamen
3232 1006 3385 1063 facile
3427 1024 3556 1079 pos-

1967 1095 2086 1137 sum
2106 1123 2120 1149 ,
2155 1084 2199 1139 si
2228 1085 2359 1141 mihi
2387 1102 2569 1158 aequus
2604 1098 2660 1145 et
2692 1093 2910 1152 minime
2937 1099 3181 1167 pertinax
3216 1100 3425 1156 animus
3453 1102 3556 1158 ad-

1967 1172 2245 1243 hibeatur;
2274 1186 2433 1250 atque
2454 1181 2504 1235 id
2530 1181 2739 1251 faciam,
2762 1201 2882 1242 cum
2903 1190 3053 1259 capia
3076 1192 3232 1247 nobis
3252 1192 3373 1249 data
3396 1193 3556 1253 fuerit

1966 1266 2346 1328 benevolarum
2374 1274 2582 1330 aurium
2605 1290 2668 1331 ac
2690 1280 2884 1335 mentis
2906 1289 3007 1335 ture
3031 1301 3045 1337 :
3067 1284 3162 1339 scd
3190 1285 3291 1341 hoc
3312 1303 3433 1342 cum

1967 1368 2115 1427 tero;
2144 1377 2284 1418 nunc
2308 1374 2485 1420 autem
2512 1380 2690 1423 nonne
2714 1368 2846 1424 mihi
2872 1372 3001 1427 satis
3026 1382 3126 1441 est,
3152 1392 3367 1448 quoquo
3392 1379 3554 1437 modo

1965 1463 2025 1505 se
2053 1451 2151 1507 ista
2177 1468 2266 1510 res
2292 1454 2518 1525 habeat,
2550 1459 2830 1528 deceptum
2862 1477 2967 1518 non
2998 1464 3194 1521 fuisse?
3568 1490 3572 1537 ε

2035 1543 2263 1602 CAPUT
2302 1548 2582 1607 νι-ίδ,
2638 1553 2716 1608 De
2741 1554 3024 1626 Scripturis
3076 1574 3177 1613 non
3244 1563 3572 1620 credendum"

1965 1639 2334 1709 expositoribus
2356 1659 2533 1697 earum
2574 1644 2813 1701 inimicis.
2863 1646 3075 1717 Testor,
3116 1650 3407 1722 Honorate,
3430 1672 3551 1712 cono

1963 1728 2243 1786 scientiam
2258 1748 2454 1801 meam,
2484 1742 2539 1790 et
2558 1737 2707 1805 puris
2722 1737 2915 1793 animis
2944 1738 3329 1799 inbabitantem
3353 1745 3551 1813 Deum,

1922 1898 1927 1901 ν
1964 1821 2097 1876 nihil
2126 1838 2214 1880 me
2268 1826 2579 1882 existimare
2605 1828 2940 1898 prudentius,
2972 1834 3192 1900 castius,
3226 1837 3553 1908 religiosius,

1962 1928 2121 1983 quam
2150 1923 2276 1970 sunt
2302 1916 2409 1971 illae
2450 1917 2741 1988 Scriptura:
2792 1936 3001 1992 omnes,
3046 1940 3180 1997 quas
3218 1927 3555 1989 Testamenti

1962 2000 2172 2059 Veteris
2191 2007 2408 2063 nomine
2426 2007 2685 2064 catholica
2703 2010 2944 2068 Ecclesia
2965 2016 3182 2071 retinet.
3203 2018 3433 2087 Miraris,
3461 2036 3554 2077 no—

1958 2094 2032 2149 vi.
2059 2094 2176 2151 Non
2204 2098 2347 2152 enim
2373 2098 2712 2158 dissimulare
2736 2117 2975 2173 possum,
3006 2107 3163 2178 longe
3201 2110 3356 2166 aliter
3391 2111 3572 2171 nobis

1960 2185 2127 2244 fuisse
2151 2204 2488 2259 persuasum.
2517 2191 2623 2248 Sed
2651 2194 2783 2249 nihil
2821 2205 2905 2251 est
2953 2199 3193 2267 profecto
3234 2204 3555 2261 temeritatis

1960 2279 2207 2353 plenius(
2239 2298 2358 2352 qum
2385 2284 2539 2339 nobis
2572 2293 2700 2341 tunc
2746 2289 2926 2357 pueris
2954 2290 3128 2346 inerat
3156 2291 3198 2364 ),
3229 2309 3388 2364 quam
3415 2305 3573 2368 quo—‘

1959 2388 2185 2444 rumque
2234 2377 2493 2433 librorum
2543 2381 2877 2451 expositores
2925 2383 3195 2452 deserere,
3235 2388 3325 2458 qui
3350 2403 3444 2445 eos
3489 2368 3575 2448 sel

1958 2470 2146 2520 tenere
2169 2481 2232 2521 ac
2252 2466 2527 2538 discipulis
2570 2471 2782 2527 tradere
2825 2488 2983 2543 posse
3021 2477 3356 2546 profitentur,
3383 2488 3438 2536 et
3455 2497 3552 2538 eo-

1958 2570 2078 2610 rum
2120 2559 2438 2614 sententiam
2479 2562 2752 2632 requirere
2795 2565 2863 2621 ab
2909 2565 2992 2621 bis
3044 2569 3133 2639 qui
3180 2550 3573 2632 conditoribus

1959 2645 2172 2702 illorum
2193 2657 2353 2719 atque
2399 2654 2705 2710 auctoribus
2749 2656 3176 2727 acerbissimum,
3208 2666 3390 2721 nescio
3440 2682 3551 2738 qua

1957 2748 2183 2810 cogente
2203 2757 2384 2811 causa,
2435 2745 2635 2801 bellum
2690 2748 3014 2806 indixerunt.
3065 2752 3196 2821 Quis
3244 2758 3389 2813 enim
3445 2734 3575 2818 sibi.

1958 2844 2188 2901 unquam
2206 2833 2371 2889 libros
2392 2835 2694 2892 Aristotelis
2739 2839 3047 2901 reconditos
3100 2852 3153 2899 et
3199 2847 3454 2905 Obscurus
3478 2852 3551 2908 ab

1958 2920 2076 2990 ejus
2114 2922 2331 2979 inimico
2373 2927 2717 2995 exponendas
2747 2932 2979 2999 putavit;
3026 2941 3086 2988 ut
3113 2934 3180 2990 de
3223 2935 3306 2993 his
3356 2939 3553 3011 loquar

1957 3013 2273 3087 disciplinis,
2306 3017 2358 3072 in
2406 3019 2601 3089 quibus
2652 3021 2821 3077 lector
2851 3024 3075 3081 fortasse
3110 3028 3226 3083 sine
3268 3032 3550 3103 sacrilegio

1958 3105 2065 3162 labi
2094 3110 2463 3179 potest?Quis
2515 3112 2747 3184 denique
2797 3119 3148 3186 geometricas
3194 3121 3397 3179 litteras
3443 3127 3549 3187 Ar-

1957 3196 2219 3254 chimedis
2258 3200 2455 3271 legere,
2488 3203 2742 3273 magistro
2792 3206 3043 3275 Epicuro,
3066 3218 3158 3265 aut
3204 3212 3412 3270 discere
3451 3196 3572 3271 vo-|

1959 3288 2057 3345 luit
2087 3306 2103 3355 ;
2148 3300 2338 3347 contra
2360 3308 2490 3362 quas
2516 3292 2603 3349 ille
2632 3297 2859 3352 multum
2897 3300 3262 3370 pertinaciter,
3294 3305 3424 3360 nihil
3451 3292 3575 3377 (εει-ξ

1957 3398 2098 3451 rum,
2134 3392 2392 3455 quantum
2436 3387 2685 3456 arbitror,
2728 3390 3051 3463 intelligens,
3084 3394 3415 3454 disserebat?
3462 3403 3549 3457 An

1956 3475 2075 3531 istas
2120 3476 2411 3547 Scriptura:
2430 3479 2585 3550 Legis
2623 3481 2947 3550 planissimae
2990 3493 3133 3551 sunt,
3176 3488 3229 3542 in
3276 3506 3408 3560 quas
3456 3493 3547 3548 isti

1955 3568 2107 3638 quasi
2136 3569 2295 3640 vulgo
2323 3566 2595 3641 expositas
2620 3573 2877 3643 impetum
2898 3576 3097 3632 faciunt
3133 3577 3327 3635 frustra
3350 3593 3403 3636 et
3429 3583 3547 3637 ina-

1958 3659 2393 3727 niter?Quimihi
2416 3662 2975 3720 similesvidenturiili
3000 3668 3350 3737 mulierculze,
3382 3688 3545 3742 quam

1956 3750 2117 3807 iidem
2137 3752 2239 3822 ipsi
2266 3753 2442 3809 solent
2468 3754 2734 3823 deridere,
2759 3773 2879 3825 quae
2909 3759 3041 3813 irata
3066 3761 3205 3829 quod
3240 3764 3288 3817 ei
3338 3765 3417 3818 sol
3440 3766 3543 3823 iste

1957 3842 2287 3912 laudaretur,
2316 3854 2418 3900 eta
2438 3847 2729 3902 manichaea
2760 3849 2987 3918 quadam
3040 3850 3236 3907 femina
3283 3855 3541 3912 colendus

1956 3943 2443 4013 commendaretur,
2471 3955 2529 4001 ut
2571 3956 2688 4003 crat
2742 3948 2989 4020 religiose
3030 3952 3278 4023 simplex,
3334 3960 3545 4017 concita

1958 4037 2206 4106 exsilivit,
2228 4047 2284 4094 et
2307 4054 2430 4095 eum
2459 4040 2633 4096 locum
2665 4056 2822 4110 quem
2860 4043 2943 4097 sol
2976 4059 3072 4114 per
3112 4045 3401 4104 fenestram
3422 4050 3547 4109 iliu-

1956 4138 2234 4197 straverat,
2260 4131 2453 4186 crebro
2473 4133 2608 4202 pede
2626 4135 2950 4203 percutiens,
2996 4136 3135 4201 Ecce
3156 4139 3322 4196 solem
3353 4142 3544 4200 deum-

1954 4236 2059 4291 que
2078 4229 2226 4276 tuum
2250 4222 2417 4288 calco,
2447 4223 2678 4279 clamare
2706 4226 2869 4295 ccepit
2896 4245 2910 4281 :
2938 4226 3100 4285 stulte
3140 4232 3358 4287 omnino
3382 4244 3546 4306 atque

1954 4313 2321 4380 muliebriter;
2351 4315 2470 4385 quis
2491 4316 2692 4386 negat?
2718 4316 2824 4371 Sed
2850 4334 3029 4376 nonne
3066 4322 3164 4377 tibi
3187 4323 3319 4379 tales
3350 4326 3541 4384 viden-

1956 4412 2042 4460 tur
2062 4406 2168 4472 isti,
2192 4407 2282 4477 qui
2301 4422 2363 4461 ea
2390 4423 2509 4478 qua:
2526 4423 2631 4463 non
2658 4408 2977 4481 intelligunt,
3008 4420 3099 4468 aut
3118 4429 3232 4481 cur,
3249 4429 3341 4472 aut
3365 4422 3543 4475 omni-

1956 4512 2026 4551 no
2054 4497 2229 4567 qualia
2268 4509 2413 4567 sunt,
2451 4501 2695 4569 quamvis
2727 4501 3029 4570 jacentibus
3076 4504 3291 4574 similia,
3323 4511 3540 4569 subtilia

1957 4595 2133 4644 tamen
2160 4588 2580 4660 intelligentibus
2626 4601 2786 4663 atque
2839 4593 3039 4662 divina,
3088 4612 3281 4669 magno
3336 4601 3542 4672 impetu

1955 4680 2210 4734 orationis
2239 4680 2639 4753 maledictisque
2666 4682 2985 4754 lacerantes,
3023 4687 3147 4759 quia
3193 4691 3271 4746 eis
3317 4693 3541 4764 imperi-

1956 4768 1998 4823 ti
2019 4769 2291 4839 plaudunt,
2325 4771 2523 4842 aliquid
2565 4788 2626 4829 se
2673 4776 2933 4845 proiicere
2982 4778 3337 4838 existimant?
3376 4786 3545 4854 Quid-

1955 4861 2082 4932 quid
2105 4869 2204 4928 est,
2238 4861 2370 4917 mihi
2397 4864 2578 4931 crede,
2608 4864 2663 4921 in
2689 4866 2981 4936 Scripturis
3020 4870 3146 4939 illis,
3192 4874 3355 4929 altum
3386 4887 3435 4932 et
3458 4878 3544 4933 di—

1954 4952 2271 5009 vinumest:
2300 4953 2441 5010 inest
2480 4956 2699 5012 omnino
2742 4960 2961 5028 veritas,
3016 4972 3070 5017 et
3112 4965 3413 5022 reficiendis
3446 4971 3535 5025 in-

1955 5045 2360 5116 staurandisque
2392 5047 2583 5102 animis
2625 5052 3178 5110 accommodatissima
3214 5057 3535 5128 disciplina;

1954 5145 2011 5193 et
2036 5136 2190 5206 plane
2214 5136 2287 5192 ita
2338 5138 2661 5205 modificata,
2710 5150 2769 5196 ut
2806 5158 2967 5199 nemo
3010 5145 3135 5201 inde
3176 5145 3388 5203 haurire
3431 5168 3543 5207 non

1956 5232 2125 5301 possit
2152 5231 2293 5301 quod
2318 5232 2418 5286 sibi
2467 5234 2595 5288 satis
2638 5243 2741 5301 est,
2780 5235 2823 5289 si
2865 5237 3024 5291 modo
3066 5237 3132 5290 ad
3190 5237 3541 5299 hauriendum

1957 5322 2149 5380 devote
2178 5339 2240 5380 ac
2260 5325 2366 5395 pie,
2398 5334 2455 5380 ut
2502 5340 2624 5382 vera
2657 5327 2843 5398 religio
2872 5329 3077 5397 poscit,
3118 5331 3354 5387 accedat.
3388 5335 3541 5403 Quod

1955 5425 2016 5473 ut
2040 5416 2129 5472 tibi
2167 5418 2409 5487 probem,
2462 5419 2647 5474 multis
2681 5421 2976 5475 rationibus
3019 5430 3075 5476 et
3120 5424 3361 5495 longiore
3419 5445 3544 5484 ora-

1956 5510 2102 5566 tione
2126 5524 2259 5579 opus
2283 5520 2384 5565 est.
2440 5511 2717 5582 Agendum
2765 5515 2907 5568 enim
2938 5522 3114 5571 tecum
3144 5519 3295 5588 prius
3328 5532 3431 5590 est,
3483 5533 3546 5579 ut

1956 5612 2205 5659 auctores
2231 5603 2375 5674 ipsos
2395 5618 2501 5658 non
2542 5604 2741 5669 oderis,
2789 5604 2984 5662 deinde
3005 5617 3063 5663 ut
3088 5626 3236 5667 ames
3278 5630 3293 5666 :
3340 5623 3395 5669 et
3440 5615 3543 5672 hoc
3632 5672 3635 5673 ν

1957 5694 2222 5766 agendum
2257 5695 2445 5765 quovis
2493 5696 2597 5750 alio
2626 5695 2786 5751 modo
2832 5699 3029 5767 potius,
3062 5718 3221 5772 quam
3265 5721 3542 5777 exponen-

1958 5787 2042 5843 dis
2093 5801 2277 5842 eorum
2320 5786 2594 5842 sententiis
2622 5795 2676 5841 et
2730 5788 2939 5845 litteris.
2994 5792 3282 5864 Propterea
3330 5796 3453 5865 quia
3494 5799 3541 5854 si

1958 5878 2244 5948 Virgilium
2271 5877 2590 5946 odissemus,
2618 5879 2726 5935 imo
2777 5883 2823 5937 si
2867 5899 2973 5939 non
3033 5899 3176 5947 eum,
3228 5886 3539 5957 priusquam

2956 6001 3237 6074 {Tritis-,1
