4054 6514
500 394 571 465 79
1426 390 1514 449 ne
1554 385 1919 450 JTILITATE
1957 376 2323 449 CREDENDI,
2365 378 2422 437 s.
2463 381 2827 440 AUGUSTINI
3716 374 3791 442 so

503 527 662 595 Saepe
702 536 888 579 rursus
934 520 1182 582 intuens,
1231 521 1486 584 quantum
1532 518 1808 580 poteram,
1854 510 2087 558 mentem

501 619 793 673 humanam
823 624 927 669 tam
958 613 1213 675 vivacem,
1257 616 1367 662 tam
1414 615 1677 672 sagacem,
1733 609 1838 653 tam
1884 596 2091 667 perspi-

501 728 706 777 cacem,
759 725 862 764 non
906 706 1151 777 putabam
1199 704 1364 756 latere
1392 698 1693 761 veritatem,
1725 693 1826 747 nisi
1869 691 2009 761 quod
2038 690 2089 743 in

501 820 565 859 ea
592 800 865 875 quaerendi
912 798 1101 853 modus
1128 796 1335 856 lateret,
1385 789 1738 857 eumdemque
1774 787 1944 856 ipsum
1977 798 2093 838 mo-

501 898 628 955 dum
683 896 750 951 ab
794 894 968 964 aliqua
996 890 1175 946 divina
1221 885 1536 940 auctoritate
1581 896 1702 936 esse
1750 878 2087 934 sumendum.

426 992 427 995 “
499 987 759 1045 Restabat
801 998 1041 1056 qumrere
1068 992 1311 1050 quamam
1342 976 1430 1030 illa
1460 982 1603 1028 esset
1627 971 1937 1036 auctoritas,
1968 982 2092 1024 cum

498 1081 557 1136 in
587 1079 748 1135 tantis
779 1071 1201 1131 dissensionibus
1254 1083 1313 1124 se
1341 1067 1565 1138 quisque
1603 1064 1747 1118 illam
1775 1062 2092 1118 traditurum

420 1205 427 1247 ξ
499 1175 867 1247 polliceretur.
894 1165 1221 1222 Occurrebat
1240 1162 1397 1231 igitur
1417 1156 1807 1228 inexplicabilis
1832 1154 1984 1219 silva,
2007 1152 2093 1208 cui

500 1245 715 1323 demum
748 1260 911 1316 inseri
935 1258 1158 1313 multum
1188 1254 1404 1326 pigebat
1434 1269 1446 1305 τ
1476 1259 1636 1320 atque
1666 1249 1806 1303 inter
1836 1248 1950 1301 haec
1977 1245 2094 1298 sine

500 1360 607 1415 ulla
639 1358 841 1427 requie,
874 1355 1160 1425 cupiditate
1203 1348 1503 1419 reperiendi
1534 1344 1647 1401 veri
1680 1344 1891 1397 animus
1921 1340 2091 1411 agita-

500 1452 673 1506 batur.
709 1447 1019 1503 Dissuebam
1046 1459 1132 1498 me
1162 1452 1337 1496 tamen
1366 1438 1535 1508 magis
1563 1435 1839 1505 magisque
1866 1431 1934 1486 ab
1956 1432 2091 1497 istis,

499 1557 634 1613 quos
674 1541 782 1609 iam
846 1538 1093 1593 deserere
1138 1546 1542 1604 proposueram.
1612 1527 1869 1582 Restabat
1915 1533 2091 1579 autem

500 1632 645 1687 aliud
677 1631 806 1686 nihil
836 1631 887 1683 in
937 1628 1097 1682 tantis
1126 1623 1394 1695 periculis,
1424 1636 1581 1691 quam
1608 1627 1665 1673 ut
1689 1618 1925 1673 divinam
1971 1630 2095 1685 pro-

500 1723 788 1780 videntiam
839 1717 1151 1790 lacrymosis
1192 1725 1248 1771 et
1297 1711 1693 1768 miserabilibus
1737 1707 1979 1773 vocibus,
2036 1713 2096 1759 ut

502 1835 661 1890 opem
692 1818 821 1873 mihi
851 1816 1033 1881 ferret,
1062 1812 1402 1882 deprecarer.
1430 1810 1603 1876 Atque
1632 1804 1685 1859 id
1712 1802 1900 1859 sedulo
1929 1799 2092 1856 facie-

501 1914 625 1968 bam
656 1929 669 1964 :
700 1920 753 1965 et
774 1910 883 1979 iam
915 1906 1027 1961 lere
1058 1920 1144 1959 me
1184 1906 1588 1958 commoverant
1613 1894 1886 1951 nonnullrc
1910 1892 2097 1961 dispu-

501 2004 731 2060 tationes
761 1996 1171 2054 Mcdiolanensis
1197 1991 1435 2063 episcopi
1470 1989 1569 2062 (a),
1616 1997 1674 2042 ut
1703 2001 1808 2040 non
1840 1985 1956 2039 sine
1999 1996 2096 2052 spe

501 2098 676 2165 aliqua
706 2093 773 2148 dc
804 2092 918 2160 ipso
948 2088 1142 2143 Vetere
1170 2086 1513 2139 Testamento
1541 2079 1703 2134 multa
1730 2089 1975 2147 qumrere
2001 2087 2096 2127 cu-

503 2204 708 2259 perem,
738 2200 877 2254 quae,
909 2190 967 2235 ut
996 2180 1122 2246 scis,
1170 2178 1309 2232 male
1337 2174 1493 2231 nobis
1532 2169 1903 2227 commendata
1935 2181 2096 2222 exse-

502 2282 803 2338 crabamur.
832 2278 1287 2343 Dccreveramque
1311 2270 1509 2325 tamdiu
1537 2282 1659 2323 esse
1678 2263 2098 2321 catechumenus

503 2376 557 2430 in
608 2371 873 2436 Ecclesia,
918 2368 1002 2423 cui
1032 2366 1256 2421 traditus
1299 2379 1331 2418 a
1372 2359 1682 2433 parentibus
1712 2370 1881 2421 eram,
1922 2354 2097 2408 donec

502 2474 595 2519 aut
624 2462 918 2519 invenirem
961 2458 1103 2529 quod
1146 2456 1362 2534 vellem,
1406 2461 1497 2507 aut
1537 2450 1666 2506 mihi
1717 2445 2097 2519 pcrsuaderem

504 2571 608 2611 non
637 2569 758 2609 esse
800 2549 1167 2622 quaerendum.
1197 2543 1720 2615 Opportunissimum
1750 2554 1879 2609 ergo
1919 2550 2006 2590 me
2035 2548 2099 2588 ac

503 2647 660 2703 valde
700 2644 927 2699 docilem
974 2650 1101 2695 tunc
1147 2638 1392 2693 invenire
1436 2642 1638 2704 posset,
1688 2632 1733 2685 si
1779 2630 1971 2684 fuisset
2007 2625 2100 2696 qui

504 2746 686 2810 posset
715 2737 928 2791 docere.
975 2732 1089 2787 Hoc
1116 2744 1247 2800 ergo
1285 2726 1446 2783 modo
1474 2734 1530 2781 ct
1568 2722 1731 2778 simili
1758 2719 1950 2774 animae
1995 2725 2099 2771 tum

504 2808 634 2887 cura
660 2829 706 2882 si
737 2829 754 2859 ¹
783 2827 874 2881 diu
902 2834 953 2879 tc
979 2838 1191 2893 quoque
1213 2820 1462 2874 affectum
1490 2815 1660 2882 vides,
1689 2822 1745 2869 et
1767 2814 1811 2868 si
1839 2812 1949 2881 iam
1970 2808 2101 2863 satis

506 2927 601 2982 tibi
641 2931 873 2995 iactatus
900 2918 1117 2983 videris,
1153 2916 1422 2985 finemque
1476 2907 1780 2980 huiusmodi
1828 2904 2102 2959 laboribus

506 3019 588 3074 vis
638 3019 946 3087 imponere;
1002 3023 1227 3081 sequere
1278 3007 1416 3061 viam
1462 3002 1741 3058 catholica:
1766 2996 2099 3065 disciplina},

507 3125 629 3180 quae
656 3108 723 3162 ab
750 3107 866 3177 ipso
894 3102 1108 3159 Christo
1135 3116 1234 3172 per
1259 3096 1545 3168 Apostolos
1566 3093 1631 3147 ad
1663 3107 1759 3146 nos
1789 3104 1956 3158 usque
1982 3102 2101 3141 ma-

511 3201 681 3261 navit,
714 3208 767 3255 et
793 3198 860 3253 ab
888 3196 1013 3250 hinc
1037 3194 1104 3248 ad
1130 3200 1376 3263 posteros
1405 3193 1683 3242 manatura
1713 3191 1814 3238 est.

579 3289 805 3346 CAPUT
844 3287 934 3342 1X.
963 3284 1155 3338 ——‘2‘|.
1212 3279 1473 3336 Catholica
1519 3276 1749 3331 Ecclesia
1795 3269 2105 3326 venientibus

510 3384 740 3457 prwcipit
767 3381 919 3447 [idem
940 3395 958 3443 ;
980 3375 1197 3432 haeretici
1217 3374 1513 3445 promittunt
1537 3370 1803 3423 rationem.
1830 3364 1978 3419 Nihil
1998 3361 2106 3417 vitii

512 3452 618 3530 esse
660 3452 713 3527 in
744 3472 863 3541 ﬁde,
894 3479 1042 3540 atque
1068 3468 1197 3521 inter
1238 3463 1518 3518 credentem
1546 3469 1593 3516 et
1640 3458 1901 3514 credulum
1950 3452 2106 3525 (quod

482 3564 695 3620 'nomen
769 3562 933 3632 culpa:
1005 3558 1180 3628 datur)
1219 3555 1494 3627 plurimum
1563 3553 1817 3606 interesse.
1883 3546 2107 3601 Ridicu-

514 3658 647 3720 lum,
693 3654 890 3723 inquis,
943 3650 1082 3706 istud
1132 3656 1236 3713 est,
1282 3661 1406 3700 cum
1448 3658 1636 3698 omnes
1688 3641 1827 3694 hanc
1880 3654 1939 3693 se
1984 3650 2108 3706 pro-

513 3748 763 3802 ﬁteantur
817 3754 1019 3809 tenere,
1069 3756 1132 3796 ac
1160 3739 1375 3793 docere.
1405 3736 1729 3791 Prolitentur
1779 3732 1882 3786 hoc
1919 3740 2110 3783 omnes

515 3838 774 3900 haeretici,
805 3850 999 3904 negare
1047 3847 1151 3887 non
1200 3843 1418 3900 possum
1445 3844 1461 3893 ;
1493 3826 1587 3882 sed
1633 3827 1703 3881 ita
1745 3833 1803 3878 ut
1852 3824 1931 3879 eis
1975 3832 2109 3890 quos

518 3930 778 3992 illectant,
835 3925 1094 3978 rationem
1133 3935 1193 3975 se
1216 3920 1283 3974 de
1326 3916 1721 3973 obscurissimis
1760 3915 1922 3970 rebus
1955 3912 2111 3982 polli-

519 4026 744 4075 ceantur
791 4014 1092 4069 reddituros
1123 4030 1136 4065 :
1169 4025 1344 4079 eoque
1385 4008 1716 4063 Catholicam
1747 4008 1978 4062 maxime
2006 4007 2112 4062 cri-

520 4111 810 4170 minantur,
852 4104 993 4175 quod
1024 4104 1127 4157 illis
1155 4102 1246 4171 qui
1284 4100 1498 4154 adeam
1544 4100 1768 4152 veniunt
1809 4099 2113 4169 praecipitur

525 4209 583 4255 ut
606 4199 858 4263 credant;
892 4212 949 4251 se
974 4204 1149 4249 autem
1181 4208 1286 4247 non
1312 4193 1499 4263 iugum
1526 4190 1781 4246 credendi
1813 4191 2109 4260 imponere,

523 4280 619 4349 sed
662 4290 887 4346 docendi
918 4289 1117 4343 fontem
1145 4285 1353 4356 aperire
1377 4284 1691 4355 gloriantur.
1722 4284 1879 4352 Quid,
1913 4284 2111 4354 inquis,

524 4386 627 4440 dici
660 4384 846 4453 potuit,
896 4380 1033 4451 quod
1079 4378 1145 4433 ad
1176 4391 1361 4433 eorum
1404 4375 1616 4430 laudem
1664 4376 1833 4446 magis
1873 4376 2112 4446 pertine-

524 4476 693 4532 ret”?
719 4472 833 4528 Non
882 4472 953 4526 ita
981 4478 1083 4524 est.
1135 4468 1249 4522 Hoc
1295 4466 1438 4522 enim
1491 4464 1691 4519 faciunt
1734 4466 1879 4519 nullo
1921 4465 2115 4522 robore

525 4565 757 4637 praediti,
789 4563 879 4618 sed
912 4570 967 4616 ut
994 4561 1225 4631 aliquam
1265 4558 1551 4613 concilient
1596 4556 1988 4611 multitudinem
2020 4571 2117 4612 no-

526 4657 675 4714 mine
703 4655 924 4710 rationis
954 4672 966 4706 :
1001 4668 1101 4722 qua
1134 4651 1393 4721 promissa
1441 4649 1757 4703 naturaliter
1786 4648 1961 4702 anima
1987 4662 2118 4718 gau-

528 4750 620 4805 det
644 4749 894 4811 humana,
929 4759 1029 4799 nec
1056 4743 1198 4798 vires
1224 4756 1349 4797 suas
1372 4740 1837 4810 valetudinemque
1864 4738 2116 4794 conside-

526 4857 674 4907 rans,
703 4853 955 4895 sanorum
988 4849 1139 4891 escas
1178 4832 1497 4905 appetendo,
1542 4847 1661 4902 quae
1686 4832 1824 4885 male
1869 4830 2115 4885 commit-

527 4943 713 4991 tuntur
739 4932 845 4987 nisi
889 4930 1204 4995 valentibus,
1256 4928 1411 4982 irruit
1456 4928 1509 4981 in
1548 4941 1755 4981 venena
1798 4925 2113 4981 fallentium.

526 5028 663 5085 Nam
710 5040 837 5081 vera
880 5022 1091 5093 religio,
1140 5021 1242 5075 nisi
1294 5018 1581 5075 credantur
1622 5033 1685 5074 ea
1733 5033 1852 5089 quae
1895 5017 2117 5088 quisque

528 5130 736 5189 postea,
769 5120 813 5173 si
842 5132 903 5173 se
920 5117 1058 5171 bene
1083 5112 1308 5186 gesserit
1334 5112 1629 5182 dignusque
1657 5110 1838 5177 fuerit,
1869 5123 2121 5180 assequa-

532 5218 621 5263 tur
649 5218 806 5279 atque
854 5207 1129 5279 percipiat,
1157 5214 1212 5261 et
1254 5204 1473 5259 omnino
1517 5200 1633 5257 sine
1657 5202 1678 5232 ⁸
1706 5202 1935 5273 quodam
1974 5203 2120 5272 gravi

534 5300 867 5354 auctoritatis
893 5297 1118 5369 imperio
1143 5295 1263 5351 iniri
1287 5303 1435 5350 recte
1463 5294 1608 5348 nullo
1637 5303 1789 5363 pacto
1818 5301 2011 5363 potest.

604 5391 693 5444 2‘2.
722 5389 829 5446 Sed
870 5391 1065 5460 qumris
1103 5389 1330 5443 fortasse
1356 5386 1438 5441 vel
1484 5386 1551 5441 de
1595 5386 1696 5441 hoc
1742 5386 1857 5455 ipso
1882 5385 2112 5455 aliquam

600 5548 620 5580 ι
657 5547 807 5597 Editio
838 5553 945 5598 ων.
971 5547 1165 5607 omittit,
1186 5545 1261 5608 si;
1282 5546 1422 5607 cujus
1464 5542 1570 5593 loco
1608 5549 1681 5592 Er.
1710 5548 1763 5593 et
1796 5550 1900 5591 Mss.
1922 5543 2126 5607 habent,

540 5609 624 5741 ,αξ
655 5678 835 5741 omnes
855 5676 987 5741 Mssa,
1011 5665 1523 5741 ῃπᾳπὺηερενιηιενεε.

538 5804 560 5847 t
659 5730 1092 5843 F.diti,Mpercipiat,
1116 5728 1305 5781 omniiw
1341 5730 1480 5793 sine;
1510 5728 1706 5789 omisso,
1738 5732 1801 5789 et,
1818 5731 1947 5793 quod
1984 5733 2129 5783 resti-

562 5811 608 5847 ut
631 5809 689 5845 ur
713 5808 774 5845 cx
840 5808 906 5845 ss.

562 5808 689 5847 ιιιιιιι·
713 5808 774 5845 ΟΧ
803 5808 906 5845 MSS.

604 5885 676 5949 (α)
701 5883 946 5931 Ambrmii.
972 5880 1072 5931 Vid.
1100 5879 1183 5931 lib.
1208 5880 1240 5931 5
1257 5880 1488 5941 Confess.,
1505 5892 1641 5943 capp.
1669 5877 1745 5938 l3,
1770 5876 1845 5926 Η.

2199 499 2443 571 accipere
2474 501 2755 567 rationem,
2796 515 2901 571 qua
2941 496 3034 557 tibi
3064 500 3470 572 persuadeatur,
3509 517 3615 560 non
3642 506 3789 576 prius

2199 595 2405 650 ratione
2450 608 2611 665 quam
2651 592 2755 648 fide
2802 601 2856 649 te
2903 608 3025 649 esse
3068 594 3389 651 docendum.
3439 597 3591 665 Quod
3636 599 3793 656 facile
3857 648 3862 652 .

2201 695 2393 756 potest,
2422 687 2467 742 si
2493 686 2653 743 modo
2675 701 2885 759 aequum
2915 695 2966 743 te
2993 688 3253 758 praebeas.
3285 688 3393 745 Sed
3417 698 3477 745 ut
3505 690 3791 747 commode
3856 676 3863 683 ’

2201 778 2312 844 fiat,
2355 781 2477 835 volo
2521 781 2671 851 quasi
2716 779 3045 853 respondeas
3092 781 3443 853 interroganti
3472 797 3486 836 :
3514 790 3570 837 et
3618 782 3794 852 primo

2201 872 2346 928 dicas
2374 872 2525 942 mihi,
2556 890 2721 945 quare
2750 876 2843 932 tibi
2869 876 3115 933 videatur
3139 890 3245 934 non
3276 889 3399 932 esse
3438 874 3791 932 credendum.

2202 963 2355 1031 Quod
2399 966 2534 1037 ipsa,
2588 967 2785 1039 inquis,
2836 970 3141 1038 credulitas,
3183 986 3214 1025 a
3243 987 3351 1043 qua
3382 968 3589 1028 creduli
3618 970 3792 1027 nomi-

2202 1069 2415 1128 nantur,
2444 1062 2631 1118 vitium
2659 1062 2927 1134 quoddam
2954 1064 3087 1119 mihi
3116 1065 3325 1120 videtur
3354 1079 3475 1121 esse
3507 1084 3521 1120 :
3553 1064 3791 1136 alioquin

2204 1150 2306 1207 hoc
2346 1167 2543 1208 nomen
2592 1168 2699 1208 non
2739 1169 2837 1224 pro
2886 1155 3128 1211 convicio
3156 1154 3427 1225 objectare
3474 1155 3791 1211 soleremus.

2201 1243 2333 1298 Nam
2376 1245 2420 1299 si
2452 1246 2776 1315 suspiciosus
2822 1246 2875 1300 in
2921 1246 3052 1302 vitio
3078 1252 3180 1311 est,
3227 1261 3294 1301 eo
3321 1247 3463 1317 quod
3509 1263 3617 1302 non
3641 1262 3793 1303 com-

2204 1343 2353 1405 perta
2396 1336 2734 1406 suspicatur;
2760 1345 2958 1407 quanto
2987 1338 3156 1409 magis
3197 1337 3466 1405 credulus,
3509 1339 3599 1409 qui
3630 1338 3732 1394 hoc
3760 1354 3793 1393 a

2203 1430 2499 1501 suspicioso
2536 1430 2733 1499 differt,
2767 1431 2910 1501 quod
2956 1431 3047 1487 ille
3087 1432 3369 1503 incognitis
3408 1431 3660 1503 aliquam,
3692 1432 3796 1489 isto

2204 1524 2403 1578 nullam
2448 1524 2632 1579 tribuit
2672 1524 3082 1581 dubitationem.
3132 1524 3350 1580 Interim
3400 1524 3607 1596 accipio
3654 1524 3794 1581 hanc

2203 1616 2507 1685 opinionem
2533 1631 2596 1670 ac
2618 1616 3035 1672 distinctionem.
3067 1615 3173 1671 Sed
3204 1616 3311 1672 scis
3328 1617 3488 1672 etiam
3521 1616 3793 1673 curiosum

2203 1724 2312 1763 non
2355 1724 2453 1763 nos
2496 1708 2671 1765 solere
2699 1709 2970 1779 appellare
3012 1709 3130 1765 sine
3168 1709 3450 1773 convicio;
3497 1709 3795 1765 studiosum

2204 1817 2332 1857 vero
2357 1802 2518 1857 etiam
2546 1818 2666 1857 cum
2698 1802 2875 1857 laude.
2917 1802 3278 1869 Quamobrem
3322 1801 3559 1867 attende,
3608 1801 3653 1857 si
3683 1803 3798 1872 pla-

2203 1905 2310 1963 cet,
2336 1896 2496 1951 etiam
2520 1896 2659 1951 inter
2683 1896 2798 1951 haec
2822 1895 2930 1951 duo
2950 1896 3077 1966 quid
3104 1895 3197 1950 tibi
3223 1895 3423 1951 distare
3444 1894 3708 1950 videatur.
3737 1894 3799 1950 Id

2203 1995 2349 2043 certe
2368 1988 2684 2058 respondes,
2707 1986 2850 2058 quod
2876 1986 3120 2058 quamvis
3143 1995 3369 2058 uterque
3392 1993 3578 2057 agatur
3604 1999 3800 2056 magna

2204 2079 2491 2149 cupiditate
2530 2079 2805 2145 noscendi,
2838 2081 3084 2135 curiosus
3111 2087 3290 2134 tamen
3332 2094 3398 2134 ea
3426 2078 3650 2150 requirit
3674 2093 3799 2149 qum

2204 2172 2336 2227 nihil
2360 2171 2429 2226 ad
2455 2187 2514 2226 se
2555 2172 2816 2237 attinent;
2844 2171 3119 2227 studiosus
3143 2180 3324 2227 autem
3348 2180 3555 2237 contra,
3583 2186 3702 2241 qua:
3727 2170 3801 2225 ad

2204 2280 2326 2322 sese
2349 2265 2577 2319 attinent
2601 2263 2842 2334 requirit.
2889 2262 2996 2319 Sed
3024 2264 3146 2334 quia
3179 2279 3285 2319 non
3313 2277 3569 2334 negamus
3598 2261 3664 2316 ad
3696 2260 3799 2317 ho-

2205 2358 2404 2413 minem
2435 2357 2703 2427 pertinere
2731 2355 3015 2427 coniugem
3043 2371 3109 2413 ac
3133 2357 3334 2412 liberos
3358 2365 3413 2411 et
3437 2369 3621 2411 eorum
3653 2354 3799 2411 salu-

2207 2460 2353 2516 tem;
2403 2449 2448 2504 si
2490 2450 2751 2520 quispiam
2804 2464 3027 2519 peregre
3072 2448 3298 2518 positus,
3345 2446 3802 2519 quemadmodum

2205 2543 2420 2598 valeant
2447 2556 2509 2597 ac
2533 2558 2655 2598 sese
2698 2550 2857 2613 agant
2903 2556 2998 2597 sua
3044 2541 3239 2611 coniux
3284 2555 3348 2596 ac
3400 2540 3574 2607 liberi,
3606 2554 3797 2595 omnes

2207 2634 2552 2690 advenientes
2582 2634 2767 2689 sedulo
2806 2642 3174 2704 percontetur,
3206 2648 3394 2703 magna
3424 2633 3607 2703 utique
3646 2631 3802 2686 duci-

2208 2736 2296 2785 tur
2340 2728 2627 2799 cupiditate
2671 2727 2926 2784 noscendi
2956 2746 2970 2782 :
3000 2735 3056 2783 et
3084 2734 3263 2782 tamen
3314 2722 3456 2781 hunc
3504 2724 3804 2781 studiosum

2207 2838 2315 2877 non
2345 2836 2617 2890 vocamus,
2648 2821 2738 2891 qui
2764 2829 2819 2876 et
2843 2834 3169 2890 magnopere
3192 2818 3331 2874 scire
3352 2817 3484 2882 vult,
3514 2825 3568 2872 et
3589 2831 3651 2872 ea
3678 2830 3802 2887 qua:

2208 2913 2276 2967 ad
2303 2928 2361 2968 se
2391 2913 2621 2967 maxime
2662 2912 2950 2982 pertinent.
2976 2910 3152 2979 Quare
3184 2910 3295 2978 iam
3332 2908 3582 2977 intelligis
3615 2922 3680 2962 eo
3708 2921 3804 2961 va-

2208 3007 2391 3063 cillare
2433 3009 2587 3061 istam
2613 3005 2976 3061 definitionem
3016 3002 3261 3067 studiosi,
3290 3000 3432 3071 quod
3482 3001 3657 3055 omnis
3683 2999 3807 3070 qui-

2210 3097 2333 3154 dem
2359 3097 2630 3153 studiosus
2655 3112 2717 3153 ea
2740 3112 2901 3153 nosse
2924 3095 3039 3150 vult
3059 3109 3179 3164 quae
3203 3092 3272 3148 ad
3298 3108 3357 3149 se
3381 3092 3671 3162 pertinent,
3692 3105 3807 3148 non

2211 3199 2390 3247 tamen
2416 3192 2592 3246 omnis
2616 3190 2707 3261 qui
2753 3190 2806 3244 id
2834 3190 2944 3260 agit
2967 3187 3237 3244 studiosus
3269 3186 3534 3243 vocandus
3562 3194 3676 3251 est;
3708 3185 3808 3241 sed

2212 3284 2258 3340 is
2286 3285 2377 3355 qui
2418 3300 2481 3339 ea
2507 3300 2627 3355 qua:
2655 3283 2724 3339 ad
2747 3284 2987 3338 animum
3031 3281 3375 3337 nutriendum
3403 3279 3697 3336 liberaliter
3723 3287 3810 3334 at-

2212 3391 2317 3446 que
2365 3374 2665 3431 ornandum
2714 3376 3024 3445 pertinent,
3080 3373 3474 3444 impensissime
3524 3369 3749 3441 requirit
3787 3386 3804 3424 :

2215 3477 2391 3522 tamen
2432 3467 2732 3522 studentem
2765 3475 2912 3522 recte
2949 3466 3285 3537 appellamus
3312 3468 3352 3532 ί,
3385 3463 3683 3535 przcsertim
3711 3462 3808 3517 ad-

2214 3560 2402 3615 dentes
2445 3559 2571 3628 quid
2598 3559 2809 3615 studeat
2836 3559 3041 3615 audire.
3070 3558 3203 3613 Nam
3235 3562 3395 3613 etlam
3442 3570 3660 3611 suorum
3687 3562 3813 3610 stu-

2215 3652 2422 3707 diosum
2450 3666 2735 3721 possumus
2778 3651 3071 3722 appellare,
3100 3650 3144 3705 si
3186 3645 3314 3705 sues
3342 3656 3545 3703 tantum
3591 3646 3762 3715 diligit
3792 3665 3809 3702 :

2216 3759 2321 3798 non
2374 3751 2549 3798 tamen
2610 3742 2950 3812 adiunctione
3021 3742 3201 3806 nulla,
3259 3739 3530 3794 communi
3590 3737 3814 3793 nomine

2217 3835 2576 3889 studiosorum
2607 3834 2824 3904 dignum
2854 3842 3121 3905 putamus.
3152 3830 3415 3886 Audiendi
3453 3837 3633 3884 autem
3662 3830 3818 3899 cupi.

2217 3926 2343 3982 dum
2370 3926 2817 3996 quemadmodum
2839 3942 2899 3982 se
2919 3927 3001 3980 sui
3028 3924 3306 3990 haberent,
3344 3937 3453 3977 non
3482 3923 3817 3992 appellarem

2219 4019 2515 4074 studiosum
2543 4019 2816 4086 audiendi,
2864 4019 2965 4073 nisi
2988 4016 3226 4089 gaudens
3250 4014 3390 4070 fama
3416 4015 3551 4069 bona
3578 4013 3818 4083 idipsum

2220 4125 2364 4181 saepe
2401 4110 2562 4166 vellet
2602 4110 2790 4165 audire
2818 4127 2833 4162 :
2868 4110 3174 4165 studentem
3204 4122 3353 4174 vero,
3385 4105 3594 4169 etiamsi
3620 4106 3817 4161 semel.

2219 4201 2382 4257 Refer
2404 4216 2547 4257 nunc
2569 4203 2803 4256 animum
2833 4201 2900 4255 ad
2930 4201 3216 4266 curiosum,
3252 4206 3309 4253 et
3337 4198 3423 4253 dic
3454 4197 3606 4259 mihi,
3631 4206 3820 4254 utrum

2221 4292 2267 4347 si
2314 4293 2434 4363 quis
2481 4290 2730 4347 fabellam
2761 4291 2990 4346 libenter
3017 4291 3244 4355 audiret,
3276 4290 3411 4345 nihil
3442 4289 3544 4344 sibi
3591 4288 3822 4345 omnino

2224 4382 2573 4455 profuturam,
2605 4382 2658 4438 id
2690 4391 2791 4447 est,
2839 4397 3023 4437 rerum
3066 4381 3131 4436 ad
3160 4396 3219 4437 se
3241 4396 3349 4436 non
3390 4379 3770 4451 pertinentium
3799 4396 3818 4445 ;

2220 4488 2398 4547 neque
2446 4474 2499 4527 id
2546 4473 2775 4529 odiose”
2825 4481 2984 4543 atque
3029 4473 3241 4538 crebro,
3296 4472 3393 4529 sed
3436 4471 3706 4527 rarissime
3754 4485 3828 4527 ac

2224 4564 2639 4630 modestissime,
2680 4565 2764 4620 vel
2796 4564 2847 4619 in
2875 4565 3141 4632 convivio,
3170 4565 3253 4621 vel
3284 4565 3335 4619 in
3368 4565 3547 4635 aliquo
3570 4563 3778 4618 circulo
3800 4606 3820 4632 ,

2223 4656 2400 4711 ullovc
2423 4671 2681 4712 consessu
2705 4674 2720 4721 ;
2749 4657 3092 4712 videreturne
3120 4657 3215 4711 tibi
3243 4656 3530 4713 curiosus?
3556 4655 3672 4710 Non
3698 4656 3829 4725 opi-

2222 4763 2324 4804 nor
2357 4766 2370 4802 :
2398 4749 2492 4805 sed
2514 4759 2659 4804 certe
2679 4748 2881 4805 habens
2907 4750 3048 4804 illius
3068 4749 3146 4803 rei
3170 4764 3373 4816 curam,
3396 4763 3554 4819 quam
3583 4748 3829 4803 libenter

2225 4841 2451 4906 audiret,
2481 4840 2721 4910 profecto
2745 4840 3035 4896 videretur.
3062 4840 3400 4911 Quapropter
3428 4841 3589 4895 etiam
3619 4839 3831 4895 curiosi

2230 4931 2467 4987 definitio
2491 4947 2555 4986 ea
2580 4934 2780 5002 regula,
2806 4948 2909 5002 qua
2930 4933 3175 4999 studiosi,
3196 4932 3529 4988 emendanda
3552 4941 3654 4987 est.
3682 4931 3836 4988 Vido

2230 5025 2390 5095 igitur
2431 5030 2607 5079 tttrum
2652 5032 2707 5079 et
2744 5025 2833 5079 illa
2870 5026 3144 5095 superiora
3191 5025 3522 5087 emendanda
3553 5026 3678 5079 sint.
3709 5023 3839 5080 Cur

2228 5117 2371 5171 cnim
2426 5132 2533 5171 non
2580 5125 2636 5173 et
2676 5116 2956 5187 suspiciosi
3003 5117 3220 5173 nomine
3267 5117 3518 5187 indignus
3565 5117 3670 5185 sit,
3728 5118 3835 5187 qui

2228 5208 2513 5279 aliquando
2574 5209 2771 5280 aliquid
2823 5210 3238 5279 suSpicatur;et
3284 5208 3521 5277 creduli,
3582 5209 3671 5278 qui
3716 5208 3839 5263 ali—

2231 5302 2445 5371 quando
2483 5304 2682 5375 aliquid
2726 5303 2938 5359 credit?
2986 5303 3169 5375 Itaque
3218 5313 3278 5359 ut
3326 5304 3467 5359 inter
3518 5302 3839 5359 studentem

2232 5397 2456 5467 alicuius
2499 5399 2576 5453 rei
2608 5408 2662 5454 et
2704 5398 2921 5453 omnino
2949 5397 3271 5465 studiosum,
3318 5411 3638 5466 rursumque
3682 5396 3848 5451 inter

2232 5503 2412 5543 curam
2455 5488 2739 5546 habentem
2768 5500 2926 5560 atque
2953 5492 3265 5558 curiosum;
3315 5491 3385 5545 ita
3432 5491 3571 5545 inter
3595 5486 3843 5544 creden-

2236 5589 2341 5635 tem
2371 5590 2425 5636 et
2453 5582 2727 5637 credulum
2758 5583 3047 5651 plurimum
3076 5582 3319 5637 interest.

2301 5755 2318 5784 ί
2352 5754 2471 5803 Editi
2500 5756 2671 5805 vitiose
2698 5753 2940 5819 ferebant,
2976 5766 3323 5819 unpenszsstmc
3345 5756 3567 5819 remur-rt,
3590 5766 3700 5805 eum
3724 5760 3856 5808 stu-

2238 5817 2427 5865 dentem
2447 5823 2574 5865 recte
2597 5815 2911 5878 aymellamus.
2932 5815 3252 5868 Emendantur
3276 5832 3340 5869 ex
3364 5815 3469 5871 MSS.

2302 5880 2323 5908 ²
2354 5878 2547 5935 Quidam
2577 5885 2703 5939 Mss,
2730 5878 2892 5931 otiose.
