4082 6488
234 487 288 544 Ii
1233 458 1242 460 ﬁ
1641 460 1844 522 LIBER

1956 459 2082 517 ωδ.
2664 427 2675 436 “
2731 411 2738 422 ’
3441 473 3513 532 8,

297 599 526 656 CAPUT
541 597 687 652 Χ.-
699 593 792 649 25.
811 593 982 664 Turpe
1004 607 1108 646 non
1129 605 1235 646 esse
1261 589 1462 642 credere
1486 584 1539 638 in
1560 580 1823 652 religione.

238 693 440 750 Rationi
470 688 808 761 percipiendae
830 685 1000 740 idonei
1029 682 1312 754 perpauci:
1337 681 1418 734 uia
1440 679 1509 732 ad
1532 676 1826 747 religionem

237 789 384 842 tutior
429 797 479 840 et
524 785 744 839 tenenda
787 783 851 837 ab
892 781 1120 836 omnibus
1139 821 1155 848 ,
1186 778 1332 848 ﬁdes.
1375 775 1482 832 Sed
1507 787 1648 829 nunc
1670 771 1826 840 vide,

237 881 440 950 inquies
463 921 481 944 ,
534 889 712 934 utrum
739 877 792 931 in
823 875 1082 946 religione
1109 873 1334 930 credere
1359 870 1668 926 debeamus.
1721 866 1827 922 Ne-

237 987 336 1044 que
364 971 510 1027 enim
560 971 610 1026 si
656 969 1002 1025 concedimus
1048 965 1191 1022 aliud
1238 979 1359 1021 esse
1402 962 1655 1028 credere,
1687 958 1830 1014 aliud

236 1061 508 1118 credulum
534 1076 658 1117 esse
677 1103 695 1128 ,
741 1059 979 1131 sequitur
1003 1067 1062 1114 ut
1090 1057 1233 1113 nulla
1260 1056 1416 1127 culpa
1445 1055 1516 1110 sit
1538 1055 1593 1111 in
1618 1053 1832 1124 religio-

238 1157 384 1212 nibus
411 1154 661 1211 credere.
691 1153 832 1221 Quid
859 1154 1001 1209 enim
1022 1193 1038 1218 ,
1063 1152 1109 1208 si
1152 1160 1210 1207 et
1233 1151 1454 1206 credere
1479 1159 1531 1206 et
1553 1146 1833 1204 credulum

236 1261 350 1302 esse
378 1246 635 1302 vitiosum
655 1255 758 1314 est,
785 1242 1236 1316 quemadmodum
1263 1251 1317 1298 et
1342 1241 1550 1298 ebrium
1577 1248 1631 1297 et
1656 1239 1834 1297 ebrio-

237 1353 348 1394 sum
377 1352 506 1393 esse
530 1337 554 1391 ?
585 1335 726 1407 quod
768 1335 860 1406 qui
887 1343 1095 1392 certum
1123 1333 1428 1400 existimat,
1455 1332 1664 1388 nullum
1701 1330 1834 1386 mihi

239 1431 440 1488 habere
465 1445 628 1500 posse
665 1431 897 1486 amicum
923 1427 1150 1485 videtur.
1183 1426 1242 1484 Si
1268 1427 1413 1482 enim
1441 1436 1598 1496 turpe
1626 1433 1710 1482 est
1737 1423 1836 1479 ali-

241 1523 365 1594 quid
406 1522 666 1588 credere,
694 1531 787 1576 aut
833 1520 1059 1590 turpiter
1104 1517 1233 1575 laeit
1275 1518 1366 1589 qui
1413 1518 1586 1572 amico
1631 1515 1834 1584 credit,

239 1628 329 1674 aut
353 1617 492 1672 nihil
520 1617 696 1672 amico
720 1615 946 1672 credens
982 1611 1252 1684 quomodo
1265 1611 1508 1667 amicum
1535 1610 1622 1666 vel
1660 1609 1838 1680 ipsum

241 1710 326 1766 vel
359 1725 421 1765 se
453 1708 694 1780 appellet
722 1723 828 1763 non
874 1705 1052 1762 video.
1084 1705 1184 1760 llic
1212 1703 1442 1759 fortasse
1468 1702 1617 1758 dicas
1645 1719 1659 1756 :
1691 1701 1838 1756 Con-
1875 1777 1878 1780 ἢ

250 1800 382 1856 cedo
409 1799 608 1871 aliquid
630 1797 916 1870 aliquando
943 1811 1064 1852 esse
1088 1795 1451 1862 credendum;
1478 1809 1621 1850 nunc
1648 1792 1841 1864 expedi

249 1891 512 1964 quomodo
553 1891 610 1946 in
648 1890 909 1961 religione
950 1897 1113 1958 turpe
1155 1902 1263 1942 non
1305 1887 1376 1941 sit
1415 1885 1664 1954 credere,
1691 1892 1842 1940 ante-

246 2001 401 2058 quam
455 1986 619 2042 seire.
700 1984 913 2040 Faciam
934 2024 950 2050 ,
1007 1982 1053 2037 si
1102 1989 1309 2052 potero.
1364 1980 1624 2048 Quocirca
1671 1993 1739 2033 ex
1789 1985 1844 2033 te

247 2094 427 2150 quaero
450 2077 582 2149 quid
603 2077 877 2133 existimes
902 2075 958 2131 in
985 2073 1231 2145 graviore
1258 2072 1412 2143 culpa
1440 2086 1559 2127 esse
1577 2111 1593 2137 ,
1626 2068 1843 2140 religio-

247 2187 367 2226 nem
405 2169 625 2225 tradere
655 2167 901 2239 indigno,
943 2180 1012 2220 an
1054 2164 1109 2220 id
1138 2164 1281 2234 quod
1325 2163 1393 2219 ab
1437 2163 1516 2218 eis
1561 2161 1653 2233 qui
1697 2160 1845 2216 illam

251 2261 464 2318 tradunt
495 2261 721 2326 dicitur,
750 2257 988 2314 credere.
1023 2255 1080 2312 Si
1116 2270 1274 2326 quem
1322 2254 1495 2310 dicam
1525 2252 1801 2324 indignum
1823 2293 1840 2318 ,

249 2368 354 2409 non
383 2351 645 2423 intelligis
675 2367 688 2404 :
718 2364 844 2406 eum
870 2347 1020 2414 dico,
1066 2345 1159 2418 qui
1187 2346 1311 2401 ﬁcto
1353 2353 1572 2416 pectore
1616 2341 1843 2398 accedit.

247 2443 548 2507 Concedis,
577 2451 637 2497 ut
678 2440 945 2508 arbitror,
975 2439 1147 2507 magis
1188 2435 1508 2506 culpandum
1549 2448 1669 2490 esse
1692 2475 1708 2501 ,
1755 2432 1848 2488 tali

251 2537 452 2594 homini
498 2534 733 2607 pandere
776 2533 823 2588 si
861 2547 964 2603 qua
1013 2539 1139 2586 sunt
1185 2537 1368 2584 sancta
1413 2537 1656 2596 secreta,
1687 2541 1843 2598 quam

251 2627 516 2700 religiosis
542 2627 673 2682 viris
714 2625 782 2681 de
810 2624 928 2696 ipsa
951 2622 1212 2693 religione
1236 2619 1434 2691 aliquid
1457 2617 1848 2675 afﬁrmantibus

254 2721 498 2778 credere.
523 2719 710 2790 Neque
737 2717 882 2774 enim
922 2726 975 2773 te
1020 2715 1166 2770 aliud
1213 2712 1540 2782 respondere
1588 2709 1847 2766 decuerit.

253 2814 426 2884 Quare
472 2828 618 2868 nunc
642 2812 726 2867 fac
771 2819 926 2883 putes
953 2825 1077 2866 eum
1103 2807 1325 2876 adesse,
1357 2806 1448 2878 qui
1491 2805 1587 2861 tibi
1631 2804 1848 2875 religio-

257 2925 375 2965 nem
399 2912 476 2964 sit
499 2906 795 2962 traditurus
822 2922 837 2960 :
867 2918 1098 2976 quonam
1127 2901 1287 2957 modo
1313 2900 1391 2956 illi
1421 2899 1580 2956 ﬁdem
1612 2897 1851 2953 facturus

256 3017 342 3065 es,
371 3016 508 3056 vero
531 2999 714 3054 animo
741 3008 794 3053 te
820 2994 1112 3062 accedere,
1142 3009 1318 3065 neque
1345 2992 1633 3063 quidquam
1677 2991 1732 3045 in
1763 2999 1848 3059 te,

255 3093 397 3165 quod
445 3095 515 3147 ad
553 3093 694 3146 hanc
721 3105 836 3144 rem
880 3088 1110 3154 attinet,
1139 3085 1253 3141 doli
1298 3092 1457 3155 atque
1499 3081 1853 3138 simulationis

255 3199 376 3241 esse
395 3184 421 3238 ?
453 3183 645 3250 Dices,
689 3181 830 3236 bona
862 3189 952 3234 tua
977 3177 1305 3234 conscientia
1338 3174 1470 3229 nihil
1514 3183 1566 3230 te
1610 3175 1812 3244 lingere
1834 3215 1850 3242 ,
1895 3187 1898 3190 ‘

255 3277 472 3346 quantis
510 3273 713 3345 poteris
753 3271 984 3342 idipsum
1027 3283 1277 3325 asserens
1305 3267 1483 3323 verbis
1504 3308 1519 3334 ,
1548 3266 1645 3322 sed
1676 3274 1855 3320 tamen

255 3361 456 3418 verbis.
493 3360 608 3414 Non
646 3357 793 3413 enim
838 3355 1002 3411 animi
1044 3354 1119 3410 tui
1156 3352 1425 3420 latebras,
1469 3352 1540 3406 ita
1567 3358 1628 3405 ut
1670 3349 1857 3405 intime

257 3453 446 3510 solaris
473 3492 489 3517 ,
520 3453 681 3506 homo
710 3447 911 3504 homini
939 3445 1148 3517 aperire
1175 3444 1348 3515 possis
1380 3445 1396 3475 ¹
1434 3481 1448 3496 .
1489 3443 1558 3498 At
1583 3443 1674 3498 ille
1698 3442 1743 3497 si
1770 3441 1854 3496 di-

257 3545 434 3612 xerit,
468 3541 610 3598 Ecce
653 3539 820 3596 credo
871 3537 1004 3604 tibi;
1033 3535 1132 3592 sed
1185 3550 1362 3590 nonne
1414 3544 1497 3590 est
1540 3533 1746 3603 aequius
1799 3541 1860 3588 ut

257 3638 420 3693 etiam
471 3645 529 3690 tu
566 3634 754 3691 eredas
804 3631 972 3700 mihi,
1018 3646 1143 3687 cum
1193 3638 1252 3684 tu
1289 3628 1638 3696 beneﬁcium,
1681 3628 1726 3682 si
1755 3627 1855 3682 ali-

258 3728 388 3800 quid
412 3727 528 3784 veri
556 3737 716 3782 teneo
739 3767 754 3794 ,
783 3724 860 3780 sis
895 3731 1244 3794 accepturus,
1275 3721 1498 3777 daturus
1543 3720 1689 3791 ego?
1729 3719 1858 3790 quid

260 3820 617 3893 respondebis
639 3861 656 3888 ,
685 3819 788 3874 nisi
813 3831 932 3875 esse
969 3815 1334 3874 credendum?

330 3915 426 3970 24.
468 3913 610 3980 Sed,
652 3911 864 3982 inquis,
916 3924 1098 3966 nonne
1142 3917 1260 3964 erat
1304 3907 1538 3973 melius,
1591 3907 1854 3962 rationem

260 4006 402 4062 mihi
454 4003 752 4060 redderes‘
785 4043 800 4070 ,
849 4011 907 4057 ut
957 4016 1022 4057 ea
1071 4015 1409 4073 quocumque
1460 4014 1550 4055 me
1597 3999 1852 4067 duceret,

259 4098 395 4154 sine
453 4095 566 4150 ulla
619 4110 859 4166 sequerer
913 4092 1255 4149 temeritate?
1284 4091 1416 4147 Erat
1461 4090 1688 4147 fortasse
1719 4109 1731 4144 :
1763 4090 1860 4147 sed

260 4203 395 4245 cum
427 4201 523 4242 res
551 4195 690 4242 tanta
713 4186 808 4254 sit,
839 4194 898 4241 ut
925 4185 1067 4241 Deus
1097 4184 1190 4240 tibi
1220 4185 1428 4239 ratione
1455 4183 1861 4254 cognoscendus

261 4285 371 4350 sit,
402 4297 667 4339 omnesne
715 4291 871 4354 putas
900 4281 1123 4336 idoneos
1148 4295 1269 4336 esse
1295 4279 1654 4350 percipiendis
1695 4279 1860 4334 ratio-

263 4376 456 4442 nibus,
491 4374 682 4445 quibus
704 4373 774 4428 ad
801 4372 1032 4428 divinam
1060 4370 1466 4441 intelligentiam
1507 4362 1674 4426 mens'
1707 4370 1859 4424 duci~

265 4477 355 4523 tur
385 4467 658 4531 humana,
689 4481 758 4520 an
799 4465 1016 4536 plures,
1059 4479 1129 4518 an
1172 4462 1411 4533 paucos?
1458 4462 1698 4530 Paucos,
1747 4462 1860 4531 ais,

266 4563 539 4618 existimo.
588 4559 861 4615 Horumne
895 4559 948 4612 in
987 4571 1211 4613 numero
1253 4571 1372 4611 esse
1415 4565 1466 4610 te
1506 4555 1720 4611 credis?
1747 4555 1863 4611 Non

267 4665 357 4711 est
379 4671 557 4710 meum
584 4695 600 4720 ,
645 4654 856 4724 inquis,
897 4653 1002 4708 hoc
1046 4649 1394 4721 respondere.
1436 4648 1583 4703 Illius
1609 4664 1737 4719 ergo
1763 4666 1862 4719 pu-

271 4758 389 4814 tas,
418 4748 579 4804 etiam
623 4748 726 4804 hoc
754 4747 848 4802 tibi
895 4745 1114 4802 credere
1143 4763 1156 4798 :
1185 4743 1327 4814 quod
1356 4742 1570 4814 quidem
1602 4741 1746 4797 facit.
1786 4743 1867 4798 Tu

267 4848 478 4899 tantum
501 4848 792 4905 memento,
821 4838 932 4908 jam
958 4852 1081 4892 eum
1106 4835 1190 4892 bis
1215 4832 1510 4890 credidisse
1537 4833 1634 4888 tibi
1661 4833 1866 4889 incerta

265 4933 506 5000 dicenti;
550 4941 604 4989 te
628 4932 704 4987 illi
735 4931 982 5003 religiose
1021 4927 1329 4985 admonenti
1356 4941 1426 4983 ne
1454 4927 1622 4982 semel
1650 4926 1865 4999 quidem

263 5027 407 5082 velle
430 5024 677 5082 credere.
707 5022 907 5078 Verum
941 5022 1023 5075 lac
1051 5020 1135 5075 ita
1167 5033 1288 5075 esse
1310 5060 1325 5086 ,
1373 5025 1428 5073 et
1451 5033 1583 5073 vero
1608 5017 1789 5073 animo
1815 5026 1868 5074 te

265 5119 336 5174 ad
359 5115 730 5188 accipiendam
751 5114 1063 5186 religionem
1089 5109 1374 5178 accedere,
1403 5119 1457 5165 et
1480 5109 1554 5164 ita
1578 5123 1866 5180 paucorum

265 5220 322 5266 te
365 5225 494 5266 esse
521 5209 827 5272 hominum,
855 5214 914 5260 ut
941 5203 1178 5259 rationes
1208 5201 1400 5272 quibus
1437 5199 1504 5254 ad
1529 5207 1730 5255 certam
1772 5213 1867 5254 eo-

264 5303 571 5375 gnitionem
625 5300 708 5354 vis
759 5298 937 5353 divina
982 5295 1327 5366 perdueitur,
1388 5306 1580 5361 capere
1623 5291 1797 5360 possis
1850 5309 1864 5346 :

267 5396 437 5467 quid,
471 5392 684 5449 ceteris
728 5389 1068 5453 hominibus,
1119 5387 1208 5458 qui
1258 5394 1365 5440 tam
1417 5397 1609 5439 sereno
1657 5382 1870 5454 ingenio

267 5489 490 5560 praediti
515 5501 624 5542 non
653 5493 810 5551 sunt,
862 5481 1160 5554 negandam
1209 5478 1521 5550 religionem
1568 5476 1760 5547 putas?
1786 5477 1868 5531 An

268 5595 370 5637 eos
408 5579 740 5650 pedetentim
770 5573 1088 5646 quibusdam
1133 5571 1383 5642 gradibus
1426 5568 1492 5623 ad
1522 5568 1611 5623 illa
1659 5583 1869 5622 summa

268 5673 573 5748 penetralia
597 5686 717 5726 esse
755 5667 1072 5724 ducendos?
1099 5664 1262 5720 Vides
1294 5664 1447 5733 plane
1471 5660 1597 5732 quid
1619 5661 1711 5716 'sit
1739 5661 1868 5715 reli-

265 5769 501 5842 giosius.
545 5765 732 5836 Neque
776 5764 920 5819 enim
971 5761 1062 5816 tibi
1106 5759 1278 5830 quivis
1309 5757 1469 5811 homo
1500 5756 1549 5809 in
1596 5755 1673 5810 rei
1714 5764 1871 5810 tantae

334 5905 357 5936 ⁸
393 5911 443 5952 1n
460 5909 495 5950 Β
519 5938 533 5959 .
559 5899 723 5964 possit.
750 5906 823 5964 gr.
843 5895 989 5958 Lugd.
1012 5901 1129 5942 ven.
1151 5898 1260 5964 Lov_.
1286 5889 1450 5964 secuti
1466 5900 1652 5938 sumus.
1721 5895 1776 5937 Μ.

339 5970 360 5998 ⁸
552 5951 635 6014 ἑτέ
652 5961 800 6025 Lugd.
824 5951 942 6010 Ven'.
964 5964 1093 6016 Lov.,
1121 5951 1346 6004 reddere.
1413 5957 1470 5999 Μ.

1935 579 2224 648 cupiditate
2249 583 2358 639 ullo
2395 585 2556 642 modo
2598 587 2928 645 deserendus
2949 597 3043 646 aut
3081 591 3414 662 reSpuendus
3439 593 3520 648 vi-

1934 669 2048 725 deri
2077 682 2268 742 potest.
2297 675 2403 732 Sed
2439 693 2616 734 nonne
2637 693 2825 736 censes
2848 722 2862 748 ,
2893 681 2996 737 nisi
3043 683 3214 752 primo
3242 684 3425 740 credat
3457 698 3520 741 se

1935 765 2004 820 ad
2033 763 2086 819 id
2129 768 2271 837 quod
2301 769 2528 826 instituit
2570 782 2950 844 perventurum
2970 818 2987 844 ,
3019 786 3362 850 mentemque
3387 795 3520 851 sup-

1936 859 2128 930 plicem
2156 864 2174 893 ί
2200 865 2436 934 praebeat
2462 907 2478 934 ,
2508 877 2564 924 et
2593 869 2906 940 quibusdam
2935 873 3143 943 magnis
3171 873 3520 931 necessariis-

1937 970 2042 1023 que
2093 958 2376 1030 prazceptis
2429 959 2804 1033 obtemperans
2850 965 3079 1036 quadam
3135 966 3260 1022 vitae
3308 969 3524 1024 actione

1937 1052 2253 1120 perpurget'|
2267 1091 2284 1118 ,
2305 1067 2410 1107 non
2429 1068 2553 1109 eum
2564 1069 2684 1110 esse
2698 1057 2854 1113 aliter
2867 1057 2956 1114 illa
2976 1074 3095 1130 qua:
3112 1073 3244 1130 pure
3253 1075 3382 1117 vera
3398 1070 3526 1117 sunt

1936 1139 2297 1212 adepturum?
2322 1144 2526 1201 Censes
2568 1146 2826 1218 profecto.
2870 1150 3009 1220 Quid
3036 1167 3165 1224 ergo
3192 1152 3310 1209 istis
3332 1195 3348 1222 ,
3385 1169 3526 1226 quo-

1937 1247 2057 1288 rum
2083 1234 2149 1289 de
2175 1250 2373 1305 genere
2400 1245 2456 1292 te
2484 1251 2606 1294 esse
2628 1238 2740 1309 jam
2776 1240 2936 1297 credo
2959 1283 2974 1310 ,
3016 1243 3105 1314 qui
3149 1243 3404 1302 facillime
3440 1245 3528 1300 di-

1938 1325 2061 1380 vina
2088 1334 2295 1383 secreta
2339 1329 2548 1386 ratione
2597 1339 2744 1386 certa
2790 1346 2982 1402 capere
3028 1344 3293 1403 possunt,
3338 1336 3383 1391 si
3427 1335 3531 1392 hac

1940 1421 2026 1475 via
2051 1420 2302 1487 veniant,
2327 1437 2431 1493 qua
2461 1423 2537 1478 illi
2577 1424 2667 1494 qui
2707 1424 2953 1495 primitus
2975 1428 3235 1498 credunt,
3267 1429 3531 1501 numquid

1945 1511 2158 1568 tandem
2186 1512 2396 1568 oberit?
2423 1513 2540 1569 Non
2570 1515 2820 1571 arbitror.
2850 1515 2956 1572 Sed
2984 1525 3161 1574 tamen
3181 1559 3197 1584 ,
3227 1519 3324 1574 ais
3345 1561 3362 1588 ,
3403 1520 3533 1590 quid

1943 1619 2037 1660 eos
2065 1605 2264 1660 morari
2308 1620 2443 1676 opus
2472 1606 2592 1661 est?
2621 1606 2754 1676 Quia
2782 1609 2882 1664 etsi
2910 1609 3052 1664 facto
3078 1610 3180 1666 sibi
3209 1611 3343 1665 nihil
3370 1627 3534 1668 noce-

1944 1693 2109 1760 bunt,
2156 1695 2423 1752 nocebunt
2473 1705 2650 1752 tamen
2695 1699 2942 1770 exemplo
2987 1700 3216 1756 caneris.
3247 1699 3348 1756 Vix
3388 1703 3533 1757 enim

1946 1798 2030 1845 est
2073 1789 2164 1860 qui
2208 1788 2278 1844 de
2319 1803 2378 1845 se
2408 1797 2612 1846 tantum
2641 1791 2870 1858 sentiat,
2898 1803 3157 1864 quantum
3194 1804 3411 1864 potest:
3439 1798 3536 1854 sed

1946 1880 2040 1952 qui
2083 1881 2260 1938 minus
2279 1923 2294 1948 ,
2323 1883 2642 1940 excitandus
2665 1895 2787 1951 est;
2817 1887 2908 1956 qui
2935 1887 3163 1959 amplius
3186 1931 3202 1956 ,
3233 1891 3534 1960 reprimen-

1947 1972 2084 2040 dus;
2139 1983 2197 2028 ut
2246 1990 2418 2046 neque
2463 1976 2553 2031 ille
2606 1976 2979 2048 desperatione
3020 1979 3333 2051 frangatur,
3364 1999 3540 2053 neque

1948 2066 2050 2122 iste
2094 2067 2457 2138 praecipitetur
2483 2068 2726 2124 audacia.
2756 2071 2910 2138 Quod
2947 2071 3103 2128 facile
3142 2073 3234 2140 ﬁt,
3283 2073 3330 2128 si
3377 2074 3540 2130 etiam

1950 2157 1987 2213 ii
2014 2160 2104 2229 qui
2142 2160 2323 2216 valent
2347 2159 2568 2230 volare,
2600 2177 2670 2216 ne
2721 2166 2806 2218 cui
2847 2164 2956 2219 sint
2983 2166 3304 2235 periculoso
3352 2167 3543 2223 invita-

1949 2261 2165 2321 mento,
2204 2254 2472 2324 paulisper
2508 2264 2766 2326 cogantur
2792 2255 3040 2313 incedere
3079 2273 3181 2328 qua
3218 2258 3379 2314 etiam
3436 2274 3542 2314 cae»

1953 2345 2083 2402 teris
2125 2354 2298 2401 tutum
2343 2356 2444 2402 est.
2476 2347 2602 2406 Haec
2638 2357 2721 2404 est
2762 2349 3090 2420 providentia
3130 2365 3272 2405 vera:
3319 2350 3541 2421 religio-

1953 2436 2076 2502 nis;
2106 2435 2210 2492 hoc
2232 2436 2439 2508 jussum
2469 2438 2720 2494 divinitus
2743 2481 2758 2506 ,
2807 2439 2911 2496 hoc
2951 2455 2984 2494 a
3029 2440 3202 2496 beatis
3241 2440 3544 2513 majoribus

1955 2528 2207 2583 traditum
2227 2571 2243 2596 ,
2272 2531 2374 2584 hoc
2401 2529 2468 2584 ad
2492 2545 2593 2586 nos
2631 2546 2800 2602 usque
2842 2540 3112 2588 servatum
3137 2548 3154 2598 ;
3185 2531 3289 2588 hoc
3327 2542 3542 2602 pertur-

1955 2617 2085 2674 bare
2115 2619 2250 2674 velle
2274 2628 2434 2690 atque
2467 2631 2779 2690 pervertere
2798 2663 2813 2690 ,
2845 2621 2979 2678 nihil
3007 2631 3093 2679 est
3116 2622 3262 2678 aliud
3285 2638 3446 2694 quam
3473 2623 3544 2680 ad

1953 2726 2135 2766 veram
2186 2711 2496 2783 religionem
2542 2714 2853 2787 sacrilegam
2906 2715 3048 2770 viam
3081 2730 3341 2786 quaerere.
3392 2714 3546 2783 Quod

1955 2804 2047 2874 qui
2100 2803 2343 2873 faciunt,
2393 2820 2494 2861 nec
2537 2805 2582 2861 si
2628 2806 2708 2863 eis
2743 2807 3084 2875 concedatur
3125 2809 3269 2878 quod
3314 2809 3544 2878 volunt,

1955 2907 2181 2968 possunt
2219 2913 2325 2968 quo
2372 2897 2651 2953 intendunt
2701 2901 3002 2969 pervenire.
3047 2899 3362 2970 Cujusmodi
3404 2900 3548 2956 enim

1957 2988 2087 3045 libet
2128 2989 2392 3045 excellant
2433 2990 2682 3062 ingenio,
2737 2990 2841 3046 nisi
2884 2991 3027 3048 Deus
3055 2991 3224 3057 adsit,
3266 2991 3415 3046 humi
3459 3006 3548 3048 re-

1959 3081 2093 3150 punt
2113 3082 2134 3113 ³
2167 3125 2180 3138 .
2210 3082 2360 3137 Tunc
2388 3091 2568 3138 autem
2597 3083 2778 3150 adest,
2820 3085 2865 3139 si
2897 3083 3167 3140 societatis
3202 3085 3448 3140 humana:
3493 3085 3549 3139 in

1960 3175 2129 3231 Deum
2161 3176 2498 3233 tendentibus
2536 3194 2662 3233 cura
2697 3179 2784 3234 sit.
2813 3181 2930 3247 Quo
2969 3178 3140 3250 gradu
3178 3178 3308 3234 nihil
3344 3178 3550 3235 ﬁrmius

1958 3267 2013 3324 in
2043 3268 2238 3324 omium
2285 3270 2503 3339 reperiri
2544 3279 2742 3340 potest.
2783 3269 2898 3341 Ego
2935 3271 3151 3340 quidem
3192 3270 3315 3325 huic
3357 3269 3551 3326 rationi

1961 3375 2070 3416 non
2090 3375 2306 3430 possum
2337 3361 2620 3427 resistere;
2649 3377 2772 3416 nam
2803 3361 2936 3417 nihil
2959 3362 3075 3418 sine
3099 3362 3403 3433 cognitione
3429 3376 3552 3419 esse

1960 3453 2324 3521 credendum,
2360 3455 2448 3524 qui
2492 3469 2708 3524 possum
2756 3455 2981 3510 dicere?
3027 3471 3148 3510 cum
3191 3464 3248 3510 et
3287 3455 3551 3522 amicitia,

1963 3546 2065 3602 nisi
2092 3546 2292 3617 aliquid
2320 3546 2570 3603 credatur
2606 3547 2750 3618 quod
2778 3557 2925 3604 certa
2952 3548 3160 3603 ratione
3196 3547 3554 3603 demonstrari

1964 3656 2072 3696 non
2097 3649 2312 3712 potest,
2344 3642 2565 3697 omnino
2589 3642 2740 3697 nulla
2765 3643 2872 3710 sit,
2903 3649 2958 3698 et
2977 3657 3122 3712 saepe
3167 3641 3554 3712 dispensatori-

1963 3733 2067 3789 bus
2092 3732 2263 3788 servis
2289 3733 2406 3788 sine
2447 3733 2551 3788 ulla
2594 3733 2750 3804 culpa
2793 3732 3134 3788 dominorum
3177 3731 3447 3786 credatur.
3491 3731 3554 3786 In

1965 3825 2222 3898 religione
2260 3839 2390 3880 vero
2436 3824 2563 3895 quid
2605 3824 2839 3895 iniquius
2883 3823 3000 3879 ﬁeri
3049 3831 3256 3894 potest,
3306 3837 3466 3893 quam
3494 3830 3556 3877 ut

1967 3921 2065 3977 Dei
2093 3919 2360 3975 antistites
2389 3918 2543 3974 nobis
2572 3934 2681 3974 non
2708 3917 2892 3973 ﬁctum
2915 3917 3150 3971 animum
3182 3915 3556 3987 pollicentibus

1965 4012 2206 4079 credant,
2227 4025 2326 4067 nos
2349 4011 2430 4067 eis
2454 4010 2886 4082 praecipientibus
2913 4009 3146 4064 nolimus
3173 4007 3432 4065 credere?
3454 4007 3558 4062 Po-

1965 4115 2168 4163 stremo
2197 4119 2315 4176 qua:
2344 4112 2524 4174 potest
2551 4117 2669 4158 esse
2694 4104 2778 4158 via
2808 4103 3088 4168 salubrior,
3114 4118 3274 4173 quam
3303 4101 3554 4156 idoneum

1968 4199 2142 4270 primo
2166 4197 2282 4254 ﬁeri
2299 4195 2654 4267 percipiendae
2680 4194 2933 4259 veritatis,
2957 4191 3264 4248 adhibendo
3282 4191 3348 4247 iis
3372 4190 3558 4253 ﬁdem,

1967 4306 2088 4362 quae
2130 4289 2196 4344 ad
2241 4287 2639 4360 prmcolendum
2675 4295 2730 4342 et
2770 4285 2837 4341 ad
2878 4283 3282 4356 praecurandum
3319 4282 3562 4337 animum

1967 4390 2096 4438 sunt
2119 4381 2370 4435 divinitus
2388 4377 2722 4435 constituta?
2744 4386 2837 4432 aut
2869 4375 2915 4432 si
2942 4375 3050 4446 jam
3083 4388 3305 4445 prorsus
3333 4373 3559 4445 idoneus

1968 4473 2080 4540 sis,
2121 4472 2350 4528 circuire
2391 4471 2568 4542 potius
2607 4469 2936 4540 aliquantum
2971 4482 3074 4537 qua
3123 4465 3445 4521 tutissimum
3475 4474 3563 4521 est

1971 4565 2217 4637 ingredi,
2249 4580 2410 4636 quam
2441 4573 2496 4619 et
2521 4563 2614 4618 tibi
2633 4577 2756 4618 esse
2784 4569 3058 4616 auctorem
3085 4558 3338 4630 periculi,
3371 4566 3426 4614 et
3450 4573 3560 4613 caa-

1974 4656 2101 4712 teris
2130 4655 2443 4711 temeritatis
2464 4654 2765 4725 exemplum
2786 4652 2810 4707 ?

2040 4748 2268 4804 CAPUT
2296 4747 2389 4803 XI.
2417 4777 2491 4788 —
2513 4748 2604 4803 25.
2633 4746 2903 4803 Credentes
2925 4746 2990 4801 ab
3015 4746 3336 4818 opinantium
3362 4744 3563 4800 temeri-

1973 4852 2074 4897 tate
2123 4842 2376 4914 quomodo
2429 4840 2611 4907 alieni.
2662 4840 2956 4912 Intelligere
2977 4879 2994 4906 ,
3046 4839 3282 4904 credere,
3337 4836 3583 4906 opinari.

1972 4936 2148 5002 Quare
2193 4935 2304 5004 jam
2342 4941 2587 5003 superest
2623 4940 2685 4988 ut
2710 4931 3113 4988 consideremus
3133 4973 3148 4998 ,
3176 4944 3284 5000 quo
3309 4936 3462 4998 pacto
3507 4926 3564 4980 hi

1973 5027 2234 5098 sequendi
2257 5041 2365 5081 non
2396 5025 2505 5080 sint
2527 5066 2543 5092 ,
2575 5024 2664 5095 qui
2693 5038 2754 5080 se
2777 5023 3101 5096 pollicentur
3129 5021 3334 5076 ratione
3372 5018 3566 5074 ductu-

1973 5135 2084 5177 ros.
2126 5119 2262 5176 Nam
2300 5117 2568 5190 quomodo
2604 5117 2723 5173 sine
2757 5117 2914 5187 culpa
2959 5114 3227 5186 possimus
3267 5111 3419 5182 sequi
3467 5125 3564 5167 eos

1974 5215 2064 5285 qui
2106 5211 2328 5269 credere
2363 5211 2553 5283 jubent
2575 5253 2589 5277 ,
2617 5211 2730 5282 jam
2769 5209 2969 5266 dictum
2995 5216 3078 5263 est
3107 5224 3120 5259 :
3153 5205 3219 5260 ad
3257 5207 3356 5260 hos
3384 5214 3564 5262 autem

1975 5321 2264 5379 sponsores
2306 5306 2558 5375 rationis,
2605 5321 2711 5363 non
2759 5303 2919 5360 modo
2971 5301 3090 5357 sine
3134 5300 3525 5372 vituperatione
3549 5343 3564 5368 ,

1975 5397 2070 5454 sed
2085 5397 2246 5453 etiam
2264 5411 2385 5452 cum
2402 5397 2576 5466 aliqua
2596 5394 2753 5452 laude
2775 5410 2836 5451 se
2862 5391 3046 5446 venire
3071 5390 3312 5446 nonnulli
3340 5399 3529 5461 putant
3551 5409 3563 5444 :

1978 5491 2071 5547 sed
2101 5507 2205 5546 non
2240 5493 2312 5547 ita
2341 5500 2444 5548 est.
2479 5490 2605 5545 Dum
2633 5488 2773 5544 enim
2801 5498 3045 5556 personae
3076 5483 3128 5538 in
3159 5484 3416 5555 religione
3441 5493 3568 5537 sunt

1978 5585 2312 5641 laudabiles:
2345 5599 2448 5639 una
2499 5597 2682 5638 eorum
2735 5579 2824 5648 qui
2865 5577 2974 5648 jam
3023 5577 3379 5643 invenerunt,
3429 5590 3563 5645 quos

1979 5679 2140 5732 etiam
2181 5678 2514 5732 beatissimos
2557 5673 2796 5741 judicare
2824 5685 3048 5727 necesse
3075 5681 3186 5736 est;
3233 5669 3332 5726 alia
3379 5682 3566 5723 eorum

2045 5825 2060 5852 ι
2099 5827 2146 5867 In
2165 5823 2367 5878 quatuor
2393 5821 2518 5871 Mss,
2541 5807 2820 5872 simplicem.

2045 5888 2065 5915 ²
2099 5876 2234 5938 Editi,
2254 5881 2588 5940 μοῖραι-θείαν.
2614 5881 2666 5922 At
2683 5879 2810 5940 Mss,
2835 5876 3111 5940 perpurget.

2051 5948 2069 5978 ³
2104 5935 2307 5993 veteres
2331 5935 2756 5994 libricons'auter,
2779 5935 2920 5985 Immo
2934 5935 3121 5998 repunt.
