4054 6478
527 455 600 519 87
1455 452 1543 508 DE
1580 448 1946 508 UTILITATE
1981 447 2349 516 CREDENDI,
2391 448 2450 505 S.
2493 449 2860 508 AUGUSTINI
3740 457 3808 514 88

525 569 847 628 temeritatis
868 609 885 637 ,
915 567 1006 626 ubi
1030 565 1376 639 praasumptio
1400 564 1654 621 scientiae.
1682 562 1739 618 Si
1773 561 1918 618 enim
1965 570 2116 630 turpe

529 673 615 722 est
658 661 774 715 sine
814 660 1022 717 ratione
1063 660 1309 730 cuiquam
1347 656 1596 721 credere,
1626 654 1752 725 quid
1794 661 2072 722 ex5pectas
2097 693 2112 718 ,

526 753 660 825 quid
685 754 910 823 satagis,
945 759 1004 808 ut
1021 753 1178 807 alicui
1199 752 1314 806 sine
1342 748 1548 804 ratione
1576 746 1825 813 credam,
1847 761 1956 817 quo
1983 745 2115 800 faci-

521 844 632 903 lius
660 856 746 900 tua
791 846 998 900 ratione
1021 844 1142 900 duci
1174 841 1409 912 possim?
1438 840 1522 895 An
1550 840 1759 895 ﬁrmum
1796 837 1994 908 aliquid
2026 852 2116 893 su-

523 938 910 1009 peraedificabit
933 937 1066 992 ratio
1084 945 1168 990 tua
1190 933 1535 989 fundamento
1547 930 1891 987 temeritatis?
1909 929 2116 986 Secun-

523 1029 655 1084 dum
679 1029 797 1084 illos
824 1030 1011 1098 loquor
1030 1069 1045 1091 ,
1077 1027 1268 1097 quibus
1297 1025 1568 1080 credendo
1593 1023 1954 1093 diSplicemus.
1982 1022 2114 1078 Nam

523 1137 628 1193 ego
679 1123 902 1178 credere
951 1131 1072 1175 ante
1114 1121 1376 1175 rationem
1405 1160 1420 1185 ,
1466 1135 1587 1174 cum
1634 1116 1988 1187 percipiendae
2032 1131 2116 1170 ra-

523 1214 658 1269 tioni
690 1229 793 1268 non
821 1212 895 1268 sis
925 1212 1147 1268 idoneus
1169 1252 1186 1279 ,
1214 1222 1270 1268 et
1317 1212 1431 1284 ipsa
1457 1210 1562 1267 ﬁde
1591 1212 1826 1265 animum
1870 1209 2116 1265 excolere

524 1305 852 1375 cxcipiendis
888 1305 1181 1361 seminibus
1219 1305 1458 1360 veritatis
1482 1345 1496 1370 ,
1525 1318 1635 1359 non
1665 1303 1840 1358 solum
1877 1302 2114 1357 saluber-

521 1401 718 1455 rimum
765 1399 945 1470 judico
975 1442 990 1466 ,
1035 1398 1131 1454 sed
1181 1399 1287 1452 tale
1339 1397 1558 1453 omnino
1586 1438 1602 1465 ,
1648 1397 1764 1452 sine
1809 1411 1916 1466 quo
1958 1396 2117 1464 tegris

522 1491 720 1546 animis
762 1491 907 1546 salus
933 1490 1110 1545 redire
1138 1505 1245 1545 non
1269 1490 1460 1559 possit.
1487 1487 1641 1555 Quod
1691 1488 1793 1544 illis
1825 1502 1946 1542 cum
1977 1487 2116 1542 deri-

523 1581 760 1637 dendum
805 1590 860 1635 et
904 1581 1119 1650 plenum
1151 1581 1466 1636 temeritatis
1514 1580 1722 1635 videtur
1745 1622 1758 1646 ,
1793 1578 2029 1648 profecto
2059 1587 2118 1632 ut

520 1673 740 1731 Christo
768 1673 1051 1729 credamus
1074 1715 1090 1740 ,
1118 1681 1282 1744 agunt
1320 1671 1678 1742 impudenter.
1705 1671 1909 1726 Deinde
1947 1669 2117 1725 fateor

521 1781 611 1822 me
635 1766 745 1836 jam
782 1764 998 1820 Christo
1034 1764 1363 1832 credidisse,
1390 1773 1444 1820 et
1482 1764 1535 1818 in
1563 1763 1798 1818 animum
1845 1760 2117 1816 induxisse

521 1857 578 1913 id
629 1871 750 1914 esse
809 1873 994 1913 verum
1061 1856 1203 1927 quod
1255 1856 1341 1910 ille
1406 1855 1601 1911 dixerit
1631 1895 1646 1918 ,
1695 1853 1908 1910 etiamsi
1975 1850 2116 1906 nulla

521 1950 730 2006 ratione
759 1950 1006 2006 fulciatur
1037 1967 1052 2005 :
1081 1949 1203 2017 hoc,
1230 1949 1500 2016 hzeretice,
1530 1948 1788 2018 principio
1808 1961 1894 2002 me
1920 1946 2112 2000 doctu-

521 2057 617 2099 rus
659 2058 720 2099 es
762 2044 822 2098 “2
871 2043 999 2100 Sine
1040 2043 1311 2113 paululum
1360 2057 1569 2098 mecum
1623 2041 1738 2110 ipse
1779 2037 2115 2094 considerem

521 2136 801 2207 (quoniam
830 2135 1097 2191 Christum
1127 2136 1321 2205 ipsum,
1350 2133 1617 2204 quomodo
1649 2146 1907 2202 apparere
1939 2127 2117 2184 homi-

519 2230 684 2285 nibus
707 2230 896 2296 voluit,
940 2229 1030 2299 qui
1082 2229 1199 2284 istis
1225 2229 1386 2285 etiam
1415 2227 1722 2297 vulgaribus
1759 2225 1928 2280 oculis
1971 2226 2117 2282 visus

521 2336 646 2378 esse
693 2321 1034 2392 prazdicatur,
1062 2337 1161 2393 ego
1190 2337 1296 2376 non
1326 2320 1454 2393 vidi)
1485 2320 1676 2391 quibus
1715 2319 1783 2374 de
1823 2319 1914 2373 illo
1940 2319 2114 2375 credi-

521 2412 718 2482 derim,
748 2421 808 2468 ut
850 2414 917 2468 ad
960 2423 1012 2470 te
1037 2414 1145 2483 jam
1168 2414 1258 2468 tali
1302 2414 1408 2469 fide
1460 2421 1805 2484 praestructus
1842 2411 2113 2468 accedam.

522 2500 694 2560 Nullis
719 2521 806 2560 me
830 2505 986 2560 video
1011 2505 1325 2571 credidisse,
1345 2506 1445 2560 nisi
1471 2505 1787 2575 populorum
1807 2513 1966 2575 atque
1987 2520 2119 2575 gen-

522 2598 661 2653 tium
691 2598 1022 2653 confirmatm
1047 2598 1282 2669 opinioni
1299 2614 1362 2654 ac
1389 2597 1544 2652 famae
1567 2598 1854 2653 admodum
1883 2597 2119 2654 celeber-

522 2689 677 2744 rimae
709 2708 723 2742 :
754 2689 854 2743 hos
882 2699 1063 2744 autem
1091 2690 1318 2759 populos
1337 2690 1593 2746 Ecclesiae
1613 2690 1891 2746 catholica:
1916 2698 2117 2762 myste-

524 2781 606 2833 ria
629 2795 1011 2850 usquequaque
1045 2796 1355 2851 occupasse.
1382 2781 1489 2836 Cur
1519 2799 1624 2836 non
1674 2782 1832 2852 igitur
1859 2781 1999 2851 apud
2025 2798 2118 2838 eos

525 2873 864 2943 potissimum
910 2873 1318 2942 diligentissime
1361 2874 1661 2944 requiram,
1706 2874 1833 2943 quid
1878 2873 2120 2929 Christus

525 2967 862 3037 praeceperit,
890 2981 1117 3036 quorum
1147 2967 1464 3022 auctoritate
1489 2975 1819 3031 commotus,
1847 2965 2118 3021 Christum

527 3057 729 3128 aliquid
755 3058 886 3113 utile
906 3059 1226 3129 prmeepisse
1247 3059 1357 3129 jam
1387 3057 1632 3114 credidi?
1662 3058 1813 3113 Tune
1841 3058 1972 3114 mihi
2003 3075 2120 3114 me-

526 3147 633 3204 lius
658 3152 996 3219 expositurus
1021 3166 1080 3206 es
1108 3151 1235 3220 quid
1263 3151 1356 3206 ille
1383 3151 1597 3216 dixerit,
1627 3166 1786 3221 quem
1826 3150 1992 3206 fuisse
2030 3159 2122 3206 aut

529 3256 790 3298 essenon
813 3251 1075 3312 putarem,
1099 3243 1144 3298 si
1175 3242 1271 3298 abs
1299 3251 1348 3297 te
1378 3241 1506 3297 mihi
1540 3242 1640 3296 hoc
1656 3242 2121 3296 commendaretur

529 3349 651 3390 esse
680 3335 1087 3390 credendum”?
1117 3337 1218 3391 hoc
1248 3350 1376 3405 ergo
1402 3334 1603 3390 credidi
1631 3376 1645 3401 ,
1675 3342 1734 3389 ut
1760 3334 1906 3402 dixi,
1941 3334 2118 3400 famae,

531 3429 849 3484 celebritate
873 3473 887 3494 ,
925 3430 1280 3484 consensione
1303 3470 1318 3494 ,
1367 3437 1631 3484 vetustate
1670 3428 1979 3482 roborattc’.
2012 3426 2120 3483 Vos

531 3530 709 3575 autem
749 3532 804 3577 et
834 3531 939 3576 tam
962 3521 1136 3591 pauci,
1160 3529 1216 3576 et
1243 3530 1350 3576 tam
1383 3519 1709 3584 turbulenti,
1741 3529 1796 3575 et
1839 3527 1946 3573 tam
1973 3519 2118 3586 novi,

531 3615 735 3669 nemini
764 3614 982 3670 dubium
1008 3623 1118 3678 est,
1151 3629 1308 3683 quam
1335 3611 1358 3643 ⁸
1384 3612 1514 3667 nihil
1546 3611 1764 3682 dignum
1802 3611 2122 3666 auctoritate

530 3704 848 3774 prmferatis.
883 3705 1013 3773 Qua:
1063 3705 1223 3776 igitur
1252 3705 1352 3760 ista
1384 3713 1528 3760 tanta
1557 3704 1825 3760 dementia
1863 3703 1985 3758 est?
2012 3703 2122 3758 lllis

531 3799 716 3864 crede,
746 3796 961 3852 Christo
987 3814 1108 3853 esse
1123 3797 1448 3854 credendum
1475 3813 1489 3862 ;
1521 3807 1574 3852 et
1594 3813 1624 3852 a
1652 3797 1805 3852 nobis
1831 3797 1976 3852 disce
1997 3795 2122 3867 quid

534 3888 749 3942 dixerit.
778 3889 903 3953 Cur,
949 3890 1174 3944 obsecro
1203 3891 1293 3945 te?
1320 3889 1454 3944 Nam
1485 3890 1528 3944 si
1559 3890 1632 3944 illi
1662 3889 1992 3957 deﬁcerent,
2023 3905 2123 3945 nec

533 3985 695 4032 tumo
734 3978 1021 4049 quidquam
1050 3980 1245 4035 docere
1281 3990 1532 4050 possent,
1573 3983 1739 4037 multo
1761 3981 1967 4038 facilius
1993 3982 2124 4037 mihi

534 4073 938 4141 persuaderent,
969 4075 1183 4130 Christo
1213 4091 1319 4130 non
1345 4091 1466 4131 esse
1494 4077 1841 4142 credendum,
1872 4091 2029 4146 quam
2057 4076 2124 4130 de

529 4166 627 4221 illo
655 4166 975 4236 quidquam,
1010 4167 1111 4222 nisi
1157 4167 1226 4223 ab
1251 4167 1316 4223 iis
1365 4183 1461 4238 per
1492 4183 1626 4238 quos
1654 4169 1702 4222 ei
1731 4167 2077 4223 credidissem
2103 4209 2119 4235 ,

535 4260 869 4316 discendum.
922 4261 966 4316 Ο
1019 4263 1286 4332 ingentem
1344 4260 1755 4329 confidentiam,
1811 4261 1896 4316 vel
1947 4261 2124 4329 potius

534 4351 824 4421 ineptiam!
856 4353 968 4424 Ego
991 4363 1042 4408 te
1064 4354 1233 4409 doceo
1256 4353 1382 4424 quid
1409 4352 1653 4408 Christus
1683 4353 2014 4424 praeceperit,
2038 4353 2124 4408 cui

527 4445 732 4499 credis.
759 4445 894 4510 Quid
912 4487 926 4510 ,
951 4446 994 4499 si
1024 4461 1130 4499 non
1152 4447 1201 4500 ei
1223 4445 1542 4501 crederem?
1569 4461 1696 4500 num
1723 4445 1924 4515 aliquid
1946 4444 2013 4500 de
2034 4445 2125 4500 illo

533 4551 624 4590 me
665 4536 858 4591 docere
889 4539 1114 4608 posses?
1143 4538 1246 4593 Sed
1296 4547 1545 4608 Oportet,
1594 4537 1796 4607 inquit,
1829 4545 1886 4592 ut
1911 4536 2120 4592 credas.

533 4629 671 4686 Num
703 4632 995 4686 vobiscum
1025 4633 1562 4688 commendantibus?
1590 4633 1729 4700 Non,
1759 4634 1925 4703 inquit
1955 4650 1969 4688 :
2001 4649 2123 4688 nam

534 4735 636 4777 nos
683 4723 802 4776 illos
828 4723 914 4792 qui
963 4725 1011 4778 ei
1054 4724 1278 4780 credunt
1308 4726 1515 4780 ratione
1544 4725 1804 4780 ducimus.
1834 4725 1941 4780 Cur
1967 4724 2125 4796 igitur

535 4814 614 4870 illi
655 4815 914 4869 credam?
943 4817 1076 4884 Quia
1120 4816 1260 4871 fama
1290 4818 1503 4872 fundata
1535 4827 1637 4873 est.
1676 4819 1862 4874 Utrum
1890 4835 1986 4889 per
2007 4835 2121 4884 vos,

533 4920 604 4959 an
629 4921 723 4975 per
751 4907 919 4960 alios?
945 4907 1046 4961 l’er
1064 4907 1217 4975 alios,
1244 4909 1429 4978 inquit.
1455 4908 1562 4964 lllis
1588 4926 1716 4980 ergo
1732 4909 1968 4976 credam,
1988 4920 2048 4966 ut
2071 4920 2126 4967 tu

533 5011 622 5052 me
650 4997 887 5053 doceas?
941 4999 1198 5054 Deberem
1230 4999 1476 5065 fortasse,
1501 5003 1603 5057 nisi
1631 5018 1717 5058 me
1747 5003 1849 5058 hoc
1878 5003 1953 5058 illi
1986 5020 2126 5074 pra:-

533 5089 690 5156 cipue
717 5100 1027 5157 monerent,
1080 5099 1139 5144 ut
1174 5091 1396 5150 omnino
1435 5093 1501 5147 ad
1543 5104 1593 5148 te
1621 5111 1727 5150 non
1774 5095 2122 5151 accederem:

532 5177 722 5233 dicunt
757 5182 902 5236 enim
930 5181 1258 5252 perniciosas
1289 5198 1385 5237 vos
1426 5183 1627 5241 habere
1663 5186 1954 5242 doctrinas.
2020 5187 2126 5242 Rc-

535 5269 825 5336 spondebis
851 5273 1220 5328 :Mentiuntur.
1253 5274 1530 5339 Quomodo
1555 5277 1711 5348 igitur
1731 5279 1810 5334 eis
1830 5279 1897 5334 de
1916 5277 2128 5337 Christo

533 5359 782 5428 credam,
827 5381 986 5434 quem
1032 5383 1137 5423 non
1190 5367 1465 5435 viderunt;
1505 5370 1574 5426 de
1611 5380 1664 5426 te
1713 5388 1816 5428 non
1867 5373 2081 5428 credam
2110 5416 2124 5442 ,

535 5463 697 5519 quem
721 5455 907 5511 nolunt
926 5458 1146 5513 videre?
1176 5460 1417 5530 Scriptis,
1444 5463 1536 5529 ait,
1560 5464 1739 5519 crede.
1766 5467 1837 5520 At
1868 5465 2128 5534 scriptura

534 5544 734 5612 omnis,
764 5547 808 5601 si
836 5564 971 5602 nova
1016 5560 1069 5604 ct
1109 5552 1340 5609 inaudita
1383 5557 1704 5624 proferatur,
1750 5559 1834 5613 vel
1860 5573 2129 5615 commen-

518 5701 531 5732 ε’
601 5703 619 5733 ι
652 5700 815 5749 Ριυνω
837 5707 965 5757 Mss,
1007 5702 1239 5754 ducturus
1257 5721 1324 5755 cs.

529 5763 857 5876 crgdzzttlicani
880 5771 1086 5825 quatuor
1114 5773 1162 5814 et
1185 5769 1402 5819 nonnulli
1431 5784 1458 5819 e
1482 5772 1733 5823 Gallicanis
1761 5782 1885 5836 Mss,
1917 5788 2006 5826 non
2030 5789 2131 5828 esse

746 5838 838 5873 um.

759 5839 823 5873 [γη
831 5862 838 5870 .

595 5884 616 5954 ξ
648 5892 696 5954 In
721 5893 848 5945 Mss,
874 5888 1108 5954 roborata.
1663 5929 1711 5954 ,μ

593 5947 620 5978 ⁸
650 5947 815 6000 Plures
837 5960 963 6012 Mss,
989 5951 1120 6013 quin.
1661 5947 1699 5968 “7
1745 5969 1754 6001 ι
1793 5991 1802 6000 ,

2225 561 2380 617 detur
2401 578 2432 617 a
2461 563 2670 632 paucis,
2715 564 2860 619 nulla
2901 564 3255 622 conﬁrmante
3282 567 3489 624 ratione
3511 609 3526 634 ,
3572 583 3681 626 non
3729 573 3804 643 ei,

2223 654 2318 709 sed
2355 655 2458 710 illis
2485 657 2576 726 qui
2623 671 2740 712 eam
2779 658 3097 728 proferunt,
3144 659 3398 716 creditur.
3446 661 3808 729 Quamobrem

2222 748 2514 818 scripturas
2543 750 2673 806 istas
2717 751 2764 806 si
2802 766 2898 807 vos
2926 752 3176 822 profertis
3198 793 3215 821 ,
3243 762 3351 809 tam
3381 756 3537 825 pauci
3582 766 3637 813 et
3664 757 3812 814 inco-

2222 839 2352 910 gniti
2383 880 2397 903 ,
2426 855 2533 895 non
2556 841 2684 896 libet
2711 841 2950 898 credere.
2981 841 3150 899 Simul
3173 845 3333 901 etiam
3358 856 3542 902 contra
3573 850 3809 919 promis-

2223 947 2344 988 sum
2364 933 2554 1000 facitis,
2585 933 2742 990 ﬁdem
2768 936 2941 1006 potius
2975 937 3322 1007 imperando,
3352 956 3515 1011 quam
3535 942 3812 999 reddendo

2221 1025 2501 1081 rationem.
2540 1027 2743 1082 Rursus
2767 1044 2853 1083 me
2881 1028 2949 1084 ad
2974 1030 3364 1088 multitudinem
3393 1033 3696 1105 famamque
3725 1051 3814 1090 reo

2222 1119 2458 1175 vocabis.
2478 1119 2683 1177 Cohibe
2705 1121 2916 1178 tandem
2943 1124 3287 1193 pertinaciam
3310 1169 3324 1192 ,
3356 1135 3412 1182 et
3439 1129 3619 1183 nescio
3647 1145 3811 1199 quam

2221 1208 2533 1264 indomitam
2577 1212 2898 1282 propagandi
2951 1215 3180 1270 nominis
3207 1215 3477 1272 libidinem
3511 1235 3525 1272 :
3557 1225 3615 1272 et
3649 1234 3814 1275 mone

2223 1301 2398 1370 potius
2423 1309 2480 1355 ut
2530 1301 2686 1370 hujus
2733 1303 3087 1360 multitudinis
3134 1307 3391 1374 primates
3437 1323 3705 1378 quaeram,
3757 1319 3814 1364 et

2221 1407 2455 1462 quaeram
2507 1391 2906 1464 diligentissime
2949 1410 3013 1451 ac
3063 1396 3520 1465 laboriosissime,
3552 1409 3609 1454 ut
3629 1400 3695 1455 ab
3725 1399 3814 1455 bis

2220 1483 2396 1553 potius
2423 1481 2492 1539 de
2537 1484 2619 1539 his
2663 1484 2856 1540 litteris
2881 1486 3081 1556 aliquid
3109 1487 3309 1544 discam
3330 1531 3346 1557 ,
3392 1491 3482 1560 qui
3512 1491 3556 1545 si
3585 1506 3693 1547 non
3719 1508 3814 1548 es-

2221 1584 2346 1631 sent
2367 1618 2382 1644 ,
2427 1575 2740 1632 discendum
2765 1579 2982 1635 omnino
3023 1595 3144 1636 esse
3171 1582 3453 1638 nescirem.
3485 1582 3565 1640 Tu
3595 1600 3725 1642 vero
3756 1585 3813 1641 in

2221 1666 2454 1723 latebras
2500 1677 2615 1724 tuas
2662 1669 2797 1736 redi,
2829 1686 2930 1726 nec
2956 1671 3242 1744 quidquam
3269 1673 3540 1741 insidiare,
3585 1678 3685 1734 sub
3711 1693 3814 1734 no-

2221 1759 2366 1817 mine
2389 1762 2647 1829 veritatis,
2672 1779 2830 1834 quam
2846 1766 3058 1823 conaris
3073 1767 3153 1823 eis
3179 1768 3448 1838 adimere,
3489 1769 3680 1841 quibus
3709 1787 3814 1828 au-

2221 1855 2524 1909 ctoritatem
2541 1855 2653 1925 ipse
2671 1856 2938 1912 concedis.

2294 1943 2383 2000 52.
2427 1945 2485 2001 Si
2531 1956 2710 2002 autem
2756 1948 2968 2005 Christo
3008 1951 3168 2007 etiam
3196 1953 3522 2010 credendum
3570 1965 3811 2026 negant,

2221 2036 2324 2091 nisi
2354 2035 2647 2092 indubitata
2691 2040 2827 2094 ratio
2873 2040 3078 2097 reddita
3128 2043 3317 2112 fuerit,
3371 2045 3646 2102 christiani
3698 2065 3812 2104 non

2221 2137 2363 2183 sunt.
2409 2129 2542 2184 Nam
2575 2129 2627 2185 id
2664 2131 2921 2188 adversus
2967 2149 3068 2190 nos
3117 2136 3309 2207 pagani
3339 2137 3554 2208 quidam
3600 2138 3811 2207 dicunt,

2221 2222 2385 2278 stulte
2423 2224 2638 2294 quidem
2661 2265 2676 2290 ,
2727 2226 2822 2281 sed
2861 2242 2968 2282 non
2998 2227 3100 2283 sibi
3119 2229 3352 2297 adversi,
3383 2247 3484 2288 nec
3509 2248 3816 2304 repugnan-

2221 2319 2323 2370 tes.
2352 2316 2460 2371 llos
2508 2333 2636 2372 vero
2679 2319 2798 2387 quis
2845 2317 2983 2374 ferat
3016 2321 3083 2374 ad
3111 2321 3384 2378 Christum
3429 2339 3489 2380 se
3529 2325 3810 2395 pertinere

2221 2408 2498 2476 profiteri,
2548 2411 2638 2479 qui
2687 2411 2788 2466 nisi
2831 2414 3220 2482 apertissimam
3253 2416 3514 2473 rationem
3535 2419 3710 2475 stultis
3741 2420 3817 2476 de

2221 2497 2332 2554 Deo
2357 2501 2694 2570 protulerint,
2723 2502 2854 2557 nihil
2879 2505 3206 2561 credendum
3218 2522 3340 2565 esse
3358 2509 3683 2565 contendunt
3700 2512 3721 2563 ?
3739 2512 3817 2567 At

2221 2588 2395 2659 ipsum
2431 2590 2670 2646 Videmus
2717 2603 2972 2664 quantum
3020 2595 3140 2664 illa,
3187 2597 3274 2652 cui
3313 2609 3369 2654 et
3397 2599 3497 2671 ipsi
3526 2600 3814 2667 creduut‘,

2220 2681 2380 2738 docet
2403 2681 2645 2750 historia,
2665 2684 2796 2738 nihil
2819 2685 2988 2756 prius,
3028 2703 3200 2758 neque
3219 2690 3408 2746 fortius
3431 2733 3446 2757 ,
3478 2708 3634 2761 quam
3662 2692 3815 2748 credi

2221 2774 2324 2830 sibi
2354 2775 2588 2830 voluisse
2619 2794 2631 2830 :
2658 2791 2780 2833 cum
2831 2778 2908 2832 illi
2939 2780 3174 2835 nondum
3223 2793 3404 2838 essent
3444 2783 3657 2849 idonei,
3686 2799 3816 2840 cum

2221 2868 2414 2938 quibus
2452 2868 2504 2923 ei
2532 2884 2620 2925 res
2658 2880 2840 2939 esset,
2869 2872 2937 2927 ad
2981 2873 3158 2928 divina
3203 2876 3539 2945 percipienda
3579 2886 3814 2934 secreta.

2222 2960 2361 3028 Quid
2391 2962 2533 3017 enim
2562 2962 2706 3018 aliud
2735 2974 2898 3036 agunt
2919 2975 3062 3022 tanta
3099 2977 3154 3024 et
3183 2976 3291 3023 tam
3334 2969 3500 3025 multa
3528 2972 3815 3037 miracula,

2223 3052 2343 3123 ipso
2369 3055 2532 3110 etiam
2559 3054 2772 3112 dicente
2792 3058 2880 3112 illa
2908 3059 3027 3114 ﬁeri
3053 3076 3157 3115 non
3188 3061 3257 3116 ob
3285 3061 3448 3130 aliud,
3491 3062 3591 3118 nisi
3620 3072 3679 3118 ut
3706 3064 3818 3120 sibi

2223 3145 2576 3202 crederetur?
2605 3147 2735 3203 Fide
2761 3149 2851 3204 ille
2877 3151 3068 3207 stultos
3087 3151 3332 3220 ducebat,
3365 3169 3461 3211 vos
3482 3155 3688 3212 ratione
3711 3157 3818 3212 du-

2224 3238 2362 3293 citis.
2386 3235 2662 3295 Clamabat
2685 3241 2775 3296 ille
2797 3252 2853 3296 ut
2873 3241 3199 3310 crederetur,
3223 3259 3315 3300 vos
3334 3247 3657 3301 reclamatis.
3672 3247 3819 3303 Lau-

2225 3329 2383 3386 dabat
2412 3332 2693 3389 credentes
2720 3335 2814 3390 ille
2840 3376 2856 3402 ,
2885 3351 2978 3392 vos
3005 3337 3316 3409 objurgatis.
3348 3339 3460 3394 Nisi
3481 3355 3609 3396 vero
3635 3350 3726 3396 aut
3757 3343 3816 3398 in

2225 3420 2404 3475 vinum
2447 3437 2639 3492 aquam
2687 3435 3025 3482 converteret
3049 3427 3229 3498 (Joan.
3281 3446 3355 3495 xu,
3409 3430 3569 3501 7-9),
3626 3432 3820 3488 utalia

2223 3513 2488 3580 omittam,
2519 3514 2566 3568 si
2593 3514 2722 3568 nihil
2746 3515 2852 3571 tale
2878 3515 3183 3586 facientem,
3209 3518 3304 3574 sed
3327 3517 3604 3576 docentem
3635 3521 3816 3576 homi-

2225 3619 2324 3660 nes
2365 3605 2516 3674 sequi
2546 3615 2766 3675 possent
2797 3625 2809 3659 :
2840 3617 2934 3662 aut
2961 3609 3092 3663 nihil
3138 3593 3548 3680 pendenda'vox
3583 3611 3668 3668 illa
3699 3623 3818 3682 cst,

2225 3694 2425 3750 Credite
2454 3694 2580 3762 Deo,
2611 3705 2659 3750 et
2685 3697 2811 3752 mihi
2854 3698 3039 3754 credite
3069 3699 3180 3772 (Id.
3209 3717 3317 3770 11v,
3352 3701 3427 3774 1);
3459 3711 3552 3758 aut
3595 3705 3820 3758 temeri-

2227 3789 2350 3844 tatis
2374 3789 2463 3845 ille
2487 3790 2783 3859 culpandus
2808 3801 2922 3858 est,
2953 3792 3042 3862 qui
3071 3808 3194 3848 eum
3219 3793 3273 3849 in
3301 3794 3517 3849 domum
3546 3811 3693 3852 suam
3719 3812 3821 3852 ve-

2228 3883 2344 3937 nire
2373 3883 2564 3950 noluit,
2594 3883 2711 3938 solo
2743 3884 2862 3955 ejus
2889 3886 3114 3955 imperio
3135 3888 3285 3956 pueri
3314 3890 3394 3943 sui
3419 3889 3661 3944 morbum
3689 3906 3820 3946 cre-

2227 3973 2360 4030 dens
2381 3991 2502 4032 esse
2520 3991 2792 4032 cessurum
2814 3977 3028 4049 (Matth.
3058 3995 3174 4048 νιιι,
3199 3980 3276 4051 8).
3310 3982 3449 4052 Ergo
3476 3981 3565 4037 ille
3586 3982 3826 4041 affercns

2227 4068 2546 4123 medicinam
2578 4085 2697 4140 qua:
2717 4071 3152 4141 corruptissimos
3172 4089 3351 4130 mores
3377 4083 3626 4129 sanatura
3647 4087 3823 4144 esset,

2229 4159 2508 4214 miraculis
2537 4161 2840 4215 conciliavit
2863 4164 3254 4232 auctoritatem,
3282 4167 3600 4222 auctoritate
3623 4169 3828 4224 meruit

2230 4249 2432 4320 fidem,
2481 4252 2586 4308 ﬁde
2631 4253 2901 4308 contraxit
2967 4254 3360 4310 nuiltitudinem
3393 4298 3407 4323 ,
3480 4257 3826 4315 multitudine

2229 4344 2458 4402 obtinuit
2487 4355 2827 4412 vetustatem,
2855 4356 3121 4404 vetustate
3153 4349 3423 4404 roboravit
3452 4349 3767 4419 religionem
3804 4371 3821 4406 :

2229 4452 2386 4508 quam
2428 4452 2536 4494 non
2585 4438 2761 4494 solum
2813 4438 3185 4496 haereticorum
3229 4440 3557 4510 ineptissima
3605 4442 3828 4498 novitas

2231 4529 2504 4586 fraudibus
2528 4546 2710 4602 agens,
2745 4531 2839 4586 sed
2874 4547 2974 4588 nec
2999 4534 3234 4604 gentium
3259 4532 3474 4604 quidem
3503 4541 3828 4591 veternosus

2229 4640 2384 4681 error
2422 4625 2684 4682 violenter
2718 4625 3045 4694 adversans,
3077 4626 3254 4697 aliqua
3281 4642 3347 4682 ex
3401 4635 3553 4697 parte
3597 4627 3828 4682 convel-

2229 4719 2383 4775 leret.

2301 4809 2527 4865 CAPUT
2564 4808 2680 4864 XV.
2708 4837 2778 4848 —-—
2808 4809 2897 4864 '55.
2933 4808 3200 4878 Sapientia
3246 4806 3342 4863 Dei
3388 4808 3687 4875 incuruata,
3741 4811 3833 4866 via

2231 4901 2299 4954 ad
2321 4900 2614 4971 religionem
2639 4901 3067 4955 commodissima.
3088 4900 3474 4967 Quamobrem,
3504 4901 3712 4956 tametsi
3727 4898 3836 4956 do—

2232 5007 2356 5048 cere
2401 5007 2509 5049 non
2541 4992 2728 5059 valeo,
2759 5007 2980 5046 mouere
3010 5002 3190 5047 tamen
3233 5007 3341 5046 non
3369 4991 3578 5061 desino,
3608 5000 3664 5047 ut
3694 5009 3834 5062 quu-

2235 5085 2377 5140 niam
2412 5084 2569 5139 multi
2598 5099 2657 5139 se
2704 5085 2974 5154 sapientes
3016 5083 3186 5139 videri
3211 5084 3415 5153 volunt,
3446 5100 3617 5154 neque
3647 5093 3838 5142 utrum

2233 5178 2342 5232 sint
2369 5177 2537 5242 stulti,
2590 5175 2921 5246 dignoscere.
2950 5176 3105 5232 facile
3130 5184 3250 5240 est;
3293 5176 3439 5231 omni
3485 5176 3786 5233 intentione
3824 5223 3839 5250 ,

2234 5272 2478 5340 votisque
2507 5270 2756 5324 omnibus
2776 5309 2791 5336 ,
2821 5269 3106 5337 gemitibus
3136 5267 3369 5338 denique
3390 5309 3404 5336 ,
3433 5268 3517 5323 vel
3544 5269 3706 5324 etiam
3725 5309 3740 5336 ,
3797 5274 3844 5326 si

2238 5360 2352 5417 ﬁeri
2383 5369 2576 5430 potest,
2609 5357 2823 5414 fletibus
2849 5359 3018 5414 Deum
3041 5358 3333 5428 deprecerc
3359 5399 3374 5426 ,
3421 5368 3479 5413 ut
3509 5368 3560 5413 te
3583 5358 3652 5413 ab
3685 5374 3845 5412 erro-

2234 5455 2312 5512 ris
2337 5453 2477 5508 malo
2505 5452 2717 5518 liberet,
2749 5449 2793 5505 si
2824 5450 2920 5504 tibi
2950 5450 3106 5506 beata
3136 5451 3244 5505 vita
3274 5449 3422 5505 cordi
3454 5459 3556 5505 est.
3579 5449 3733 5518 Quod
3766 5450 3851 5506 fa—

2235 5548 2391 5605 cilius
2421 5546 2547 5611 ﬁet,
2577 5545 2622 5599 si
2655 5544 2933 5613 praeceptis
2955 5543 3101 5613 ejus,
3139 5559 3258 5613 quae
3287 5551 3429 5596 tanta
3460 5542 3715 5597 Ecclesiae
3747 5556 3847 5595 ca-

2244 5643 2453 5697 tholicae
2476 5638 2789 5693 auctoritate
2821 5638 3026 5692 firmata
3055 5652 3172 5692 esse
3204 5636 3389 5701 voluit,
3425 5636 3597 5690 libens
3623 5636 3811 5690 obtem
3835 5670 3847 5677 -

2244 5749 2417 5804 percs.
2445 5732 2578 5786 Cum
2621 5727 2762 5782 cnim
2793 5731 3003 5798 sapiens
3047 5731 3114 5782 sit
3144 5728 3252 5781 Deo
3281 5727 3349 5782 ita
3383 5737 3562 5783 mente
3610 5727 3848 5795 conjun-

2245 5835 2396 5890 ctus,
2428 5833 2483 5876 ut
2511 5822 2641 5875 nihil
2681 5821 3048 5889 interponatur
3083 5819 3224 5890 quod
3254 5829 3494 5890 separet;
3525 5820 3668 5876 Deus
3694 5820 3851 5876 enim

2319 5963 2334 5992 ί
2372 5964 2574 6007 V‘etcrcs
2593 5954 2717 6020 libri,
2744 5961 2933 6005 ceaunt.
