4054 6452
2530 386 2611 395 ληνη

213 446 277 505 39
1028 450 1037 459 ’
1617 448 1821 507 LIBER
1857 450 2056 509 unus.
2642 439 2655 452 ’
3452 470 3522 530 90

216 572 289 619 est
309 561 553 629 veritas;
598 576 711 622 nec
733 563 851 623 ullo
873 576 1033 638 pacto
1059 568 1271 639 sapiens
1299 567 1579 639 quisquam
1608 576 1693 623 est
1716 608 1733 634 ,
1763 567 1812 623 si

219 671 317 712 non
339 656 639 713 veritatem
668 671 859 715 mente
907 662 1178 732 conlingat
1207 680 1222 716 :
1254 676 1450 733 negare
1493 675 1600 716 non
1626 675 1817 731 possu-

223 756 329 797 mus
372 741 517 797 inter
566 742 861 798 stultitiam
902 743 1136 800 hominis
1171 753 1229 801 et
1269 744 1686 801 sincerissimam
1719 744 1816 801 Dei

224 839 489 892 veritatem
520 836 772 894 medium
810 838 1066 909 quiddam
1096 838 1462 909 interpositam
1490 853 1610 895 esse
1634 838 1813 895 homi-

221 930 293 984 nis
315 928 672 998 sapientiam.
705 928 935 1001 Sapiens
963 931 1106 987 enim
1127 970 1142 997 ,
1187 938 1447 1000 quantum
1474 930 1658 985 datum
1698 938 1812 997 est,

217 1020 446 1075 imitatur
465 1021 688 1087 Deum;
724 1022 930 1077 homini
972 1032 1151 1077 autem
1179 1022 1362 1089 stulto,
1395 1021 1464 1077 ad
1501 1020 1814 1079 imitandum

214 1112 520 1180 salubriter,
574 1113 714 1172 nihil
758 1124 846 1173 est
879 1116 1098 1173 homine
1144 1117 1385 1186 sapiente
1424 1116 1807 1187 propinquius:

213 1221 361 1275 quem
388 1207 683 1277 quoniam,
709 1218 768 1264 ut
794 1209 994 1268 dictum
1019 1218 1121 1276 est,
1153 1210 1453 1281 intelligere
1477 1209 1684 1266 ratione
1704 1224 1811 1266 non

209 1296 354 1354 facile
384 1308 497 1366 est,
548 1301 840 1371 oportebat
875 1301 1121 1372 quaedam
1168 1300 1427 1357 miracula
1471 1301 1599 1371 ipsis
1641 1300 1812 1356 oculis

207 1387 510 1457 admoveri,
559 1391 755 1460 quibus
786 1400 1019 1448 .utuutur
1060 1391 1219 1455 ,stulti
1249 1391 1419 1447 multo
1441 1407 1601 1462 quam
1631 1400 1812 1447 mente

208 1480 585 1549 commodius,
618 1491 689 1551 ut
727 1492 1120 1540 commoturum
1163 1484 1483 1539 auctoritate
1532 1482 1809 1538 hominum

209 1574 352 1644 prius
381 1576 497 1630 vita
528 1590 825 1648 moresque
853 1585 1229 1649 purgarentur,
1265 1585 1321 1632 et
1345 1576 1417 1631 ita
1442 1576 1636 1632 rationi
1664 1576 1808 1631 acci-

215 1665 422 1735 pienda:
464 1666 682 1723 habiles
718 1670 933 1725 tierent.
980 1668 1113 1725 Cum
1161 1669 1321 1739 igitur
1358 1677 1412 1724 et
1456 1668 1616 1723 homo
1666 1676 1811 1724 esset

214 1755 523 1825 imitandus,
551 1768 741 1815 etnon
776 1760 833 1815 in
856 1759 1071 1817 homine
1097 1774 1221 1831 spes
1243 1758 1523 1831 ponenda;
1553 1758 1679 1831 quid
1707 1773 1807 1830 po-

212 1849 312 1905 tuit
334 1850 701 1922 indulgentius
728 1861 785 1909 et
814 1853 1090 1909 liberalius
1115 1852 1370 1909 divinitus
1402 1854 1537 1922 fieri,
1560 1868 1719 1923 quam
1748 1862 1808 1909 ut

208 1940 317 2012 ipsa
346 1944 444 1998 Dei
469 1945 714 2013 sincera,
738 1954 963 2012 aeterna,
994 1944 1556 2015 incommutabilisque
1578 1944 1804 2015 Sapien-

208 2035 293 2101 tia,
324 2036 409 2091 cni
440 2052 550 2092 nos
578 2037 792 2094 haerere
821 2047 1059 2108 oportet,
1105 2039 1380 2108 suscipere
1408 2038 1679 2095 hominem
1719 2038 1804 2093 di-

206 2131 493 2199 gnaretur?
520 2130 628 2198 Qui
656 2145 764 2185 non
806 2130 967 2186 modo
1009 2130 1099 2185 illa
1129 2129 1356 2197 faceret,
1388 2130 1583 2201 quibus
1620 2130 1687 2185 ad
1714 2144 1803 2185 se-

209 2219 477 2288 quendum
500 2221 678 2276 Deum
701 2222 1075 2288 invitaremur;
1095 2222 1190 2278 sed
1210 2222 1369 2277 etiam
1397 2222 1487 2276 illa
1509 2230 1799 2293 pateretur,

204 2314 388 2383 quibus
407 2331 440 2369 a
462 2314 751 2384 sequendo
781 2315 893 2370 Deo
917 2314 1343 2371 dcterrebamur.
1373 2312 1505 2367 Nam
1544 2329 1666 2368 cum
1691 2314 1805 2369 adi-

204 2412 321 2483 pisci
355 2407 734 2465 certissimum
761 2422 825 2463 ac
860 2421 1130 2461 summum
1174 2404 1375 2461 bonum
1400 2420 1559 2461 nemo
1588 2405 1793 2475 possit,

205 2506 291 2560 nisi
320 2503 373 2558 id
404 2503 574 2572 plene
608 2499 956 2572 perfecteque
983 2498 1267 2563 dilexerit;
1297 2496 1442 2568 quod
1463 2498 1608 2553 nullo
1636 2508 1794 2568 pacto

204 2599 316 2664 ﬁet,
335 2594 610 2667 quamdiu
638 2594 779 2649 mala
816 2592 1060 2664 corporis
1083 2599 1243 2662 atque
1260 2590 1477 2646 fortuita
1505 2590 1801 2645 formidan-

204 2697 308 2743 tar:
331 2688 425 2742 ille
451 2684 743 2741 nascendo
770 2683 1091 2739 mirabiliter
1118 2690 1173 2737 et
1201 2681 1474 2752 operando
1500 2680 1805 2735 conciliavit

201 2780 558 2845 charitatem;
592 2776 880 2833 moriendo
916 2783 1097 2830 autem
1122 2782 1175 2831 et
1213 2771 1548 2843 resurgendo
1573 2769 1805 2826 exclusit

203 2874 459 2931 timorem.
491 2872 622 2929 ιω
642 2885 776 2927 vero
803 2869 965 2927 talem
986 2884 1045 2925 se
1071 2867 1124 2923 in
1145 2867 1358 2923 caeteris
1376 2865 1537 2921 rebus
1553 2864 1802 2919 omnibus

202 2966 440 3037 praebuit,
468 2978 614 3035 quas
645 2960 901 3033 persequi
926 2960 1143 3029 longum
1174 2966 1278 3024 est,
1308 2963 1369 3011 ut
1389 2966 1444 3012 et
1466 2955 1645 3011 divina
1683 2955 1799 3011 cle-

201 3059 386 3113 mentia
409 3072 529 3128 quo
556 3054 786 3126 porrigi,
825 3062 883 3110 et
907 3051 1142 3108 humana
1171 3050 1455 3106 infirmitas
1497 3063 1603 3120 quo
1629 3047 1800 3119 possit

202 3152 343 3209 evehi
366 3150 733 3207 sentiremus.

259 3246 489 3304 CAPUT
521 3244 669 3301 XVI.
698 3273 772 3283 —
794 3242 887 3299 54.
914 3241 1204 3296 Auctoritas
1225 3239 1466 3293 diuinitus
1490 3238 1760 3292 constituta
1779 3279 1796 3306 ,

201 3357 304 3412 quc
328 3340 523 3410 partim
567 3335 856 3401 miraculis,
898 3334 1086 3405 partim
1125 3332 1435 3404 sequentium
1475 3329 1801 3384 multitudine

202 3444 352 3489 uiaret
372 3433 443 3487 ad
472 3432 659 3502 ﬁdem.
690 3428 820 3483 Haec
844 3437 950 3493 εει,
976 3424 1156 3491 crede,
1187 3422 1538 3479 saluberrima
1563 3420 1798 3476 auctori-

202 3536 290 3594 tas,
319 3528 441 3581 bzec
470 3524 629 3596 prius
656 3520 855 3577 mentis
882 3527 1080 3576 nostra:
1107 3532 1138 3572 a
1180 3527 1390 3573 terrena
1416 3514 1801 3570 inhabitatione

199 3619 496 3692 smpensio,
530 3618 653 3672 haec
680 3615 736 3670 in
752 3614 926 3669 Deum
950 3625 1140 3667 verum
1167 3609 1235 3665 ab
1259 3608 1418 3679 hujus
1442 3606 1626 3662 mundi
1650 3620 1799 3660 amo-

200 3730 251 3771 re
266 3711 581 3769 conversio.
604 3708 734 3764 Sola
759 3714 843 3762 est
868 3704 1176 3769 auctoritas,
1197 3717 1319 3772 qum
1338 3706 1642 3755 commovet
1660 3697 1798 3753 stul-

205 3814 278 3860 tos
319 3813 381 3858 ut
405 3804 479 3858 ad
500 3798 831 3870 sapientiam
864 3794 1180 3850 festinent‘.
1209 3790 1477 3859 Quamdiu
1502 3788 1801 3859 intelligere

198 3896 396 3952 sincera
424 3907 545 3947 non
570 3903 887 3962 possumus,
923 3884 1239 3941 auctoritate
1263 3882 1479 3953 quidem
1504 3878 1677 3948 decipi
1700 3879 1801 3932 mi-

198 4002 366 4042 serum
391 3994 479 4041 est
519 4002 533 4039 :
582 3980 683 4036 sed
709 3987 857 4035 certe
881 3977 1132 4032 miserius
1158 3991 1267 4031 non
1311 3971 1536 4029 moveri.
1568 3971 1623 4027 Si
1654 3970 1799 4025 enim

196 4078 281 4133 Dei
320 4072 676 4149 providentia
705 4086 813 4126 non
856 4066 1106 4139 praesidet
1147 4065 1309 4122 rebus
1353 4062 1636 4128 humanis,
1668 4060 1801 4115 nihil

196 4180 271 4227 est
290 4170 362 4225 de
386 4167 664 4237 religione
707 4159 1079 4232 satagendum.
1110 4158 1204 4214 Sin
1236 4170 1364 4211 vero
1394 4164 1447 4210 et
1462 4153 1672 4223 species
1710 4165 1799 4206 re-

194 4278 307 4318 rum
359 4259 642 4321 omnium,
685 4268 846 4325 quam
894 4251 1132 4322 profecto
1176 4264 1244 4304 ex
1273 4248 1454 4318 aliquo
1505 4243 1803 4300 verissimae

193 4350 617 4425 pulchritudinis
656 4347 805 4402 fonte
832 4358 1055 4400 manare
1074 4339 1401 4398 credendum
1425 4345 1537 4405 est,
1574 4345 1630 4391 et
1658 4337 1798 4390 inte-

192 4446 293 4501 rior
320 4443 521 4499 nescio
550 4454 677 4510 qua:
704 4435 1033 4501 conscientia
1053 4435 1073 4465 ¹
1096 4434 1263 4490 Deum
1292 4428 1637 4502 quaerendum
1658 4428 1800 4483 Deo-

192 4553 291 4607 que
320 4532 683 4591 serviendum
709 4528 962 4585 meliores
997 4540 1239 4599 quosque
1265 4523 1473 4578 animos
1515 4520 1665 4591 quasi
1705 4535 1803 4589 pu-

192 4628 330 4683 blice
355 4625 736 4698 privatimque
761 4620 1040 4684 hortatur;
1069 4632 1177 4672 non
1207 4623 1291 4671 est
1316 4610 1708 4683 desperandum
1733 4608 1803 4663 ab

192 4720 383 4774 eodem
430 4719 559 4788 ipso
589 4714 703 4769 Deo
750 4710 1127 4768 auctoritatem
1154 4707 1384 4779 aliquam
1415 4704 1761 4760 constitutam
1782 4742 1798 4769 ,

190 4826 293 4880 quo
325 4811 483 4865 velut
507 4805 678 4877 gradu
692 4813 845 4860 certo
862 4801 1170 4867 innitentes,
1203 4798 1517 4853 attollamur
1538 4796 1592 4850 in
1610 4794 1800 4850 Deum.

188 4902 315 4957 Ilaec
339 4909 553 4964 autem,
584 4896 822 4966 seposita
853 4894 1082 4957 ratione,
1115 4905 1275 4961 quam
1305 4889 1569 4945 sinceram
1601 4885 1803 4941 intelli-

189 5011 336 5067 gere,
374 5003 438 5048 ut
464 5005 617 5060 saepe
643 4989 906 5053 diximus,
938 4984 1309 5040 difﬁcillimum
1339 4980 1516 5037 stultis
1561 4987 1675 5046 est,
1704 4976 1804 5032 du-

190 5086 409 5157 pliciter
443 5096 550 5137 nos
570 5088 784 5144 movet;
817 5076 1013 5147 partim
1040 5072 1334 5139 miraculis,
1365 5071 1555 5142 partim
1581 5083 1802 5139 sequen-

194 5179 322 5232 tium
349 5170 724 5231 multitudine.
767 5168 910 5223 Nihil
960 5167 1148 5221 horum
1195 5174 1277 5220 est
1320 5163 1680 5218 necessarium
1718 5176 1804 5216 sa-

195 5269 399 5339 pienti;
438 5265 563 5336 quis
588 5261 786 5334 negat?
818 5258 925 5317 Sed
961 5258 1014 5314 id
1044 5272 1185 5313 nunc
1211 5258 1404 5327 agitur,
1443 5266 1501 5311 ut
1535 5255 1805 5325 sapientes

196 5379 313 5418 esse
342 5360 655 5433 possimus,
688 5355 742 5411 id
764 5363 875 5419 est,
904 5352 1170 5408 inhaerere
1208 5349 1420 5406 veritati
1453 5366 1465 5403 :
1494 5348 1639 5418 quod
1676 5361 1804 5417 pro-

200 5457 337 5510 fectu
366 5451 626 5511 sordidus
648 5449 863 5504 animus
888 5460 996 5502 non
1024 5453 1219 5516 potest.
1249 5443 1385 5499 Sunt
1409 5450 1589 5497 autem
1617 5438 1803 5495 sordes

200 5547 388 5611 animi,
412 5556 474 5601 ut
502 5543 657 5599 brevi
688 5539 975 5611 explicem,
1004 5552 1155 5593 amor
1182 5534 1541 5608 quarumlibet
1580 5548 1759 5589 rerum
1787 5574 1802 5599 ,

204 5650 396 5709 printer
419 5638 661 5694 animum
721 5642 774 5687 et
814 5632 979 5688 Deum
1018 5650 1028 5686 :
1057 5648 1083 5683 η
1113 5630 1302 5700 quibus
1331 5627 1579 5681 sordibus
1607 5635 1804 5694 quanto

202 5743 279 5787 est
332 5734 455 5803 quis
505 5724 810 5801 purgatior,
866 5732 1010 5777 tanto
1064 5736 1246 5776 verum
1291 5719 1494 5774 facilius
1538 5717 1799 5771 intuetur.

261 5894 274 5922 ι
312 5892 533 5953 uerique
558 5866 1587 5953 ωιίρειέίιςιιέτ-,ριειφπιξμίεξξίίιιῑιξξῆξ

257 5957 277 5987 ³
308 5931 625 6007 sibisi;
633 5931 783 6002 editi,
808 5946 853 5991 et
872 5931 1088 5992 intsriori
1109 5931 1272 5991 nescia
1290 5949 1385 6000 qua
1407 5931 1709 5988 consctentia.

1926 566 2124 626 Verum
2162 571 2320 644 igitur
2349 574 2531 635 videre
2570 579 2730 651 velle,
2760 589 2818 638 ut
2854 582 3092 640 animum
3122 599 3342 660 purges,
3386 603 3514 647 cum

1924 660 2047 719 ideo
2072 676 2324 737 purgetur
2350 679 2410 727 ut
2436 671 2634 739 videas,
2665 691 2975 745 perversum
3010 690 3157 735 certe
3185 690 3345 752 atque
3372 700 3517 752 pra:-

1925 767 2198 828 posterum
2220 770 2321 817 est.
2349 763 2561 820 Homini
2581 780 2709 838 ergo
2729 784 2833 825 non
2859 770 3059 826 valenti
3078 786 3265 827 verum
3287 775 3513 844 intueri,

1924 858 1985 906 ut
2006 850 2073 907 ad
2100 851 2152 908 id
2179 853 2272 910 flat
2298 854 2543 925 idoneus,
2576 863 2894 932 purgarique
2920 880 2980 920 se
3009 865 3189 934 sinat,
3220 870 3514 926 auctoritas

1922 954 2118 1016 praesto
2144 956 2226 1003 est
2251 966 2264 1002 :
2293 964 2472 1019 quam,
2498 961 2555 1007 ut
2580 954 2739 1021 paulo
2759 965 2882 1012 ante
2902 957 3032 1024 dixi,
3069 961 3261 1029 partim
3280 963 3518 1019 miracu-
3584 959 3595 1013 ξ

1922 1034 2019 1103 lis,
2051 1039 2245 1108 partim
2274 1041 2615 1100 multitudine
2660 1047 2839 1102 valere
2883 1064 3042 1105 nemo
3080 1052 3321 1123 ambigit.
3352 1054 3519 1111 Mira-
3584 1053 3596 1117 Ξ

1921 1128 2097 1185 culum
2124 1146 2289 1200 voco,
2339 1134 2595 1205 quidquid
2641 1138 2867 1195 arduum
2911 1150 3006 1197 aut
3044 1143 3317 1200 insolitum
3347 1161 3517 1218 supra
3582 1132 3595 1147 ’

1919 1238 2070 1295 spem
2102 1226 2187 1281 vel
2213 1226 2520 1285 facultatem
2545 1230 2789 1288 mirantis
2814 1244 3053 1305 apparet.
3091 1237 3151 1292 In
3177 1253 3283 1308 quo
3308 1255 3519 1310 genere

1918 1316 2053 1371 nihil
2080 1326 2163 1372 est
2185 1321 2394 1389 populis
2419 1323 2595 1392 aptius
2624 1331 2678 1378 et
2702 1325 2920 1380 omnino
2954 1329 3132 1384 stultis
3161 1330 3468 1388 hominibus
3487 1376 3514 1399 ν

1917 1423 2077 1478 quam
2118 1409 2170 1465 id
2198 1412 2341 1481 quod
2365 1414 2612 1471 sensibus
2654 1415 2990 1474 admovetur.
3017 1419 3123 1477 Sed
3161 1437 3346 1480 rursus
3391 1428 3513 1480 haec

1917 1501 1972 1558 in
1989 1503 2096 1560 duo
2119 1504 2464 1563 dividuntur:
2491 1510 2736 1579 quaedam
2769 1513 2914 1568 enim
2942 1522 3069 1569 sunt
3087 1530 3205 1585 qua:
3231 1518 3402 1572 solam
3427 1516 3517 1573 fa~

1915 1595 2063 1651 ciunt
2109 1597 2552 1668 admirationem;
2597 1601 2845 1673 quzedam
2889 1618 3020 1660 vero
3063 1620 3309 1675 magnam
3344 1607 3511 1665 etiam

1913 1688 2139 1758 gratiam
2168 1688 2703 1763 benevolentiamque
2754 1695 3063 1751 conciliant.
3110 1696 3243 1751 Nam
3294 1698 3340 1753 si
3386 1700 3511 1769 quis

1914 1778 2185 1835 volantem
2211 1780 2482 1838 hominem
2525 1795 2730 1851 cernat,
2778 1801 2902 1842 cum
2932 1802 2998 1843 ea
3028 1802 3117 1843 res
3140 1788 3272 1843 nihil
3297 1798 3494 1858 specta-

1914 1872 2017 1927 tori
2039 1872 2227 1929 alferat
2269 1876 2537 1932 commodi
2568 1886 2764 1948 praeter
2789 1880 2965 1949 ipsum
2991 1882 3379 1950 spectaculum,
3406 1884 3507 1939 mia

1912 1974 2062 2021 ratur
2087 1967 2476 2023 tantummodo.
2514 1968 2572 2025 Si
2598 1971 2718 2041 quis
2738 1979 2919 2026 autem
2951 1972 3101 2043 gravi
3130 1981 3187 2028 ct
3222 1973 3507 2045 desperato

1910 2057 2101 2114 morbo
2145 2058 2369 2116 affectus
2391 2100 2406 2127 ,
2434 2076 2561 2117 mox
2610 2072 2668 2117 ut
2693 2062 2904 2132 iussum
2934 2062 3097 2120 fuerit
3130 2066 3504 2136 convalescat,

1910 2152 2318 2211 admirationem
2340 2157 2581 2213 sanitatis
2607 2172 2721 2213 suae
2740 2200 2754 2223 ,
2783 2161 3031 2215 sanantis
3060 2160 3220 2216 etiam
3242 2160 3505 2218 charitate

1910 2245 2200 2315 superabit.
2232 2247 2381 2302 Talia
2420 2247 2558 2305 facta
2586 2259 2712 2305 sunt
2748 2250 2841 2305 illo
2872 2260 3113 2321 tempore
3142 2268 3248 2323 quo
3274 2253 3417 2309 Deus
3446 2254 3505 2308 in

1910 2350 2039 2391 vero
2067 2336 2285 2393 homine
2303 2380 2319 2405 ,
2352 2349 2612 2409 quantum
2642 2350 2725 2397 sat
2753 2353 2870 2398 erat
2889 2384 2905 2412 ,
2937 2342 3246 2400 hominibus
3272 2360 3510 2417 appare-

1909 2426 2019 2482 bat.
2046 2428 2230 2484 Sanati
2256 2430 2529 2502 languidi,
2562 2432 2802 2489 mundati
2831 2435 3064 2505 leprosi;
3093 2434 3335 2492 incessus
3358 2436 3509 2493 clau-

1908 2518 1994 2574 dis
2019 2562 2032 2584 ,
2062 2522 2219 2576 caecis
2243 2521 2408 2589 visus,
2433 2523 2610 2579 surdis
2630 2523 2843 2580 auditus
2865 2534 2946 2581 cst
2965 2525 3223 2581 redditus.
3246 2526 3509 2583 Homines

1908 2609 2051 2667 illius
2080 2614 2338 2683 temporis
2364 2629 2555 2684 aquam
2584 2616 2639 2670 in
2666 2616 2848 2671 vinum
2887 2630 3222 2683 conversam,
3266 2625 3509 2672 saturata

1908 2704 2144 2775 quinque
2165 2706 2331 2761 millia
2352 2707 2589 2779 quinque
2617 2709 2862 2779 panibus,
2892 2709 3114 2764 transita
3136 2708 3361 2781 pedibus
3384 2724 3505 2763 ma-

1908 2796 2009 2863 ria,
2037 2807 2279 2853 mortuos
2306 2809 2649 2870 resurgentes
2673 2800 2922 2857 viderunt
2950 2819 2964 2855 :
2992 2800 3063 2855 ita
3113 2800 3357 2870 quadam
3382 2815 3505 2856 cor-

1908 2890 2025 2959 pori
2060 2890 2430 2947 manifestiora
2470 2892 2732 2949 beneficio
2754 2934 2769 2961 ,
2802 2892 3048 2963 quaedam
3076 2907 3207 2948 vero
3232 2891 3398 2948 menti
3414 2906 3506 2947 oc-

1908 2982 2137 3037 cultiore
2164 2982 2318 3053 signo
2342 3025 2357 3049 ,
2386 2992 2442 3038 et
2468 2985 2648 3040 omnia
2681 2984 2986 3040 hominibus
3026 2984 3325 3054 majestatis
3353 2984 3505 3039 testi-

1907 3075 2091 3129 monio
2118 3074 2471 3131 consulebant
2510 3094 2522 3130 :
2558 3078 2636 3132 sic
2682 3077 2736 3132 in
2767 3091 2827 3132 se
2852 3084 2983 3133 tunc
3019 3076 3226 3131 animas
3262 3083 3506 3131 errantes

1907 3168 2217 3223 mortalium
2245 3169 2425 3223 divina
2456 3169 2833 3225 commovebat
2882 3169 3194 3225 auctoritas.
3240 3168 3367 3234 Cur,
3415 3169 3499 3222 in-

1906 3259 2027 3329 quis
2049 3302 2063 3327 ,
2094 3259 2198 3315 ista
2237 3260 2398 3316 modo
2426 3276 2534 3317 non
2561 3261 2736 3317 fiunt?
2763 3262 2897 3329 Quia
2922 3277 3028 3316 non
3058 3270 3371 3327 moverent,
3396 3259 3501 3315 nisi

1907 3349 2044 3405 mira
2075 3359 2258 3407 essent
2292 3368 2304 3404 :
2336 3361 2391 3405 at
2415 3351 2460 3407 si
2489 3351 2644 3407 solita
2667 3361 2869 3419 essent,
2892 3352 3026 3407 mira
3052 3366 3158 3407 non
3198 3358 3379 3406 essent
3403 3350 3503 3421 (a).

1905 3440 2040 3497 Nam
2057 3441 2161 3498 diei
2184 3452 2242 3499 et
2259 3444 2432 3499 noctis
2457 3444 2622 3511 vices,
2652 3452 2708 3499 et
2725 3444 3218 3501 constantissimum
3249 3442 3496 3498 ordinem

1906 3549 2087 3591 rerum
2111 3536 2409 3591 cmlcstium
2434 3577 2448 3604 ,
2476 3551 2740 3592 annorum
2778 3534 3158 3606 quadrifariam
3187 3536 3503 3591 conversio-

1906 3641 2063 3692 nem,
2114 3626 2423 3683 decidentes
2465 3626 2859 3697 redeuntesque
2913 3625 3133 3682 frondes
3176 3626 3458 3681 arboribus
3482 3668 3499 3693 ,

1906 3717 2171 3773 infinitam
2208 3718 2316 3774 vim
2361 3718 2626 3775 seminum
2646 3760 2660 3785 ,
2694 3716 3142 3789 pulchritudinem
3172 3716 3323 3782 lucis,
3354 3715 3503 3771 colo—

1909 3827 2053 3879 rum,
2076 3825 2334 3867 sonorum
2359 3851 2375 3877 ,
2407 3810 2633 3866 odorum
2655 3851 2669 3875 ,
2712 3823 3071 3879 saporumque
3097 3807 3407 3875 varietates,
3434 3807 3504 3863 da

1908 3902 1998 3973 qui
2026 3902 2256 3972 primum
2285 3900 2462 3957 videat
2488 3909 2650 3971 atque
2675 3899 2893 3966 sentiat,
2924 3915 3045 3955 cum
3071 3914 3179 3969 quo
3209 3910 3388 3954 tamen
3419 3899 3503 3955 lo-

1907 3996 1999 4066 qui
2039 3995 2305 4065 possimus
2334 4012 2349 4062 ;
2379 3994 2620 4051 hebescit
2659 3994 3007 4063 obruiturque
3044 3992 3322 4049 miraculis
3352 4010 3366 4046 :
3400 4007 3503 4048 nos

1908 4102 2036 4141 vero
2052 4087 2168 4142 haec
2187 4086 2389 4155 omnia,
2411 4102 2521 4143 non
2532 4085 2890 4157 cognoscendi
2906 4084 3191 4150 facilitate;
3214 4084 3340 4155 quid
3361 4085 3504 4140 enim

1909 4179 2087 4235 causis
2133 4178 2324 4234 borum
2355 4177 2675 4235 obscurius?
2723 4176 2820 4233 sed
2863 4185 3012 4232 certe
3058 4174 3325 4231 sentiendi
3355 4176 3498 4231 assi-

1909 4270 2112 4326 duitate
2142 4271 2552 4326 contemnimus.
2583 4268 2745 4324 Facta
2778 4276 2903 4323 sunt
2932 4267 3094 4336 igitur
3124 4266 3214 4320 illa
3240 4275 3503 4336 opportu-

1910 4362 2150 4427 nissime,
2200 4370 2261 4417 ut
2287 4363 2371 4417 his
2419 4360 2761 4417 multitudine
2806 4357 3140 4413 credentium
3180 4366 3506 4428 congregata

1909 4463 2070 4525 atque
2096 4464 2385 4524 propagata
2407 4496 2423 4522 ,
2451 4453 2506 4508 in
2533 4452 2678 4522 ipsos
2714 4465 2900 4507 mores
2926 4449 3073 4505 utilis
3100 4457 3505 4507 converteretur

1909 4548 2216 4604 auctoritas.

1979 4639 2209 4697 CAPUT
2239 4639 2399 4695 XVII.
2426 4668 2496 4679 —
2522 4639 2611 4695 35.
2639 4637 2810 4692 Mores
2836 4637 2953 4691 boni
2983 4635 3189 4707 populis
3222 4651 3376 4706 quam
3399 4635 3504 4689 uti-

1910 4734 2023 4787 liter
2041 4732 2341 4787 auctaritate
2363 4730 2609 4801 persuasi.
2636 4728 2881 4784 Ecclesia:
2907 4728 3171 4782 catholica:
3196 4727 3494 4781 auctoritas.

1910 4824 2085 4881 Mores
2127 4832 2306 4879 autem
2352 4821 2577 4893 quilibet
2627 4830 2829 4876 tantum
2869 4819 3051 4876 valent
3076 4818 3145 4874 ad
3184 4816 3503 4873 obtinendas

1912 4916 2190 4972 hominum
2214 4923 2443 4979 mentes,
2478 4923 2535 4970 ut
2561 4914 2722 4969 etiam
2770 4926 2890 4983 quae
2919 4911 2974 4966 in
3020 4912 3105 4965 his
3156 4924 3317 4980 prava
3356 4916 3502 4974 sunt,

1911 5008 2052 5080 quod
2082 5008 2194 5064 fere
2220 5007 2595 5078 superantibus
2626 5004 2935 5060 libidinibus
2962 5002 3163 5063 evenit.
3201 4997 3505 5070 improbare

1911 5101 2067 5157 citius
2091 5110 2146 5156 et
2171 5098 2449 5165 detestari,
2472 5114 2633 5168 quam
2657 5097 2910 5153 deserere
2948 5102 3040 5149 aut
3077 5101 3285 5148 mutare
3333 5089 3505 5160 possi-

1912 5209 2051 5247 mus.
2106 5192 2371 5246 Parumne
2420 5189 2722 5245 eousultum
2767 5188 2927 5243 rebus
2966 5183 3215 5239 humanis
3261 5181 3500 5237 arbitra-

1914 5285 2014 5349 ris,
2038 5284 2180 5355 quod
2210 5283 2343 5338 nihil
2370 5291 2665 5349 terrenum,
2696 5279 2828 5336 nihil
2855 5281 3088 5349 igneum,
3117 5275 3249 5330 nihil
3273 5274 3505 5345 denique

1914 5375 2055 5446 quod
2106 5375 2350 5445 corporis
2398 5388 2588 5430 sensus
2643 5371 2874 5440 attingit,
2923 5382 3020 5437 pro
3067 5367 3179 5423 Deo
3217 5366 3502 5424 colendum

1913 5483 2052 5535 esse,
2100 5468 2167 5522 ad
2192 5482 2355 5538 quem
2400 5467 2515 5523 solo
2562 5463 2834 5520 intellectu
2876 5459 3215 5515 ambiendum
3242 5469 3345 5529 est,
3393 5473 3503 5515 non

1915 5563 2069 5634 pauci
2094 5562 2390 5617 doctissimi
2416 5561 2705 5629 disputant,
2736 5554 2829 5611 sed
2863 5555 3168 5626 imperitum
3195 5554 3355 5609 etiam
3381 5553 3472 5608 vui

1914 5674 2011 5727 gus
2057 5657 2283 5712 marium
2315 5654 2736 5720 feminarumque
2776 5650 2830 5704 in
2870 5660 2978 5705 tam
3014 5650 3195 5705 multis
3240 5647 3495 5702 diversis-

1915 5765 2019 5818 que
2059 5747 2307 5817 gentibus
2336 5740 2579 5798 etcredit
2608 5750 2663 5796 et
2700 5740 2991 5811 praedicat?
3034 5738 3173 5811 quod
3219 5736 3500 5792 continen-

1980 5927 2052 5989 (α)
2076 5933 2093 5975 l
2116 5930 2337 5985 Retract.,
2365 5935 2467 5986 cap.
2490 5921 2566 5985 14,
2593 5934 2641 5971 n.
2667 5922 2715 5973 5.
