4082 6434
433 1081 459 1154 ξ

503 441 566 502 91
1180 436 1272 496 DE
1312 434 1682 498 UTILITATE
1720 428 2094 500 CREDENDl,
2129 426 2190 490 Β.
2230 429 2597 490 AUGUSTINI
2635 430 2839 490 LIBER
2875 431 3072 490 UNUS.

502 562 575 618 tia
601 563 771 631 usuue
806 557 874 614 ad
912 549 1279 615 tenuissimum
1326 551 1521 612 vietum
1542 547 1699 624 panis
1736 560 1791 609 et
1825 547 1996 623 aquae,
2024 559 2081 608 et

501 665 610 709 non
634 648 941 722 quotidiana
983 649 1180 717 solum,
1203 647 1300 704 sed
1327 647 1488 703 etiam
1517 653 1614 714 per
1641 649 1918 700 contentos
1951 644 2077 715 plu-

501 757 590 800 res
612 742 727 798 dies
750 737 1062 812 perpetuate
1097 740 1330 811 jejunio;
1381 735 1520 807 quod
1547 735 1760 792 castitas
1804 750 1972 807 usque
2017 735 2086 791 ad

501 833 733 906 coniugii
763 834 1034 904 prolisque
1061 837 1446 900 contemptum,
1471 828 1611 900 quod
1635 829 1887 899 patientia
1915 826 2084 899 usque

500 925 569 984 ad
611 940 800 984 cruces
832 920 1207 995 dammasque
1254 921 1546 994 neglectas,
1597 921 1739 994 quod
1795 921 2084 978 liberalitas

499 1034 670 1092 usque
693 1019 760 1075 ‘ad
789 1015 1104 1090 patrimonia
1129 1014 1412 1072 distributa
1442 1014 1785 1087 pauperibus;
1817 1013 1960 1086 quod
1981 1013 2082 1069 de-

499 1113 658 1184 nique
685 1113 846 1167 totius
892 1105 1050 1180 hujus
1077 1109 1262 1164 mundi
1301 1107 1603 1180 aspernatio
1643 1109 1811 1178 usque
1845 1107 1915 1162 ad
1944 1107 2086 1162 desi-

498 1205 704 1264 derium
741 1203 929 1259 mortis
970 1201 1295 1260 intendittxr?
1326 1200 1487 1258 Pauci
1530 1201 1645 1257 haec
1684 1200 1905 1269 faciunt,
1957 1215 2086 1272 pan-

498 1298 671 1354 ciores
703 1292 851 1351 bene
901 1293 1298 1366 prudenterque
1333 1293 1534 1348 faciunt
1565 1309 1580 1347 :
1609 1292 1704 1349 sed
1755 1293 1934 1364 populi
1957 1293 2085 1364 pro-

497 1388 644 1456 bant,
707 1387 886 1458 pepuli
933 1382 1178 1457 audiunt,
1237 1389 1419 1460 pepuli
1463 1384 1661 1453 favent,
1711 1384 1938 1458 diligunt
1989 1398 2086 1457 pos

497 1482 699 1539 streino
744 1478 1175 1553 pepuiizpopuii
1230 1494 1383 1536 suam
1436 1479 1889 1542 imbecillitatem,
1942 1478 2085 1551 quod

498 1573 601 1631 ista
627 1566 732 1630 non
753 1582 1000 1645 mssnnt,
1033 1585 1132 1630 nec
1155 1573 1276 1630 sine
1302 1570 1558 1643 provectu
1582 1573 1778 1628 mentis
1804 1572 1856 1627 in
1887 1571 2082 1639 Deum,

498 1679 598 1722 nec
622 1667 737 1723 sine
761 1664 1079 1737 quibusdam
1109 1665 1355 1722 scintillis
1387 1663 1615 1732 virtutis,
1653 1672 1925 1721 accusant.
1973 1664 2087 1720 Hoc

497 1757 694 1815 factum
723 1765 807 1814 est
833 1756 1010 1814 divina
1039 1757 1369 1829 providentia
1399 1769 1494 1828 per
1537 1753 1916 1829 prophetarum
1951 1757 2088 1812 Vati-

497 1849 658 1917 cinia‘,
687 1861 782 1922 per
825 1849 1214 1906 humanitatem
1261 1849 1666 1921 doctrinamque
1715 1849 1936 1918 Christi,
1991 1849 2088 1920 per

497 1943 878 2013 Aposmiorum
932 1945 1149 2010 itinera,
1206 1955 1303 2015 per
1352 1939 1650 2018 martyrum
1709 1944 2082 2013 contumelias,

497 2039 704 2100 cruces,
737 2035 1069 2106 sanguinem,
1101 2029 1323 2103 mortes,
1355 2043 1451 2106 per
1495 2041 1799 2091 sanctorum
1831 2033 2088 2106 “praedicas

495 2124 661 2180 uitem
681 2121 871 2194 vitam,
898 2125 1059 2196 atque
1083 2127 1138 2182 in
1168 2127 1250 2182 his
1280 2127 1546 2183 universis
1571 2126 1731 2199 digna
1769 2128 1930 2184 rebus
1961 2127 2084 2184 tane

497 2218 566 2274 tis
589 2217 749 2290 atque
791 2219 1080 2275 virtutibus
1106 2233 1205 2290 pro
1234 2227 1539 2292 temporum
1564 2219 1962 2293 opportunitate
1987 2222 2087 2276 mi-

494 2311 694 2367 racula.
722 2311 852 2368 Cum
881 2311 1041 2383 igitur
1068 2315 1271 2368 tantum
1301 2314 1557 2368 auxilium
1586 2313 1698 2378 Dei,
1729 2321 1932 2370 tantum
1960 2313 2088 2385 pro-

496 2396 692 2458 iectu'm
738 2399 1075 2474 fructumque
1099 2401 1400 2472 videambs,
1430 2404 1792 2460 dubitabimus
1821 2405 1923 2460 nos
1972 2405 2088 2475 ejus

495 2494 751 2551 [scelestae
779 2486 1263 2567 condere'gremio,
1309 2511 1428 2568 qua:
1465 2495 1632 2568 iisque
1677 2498 1743 2552 ad
1795 2496 2089 2553 confessio-

495 2591 616 2641 nem
658 2586 869 2657 generis
907 2585 1126 2642 humani
1147 2589 1217 2642 ab
1260 2589 1551 2658 apostolica
1579 2588 1721 2644 Sede
1746 2602 1844 2658 per
1871 2601 2086 2644 succes-

497 2678 679 2736 siones
729 2675 1124 2750 episeop‘orum,
1160 2680 1355 2736 frustra
1381 2679 1646 2736 haereticis
1682 2681 2088 2736 circumlatran-

497 2771 658 2839 tibus,
686 2775 740 2827 et
773 2771 965 2841 partim
1011 2772 1182 2842 plebis
1219 2774 1386 2844 ipsius
1420 2773 1641 2843 judicio,
1683 2774 1875 2843 partim
1917 2773 2089 2829 conci-

495 2861 690 2916 liorum
715 2863 998 2932 gravitate,
1045 2865 1241 2934 partim
1289 2863 1450 2920 etiam
1497 2862 1874 2920 miraculorum
1924 2865 2090 2935 maje-

495 2951 634 3010 staie
675 2953 964 3024 damnatis,
1021 2957 1231 3012 cuimen
1277 2958 1610 3013 auctoritatis
1649 2957 1877 3012 obtinuit
1905 2958 1965 3012 ‘7
1991 2955 2088 3013 Cui

496 3045 642 3103 nolle
696 3049 895 3119 primas
933 3039 1082 3115 dare,
1127 3052 1210 3105 vel
1248 3061 1470 3105 summae
1515 3049 1758 3120 profecto
1801 3051 2088 3122 impietatis

496 3145 602 3206 est,
628 3139 714 3195 vel
743 3137 1034 3210 praecipitis
1057 3142 1397 3212 arrogantire.
1433 3140 1566 3196 Nam
1590 3142 1635 3196 si
1662 3141 1806 3196 nulla
1828 3149 1975 3197 certa
2019 3141 2087 3197 ad

497 3229 812 3301 sapientiam
849 3232 1182 3304 salutemque
1209 3229 1401 3289 animis
1423 3233 1508 3289 via
1529 3241 1634 3301 est,
1677 3235 1783 3291 nisi
1827 3247 1948 3290 cum
1993 3237 2088 3293 ens

495 3322 688 3379 rationi
733 3325 976 3395 prmcoiit
1001 3323 1181 3391 ‘iides;
1213 3327 1339 3397 quid
1367 3333 1450 3382 est
1477 3325 1622 3381 aliud
1670 3327 1937 3397 ingratum
1967 3341 2088 3384 esse

496 3414 583 3484 opi
633 3417 794 3485 atque
821 3406 1020 3470 auxilio
1062 3416 1260 3482 divino,
1308 3427 1464 3487 quam
1517 3415 1665 3472 tanto
1709 3415 2086 3488 labore'prte—

495 3505 652 3562 dicta:
675 3508 975 3564 auctoritati
1007 3501 1143 3564 velle
1164 3510 1452 3566 resistere?
1473 3510 1542 3565 Et
1567 3511 1610 3565 si
1633 3508 1966 3582 unaquaeque
2008 3511 2090 3566 di-

494 3597 736 3668 sciplina,
768 3599 1069 3670 quanquam
1101 3601 1220 3655 vilis
1245 3610 1300 3656 et
1319 3601 1507 3669 facilis,
1537 3609 1596 3657 ut
1643 3602 1844 3674 percipi
1895 3603 2083 3674 possit,

495 3687 770 3746 docturem
814 3681 907 3745 aut
949 3687 1265 3764 magistrum
1323 3694 1574 3764 requirit;
1617 3694 1743 3764 quid
1789 3694 2088 3751 temeraria:

495 3771 760 3852 superbiae
783 3782 1027 3853 plenius,
1075 3793 1233 3855 quam
1271 3785 1570 3842 divinorum
1628 3797 2086 3844 sacramentorum

495 3871 681 3940 libros,
705 3881 759 3928 et
796 3873 864 3928 ab
894 3874 1275 3944 interpretibus
1317 3877 1428 3934 suis
1467 3877 1611 3935 nolle
1654 3883 2000 3950 Cognoscere,
2030 3888 2088 3936 et

497 3957 798 4034 incognith
818 3957 954 4020 velle
981 3965 1278 4022 damnare?

565 4053 795 4111 CAPUT
817 4053 1002 4110 XVIII.
1022 4055 1196 4113 —56.
1227 4056 1496 4114 Conclusio
1535 4075 1625 4131 per
1662 4061 2081 4117 exhortationem.

497 4145 709 4201 Persica
733 4146 940 4217 fabella.
969 4147 1351 4218 Quamobrem,
1385 4151 1428 4206 si
1467 4151 1593 4222 quid
1631 4161 1684 4208 te
1703 4153 1791 4209 vel
1817 4155 1971 4220 ratio,
1999 4154 2085 4209 vel

498 4237 670 4292 oratio
693 4243 875 4293 nostra
905 4240 1217 4308 commovit,
1252 4242 1375 4298 etsi
1406 4240 1608 4310 veram,
1658 4253 1716 4297 ut
1758 4243 1940 4310 credo,
1990 4258 2085 4299 cu-

500 4326 615 4385 r'ai‘n
648 4328 722 4384 till
747 4331 891 4400 geris
916 4348 930 4396 ;
957 4332 1119 4386 velim
1151 4341 1236 4388 me
1263 4329 1466 4401 audias,
1501 4343 1554 4390 et
1585 4335 1738 4390 bouis
1787 4343 2086 4406 pracepto-

499 4419 648 4478 ribiis
671 4421 950 4479 catholicae
979 4413 1394 4482 Christianitatis
1435 4435 1487 4482 te
1516 4425 1601 4497 pia
1631 4427 1755 4496 fide,
1778 4428 1942 4485 alacri
1965 4442 2082 4500 spe,

503 4513 734 4583 simplici
763 4513 1020 4571 charitale
1039 4518 1342 4572 committas
1372 4536 1386 4573 :
1419 4519 1692 4590 Deumque
1714 4520 1910 4590 ipsum,
1933 4521 2088 4590 cujus

500 4605 657 4661 unius
685 4611 739 4661 et
767 4605 1005 4663 bonitate
1030 4602 1154 4664 facti
1182 4608 1387 4677 sumtis,
1431 4610 1487 4666 et
1506 4611 1713 4680 justiiia
1755 4613 1946 4683 poenas
1986 4613 2088 4669 iui-

498 4703 641 4766 m‘us,
671 4705 722 4754 et
765 4699 1049 4755 Clementia
1075 4701 1384 4770 liberamur,
1431 4717 1588 4759 orare
1627 4715 1733 4759 non
1771 4719 1970 4762 cesses.
2009 4705 2088 4761 ita

499 4788 591 4845 tibi
621 4791 793 4860 neque
819 4786 1084 4863 praecepta
1133 4801 1186 4848 et
1231 4792 1617 4864 disputationes
1656 4795 2087 4853 doctissimorum

497 4882 772 4938 hdiiiinum
800 4888 852 4938 et
880 4897 1002 4939 vere
1023 4885 1456 4955 christianorum,
1511 4899 1686 4960 neque
1723 4889 1867 4956 libri,
1914 4905 2089 4960 neque

499 4975 702 5029 serenae
726 4975 855 5044 ipsa:
882 4976 1233 5048 cogitationes
1256 4973 1519 5034 defuerint
1551 4981 1746 5050 quibus
1764 4980 1921 5037 facile
1943 4982 2089 5053 quod

499 5066 696 5136 qureri‘s
716 5067 978 5122 invenias.
1003 5067 1134 5123 Nam
1167 5071 1300 5126 istos
1328 5069 1586 5127 verbosos
1613 5081 1668 5126 et
1692 5072 1917 5128 miseros
1938 5071 2089 5143 (quid

500 5157 642 5214 cnim
663 5157 802 5214 aliud
833 5160 1012 5217 mitius
1037 5162 1324 5234 dixerim?)
1348 5161 1562 5234 penitus
1585 5165 1776 5222 desere
1803 5182 1817 5220 :
1847 5167 1938 5238 qui
1961 5166 2088 5222 dum

502 5250 660 5306 bimis
691 5249 935 5324 quierunt
964 5254 1105 5312 unde
1131 5255 1202 5310 sit
1245 5257 1468 5325 malum,
1500 5257 1632 5312 nihil
1669 5256 1942 5329 reperiunt
1986 5259 2088 5316 nisi

501 5341 719 5400 insidia.
747 5344 804 5400 ih
835 5343 937 5417 qua
975 5348 1269 5418 quastione
1306 5357 1448 5421 saepe
1491 5349 1761 5406 auditores
1790 5341 2000 5421 erigunt
2020 5350 2088 5406 ad

537 5459 584 5528 ui
602 5457 770 5528 piitio
791 5457 871 5528 Er,
890 5471 999 5508 cum
1023 5453 1205 5523 θηήυοὶ
1227 5449 1354 5521 nisis,
1379 5455 1652 5511 dementis
1685 5457 1902 5511 columen
1925 5464 2088 5511 auda-

498 5519 657 5571 TMS
675 5519 890 5570 obtinuit.

562 5583 585 5614 ³
614 5588 772 5646 Forte,
786 5582 970 5634 robore.

2199 552 2544 629 quaerendum
2575 569 2592 610 :
2620 551 2718 610 sed
2741 566 2809 609 ea
2827 551 3022 610 docent
3047 551 3333 622 excitatos,
3360 559 3419 610 nt
3437 552 3525 611 vel
3543 552 3786 613 dormire

2199 657 2414 715 semper
2435 645 2602 700 satius
2637 644 2727 713 sit,
2757 659 2919 716 quam
2952 643 3045 700 illo
3091 644 3253 701 modo
3292 645 3566 718 evigilare.
3597 645 3677 702 De
3704 646 3783 704 ie-

2192 734 2446 805 thargicis
2473 737 2616 791 enim
2646 736 2986 808 phreneticus
3013 733 3218 793 iaciunt
3245 753 3259 791 :
3291 736 3434 794 inter
3457 751 3597 810 quos
3631 743 3784 794 mor-

2188 827 2308 897 bos,
2339 825 2460 884 cuin
2483 830 2553 886 sit
2575 837 2800 902 uterque
2834 828 3149 902 plerumque
3175 830 3502 901 mortiferas,
3548 831 3653 888 hoc
3701 841 3784 888 ta-

2189 920 2312 976 men
2338 921 2579 991 interest,
2631 923 2777 994 quod
2821 921 3095 995 ietbatgiei
3137 925 3254 980 sine
3275 921 3452 986 alica:
3498 925 3785 983 Vexatione

2187 1011 2516 1080 moriuntur;
2549 1013 2888 1085 phreneticus
2929 1020 3108 1071 autem
3143 1015 3334 1072 multis
3366 1016 3511 1073 sanis
3537 1018 3578 1084 ί,
3611 1024 3666 1074 et
3700 1017 3785 1074 eis

2187 1105 2522 1178 potissimum
2574 1109 2666 1178 qui
2719 1103 2906 1164 volunt
2939 1107 3247 1177 subvenire,
3301 1108 3622 1167 nretuendus
3674 1115 3780 1166 εει.

2187 1197 2320 1254 Nam
2346 1193 2520 1272 neque
2544 1201 2686 1257 Deus
2711 1197 2838 1256 mali
2862 1206 3050 1258 auctor
3091 1209 3192 1270 est,
3222 1203 3336 1258 hee
3370 1216 3602 1274 unquam
3653 1217 3784 1259 eum

2188 1283 2476 1364 quidquam
2525 1287 2716 1350 fecisse
2766 1287 3032 1364 ptenituit,
3074 1307 3176 1352 nec
3203 1294 3362 1351 ullius
3403 1295 3785 1353 commotionis

2189 1383 2352 1439 anlini
2379 1389 2698 1454 tempeatate
2727 1385 3000 1453 turbatur,
3032 1391 3135 1442 nee
3175 1393 3338 1442 terra
3388 1385 3652 1458 particula
3694 1400 3785 1444 res-

2188 1476 2352 1546 gn'hm'
2382 1475 2498 1548 ejus
2523 1483 2626 1546 cst,
2648 1477 3006 1548 nullajﬂagitia
3030 1477 3113 1534 vel
3123 1477 3332 1534 scelera
3357 1477 3548 1549 probat
3573 1479 3664 1534 iiut
3681 1478 3786 1534 im-

2189 1571 2360 1640 pertit,
2410 1569 2679 1639 nunquam
2725 1569 2996 1625 mentittlr.
3023 1567 3151 1625 Hae
3193 1568 3338 1625 enim
3379 1576 3541 1640 atque
3588 1569 3785 1640 hujus;

2189 1660 2334 1716 modi
2383 1667 2482 1716 nos
2510 1659 2816 1728 movebant,
2839 1659 2962 1716 cum
3000 1659 3065 1717 ea
3108 1661 3315 1732 magnis
3335 1661 3358 1693 ²
3388 1659 3785 1717 invectionibns

2190 1740 2491 1824 quaterent,
2520 1759 2574 1808 et
2606 1743 2745 1808 hanc
2772 1762 2892 1808 esse
2921 1752 3132 1809 Veteris
3174 1750 3503 1810 Testamenti
3540 1752 3787 1824 discipli-

2192 1850 2317 1900 nam
2376 1843 2953 1916 insimularent:qu0d
2997 1844 3218 1901 omnino
3283 1846 3629 1902 falsissimum
3677 1848 3785 1903 e‘st.

2192 1937 2375 2009 itaque
2405 1937 2522 1993 ili'os
2571 1943 2719 1994 recte
2762 1936 3159 2008 reprehendere
3203 1938 3304 1993 ista
3354 1937 3610 1995 concedo.
3641 1938 3790 2008 Quid

2191 2027 2318 2103 ergo
2345 2029 2545 2086 didici?
2571 2030 2708 2099 Quid
2738 2027 2912 2101 putas,
2953 2030 3054 2085 nisi
3077 2041 3206 2086 'cum
3252 2029 3350 2086 ista
3384 2029 3792 2100 reprehendun-

2192 2134 2298 2192 tur,
2321 2121 2657 2194 distipllna‘m
2676 2121 2996 2178 catholicam
3021 2120 3128 2178 non
3156 2121 3516 2192 reprehendi?
3543 2121 3619 2176 Ita
3637 2120 3792 2192 quod

2193 2215 2333 2286 apud
2359 2221 2454 2271 eos
2481 2222 2669 2270 verum
2699 2209 3012 2280 didiceram,
3053 2223 3214 2270 teneo
3239 2231 3254 2268 :
3282 2212 3426 2284 quod
3462 2212 3655 2268 falsum
3677 2227 3794 2284 pu-

2194 2313 2452 2374 taveram,
2481 2315 2696 2378 respuo.
2727 2307 2838 2364 Sed
2863 2313 2917 2362 ct
2949 2307 3052 2361 alia
3082 2305 3247 2362 multa
3274 2309 3363 2362 me
3388 2305 3569 2363 docuit
3593 2307 3788 2363 Eccle-

2193 2403 2271 2458 sia
2298 2397 2579 2468 catliolica,
2612 2401 2754 2471 Quod
2782 2401 2862 2456 illi
2896 2400 3142 2456 homines
3181 2405 3488 2472 exsangues
3538 2401 3784 2472 corpori-

2192 2493 2314 2558 bus,
2360 2492 2459 2550 sed
2503 2485 2670 2548 crassi
2721 2493 3019 2561 mentibus,
3071 2493 3311 2564 aspirare
3359 2507 3466 2550 non
3521 2500 3791 2563 possunt:

2193 2577 2364 2641 Deum
2389 2581 2594 2641 scilieet
2620 2592 2727 2642 non
2757 2589 2877 2644 esse
2900 2583 3218 2657 corporeum
3234 2626 3251 2655 ,
3279 2587 3483 2643 nullam
3512 2586 3629 2658 ejus
3654 2602 3787 2658 par-

2193 2674 2300 2732 tem
2332 2677 2608 2748 corporeis
2636 2678 2806 2733 Oculis
2829 2687 2990 2749 posse
3017 2674 3222 2745 sentiri,
3247 2677 3384 2734 nihil
3421 2677 3490 2734 de
3531 2678 3792 2735 subitan-

2196 2769 2266 2824 tia
2291 2769 2408 2839 ejus
2451 2769 2610 2841 atriue
2655 2773 2844 2826 natura
2875 2770 3000 2826 nilo
3043 2770 3211 2826 modo
3243 2773 3367 2827 esse
3403 2771 3652 2828 violabile
3695 2779 3794 2826 aut

2193 2862 2590 2929 commutabile,
2639 2866 2730 2919 aut
2765 2859 3119 2934 tenipositum
3149 2863 3193 2928 ⁸,
3223 2873 3317 2920 aut
3341 2864 3556 2931 dctum;
3597 2880 3719 2936 qua
3743 2865 3794 2921 si

2194 2950 2326 3010 mihi
2353 2941 2603 3012 concedis
2657 2955 2787 3027 ('n‘on
2823 2956 2969 3011 enim
2999 2955 3156 3011 aliter
3187 2955 3258 3012 de
3295 2956 3412 3012 Deo
3449 2957 3796 3012 sentiendum

2193 3047 2318 3118 est),
2369 3047 2548 3102 Omnia
2599 3041 2814 3103 illorum
2855 3043 3294 3108 machinamenta
3343 3047 3601 3104 subversa
3643 3055 3796 3105 sunt.

2195 3139 2330 3196 illud
2359 3154 2487 3196 vero
2516 3139 2787 3210 quomodo
2817 3139 2906 3207 sit,
2938 3147 2996 3195 ut
3024 3153 3124 3196 nec
3147 3139 3290 3196 Deus
3319 3139 3521 3196 malum
3546 3141 3798 3212 sentietis

2194 3239 2286 3286 aut
2316 3231 2524 3297 fecerit,
2554 3239 2653 3286 nec
2675 3230 2781 3286 ulla
2800 3231 2871 3286 sit
2897 3229 3125 3286 fueritve
3145 3235 3380 3300 unquam
3408 3235 3596 3288 natura
3621 3240 3788 3304 atque

2194 3323 2510 3390 substantia,
2543 3332 2701 3393 quam
2731 3335 2837 3377 non
2871 3322 3011 3378 Deus
3057 3331 3152 3377 aut
3177 3322 3426 3393 genuerit
3448 3330 3542 3379 aut
3580 3321 3792 3392 fecerit,

2193 3417 2453 3472 attamen
2501 3429 2532 3470 a
2573 3408 2716 3470 malo
2766 3411 2864 3471 hos
2922 3415 3148 3482 liberet;
3183 3425 3294 3470 tam
3335 3417 3656 3473 necessariis
3697 3432 3789 3472 ra-

2193 3507 2426 3564 tiOnibu's
2455 3499 2799 3577 approbatur,
2829 3514 2888 3562 ut
2911 3505 3144 3562 dubitari
3187 3506 3410 3563 drnnino
3433 3519 3542 3563 non
3573 3507 3743 3578 possit
3774 3525 3790 3563 :

2193 3597 2490 3670 praesertim
2513 3597 2630 3664 tibi,
2659 3594 2820 3666 atq'ue
2857 3597 3091 3664 talibus;
3119 3598 3167 3653 si
3193 3604 3374 3655 tamen
3398 3597 3541 3654 bono
3578 3597 3796 3670 ingenio

2193 3691 2364 3763 pietas
2401 3698 2456 3748 et
2497 3697 2598 3762 pair
2629 3691 2875 3762 quoidam
2917 3691 3115 3747 mentis
3157 3691 3398 3760 accedat,
3426 3693 3541 3750 sine
3583 3708 3688 3766 qua
3723 3695 3795 3752 de

2194 3784 2353 3839 tantis
2377 3779 2538 3839 rebus
2565 3781 2698 3837 nihil
2723 3780 2948 3853 prorsus
2975 3783 3198 3854 intelligi
3229 3792 3426 3855 potest.
3451 3783 3521 3840 Et
3550 3785 3638 3841 hic
3677 3801 3791 3843 non

2192 3873 2332 3930 fama
2358 3873 2426 3930 de
2450 3875 2597 3930 fumo
2616 3867 2718 3940 est,
2747 3883 2825 3942 et,
2845 3871 3030 3931 nescio
3058 3890 3160 3943 qua
3188 3874 3382 3932 fabella
3425 3877 3658 3944 Persica,
3701 3879 3790 3935 cui

2193 3965 2322 4025 satis
2346 3976 2429 4026 est
2451 3971 2634 4026 aurem
2664 3965 3089 4036 accommodare,
3115 3979 3170 4025 et
3205 3970 3441 4025 animum
3467 3986 3577 4026 non
3623 3970 3795 4028 subti-

2193 4063 2320 4132 lem,
2371 4062 2466 4119 scil
2494 4063 2651 4133 plane
2683 4059 2963 4133 puerilem.
3005 4060 3188 4133 Longe
3227 4063 3468 4130 omnino,
3527 4063 3683 4136 longe
3731 4079 3796 4122 se

2191 4153 2365 4219 aliter,
2398 4167 2504 4208 non
2534 4153 2894 4209 ut'lifahichaei
2924 4149 3212 4222 desipiunt,
3240 4154 3440 4209 veritas
3469 4153 3650 4211 habet.
3681 4155 3794 4213 Sed

2190 4245 2444 4316 quoniam
2471 4245 2572 4301 istc
2605 4243 2786 4300 'serino
2815 4249 3014 4298 'noster
3058 4244 3229 4298 multo
3273 4243 3535 4314 processit
3580 4245 3795 4318 longius

2191 4332 2351 4409 q‘uam
2375 4335 2647 4407 putabam,
2677 4323 2764 4392 hic
2789 4335 2950 4391 tinem
2971 4334 3109 4392 libro
3132 4333 3391 4392 faciamus
3421 4354 3436 4391 :
3460 4337 3515 4392 in
3543 4353 3650 4409 quo
3677 4353 3796 4396 me-

2193 4424 2414 4487 mineris
2439 4429 2584 4498 vnio,
2611 4428 2850 4485 nandum
2883 4421 2974 4485 ‘me
2998 4421 3322 4485 ﬁanichteos
3363 4431 3595 4502 cupisse
3625 4432 3794 4490 refel-

2193 4522 2324 4590 le'rc,
2366 4521 2419 4579 c't
2439 4518 2560 4578 illas
2586 4523 2754 4593 nugas
2776 4521 3014 4577 nondum
3043 4519 3304 4579 invasisse
3332 4539 3348 4578 :
3379 4525 3555 4596 neque
3575 4525 3643 4582 de
3668 4527 3787 4597 ipsa

2193 4608 2467 4673 Catholica
2522 4609 2771 4686 magnum
2817 4613 3018 4686 aliquid
3055 4613 3361 4685 aperuisse;
3407 4615 3505 4673 seu
3556 4617 3793 4677 voluisse

2195 4705 2562 4767 tantummtido
2591 4707 2780 4764 eruere
2819 4695 2938 4773 tibi,
2977 4707 3023 4761 si
3055 4710 3290 4777 possem,
3339 4705 3532 4766 falsam
3585 4712 3793 4783 opinio-

2194 4799 2318 4859 nem
2349 4797 2416 4857 de
2445 4796 2585 4857 veris
2605 4789 3336 4856 Chiistianisthaiitiose‘hut
3364 4801 3613 4874 imperite
3635 4804 3793 4861 nobis

2195 4883 2535 4964 insinuatam,
2560 4890 2615 4952 et
2647 4891 2861 4966 augete
2900 4892 2966 4949 ad
2995 4879 3190 4967 magna
3233 4895 3483 4966 qundam
3529 4903 3587 4953 et
3614 4897 3791 4954 divina

2193 4977 2466 5050 discenda.
2495 4983 2671 5060 Quare
2699 4988 2800 5045 hoc
2823 4979 3078 5046 volumen
3101 4988 3173 5045 ii’a
3195 4993 3318 5048 sese
3339 4978 3536 5049 habent
3562 4994 3791 5064 :pla‘ca—

2195 5076 2330 5141 t-iorc
2360 5093 2537 5164 autem
2567 5075 2748 5140 animo
2793 5081 2884 5138 tuo
2903 5079 3075 5154 ‘facto,
3108 5089 3204 5140 ero
3231 5078 3458 5143 fortasse
3480 5086 3536 5143 in
3581 5083 3792 5143 ctbiléris

2197 5167 2491 5248 pi‘Omptior
2520 5174 2598 5248 (it)
2611 5213 2624 5230 .

2261 5311 2279 5341 ι
2314 5317 2441 5382 Lov.,
2476 5307 2660 5382 multis
2681 5316 2728 5362 et
2748 5308 2818 5363 eis
2841 5307 3156 5376 potissimam,
3183 5307 3382 5377 omisso,
3413 5311 3575 5377 sanis;
3599 5324 3788 5377 proquo

2196 5379 2292 5436 Era,
2316 5377 2447 5436 satis.
2467 5379 2718 5436 Oorr'upte.

2259 5433 2283 5507 ξ
2314 5435 2452 5507 imit!»
2475 5433 2650 5500 ἠασίέο
2679 5440 2881 5507 Αιὲββισ
2901 5437 3106 5502 W-

2260 5499 2282 5531 ³
2315 5505 2366 5546 ιιι
2387 5505 2518 5560 Mss,
2540 5499 2922 5562 Compositiuwn.

2263 5579 2334 5644 (α)
2358 5586 2376 5629 ι
2398 5588 2623 5643 detracti...
2646 5593 2752 5645 cap.
2781 5579 2859 5642 M,
2883 5593 2934 5631 n.
2951 5580 2999 5632 6.

1956 5756 2369 5854 υ-εθιθιθεοιη
