4054 6468
545 458 615 520 95
1139 459 1230 516 DE
1266 454 1542 517 DUABUS
1578 447 1922 509 ANIMABUS
1959 445 2230 503 CONTRA
2257 444 2696 516 MANICHAEOS,
2736 446 2795 505 S.
2836 446 3208 506 AUGUSTINI
3767 451 3842 510 96

547 574 740 648 gentize
785 575 980 634 cedere
1020 575 1346 632 videremus.
1391 567 1749 638 Quamobrem
1791 579 1915 620 cum
1962 562 2137 618 omnis

547 671 658 724 vita
682 711 697 734 ,
727 678 780 725 et
822 670 890 725 ob
924 668 1028 726 hoc
1065 669 1243 725 omnis
1281 666 1457 721 anima
1498 661 1644 717 nullo
1671 659 1912 729 corporis
1937 672 2100 713 sensu
2122 694 2139 723 ,

561 762 659 817 sed
683 761 800 818 solo
835 761 1109 818 intellectu
1129 758 1329 831 percipi
1348 763 1542 827 queat;
1565 753 1842 808 solantem
1864 749 1964 805 iste
1983 758 2142 819 atque

558 855 684 909 luna
705 855 985 924 omnisque
1006 854 1096 907 lux
1116 868 1232 922 qua:
1252 845 1568 912 mortalibus
1588 844 1672 900 his
1692 844 1864 899 oculis
1883 841 2134 907 cernitur,

547 945 618 1001 ab
637 943 766 1016 ipsis
788 959 998 1015 quoque
1017 940 1320 998 Manichzeis
1340 953 1473 996 vero
1491 945 1547 993 et
1565 937 1708 992 bono
1728 935 1837 990 Deo
1860 931 2142 989 tribuenda

480 1047 489 1076 -"-
547 1051 670 1092 esse
698 1036 905 1091 dicatur
929 1054 942 1090 :
966 1048 1231 1090 summam
1259 1047 1380 1088 esse
1419 1029 1744 1086 dementiam
1773 1026 1825 1081 id
1851 1024 2142 1097 praedicare

485 1165 496 1184 ι
550 1127 825 1197 pertinere
847 1126 913 1181 ad
939 1126 1128 1192 Deum,
1154 1123 1298 1195 quod
1323 1138 1418 1194 per
1446 1136 1640 1192 corpus
1664 1120 1970 1185 intuemur;
1996 1114 2142 1187 quod

492 1201 521 1253 δ’
547 1231 678 1273 vero
707 1233 815 1272 non
849 1217 1022 1271 solum
1059 1216 1241 1270 animo
1261 1255 1276 1282 ,
1306 1214 1403 1269 sed
1439 1213 1554 1282 ipsa
1583 1210 1909 1267 sublimitate
1936 1207 2140 1274 animi,

549 1320 733 1366 mente
757 1309 964 1365 scilicet
990 1319 1148 1379 atque
1183 1306 1528 1377 intelligentia
1553 1318 1868 1374 caperemus
1895 1343 1910 1368 ,
1940 1300 1993 1356 id
2018 1308 2102 1355 est
2122 1338 2139 1367 ,

549 1402 710 1456 vitam
736 1443 752 1468 ,
793 1402 1196 1471 qualiscumque
1236 1399 1323 1454 illa
1362 1397 1668 1462 diceretur,
1710 1404 1890 1449 tamen
1930 1392 2092 1448 vitam
2115 1431 2134 1457 ,

548 1494 739 1551 eodem
769 1496 883 1550 Deo
910 1504 1128 1549 auctore
1158 1492 1468 1564 privandam
1500 1501 1555 1548 et
1581 1489 1900 1545 viduandam
1931 1497 2138 1558 putare.

546 1586 686 1641 Num
712 1588 857 1642 enim
885 1586 1012 1656 quid
1038 1586 1108 1641 sit
1131 1586 1335 1652 vivere,
1364 1597 1628 1654 quamque
1647 1590 1913 1637 secretum
1937 1577 2004 1634 ab
2029 1593 2144 1634 om-

546 1678 606 1734 ni
630 1679 871 1748 corporis
897 1693 1060 1733 sensu
1079 1719 1094 1744 ,
1123 1692 1387 1748 quamque
1414 1675 1633 1731 omnino
1659 1675 2031 1743 incorporeum
2051 1713 2067 1739 ,
2094 1671 2140 1726 si

548 1786 640 1826 me
659 1772 836 1841 ipsum
863 1770 1107 1825 invocato
1126 1769 1237 1824 Deo
1258 1769 1664 1837 interrogarem,
1687 1765 2016 1836 respondere
2033 1778 2143 1818 non

547 1864 790 1934 possim?
813 1864 921 1917 Aut
948 1879 1056 1917 non
1086 1863 1158 1916 illi
1189 1877 1400 1932 quoque
1426 1859 1714 1926 fateantur,
1731 1874 1836 1914 non
1865 1859 2038 1915 solum
2062 1857 2145 1910 vi-

549 1969 680 2012 vere
701 1956 841 2023 illas,
865 1971 999 2026 quas
1021 1955 1354 2010 detestantur
1374 1954 1600 2018 animas,
1623 1952 1718 2007 sed
1739 1953 1898 2006 etiam
1921 1952 2144 2006 immor-
2177 1967 2179 1972 ·

547 2049 727 2104 taliter
748 2049 967 2104 vivere?
989 2049 1248 2118 Quodque
1272 2063 1302 2101 a
1326 2048 1542 2103 Christo
1572 2046 1772 2101 dictum
1799 2055 1903 2113 est,
1930 2043 2145 2098 Dimitte

547 2151 776 2195 mortuos
801 2140 1012 2211 sepelire
1034 2149 1258 2194 mortuos
1280 2156 1398 2193 suos
1421 2137 1631 2206 (Matth.
1657 2152 1768 2204 vnn,
1789 2135 1884 2206 22)
1904 2152 1919 2201 ;
1943 2149 2051 2190 non
2077 2133 2145 2190 de

548 2231 772 2286 omnino
799 2245 906 2285 non
932 2229 1233 2285 viventibus
1257 2270 1272 2297 ,
1305 2227 1401 2283 sed
1429 2226 1498 2282 de
1524 2226 1868 2297 peccantibus
1897 2225 2101 2281 dictum
2123 2266 2139 2292 ,

546 2337 669 2393 quae
694 2321 1012 2377 immortalis
1036 2321 1233 2376 animae
1256 2320 1372 2376 sola
1397 2332 1544 2374 mors
1566 2326 1684 2383 est;
1711 2318 1980 2372 scribente
2003 2316 2144 2371 Pau—

546 2412 622 2482 lo,
651 2413 860 2468 Mortua
883 2422 954 2468 est
981 2413 1136 2466 vidua
1162 2428 1274 2482 quae
1301 2411 1356 2466 in
1387 2409 1583 2464 deliciis
1608 2409 1724 2463 vivit
1750 2407 1793 2480 (l
1816 2409 1948 2462 Tim.
1970 2424 2024 2472 v,
2047 2406 2104 2477 6)
2127 2425 2142 2460 :

547 2504 712 2561 simul
743 2503 886 2559 enim
916 2512 970 2560 et
1000 2511 1263 2558 mortuam
1293 2515 1411 2557 esse
1447 2499 1620 2564 dixit,
1651 2508 1706 2553 et
1730 2498 1929 2553 vivere.
1967 2497 2145 2564 Quare

547 2611 659 2651 non
703 2611 802 2666 ego
841 2604 1040 2668 quanto
1068 2594 1425 2651 decoloratius
1453 2593 1596 2648 vivat
1625 2591 1894 2660 peccatrix
1921 2589 2098 2643 anima
2122 2630 2138 2655 ,

553 2686 655 2742 sed
681 2686 809 2741 illud
838 2686 1012 2756 ipsum
1041 2695 1245 2741 tantum
1270 2685 1414 2754 quod
1441 2685 1584 2739 vivat
1607 2682 1962 2738 attenderem.
1989 2679 2144 2748 Quod

547 2778 597 2833 si
629 2779 903 2848 percipere
929 2779 1030 2832 nisi
1062 2777 1406 2847 intelligendo
1433 2792 1540 2831 non
1570 2791 1783 2846 possem
1809 2816 1824 2842 ,
1853 2773 2016 2830 credo
2047 2788 2143 2828 ve-

549 2870 690 2924 niret
717 2869 771 2923 in
804 2877 1041 2923 mentem
1063 2909 1078 2935 ,
1112 2877 1258 2922 tanto
1283 2882 1404 2922 esse
1429 2865 1725 2936 quamlibet
1751 2864 1985 2919 animam
2013 2863 2140 2930 luci,

549 2975 709 3030 quam
735 2976 826 3030 per
849 2960 947 3015 hos
967 2960 1251 3026 sentimus,
1275 2958 1480 3025 oculos,
1504 2956 1914 3028 praeferendam,
1943 2963 2143 3026 quanto

549 3051 954 3122 intelligentiam
987 3052 1120 3122 ipsis
1151 3050 1321 3106 oculis
1349 3049 1745 3120 prmferrcmus.

620 3144 846 3200 CAPUT
889 3145 976 3199 ΙΙΙ.
1002 3174 1070 3184 -—
1097 3143 1292 3215 Corpus
1331 3144 1482 3196 etiam
1507 3159 1654 3197 ontne
1679 3159 1709 3195 a
1739 3141 1850 3195 Deo
1878 3157 1985 3195 esse
2012 3140 2144 3194 unde

549 3238 811 3309 probatur.
839 3240 1076 3292 Animam
1100 3239 1245 3293 illam
1265 3255 1379 3308 quae
1397 3238 1534 3292 mala
1557 3239 1742 3292 dicitur
1764 3255 1795 3291 a
1820 3236 2140 3306 Manichteis,

553 3330 668 3384 luce
695 3348 803 3386 esse
829 3332 1105 3386 meliorem.
1138 3331 1334 3386 Lucem
1364 3339 1543 3386 autem
1587 3331 1731 3386 illam
1761 3331 1834 3385 illi
1873 3347 2086 3401 quoque
2112 3347 2144 3385 a

551 3421 713 3478 Patre
742 3421 941 3478 Christi
971 3409 1090 3479 esse
1118 3424 1439 3478 confirmant
1473 3443 1486 3477 :
1519 3439 1687 3494 egone
1718 3424 1968 3491 tandem,
2000 3424 2143 3494 quod

549 3516 619 3571 ab
645 3532 712 3572 eo
735 3526 880 3572 esset
904 3532 1255 3588 quaecumque
1281 3517 1480 3582 anima,
1507 3515 1847 3572 dubitarem?
1877 3517 1988 3587 Ego
2015 3532 2142 3572 vero

549 3624 658 3666 non
697 3609 858 3666 modo
896 3609 964 3666 de
997 3611 1196 3675 anima,
1239 3610 1336 3666 sed
1374 3609 1440 3665 de
1475 3610 1663 3681 quovis
1697 3611 1856 3664 etiam
1892 3625 2139 3679 corpore,

551 3702 680 3772 quin
705 3701 774 3756 ab
799 3703 914 3772 ipso
937 3712 1102 3769 esset,
1130 3702 1263 3757 nihil
1286 3701 1525 3767 omnino,
1554 3718 1622 3758 ne
1651 3713 1759 3756 tum
1785 3702 2021 3772 quidem,
2047 3702 2143 3756 ho-

549 3810 641 3850 mo
674 3795 918 3850 scilicet‘
942 3795 1086 3849 illius
1113 3795 1394 3864 imperitia:
1421 3803 1580 3864 atque
1608 3795 1748 3849 illius
1772 3795 1944 3850 aetatis
1971 3794 2142 3849 ambi-

549 3899 733 3956 gerem
758 3927 773 3951 ,
819 3885 864 3939 si
900 3885 1068 3939 forma
1108 3886 1236 3956 quid
1273 3896 1417 3941 esset
1443 3885 1636 3956 quidve
1662 3887 1984 3953 formatum,
2017 3886 2144 3955 quid

551 3975 761 4045 species
800 3984 855 4030 et
891 3975 1019 4045 quid
1055 3975 1299 4030 indutum
1329 3977 1507 4045 specie
1527 4017 1543 4043 ,
1575 3977 1768 4032 deinde
1799 3978 1925 4048 quid
1952 3977 2144 4033 horum

553 4066 640 4122 cui
665 4081 827 4121 causa
856 4076 1020 4134 esset,
1048 4068 1136 4136 pic
1161 4075 1422 4137 cauteque
1447 4069 1760 4139 cogitarem.

628 4161 683 4216 ὅ.
712 4160 818 4216 Sed
843 4160 912 4215 de
937 4175 1163 4230 corpore
1183 4161 1396 4216 interim
1418 4169 1569 4216 taceo
1593 4180 1606 4214 :
1629 4161 1696 4215 de
1716 4161 1890 4215 anima
1912 4176 2143 4232 conque-

554 4267 651 4309 ror
668 4295 682 4320 ,
715 4253 783 4309 de
806 4262 1104 4323 Spontaneo
1129 4263 1183 4308 et
1209 4253 1387 4308 vivido
1412 4262 1557 4308 motu
1578 4295 1594 4321 ,
1625 4253 1692 4308 de
1716 4262 1835 4307 actu
1861 4296 1876 4320 ,
1910 4255 1976 4308 de
2001 4256 2103 4309 vita
2127 4297 2142 4322 ,

553 4346 624 4404 de
653 4345 1055 4401 immortalitate
1083 4363 1095 4400 :
1123 4345 1352 4416 denique
1380 4360 1712 4416 conqueror,
1741 4345 1885 4417 quod
1913 4345 2144 4416 aliquam

553 4451 671 4494 rem
699 4437 802 4491 ista
831 4437 1009 4492 omnia
1037 4438 1153 4493 sine
1177 4437 1273 4492 Dei
1298 4437 1535 4492 bonitate
1553 4427 1754 4493 habere
1777 4453 1934 4508 posse
1957 4440 2145 4495 miser-

553 4529 722 4586 rimus
739 4528 938 4585 credidi
955 4545 970 4594 ;
989 4529 1130 4600 quod
1145 4538 1342 4601 quanta
1357 4538 1558 4598 essent,
1573 4530 1900 4601 negligenter
1911 4531 2110 4586 attendi
2128 4550 2141 4598 ;

554 4620 659 4676 hoc
690 4621 818 4675 mihi
837 4621 1180 4690 gemendum,
1201 4622 1301 4676 hoc
1339 4620 1642 4676 dellendum
1686 4631 1833 4690 puto.
1861 4623 2146 4679 Volverem

554 4725 764 4768 mecum
788 4710 923 4778 hmc,
938 4711 1186 4781 loquerer
1202 4727 1432 4776 mecum,
1447 4712 1709 4768 deferrem
1732 4712 1798 4767 ad
1817 4714 1952 4768 alios
1968 4717 2008 4768 ἐ
2029 4731 2146 4785 qua:

555 4802 636 4859 vis
650 4811 793 4858 esset
807 4802 1154 4871 intelligendi,
1175 4819 1330 4872 quam
1346 4803 1478 4857 nihil
1494 4812 1635 4859 esset
1650 4804 1702 4858 in
1719 4803 1988 4873 homine’,
2005 4806 2148 4875 quod

554 4895 679 4952 huic
693 4896 1026 4952 excellentim
1043 4911 1322 4966 possemus
1337 4897 1601 4964 conferre,
1617 4914 1973 4968 proponerent
1987 4899 2029 4952 ⁸.
2050 4900 2146 4956 Ubi

554 4989 687 5046 mihi
715 4988 820 5045 hoc
847 4988 1109 5055 homines,
1132 4989 1177 5044 si
1196 4989 1355 5044 modo
1372 4999 1550 5046 essent
1565 4990 1828 5057 homines,
1848 4993 2143 5047 concessis-

555 5090 712 5148 sent;
743 5095 1041 5152 quaererem
1068 5089 1243 5134 utrum
1269 5080 1351 5136 his
1381 5082 1548 5137 oculis
1573 5082 1775 5149 videre,
1801 5082 1853 5136 id
1879 5093 1960 5138 est
1983 5083 2146 5139 intel-

556 5171 726 5241 ligere
747 5171 791 5224 ⁵.
817 5171 918 5228 Ubi
942 5171 1302 5241 negavissent,
1323 5173 1631 5244 colligerem
1657 5173 1828 5243 primo
1851 5174 2008 5244 longe
2028 5188 2149 5230 esse

556 5261 739 5316 sensui
767 5261 1045 5318 oculorum
1075 5261 1298 5317 istorum
1331 5262 1737 5334 intelligentiam
1771 5265 1966 5319 mentis
1995 5275 2148 5321 ante-

620 5397 638 5460 ξ
672 5395 806 5460 Editl,
834 5396 920 5460 hoc
941 5397 1138 5460 scilicet.
1155 5400 1471 5460 porriguntur
1495 5414 1560 5450 ex
1585 5409 1690 5449 Mss.

615 5458 638 5522 ξ
670 5458 881 5522 Vaticani
905 5466 1030 5522 Mss,
1057 5458 1121 5508 ad
1145 5458 1268 5522 illos
1283 5458 1547 5522 :‘intellige
1571 5462 1867 5522 manichteos.

619 5521 640 5628 ἲ
654 5518 1085 5641 :xf'aticanis
1102 5528 1154 5568 et
1175 5519 1422 5570 Gallicanis
1443 5518 1550 5572 Mss.
1577 5521 1838 5586 [quoniam
1869 5523 1990 5575 nihil
2029 5532 2150 5577 esset

637 5595 651 5629 ι
813 5614 824 5625 .

554 5595 605 5632 οη
621 5590 692 5630 na
700 5590 824 5630 lane.

617 5644 640 5675 ⁸
671 5648 750 5708 ita
769 5640 935 5708 plures
959 5650 1062 5708 Mss.
1097 5643 1216 5692 Editi
1241 5659 1376 5706 vero,
1404 5658 1766 5708 prazponercm;
1790 5661 1900 5708 cum
1940 5649 2028 5708 hac
2065 5663 2148 5697 vo-

555 5720 666 5773 cum
691 5703 948 5773 aliquando
987 5703 1377 5773 interpunctione
1401 5703 1413 5757 Ξ
1440 5703 1547 5773 qua;
1576 5707 1647 5773 eis
1685 5703 1804 5758 esset
1829 5706 2150 5773 intelligendi

555 5765 796 5831 (quoniam
818 5765 939 5834 nihil
955 5773 1080 5834 esset
1118 5765 1170 5815 in
1207 5766 1392 5818 homine
1416 5765 1541 5833 quod
1567 5769 1676 5819 huic
1701 5765 2144 5834 cxcellentiafpos-

553 5830 971 5899 wtgzits_con[erre)
996 5842 1340 5899 prwponerom.

613 5894 636 5926 ⁸
671 5891 817 5956 l-Jditio
840 5897 932 5956 I512,
960 5891 1192 5956 viderent,
1218 5891 1270 5940 itl
1295 5899 1382 5950 est,
1410 5893 1744 5956 intelr’zgtcrent.
1771 5896 1842 5943 sic
1867 5903 1917 5956 et
1938 5899 2147 5944 vaticani

553 5958 662 6007 les.
707 5954 799 6005 Sed
831 5953 1007 6005 melius
1040 5955 1119 6006 alii
1156 5969 1262 6007 cum
1304 5962 1436 6016 Lov.,
1462 5953 1638 6016 videre,
1669 5954 1720 6004 id
1744 5963 1812 6006 cst
1860 5955 2139 6016 intelligere.

2251 562 2550 634 ponendam
2582 581 2596 618 :
2623 563 2817 620 deinde
2844 564 3243 637 subiungerem,
3273 565 3327 622 id
3355 566 3498 638 quod
3522 581 3582 622 re
3613 569 3840 628 meliore

2252 656 2685 725 perciperemus,
2727 657 3031 713 necessario
3071 659 3262 715 melius
3297 659 3663 729 iudicandum.
3707 665 3844 731 Quis

2253 745 2355 802 hoc
2385 763 2490 802 non
2519 747 2710 803 daret?
2739 749 2878 819 Ergo
2906 764 3184 820 pergerem
3211 767 3490 821 quatrere,
3519 755 3693 808 anima
3725 755 3813 810 illa

2252 858 2412 915 quam
2444 845 2636 899 malam
2675 843 2953 910 dicerent,
2986 846 3225 900 oculisne
3254 848 3542 903 sentiretur
3571 849 3686 904 istis
3717 890 3733 915 ,
3764 819 3840 903 at;

2251 944 2431 991 mente
2459 934 2881 1006 intelligeretur?
2917 936 3095 992 Mente
3131 937 3444 993 faterentur.
3483 938 3688 1007 Quibus
3715 955 3840 994 om-

2249 1027 2409 1085 nibus
2436 1028 2575 1084 inter
2604 1042 2703 1084 nos
2739 1029 3183 1086 convenientibus
3217 1039 3389 1100 atque;
3418 1031 3640 1086 firmatis
3665 1073 3680 1098 ,
3711 1032 3844 1102 quid

2249 1118 2603 1175 conficeretur
2623 1119 2962 1176 ostenderem
2983 1136 2998 1185 ;
3026 1121 3258 1176 animam
3278 1121 3481 1176 scilicet
3501 1121 3645 1176 illam
3667 1139 3832 1192 quam

2249 1218 2677 1277 exsecrarentur,
2706 1210 2827 1266 luce
2851 1211 2951 1265 ista
2976 1225 3136 1281 quam
3163 1221 3548 1268 venerarentur
3573 1228 3694 1268 esse
3718 1229 3839 1269 me-

2250 1301 2437 1358 liorem
2468 1319 2482 1355 :
2512 1301 2942 1372 quandoquidem
2985 1301 3074 1356 illa
3117 1301 3390 1359 intellectu
3435 1304 3630 1358 mentis
3657 1347 3673 1371 ,
3720 1304 3862 1380 haec

2245 1408 2410 1452 sensu
2433 1394 2674 1464 corporis
2697 1392 2997 1448 innotescit.
3023 1392 3122 1448 Hic
3144 1408 3274 1450 vero
3293 1393 3562 1450 haererent
3582 1396 3835 1463 fortasse,

2247 1485 2547 1558 ducemque
2585 1487 2846 1542 rationem
2881 1486 3034 1555 sequi
3075 1495 3386 1542 recusarent
3413 1505 3428 1542 :
3454 1494 3600 1541 tanta
3637 1496 3722 1542 est
3753 1488 3838 1544 vis

2247 1588 2652 1635 veternosarum
2673 1577 2985 1649 opinionum
3005 1587 3062 1633 et
3080 1577 3172 1633 diu
3190 1576 3423 1632 defensa:
3442 1586 3600 1648 atque
3617 1579 3842 1635 creditas

2247 1671 2514 1728 falsitatis.
2557 1671 2662 1728 Sed
2702 1686 2802 1741 ego
2827 1670 3086 1726 instarem
3123 1669 3292 1741 magis
3329 1670 3692 1738 haerentibus,
3729 1689 3847 1729 non

2249 1778 2440 1836 aspere
2462 1807 2479 1833 ,
2508 1779 2615 1820 non
2648 1763 2922 1835 pueriliter
2948 1807 2964 1831 ,
2993 1778 3098 1820 non
3124 1764 3514 1834 pervicaciter;
3542 1775 3852 1836 repeterem

2251 1873 2370 1930 quae
2405 1871 2664 1913 concessa
2701 1865 2865 1924 sunt;
2907 1864 2962 1911 et
2998 1872 3156 1926 quam
3192 1865 3378 1913 essent
3408 1857 3750 1913 concedenda
3779 1859 3797 1889 ¹
3825 1901 3846 1926 ,

2247 1958 2629 2004 monstrarem.
2669 1947 2926 2003 Hortarer
2964 1956 3024 2003 ut
3059 1948 3115 2003 in
3147 1962 3432 2003 commune
3467 1949 3842 2015 consulerent,

2256 2039 2505 2096 viderent
2527 2048 2675 2096 certe
2699 2039 2826 2110 quid
2852 2039 3007 2095 nobis
3033 2039 3333 2110 negandum
3356 2049 3532 2105 esset;
3564 2049 3738 2095 utrum
3766 2041 3850 2095 in-

2250 2132 2521 2188 tellectum
2567 2131 2684 2187 istis
2725 2131 2937 2188 carneis
2970 2131 3259 2186 luminibus
3302 2131 3692 2202 praeferendum
3721 2172 3737 2198 ,
3776 2147 3850 2186 an

2249 2223 2599 2279 excellentius
2630 2237 2751 2279 esse
2779 2222 2919 2294 quod
2943 2223 3108 2277 animi
3137 2222 3445 2278 excellentia
3472 2265 3488 2291 ,
3517 2237 3674 2293 quam
3701 2221 3851 2293 quod

2247 2319 2347 2374 vili
2373 2334 2538 2374 sensu
2561 2317 2807 2388 corporis
2833 2317 3178 2388 cognoscitur
3200 2358 3214 2384 ,
3244 2314 3435 2372 falsum
3464 2324 3749 2387 putarent:
3773 2330 3850 2370 an

2250 2409 2373 2464 illas
2399 2409 2627 2475 animas,
2661 2424 2794 2479 quas
2821 2408 3152 2479 alienigenas
3180 2404 3499 2475 crederent,
3527 2415 3728 2462 tantum
3755 2407 3848 2463 in-

2251 2499 2540 2570 telligendo
2565 2542 2580 2566 ,
2613 2499 2666 2554 id
2695 2509 2784 2555 est
2809 2541 2824 2566 ,
2856 2500 2972 2570 ipsa
2997 2499 3162 2554 animi
3189 2499 3505 2556 excellentia
3533 2499 3655 2554 sciri
3683 2513 3850 2570 posse

2248 2591 2458 2646 nollent
2485 2590 2677 2658 fateri;
2706 2606 2774 2646 an
2799 2591 2969 2647 solem
2989 2606 3052 2646 ac
3072 2592 3253 2647 lunam
3280 2607 3387 2647 non
3409 2591 3511 2647 nisi
3535 2591 3649 2648 istis
3671 2592 3848 2648 oculis

2247 2691 2406 2738 notos
2433 2683 2548 2737 fieri
2578 2683 2783 2738 vellent
2809 2684 3064 2739 abnuere.
3101 2683 3254 2750 Quod
3283 2686 3330 2740 si
3359 2683 3492 2738 nihil
3522 2684 3710 2740 horum
3748 2685 3839 2740 ni-

2247 2773 2294 2828 si
2334 2772 2721 2829 absurdissime
2764 2784 2924 2845 atque
2966 2773 3429 2846 impudentissime
3464 2775 3647 2846 negari
3685 2790 3848 2846 posse

2246 2865 2772 2933 animadverterent;
2812 2867 3093 2923 suaderem
3136 2883 3244 2922 non
3281 2883 3379 2924 eos
3407 2879 3658 2939 oportere
3681 2868 3847 2924 dubi-

2249 2968 2364 3014 tare
2384 2999 2400 3024 ,
2429 2958 2584 3012 istam
2613 2958 2786 3015 lucem
2814 2975 2973 3029 quam
2999 2960 3282 3016 colendam
3309 2960 3689 3031 praedicarent,
3718 2975 3850 3018 esse

2251 3049 2429 3104 anima
2459 3049 2547 3102 illa
2577 3049 2818 3106 viliorem
2845 3066 3006 3120 quam
3029 3051 3331 3122 fugiendam
3359 3063 3657 3109 monerent.

2318 3139 2546 3195 CAPUT
2574 3139 2792 3196 lV.——4.
2821 3143 3005 3196 Anima
3031 3144 3182 3198 etiam
3210 3161 3395 3201 musca:
3408 3147 3725 3216 prastantior
3744 3147 3850 3202 ista

2246 3231 2378 3286 luce.
2406 3232 2580 3303 Atque
2609 3232 2696 3288 hic
2725 3235 2768 3288 si
2801 3233 2938 3290 forte
2964 3235 3159 3291 turbati
3184 3251 3214 3290 a
3231 3252 3318 3292 me
3343 3247 3675 3308 quaererent,
3710 3255 3847 3295 num

2247 3325 2407 3380 etiam
2439 3341 2636 3380 musca:
2663 3327 2897 3381 animam
2926 3327 3050 3382 huic
3084 3329 3188 3384 luci
3228 3338 3484 3399 praestare
3509 3319 3787 3386 censerem
3823 3350 3841 3386 :

2247 3417 2628 3488 reSponderem
2654 3459 2669 3486 ,
2701 3418 2911 3486 Etiam;
2939 3434 3040 3475 nec
3086 3434 3174 3475 me
3208 3429 3435 3476 terreret
3473 3437 3653 3477 musca
3693 3422 3844 3492 quod

2247 3524 2410 3579 parva
2436 3520 2552 3574 est,
2583 3509 2677 3566 sed
2721 3509 2864 3580 quod
2908 3512 3020 3566 viva
3067 3512 3325 3568 firmaret.
3374 3513 3640 3579 Quaeritur
3660 3513 3845 3584 enim,

2247 3600 2375 3671 quid
2404 3602 2490 3656 illa
2518 3602 2760 3656 membra
2786 3611 2896 3656 tam
2923 3604 3113 3674 exigua
3134 3613 3366 3675 vegetet,
3397 3605 3525 3676 quid
3555 3605 3658 3662 huc
3679 3616 3850 3678 atque

2246 3691 2375 3746 illuc
2396 3708 2492 3762 pro
2520 3693 2746 3747 naturali
2774 3695 3008 3765 appetitu
3049 3696 3310 3752 tantillum
3336 3698 3708 3768 corpusculum
3733 3698 3837 3755 du-

2248 3793 2353 3850 oat,
2385 3783 2510 3853 quid
2536 3786 2798 3840 currentis
2827 3787 2993 3857 pedes
3022 3787 3075 3841 in
3109 3804 3394 3844 numerum
3441 3799 3684 3858 moveat,
3712 3792 3850 3861 quid

2249 3875 2478 3930 volantis
2517 3877 2774 3945 pennulas
2807 3877 3116 3933 moderetur
3144 3895 3208 3935 ae
3233 3880 3426 3936 vibret.
3468 3881 3621 3950 Quod
3655 3883 3850 3953 quale-

2248 3979 2474 4036 cumque
2501 3977 2604 4036 est,
2633 3968 2771 4024 bene
2811 3971 3293 4040 considerantibus,
3317 3973 3372 4028 in
3401 3983 3508 4028 tam
3541 3990 3703 4046 parvo
3730 3986 3848 4034 tam

2249 4074 2499 4129 magnum
2528 4061 2763 4127 eminet,
2796 4073 2856 4116 ut
2880 4063 3048 4118 cuivis
3079 4063 3272 4136 fulgori
3304 4067 3681 4138 perstringenti
3705 4085 3846 4126 ocu-

2250 4151 2332 4207 los
2365 4151 2692 4222 praeferatur.

2320 4243 2547 4299 CAPUT
2570 4244 2634 4298 V.
2667 4275 2736 4285 ——
2772 4246 2978 4302 Vitiosa:
3002 4249 3187 4303 animle
3204 4265 3495 4320 quanquam
3513 4251 3848 4323 darnnaiidae,

2249 4335 2500 4406 quomodo
2529 4337 2645 4389 huic
2675 4336 2778 4390 luci
2800 4354 2914 4408 qua:
2940 4339 2994 4392 in
3032 4355 3210 4409 genere
3229 4356 3322 4394 suo
3350 4338 3608 4394 laudanda
3625 4350 3721 4408 est,
3750 4359 3853 4398 an-

2251 4427 2500 4480 leccllattt.
2532 4423 2687 4483 Certe
2713 4428 2856 4499 quod
2899 4444 3060 4484 nemo
3085 4429 3313 4496 dubitat,
3348 4431 3601 4502 quidquid
3631 4432 3683 4486 id
3733 4445 3850 4500 est,

2253 4520 2582 4592 intelligibile
2597 4531 2680 4576 est
2707 4523 2882 4594 :quod
2903 4524 3047 4578 omni
3067 4525 3306 4582 sensibili
3336 4527 3382 4592 ³,
3413 4536 3468 4581 ct
3486 4526 3554 4582 ob
3582 4527 3687 4582 hoc
3719 4527 3854 4584 huic

2251 4612 2410 4666 etiam
2437 4611 2543 4666 luci
2569 4612 2996 4684 divinis'legibus
3024 4617 3310 4670 antecellit.
3341 4615 3478 4684 Quid
3513 4618 3653 4673 enim
3684 4621 3842 4690 cogi-

2254 4705 2452 4759 tatione
2479 4705 2499 4736 ³
2547 4707 2889 4777 percipimus,
2918 4722 3132 4778 qumso,
3163 4709 3206 4763 si
3229 4708 3333 4764 hoc
3358 4725 3466 4764 non
3495 4711 3849 4781 percipimus,

2252 4799 2394 4853 aliud
2423 4815 2542 4855 esse
2564 4810 2742 4855 mente
2767 4800 3085 4872 intelligere,
3112 4802 3256 4856 aliud
3286 4805 3486 4859 sentire
3511 4821 3606 4874 per
3624 4819 3850 4876 corpus,

2252 4898 2306 4943 et
2334 4890 2481 4959 prius
2507 4890 2634 4945 illud
2664 4890 2733 4945 ab
2760 4891 2864 4946 hoc
2905 4892 3200 4961 posteriore
3241 4893 3642 4964 incomparabili
3669 4896 3856 4952 subli-

2253 4983 2435 5036 mitate
2463 4982 2698 5050 distare;
2733 4983 2959 5054 ideoque
3003 4999 3108 5039 non
3137 5000 3296 5055 posse
3340 4986 3682 5056 intelligibilia
3716 5001 3851 5044 sen-

2253 5074 2491 5129 sibilibus
2532 5090 2638 5129 non
2665 5075 2944 5145 praeferri,
2976 5090 3099 5132 cum
3134 5076 3249 5147 ipse
3282 5078 3584 5134 intellectus
3630 5087 3853 5138 tantum

2254 5165 2499 5221 sensibus
2525 5166 2874 5235 praeferatur?

2327 5258 2379 5313 5.
2425 5257 2559 5314 Hinc
2600 5258 2732 5316 illud
2773 5260 2937 5315 etiam
2977 5261 3204 5319 fortasse
3245 5275 3668 5334 cognoscerem;
3699 5266 3854 5336 quod

2255 5468 2561 5584 sgltlisgttgreest,
2604 5468 2768 5510 utrum
2803 5461 2936 5511 idem
2978 5470 3056 5514 est
3087 5461 3163 5513 his
3189 5463 3345 5515 oculis
3367 5463 3568 5525 videre,
3602 5462 3730 5525 quod
3771 5464 3854 5512 in-

2346 5538 2357 5570 Ι
2491 5559 2502 5572 .

2346 5538 2502 5572 igere.

2319 5586 2354 5656 ﬂ
2373 5585 2508 5694 Editi,
2532 5592 2579 5635 et
2601 5599 2708 5647 qua:
2730 5592 2886 5636 essent
2907 5585 3230 5638 concedenda.
3266 5587 3590 5636 [intendantur
3628 5599 3691 5634 ex
3719 5590 3857 5636 Vati-

2319 5661 2386 5694 [llS
2413 5673 2418 5693 l
2448 5661 2514 5694 SS.

2255 5659 2386 5695 08015
2412 5659 2514 5694 MSS.

2317 5711 2335 5737 ²
2369 5711 2440 5756 sic
2479 5697 2804 5771 l.ovanienscs
2841 5711 3043 5758 duorum
3082 5712 3515 5771 manuscripwrnm
3558 5710 3856 5762 auctoritate

2254 5768 2706 5833 COIjrt*.\je1'ul_i_t._a_lii
2729 5779 2890 5819 tamen
3051 5771 3215 5833 plures
3239 5768 3349 5820 cuni
3371 5771 3679 5833 Errhahent,
3705 5771 3856 5833 quid-

2255 5830 2369 5943 ?m'tt
2408 5830 2702 5943 inéelligibilc
2739 5839 2824 5891 est,
2864 5832 2993 5882 enini
3025 5830 3252 5895 sensibili,
3274 5840 3320 5883 et
3349 5833 3408 5882 ob
3446 5831 3534 5881 hoc
3557 5831 3670 5885 huic
3701 5830 3854 5886 diam

2275 5908 2368 5943 uri.
2399 5910 2426 5941 c
2482 5931 2492 5940 .

2546 5963 2668 6014 Mss,
2699 5955 2976 6018 cognitione.
