  <div class='ocr_page' id='page_1' title='image "/cluster/home/n/w/nwhite01/storage/ocr_20150623/42/hvd.32044015471493/054.png"; bbox 0 0 4054 6448; ppageno 0'>
   <div class='ocr_carea' id='block_1_1' title="bbox 857 337 1066 368">
    <p class='ocr_par' dir='ltr' id='par_1_1' title="bbox 857 337 1066 368">
     <span class='ocr_line' id='line_1_1' title="bbox 857 337 1066 368; baseline -0.01 -4"><span class='ocrx_word' id='word_1_1' title='bbox 857 355 883 365; x_wconf 71' lang='grc' dir='ltr'><strong>σο</strong></span> <span class='ocrx_word' id='word_1_2' title='bbox 901 359 906 363; x_wconf 90' lang='grc'>.</span> <span class='ocrx_word' id='word_1_3' title='bbox 945 337 995 368; x_wconf 54' lang='grc' dir='ltr'><strong>η..</strong></span> <span class='ocrx_word' id='word_1_4' title='bbox 1054 354 1066 362; x_wconf 70' lang='grc' dir='ltr'><strong>σ</strong></span> 
     </span>
    </p>
   </div>
   <div class='ocr_carea' id='block_1_2' title="bbox 165 354 1788 462">
    <p class='ocr_par' dir='ltr' id='par_1_2' title="bbox 165 354 1788 455">
     <span class='ocr_line' id='line_1_2' title="bbox 165 354 1788 455; baseline -0.001 0"><span class='ocrx_word' id='word_1_5' title='bbox 165 386 220 455; x_wconf 65' lang='lat' dir='ltr'><strong>st</strong></span> <span class='ocrx_word' id='word_1_6' title='bbox 857 354 982 368; x_wconf 49' lang='grc'><strong>””</strong></span> <span class='ocrx_word' id='word_1_7' title='bbox 1054 354 1157 362; x_wconf 54' lang='grc'><strong>”’</strong></span> <span class='ocrx_word' id='word_1_8' title='bbox 1280 355 1295 364; x_wconf 57' lang='grc'><em>’</em></span> <span class='ocrx_word' id='word_1_9' title='bbox 1596 397 1788 455; x_wconf 75' lang='lat' dir='ltr'><strong>IJBEE</strong></span> 
     </span>
    </p>
   </div>
   <div class='ocr_carea' id='block_1_3' title="bbox 1898 354 3462 462">
    <p class='ocr_par' dir='ltr' id='par_1_3' title="bbox 1898 364 3462 462">
     <span class='ocr_line' id='line_1_3' title="bbox 1898 364 3462 462; baseline 0.006 -9"><span class='ocrx_word' id='word_1_10' title='bbox 1898 397 2041 455; x_wconf 70' lang='lat' dir='ltr'><strong>vus.</strong></span> <span class='ocrx_word' id='word_1_11' title='bbox 2212 364 2256 375; x_wconf 59' lang='grc'>”</span> <span class='ocrx_word' id='word_1_12' title='bbox 2324 366 2381 374; x_wconf 78' lang='grc'><strong>”</strong></span> <span class='ocrx_word' id='word_1_13' title='bbox 2594 370 2601 377; x_wconf 78' lang='grc'><em>’</em></span> <span class='ocrx_word' id='word_1_14' title='bbox 2712 372 2713 375; x_wconf 5' lang='grc' dir='ltr'>γ</span> <span class='ocrx_word' id='word_1_15' title='bbox 3392 396 3462 462; x_wconf 70' lang='lat'><strong>93</strong></span> 
     </span>
    </p>
   </div>
   <div class='ocr_carea' id='block_1_4' title="bbox 172 510 1775 581">
    <p class='ocr_par' dir='ltr' id='par_1_4' title="bbox 172 510 1775 581">
     <span class='ocr_line' id='line_1_4' title="bbox 172 510 1775 581; baseline -0.001 -13"><span class='ocrx_word' id='word_1_16' title='bbox 172 525 492 581; x_wconf 81' lang='lat' dir='ltr'><strong>consequens</strong></span> <span class='ocrx_word' id='word_1_17' title='bbox 540 525 675 570; x_wconf 85' lang='lat' dir='ltr'><strong>esse</strong></span> <span class='ocrx_word' id='word_1_18' title='bbox 713 510 1056 569; x_wconf 85' lang='lat' dir='ltr'><strong>manifestum</strong></span> <span class='ocrx_word' id='word_1_19' title='bbox 1100 520 1221 580; x_wconf 72' lang='grc' dir='ltr'><strong>ρει,</strong></span> <span class='ocrx_word' id='word_1_20' title='bbox 1251 525 1373 567; x_wconf 89' lang='lat' dir='ltr'><strong>cum</strong></span> <span class='ocrx_word' id='word_1_21' title='bbox 1423 512 1679 581; x_wconf 89' lang='lat' dir='ltr'><strong>injustitia</strong></span> <span class='ocrx_word' id='word_1_22' title='bbox 1720 522 1775 566; x_wconf 91' lang='lat' dir='ltr'><strong>et</strong></span> 
     </span>
    </p>
   </div>
   <div class='ocr_carea' id='block_1_5' title="bbox 176 606 1772 676">
    <p class='ocr_par' dir='ltr' id='par_1_5' title="bbox 176 606 1772 676">
     <span class='ocr_line' id='line_1_5' title="bbox 176 606 1772 676; baseline 0.001 -17"><span class='ocrx_word' id='word_1_23' title='bbox 176 606 579 675; x_wconf 72' lang='lat' dir='ltr'><strong>intemperantia</strong></span> <span class='ocrx_word' id='word_1_24' title='bbox 609 616 917 676; x_wconf 67' lang='lat' dir='ltr'><strong>caateraque</strong></span> <span class='ocrx_word' id='word_1_25' title='bbox 944 606 1107 661; x_wconf 91' lang='lat' dir='ltr'><strong>animi</strong></span> <span class='ocrx_word' id='word_1_26' title='bbox 1146 606 1269 660; x_wconf 87' lang='lat' dir='ltr'><strong>vitia</strong></span> <span class='ocrx_word' id='word_1_27' title='bbox 1296 621 1403 659; x_wconf 90' lang='lat' dir='ltr'><strong>non</strong></span> <span class='ocrx_word' id='word_1_28' title='bbox 1434 606 1731 660; x_wconf 75' lang='lat' dir='ltr'><strong>sentiantur</strong></span> <span class='ocrx_word' id='word_1_29' title='bbox 1757 646 1772 670; x_wconf 94' lang='lat'><strong>,</strong></span> 
     </span>
    </p>
   </div>
   <div class='ocr_carea' id='block_1_6' title="bbox 178 697 1777 771">
    <p class='ocr_par' dir='ltr' id='par_1_6' title="bbox 178 697 1777 771">
     <span class='ocr_line' id='line_1_6' title="bbox 178 697 1777 771; baseline -0.003 -15"><span class='ocrx_word' id='word_1_30' title='bbox 178 697 258 756; x_wconf 76' lang='lat' dir='ltr'><strong>sed</strong></span> <span class='ocrx_word' id='word_1_31' title='bbox 291 698 716 771; x_wconf 73' lang='lat' dir='ltr'><strong>intelligantur;</strong></span> <span class='ocrx_word' id='word_1_32' title='bbox 744 699 1012 770; x_wconf 93' lang='lat' dir='ltr'><strong>quomodo</strong></span> <span class='ocrx_word' id='word_1_33' title='bbox 1055 697 1147 753; x_wconf 87' lang='lat' dir='ltr'><strong>ﬁat</strong></span> <span class='ocrx_word' id='word_1_34' title='bbox 1189 698 1429 753; x_wconf 84' lang='lat' dir='ltr'><strong>utetiam</strong></span> <span class='ocrx_word' id='word_1_35' title='bbox 1476 698 1574 752; x_wconf 92' lang='lat' dir='ltr'><strong>ista</strong></span> <span class='ocrx_word' id='word_1_36' title='bbox 1599 737 1615 763; x_wconf 92' lang='lat'><strong>,</strong></span> <span class='ocrx_word' id='word_1_37' title='bbox 1656 711 1777 767; x_wconf 67' lang='lat' dir='ltr'><strong>qua:</strong></span> 
     </span>
    </p>
   </div>
   <div class='ocr_carea' id='block_1_7' title="bbox 182 790 1773 861">
    <p class='ocr_par' dir='ltr' id='par_1_7' title="bbox 182 790 1773 861">
     <span class='ocr_line' id='line_1_7' title="bbox 182 790 1773 861; baseline -0.003 -13"><span class='ocrx_word' id='word_1_38' title='bbox 182 792 495 848; x_wconf 82' lang='lat' dir='ltr'><strong>detestamur</strong></span> <span class='ocrx_word' id='word_1_39' title='bbox 523 802 583 849; x_wconf 91' lang='lat' dir='ltr'><strong>et</strong></span> <span class='ocrx_word' id='word_1_40' title='bbox 628 792 936 848; x_wconf 89' lang='lat' dir='ltr'><strong>damnanda</strong></span> <span class='ocrx_word' id='word_1_41' title='bbox 965 806 1281 857; x_wconf 86' lang='lat' dir='ltr'><strong>censemus,</strong></span> <span class='ocrx_word' id='word_1_42' title='bbox 1312 800 1491 845; x_wconf 91' lang='lat' dir='ltr'><strong>tamen</strong></span> <span class='ocrx_word' id='word_1_43' title='bbox 1521 790 1773 861; x_wconf 92' lang='lat' dir='ltr'><strong>quoniam</strong></span> 
     </span>
    </p>
   </div>
   <div class='ocr_carea' id='block_1_8' title="bbox 179 884 1774 955">
    <p class='ocr_par' dir='ltr' id='par_1_8' title="bbox 179 884 1774 955">
     <span class='ocr_line' id='line_1_8' title="bbox 179 884 1774 955; baseline -0.003 -14"><span class='ocrx_word' id='word_1_44' title='bbox 179 884 518 954; x_wconf 82' lang='lat' dir='ltr'><strong>intelligibilia</strong></span> <span class='ocrx_word' id='word_1_45' title='bbox 552 894 724 952; x_wconf 91' lang='lat' dir='ltr'><strong>sunt,</strong></span> <span class='ocrx_word' id='word_1_46' title='bbox 752 886 957 941; x_wconf 84' lang='lat' dir='ltr'><strong>anteire</strong></span> <span class='ocrx_word' id='word_1_47' title='bbox 1002 884 1141 940; x_wconf 89' lang='lat' dir='ltr'><strong>hanc</strong></span> <span class='ocrx_word' id='word_1_48' title='bbox 1180 886 1355 941; x_wconf 89' lang='lat' dir='ltr'><strong>lucem</strong></span> <span class='ocrx_word' id='word_1_49' title='bbox 1383 892 1623 955; x_wconf 89' lang='lat' dir='ltr'><strong>queant,</strong></span> <span class='ocrx_word' id='word_1_50' title='bbox 1651 898 1774 939; x_wconf 89' lang='lat' dir='ltr'><strong>cum</strong></span> 
     </span>
    </p>
   </div>
   <div class='ocr_carea' id='block_1_9' title="bbox 180 976 1776 1050">
    <p class='ocr_par' dir='ltr' id='par_1_9' title="bbox 180 976 1776 1050">
     <span class='ocr_line' id='line_1_9' title="bbox 180 976 1776 1050; baseline -0.003 -15"><span class='ocrx_word' id='word_1_51' title='bbox 180 979 227 1035; x_wconf 83' lang='lat' dir='ltr'><strong>&#39;It</strong></span> <span class='ocrx_word' id='word_1_52' title='bbox 269 992 364 1033; x_wconf 87' lang='lat' dir='ltr'><strong>suo</strong></span> <span class='ocrx_word' id='word_1_53' title='bbox 415 993 631 1048; x_wconf 90' lang='lat' dir='ltr'><strong>genere</strong></span> <span class='ocrx_word' id='word_1_54' title='bbox 685 980 790 1035; x_wconf 90' lang='lat' dir='ltr'><strong>ista</strong></span> <span class='ocrx_word' id='word_1_55' title='bbox 841 978 1101 1034; x_wconf 89' lang='lat' dir='ltr'><strong>laudanda</strong></span> <span class='ocrx_word' id='word_1_56' title='bbox 1149 979 1236 1034; x_wconf 87' lang='lat' dir='ltr'><strong>sit.</strong></span> <span class='ocrx_word' id='word_1_57' title='bbox 1286 978 1596 1050; x_wconf 76' lang='lat' dir='ltr'><strong>Suggeritur</strong></span> <span class='ocrx_word' id='word_1_58' title='bbox 1631 976 1776 1032; x_wconf 90' lang='lat' dir='ltr'><strong>enim</strong></span> 
     </span>
    </p>
   </div>
   <div class='ocr_carea' id='block_1_10' title="bbox 179 1070 1779 1143">
    <p class='ocr_par' dir='ltr' id='par_1_10' title="bbox 179 1070 1779 1143">
     <span class='ocr_line' id='line_1_10' title="bbox 179 1070 1779 1143; baseline -0.003 -15"><span class='ocrx_word' id='word_1_59' title='bbox 179 1070 344 1128; x_wconf 63' lang='lat' dir='ltr'><strong>nimo</strong></span> <span class='ocrx_word' id='word_1_60' title='bbox 382 1070 533 1128; x_wconf 85' lang='lat' dir='ltr'><strong>bene</strong></span> <span class='ocrx_word' id='word_1_61' title='bbox 578 1086 701 1128; x_wconf 87' lang='lat' dir='ltr'><strong>sese</strong></span> <span class='ocrx_word' id='word_1_62' title='bbox 740 1072 852 1127; x_wconf 89' lang='lat' dir='ltr'><strong>Deo</strong></span> <span class='ocrx_word' id='word_1_63' title='bbox 891 1072 1227 1143; x_wconf 88' lang='lat' dir='ltr'><strong>subjicienti,</strong></span> <span class='ocrx_word' id='word_1_64' title='bbox 1257 1073 1432 1143; x_wconf 91' lang='lat' dir='ltr'><strong>primo</strong></span> <span class='ocrx_word' id='word_1_65' title='bbox 1474 1087 1578 1127; x_wconf 91' lang='lat' dir='ltr'><strong>non</strong></span> <span class='ocrx_word' id='word_1_66' title='bbox 1620 1085 1779 1126; x_wconf 92' lang='lat' dir='ltr'><strong>omne</strong></span> 
     </span>
    </p>
   </div>
   <div class='ocr_carea' id='block_1_11' title="bbox 179 1162 1779 1235">
    <p class='ocr_par' dir='ltr' id='par_1_11' title="bbox 179 1162 1779 1235">
     <span class='ocr_line' id='line_1_11' title="bbox 179 1162 1779 1235; baseline 0.001 -19"><span class='ocrx_word' id='word_1_67' title='bbox 179 1162 306 1235; x_wconf 89' lang='lat' dir='ltr'><strong>quod</strong></span> <span class='ocrx_word' id='word_1_68' title='bbox 334 1162 631 1219; x_wconf 86' lang='lat' dir='ltr'><strong>laudamus</strong></span> <span class='ocrx_word' id='word_1_69' title='bbox 652 1204 668 1230; x_wconf 93' lang='lat'><strong>,</strong></span> <span class='ocrx_word' id='word_1_70' title='bbox 699 1164 847 1219; x_wconf 90' lang='lat' dir='ltr'><strong>omni</strong></span> <span class='ocrx_word' id='word_1_71' title='bbox 882 1164 1022 1235; x_wconf 90' lang='lat' dir='ltr'><strong>quod</strong></span> <span class='ocrx_word' id='word_1_72' title='bbox 1048 1163 1442 1234; x_wconf 84' lang='lat' dir='ltr'><strong>vituperamus,</strong></span> <span class='ocrx_word' id='word_1_73' title='bbox 1469 1179 1589 1219; x_wconf 90' lang='lat' dir='ltr'><strong>esse</strong></span> <span class='ocrx_word' id='word_1_74' title='bbox 1627 1171 1779 1218; x_wconf 88' lang='lat' dir='ltr'><strong>ante-</strong></span> 
     </span>
    </p>
   </div>
   <div class='ocr_carea' id='block_1_12' title="bbox 174 1254 1778 1329">
    <p class='ocr_par' dir='ltr' id='par_1_12' title="bbox 174 1254 1778 1329">
     <span class='ocr_line' id='line_1_12' title="bbox 174 1254 1778 1329; baseline -0.002 -18"><span class='ocrx_word' id='word_1_75' title='bbox 174 1254 501 1329; x_wconf 89' lang='lat' dir='ltr'><strong>ponendum.</strong></span> <span class='ocrx_word' id='word_1_76' title='bbox 552 1255 741 1327; x_wconf 86' lang='lat' dir='ltr'><strong>Neque</strong></span> <span class='ocrx_word' id='word_1_77' title='bbox 778 1255 919 1311; x_wconf 89' lang='lat' dir='ltr'><strong>enim</strong></span> <span class='ocrx_word' id='word_1_78' title='bbox 977 1256 1099 1326; x_wconf 87' lang='lat' dir='ltr'><strong>quia</strong></span> <span class='ocrx_word' id='word_1_79' title='bbox 1134 1255 1295 1310; x_wconf 92' lang='lat' dir='ltr'><strong>laudo</strong></span> <span class='ocrx_word' id='word_1_80' title='bbox 1342 1254 1778 1327; x_wconf 79' lang='lat' dir='ltr'><strong>purgatissimum</strong></span> 
     </span>
    </p>
   </div>
   <div class='ocr_carea' id='block_1_13' title="bbox 174 1346 1777 1419">
    <p class='ocr_par' dir='ltr' id='par_1_13' title="bbox 174 1346 1777 1419">
     <span class='ocr_line' id='line_1_13' title="bbox 174 1346 1777 1419; baseline -0.001 -16"><span class='ocrx_word' id='word_1_81' title='bbox 174 1348 471 1418; x_wconf 85' lang='lat' dir='ltr'><strong>plumbum,</strong></span> <span class='ocrx_word' id='word_1_82' title='bbox 503 1348 578 1403; x_wconf 93' lang='lat' dir='ltr'><strong>ob</strong></span> <span class='ocrx_word' id='word_1_83' title='bbox 608 1347 712 1403; x_wconf 87' lang='lat' dir='ltr'><strong>hoc</strong></span> <span class='ocrx_word' id='word_1_84' title='bbox 737 1346 865 1403; x_wconf 91' lang='lat' dir='ltr'><strong>illud</strong></span> <span class='ocrx_word' id='word_1_85' title='bbox 892 1348 1245 1418; x_wconf 86' lang='lat' dir='ltr'><strong>vituperando</strong></span> <span class='ocrx_word' id='word_1_86' title='bbox 1271 1364 1403 1403; x_wconf 91' lang='lat' dir='ltr'><strong>auro</strong></span> <span class='ocrx_word' id='word_1_87' title='bbox 1430 1348 1595 1419; x_wconf 89' lang='lat' dir='ltr'><strong>pluris</strong></span> <span class='ocrx_word' id='word_1_88' title='bbox 1630 1347 1777 1401; x_wconf 82' lang='lat' dir='ltr'><strong>:esti—</strong></span> 
     </span>
    </p>
   </div>
   <div class='ocr_carea' id='block_1_14' title="bbox 171 1438 1775 1511">
    <p class='ocr_par' dir='ltr' id='par_1_14' title="bbox 171 1438 1775 1511">
     <span class='ocr_line' id='line_1_14' title="bbox 171 1438 1775 1511; baseline 0.001 -19"><span class='ocrx_word' id='word_1_89' title='bbox 171 1453 271 1492; x_wconf 88' lang='lat' dir='ltr'><strong>mo.</strong></span> <span class='ocrx_word' id='word_1_90' title='bbox 305 1438 367 1493; x_wconf 88' lang='lat' dir='ltr'><strong>In</strong></span> <span class='ocrx_word' id='word_1_91' title='bbox 408 1452 516 1494; x_wconf 90' lang='lat' dir='ltr'><strong>suo</strong></span> <span class='ocrx_word' id='word_1_92' title='bbox 546 1439 693 1494; x_wconf 90' lang='lat' dir='ltr'><strong>enim</strong></span> <span class='ocrx_word' id='word_1_93' title='bbox 723 1454 917 1509; x_wconf 79' lang='lat' dir='ltr'><strong>genere</strong></span> <span class='ocrx_word' id='word_1_94' title='bbox 945 1439 1178 1511; x_wconf 92' lang='lat' dir='ltr'><strong>quidque</strong></span> <span class='ocrx_word' id='word_1_95' title='bbox 1202 1440 1650 1497; x_wconf 90' lang='lat' dir='ltr'><strong>considerandum</strong></span> <span class='ocrx_word' id='word_1_96' title='bbox 1673 1447 1775 1494; x_wconf 88' lang='lat' dir='ltr'><strong>est.</strong></span> 
     </span>
    </p>
   </div>
   <div class='ocr_carea' id='block_1_15' title="bbox 171 1527 1775 1603">
    <p class='ocr_par' dir='ltr' id='par_1_15' title="bbox 171 1527 1775 1603">
     <span class='ocr_line' id='line_1_15' title="bbox 171 1527 1775 1603; baseline 0.001 -20"><span class='ocrx_word' id='word_1_97' title='bbox 171 1527 420 1600; x_wconf 84' lang='lat' dir='ltr'><strong>improbo</strong></span> <span class='ocrx_word' id='word_1_98' title='bbox 463 1529 913 1601; x_wconf 87' lang='lat' dir='ltr'><strong>jurisconsultum</strong></span> <span class='ocrx_word' id='word_1_99' title='bbox 957 1531 1151 1586; x_wconf 92' lang='lat' dir='ltr'><strong>multas</strong></span> <span class='ocrx_word' id='word_1_100' title='bbox 1197 1532 1343 1603; x_wconf 89' lang='lat' dir='ltr'><strong>leges</strong></span> <span class='ocrx_word' id='word_1_101' title='bbox 1380 1532 1715 1603; x_wconf 88' lang='lat' dir='ltr'><strong>ignorantem</strong></span> <span class='ocrx_word' id='word_1_102' title='bbox 1760 1546 1775 1584; x_wconf 89' lang='lat'><strong>:</strong></span> 
     </span>
    </p>
   </div>
   <div class='ocr_carea' id='block_1_16' title="bbox 172 1622 1779 1694">
    <p class='ocr_par' dir='ltr' id='par_1_16' title="bbox 172 1622 1779 1694">
     <span class='ocr_line' id='line_1_16' title="bbox 172 1622 1779 1694; baseline -0.001 -15"><span class='ocrx_word' id='word_1_103' title='bbox 172 1622 263 1679; x_wconf 78' lang='lat' dir='ltr'><strong>sed</strong></span> <span class='ocrx_word' id='word_1_104' title='bbox 291 1638 417 1678; x_wconf 85' lang='lat' dir='ltr'><strong>eum</strong></span> <span class='ocrx_word' id='word_1_105' title='bbox 448 1634 635 1679; x_wconf 85' lang='lat' dir='ltr'><strong>tamen</strong></span> <span class='ocrx_word' id='word_1_106' title='bbox 678 1622 1062 1694; x_wconf 89' lang='lat' dir='ltr'><strong>probatissimo</strong></span> <span class='ocrx_word' id='word_1_107' title='bbox 1101 1624 1273 1679; x_wconf 90' lang='lat' dir='ltr'><strong>sutori</strong></span> <span class='ocrx_word' id='word_1_108' title='bbox 1300 1624 1379 1678; x_wconf 89' lang='lat' dir='ltr'><strong>sic</strong></span> <span class='ocrx_word' id='word_1_109' title='bbox 1424 1622 1685 1693; x_wconf 72' lang='lat' dir='ltr'><strong>przefero,</strong></span> <span class='ocrx_word' id='word_1_110' title='bbox 1718 1630 1779 1677; x_wconf 91' lang='lat' dir='ltr'><strong>ut</strong></span> 
     </span>
    </p>
   </div>
   <div class='ocr_carea' id='block_1_17' title="bbox 174 1712 1778 1785">
    <p class='ocr_par' dir='ltr' id='par_1_17' title="bbox 174 1712 1778 1785">
     <span class='ocr_line' id='line_1_17' title="bbox 174 1712 1778 1785; baseline 0 -17"><span class='ocrx_word' id='word_1_111' title='bbox 174 1727 246 1768; x_wconf 80' lang='lat' dir='ltr'><strong>ne</strong></span> <span class='ocrx_word' id='word_1_112' title='bbox 279 1712 709 1785; x_wconf 78' lang='lat' dir='ltr'><strong>comparandum</strong></span> <span class='ocrx_word' id='word_1_113' title='bbox 748 1712 963 1785; x_wconf 90' lang='lat' dir='ltr'><strong>quidem</strong></span> <span class='ocrx_word' id='word_1_114' title='bbox 1011 1722 1216 1785; x_wconf 88' lang='lat' dir='ltr'><strong>putem.</strong></span> <span class='ocrx_word' id='word_1_115' title='bbox 1255 1714 1327 1769; x_wconf 85' lang='lat' dir='ltr'><strong>At</strong></span> <span class='ocrx_word' id='word_1_116' title='bbox 1359 1714 1518 1770; x_wconf 90' lang='lat' dir='ltr'><strong>istum</strong></span> <span class='ocrx_word' id='word_1_117' title='bbox 1548 1713 1706 1769; x_wconf 91' lang='lat' dir='ltr'><strong>laudo</strong></span> <span class='ocrx_word' id='word_1_118' title='bbox 1735 1714 1778 1781; x_wconf 76' lang='grc' dir='ltr'><strong>ί,</strong></span> 
     </span>
    </p>
   </div>
   <div class='ocr_carea' id='block_1_18' title="bbox 178 1805 1781 1877">
    <p class='ocr_par' dir='ltr' id='par_1_18' title="bbox 178 1805 1781 1877">
     <span class='ocr_line' id='line_1_18' title="bbox 178 1805 1781 1877; baseline -0.001 -15"><span class='ocrx_word' id='word_1_119' title='bbox 178 1805 326 1877; x_wconf 84' lang='lat' dir='ltr'><strong>quod</strong></span> <span class='ocrx_word' id='word_1_120' title='bbox 352 1821 459 1862; x_wconf 63' lang='lat' dir='ltr'><strong>sna:</strong></span> <span class='ocrx_word' id='word_1_121' title='bbox 489 1807 623 1862; x_wconf 89' lang='lat' dir='ltr'><strong>artis</strong></span> <span class='ocrx_word' id='word_1_122' title='bbox 666 1806 1021 1877; x_wconf 88' lang='lat' dir='ltr'><strong>peritissimus</strong></span> <span class='ocrx_word' id='word_1_123' title='bbox 1048 1808 1119 1862; x_wconf 87' lang='lat' dir='ltr'><strong>sit</strong></span> <span class='ocrx_word' id='word_1_124' title='bbox 1147 1825 1160 1861; x_wconf 95' lang='lat'>:</span> <span class='ocrx_word' id='word_1_125' title='bbox 1196 1806 1346 1862; x_wconf 90' lang='lat' dir='ltr'><strong>illum</strong></span> <span class='ocrx_word' id='word_1_126' title='bbox 1390 1816 1568 1863; x_wconf 90' lang='lat' dir='ltr'><strong>autem</strong></span> <span class='ocrx_word' id='word_1_127' title='bbox 1589 1848 1604 1873; x_wconf 94' lang='lat'><strong>,</strong></span> <span class='ocrx_word' id='word_1_128' title='bbox 1637 1806 1781 1876; x_wconf 91' lang='lat' dir='ltr'><strong>quod</strong></span> 
     </span>
    </p>
   </div>
   <div class='ocr_carea' id='block_1_19' title="bbox 177 1897 1782 1969">
    <p class='ocr_par' dir='ltr' id='par_1_19' title="bbox 177 1897 1782 1969">
     <span class='ocr_line' id='line_1_19' title="bbox 177 1897 1782 1969; baseline 0.001 -16"><span class='ocrx_word' id='word_1_129' title='bbox 177 1910 330 1954; x_wconf 80' lang='lat' dir='ltr'><strong>suam</strong></span> <span class='ocrx_word' id='word_1_130' title='bbox 357 1897 759 1969; x_wconf 81' lang='lat' dir='ltr'><strong>professionem</strong></span> <span class='ocrx_word' id='word_1_131' title='bbox 804 1898 978 1953; x_wconf 91' lang='lat' dir='ltr'><strong>minus</strong></span> <span class='ocrx_word' id='word_1_132' title='bbox 1003 1897 1254 1968; x_wconf 91' lang='lat' dir='ltr'><strong>impleat,</strong></span> <span class='ocrx_word' id='word_1_133' title='bbox 1276 1898 1396 1968; x_wconf 89' lang='lat' dir='ltr'><strong>jure</strong></span> <span class='ocrx_word' id='word_1_134' title='bbox 1426 1897 1782 1968; x_wconf 72' lang='lat' dir='ltr'><strong>reprehendo.</strong></span> 
     </span>
    </p>
   </div>
   <div class='ocr_carea' id='block_1_20' title="bbox 178 1990 1783 2062">
    <p class='ocr_par' dir='ltr' id='par_1_20' title="bbox 178 1990 1783 2062">
     <span class='ocr_line' id='line_1_20' title="bbox 178 1990 1783 2062; baseline 0.001 -16"><span class='ocrx_word' id='word_1_135' title='bbox 178 1991 251 2046; x_wconf 78' lang='lat' dir='ltr'><strong>Ex</strong></span> <span class='ocrx_word' id='word_1_136' title='bbox 273 2006 381 2062; x_wconf 84' lang='lat' dir='ltr'><strong>quo</strong></span> <span class='ocrx_word' id='word_1_137' title='bbox 406 1991 656 2061; x_wconf 88' lang='lat' dir='ltr'><strong>reperire</strong></span> <span class='ocrx_word' id='word_1_138' title='bbox 697 1991 952 2047; x_wconf 89' lang='lat' dir='ltr'><strong>deberem</strong></span> <span class='ocrx_word' id='word_1_139' title='bbox 970 2032 985 2059; x_wconf 91' lang='lat'><strong>,</strong></span> <span class='ocrx_word' id='word_1_140' title='bbox 1017 1992 1195 2047; x_wconf 82' lang='lat' dir='ltr'><strong>lucem</strong></span> <span class='ocrx_word' id='word_1_141' title='bbox 1218 1992 1374 2046; x_wconf 91' lang='lat' dir='ltr'><strong>istam</strong></span> <span class='ocrx_word' id='word_1_142' title='bbox 1401 2033 1417 2059; x_wconf 90' lang='lat'><strong>,</strong></span> <span class='ocrx_word' id='word_1_143' title='bbox 1449 1990 1591 2062; x_wconf 92' lang='lat' dir='ltr'><strong>quod</strong></span> <span class='ocrx_word' id='word_1_144' title='bbox 1618 1991 1669 2045; x_wconf 92' lang='lat' dir='ltr'><strong>in</strong></span> <span class='ocrx_word' id='word_1_145' title='bbox 1692 2006 1783 2061; x_wconf 83' lang='lat' dir='ltr'><strong>ge-</strong></span> 
     </span>
    </p>
   </div>
   <div class='ocr_carea' id='block_1_21' title="bbox 176 2084 1783 2155">
    <p class='ocr_par' dir='ltr' id='par_1_21' title="bbox 176 2084 1783 2155">
     <span class='ocr_line' id='line_1_21' title="bbox 176 2084 1783 2155; baseline -0.001 -15"><span class='ocrx_word' id='word_1_146' title='bbox 176 2100 300 2141; x_wconf 86' lang='lat' dir='ltr'><strong>nere</strong></span> <span class='ocrx_word' id='word_1_147' title='bbox 346 2085 579 2155; x_wconf 89' lang='lat' dir='ltr'><strong>proprio</strong></span> <span class='ocrx_word' id='word_1_148' title='bbox 629 2084 865 2155; x_wconf 88' lang='lat' dir='ltr'><strong>perfecta</strong></span> <span class='ocrx_word' id='word_1_149' title='bbox 912 2094 1073 2151; x_wconf 86' lang='lat' dir='ltr'><strong>esset,</strong></span> <span class='ocrx_word' id='word_1_150' title='bbox 1126 2084 1251 2155; x_wconf 86' lang='lat' dir='ltr'><strong>jure</strong></span> <span class='ocrx_word' id='word_1_151' title='bbox 1300 2085 1504 2140; x_wconf 90' lang='lat' dir='ltr'><strong>laudari</strong></span> <span class='ocrx_word' id='word_1_152' title='bbox 1548 2103 1561 2141; x_wconf 79' lang='lat'><strong>2</strong></span> <span class='ocrx_word' id='word_1_153' title='bbox 1605 2094 1783 2140; x_wconf 87' lang='lat' dir='ltr'><strong>tamen</strong></span> 
     </span>
    </p>
   </div>
   <div class='ocr_carea' id='block_1_22' title="bbox 178 2175 1784 2246">
    <p class='ocr_par' dir='ltr' id='par_1_22' title="bbox 178 2175 1784 2246">
     <span class='ocr_line' id='line_1_22' title="bbox 178 2175 1784 2246; baseline 0.001 -16"><span class='ocrx_word' id='word_1_154' title='bbox 178 2178 292 2246; x_wconf 84' lang='lat' dir='ltr'><strong>quia</strong></span> <span class='ocrx_word' id='word_1_155' title='bbox 316 2175 669 2231; x_wconf 85' lang='lat' dir='ltr'><strong>sensibilium</strong></span> <span class='ocrx_word' id='word_1_156' title='bbox 700 2191 877 2232; x_wconf 90' lang='lat' dir='ltr'><strong>rerum</strong></span> <span class='ocrx_word' id='word_1_157' title='bbox 924 2189 1149 2231; x_wconf 90' lang='lat' dir='ltr'><strong>numero</strong></span> <span class='ocrx_word' id='word_1_158' title='bbox 1178 2176 1488 2241; x_wconf 90' lang='lat' dir='ltr'><strong>includitur,</strong></span> <span class='ocrx_word' id='word_1_159' title='bbox 1522 2175 1664 2246; x_wconf 91' lang='lat' dir='ltr'><strong>quod</strong></span> <span class='ocrx_word' id='word_1_160' title='bbox 1692 2191 1784 2246; x_wconf 83' lang='lat' dir='ltr'><strong>ge-</strong></span> 
     </span>
    </p>
   </div>
   <div class='ocr_carea' id='block_1_23' title="bbox 175 2266 1785 2338">
    <p class='ocr_par' dir='ltr' id='par_1_23' title="bbox 175 2266 1785 2338">
     <span class='ocr_line' id='line_1_23' title="bbox 175 2266 1785 2338; baseline -0.001 -17"><span class='ocrx_word' id='word_1_161' title='bbox 175 2282 268 2322; x_wconf 87' lang='lat' dir='ltr'><strong>nus</strong></span> <span class='ocrx_word' id='word_1_162' title='bbox 295 2266 722 2338; x_wconf 87' lang='lat' dir='ltr'><strong>intelligibilium</strong></span> <span class='ocrx_word' id='word_1_163' title='bbox 750 2268 935 2338; x_wconf 90' lang='lat' dir='ltr'><strong>generi</strong></span> <span class='ocrx_word' id='word_1_164' title='bbox 976 2266 1132 2321; x_wconf 87' lang='lat' dir='ltr'><strong>cedat</strong></span> <span class='ocrx_word' id='word_1_165' title='bbox 1151 2282 1373 2323; x_wconf 88' lang='lat' dir='ltr'><strong>necesse</strong></span> <span class='ocrx_word' id='word_1_166' title='bbox 1401 2275 1505 2333; x_wconf 90' lang='lat' dir='ltr'><strong>est,</strong></span> <span class='ocrx_word' id='word_1_167' title='bbox 1533 2266 1668 2321; x_wconf 84' lang='lat' dir='ltr'><strong>infra</strong></span> <span class='ocrx_word' id='word_1_168' title='bbox 1699 2267 1785 2321; x_wconf 91' lang='lat' dir='ltr'><strong>in-</strong></span> 
     </span>
    </p>
   </div>
   <div class='ocr_carea' id='block_1_24' title="bbox 173 2357 1785 2429">
    <p class='ocr_par' dir='ltr' id='par_1_24' title="bbox 173 2357 1785 2429">
     <span class='ocr_line' id='line_1_24' title="bbox 173 2357 1785 2429; baseline -0.002 -14"><span class='ocrx_word' id='word_1_169' title='bbox 173 2359 333 2428; x_wconf 88' lang='lat' dir='ltr'><strong>justas</strong></span> <span class='ocrx_word' id='word_1_170' title='bbox 359 2369 418 2415; x_wconf 90' lang='lat' dir='ltr'><strong>et</strong></span> <span class='ocrx_word' id='word_1_171' title='bbox 444 2362 877 2429; x_wconf 85' lang='lat' dir='ltr'><strong>intemperantes</strong></span> <span class='ocrx_word' id='word_1_172' title='bbox 898 2358 1124 2425; x_wconf 88' lang='lat' dir='ltr'><strong>animas,</strong></span> <span class='ocrx_word' id='word_1_173' title='bbox 1152 2360 1402 2429; x_wconf 88' lang='lat' dir='ltr'><strong>quoniam</strong></span> <span class='ocrx_word' id='word_1_174' title='bbox 1432 2366 1556 2413; x_wconf 89' lang='lat' dir='ltr'><strong>sunt</strong></span> <span class='ocrx_word' id='word_1_175' title='bbox 1584 2357 1785 2412; x_wconf 85' lang='lat' dir='ltr'><strong>intelli-</strong></span> 
     </span>
    </p>
   </div>
   <div class='ocr_carea' id='block_1_25' title="bbox 175 2448 1787 2522">
    <p class='ocr_par' dir='ltr' id='par_1_25' title="bbox 175 2448 1787 2522">
     <span class='ocr_line' id='line_1_25' title="bbox 175 2448 1787 2522; baseline -0.002 -14"><span class='ocrx_word' id='word_1_176' title='bbox 175 2450 357 2522; x_wconf 83' lang='lat' dir='ltr'><strong>gibiles</strong></span> <span class='ocrx_word' id='word_1_177' title='bbox 377 2494 395 2519; x_wconf 91' lang='lat'><strong>,</strong></span> <span class='ocrx_word' id='word_1_178' title='bbox 432 2466 563 2507; x_wconf 89' lang='lat' dir='ltr'><strong>esse</strong></span> <span class='ocrx_word' id='word_1_179' title='bbox 590 2449 953 2521; x_wconf 89' lang='lat' dir='ltr'><strong>deputandam</strong></span> <span class='ocrx_word' id='word_1_180' title='bbox 980 2466 995 2515; x_wconf 91' lang='lat'><strong>;</strong></span> <span class='ocrx_word' id='word_1_181' title='bbox 1025 2450 1268 2519; x_wconf 78' lang='lat' dir='ltr'><strong>quamvis</strong></span> <span class='ocrx_word' id='word_1_182' title='bbox 1301 2449 1429 2504; x_wconf 87' lang='lat' dir='ltr'><strong>istas</strong></span> <span class='ocrx_word' id='word_1_183' title='bbox 1456 2463 1565 2503; x_wconf 91' lang='lat' dir='ltr'><strong>non</strong></span> <span class='ocrx_word' id='word_1_184' title='bbox 1594 2448 1787 2517; x_wconf 85' lang='lat' dir='ltr'><strong>injuria</strong></span> 
     </span>
    </p>
   </div>
   <div class='ocr_carea' id='block_1_26' title="bbox 177 2540 1787 2613">
    <p class='ocr_par' dir='ltr' id='par_1_26' title="bbox 177 2540 1787 2613">
     <span class='ocr_line' id='line_1_26' title="bbox 177 2540 1787 2613; baseline -0.004 -12"><span class='ocrx_word' id='word_1_185' title='bbox 177 2544 522 2601; x_wconf 80' lang='lat' dir='ltr'><strong>damnatione</strong></span> <span class='ocrx_word' id='word_1_186' title='bbox 550 2542 897 2613; x_wconf 86' lang='lat' dir='ltr'><strong>dignissimas</strong></span> <span class='ocrx_word' id='word_1_187' title='bbox 956 2541 1279 2612; x_wconf 78' lang='lat' dir='ltr'><strong>iudicemus.</strong></span> <span class='ocrx_word' id='word_1_188' title='bbox 1308 2540 1607 2608; x_wconf 63' lang='lat' dir='ltr'><strong>Quaerimus</strong></span> <span class='ocrx_word' id='word_1_189' title='bbox 1637 2556 1787 2595; x_wconf 86' lang='lat' dir='ltr'><strong>nam-</strong></span> 
     </span>
    </p>
   </div>
   <div class='ocr_carea' id='block_1_27' title="bbox 175 2633 1787 2707">
    <p class='ocr_par' dir='ltr' id='par_1_27' title="bbox 175 2633 1787 2707">
     <span class='ocr_line' id='line_1_27' title="bbox 175 2633 1787 2707; baseline -0.002 -16"><span class='ocrx_word' id='word_1_190' title='bbox 175 2651 270 2707; x_wconf 87' lang='lat' dir='ltr'><strong>que</strong></span> <span class='ocrx_word' id='word_1_191' title='bbox 292 2638 348 2691; x_wconf 93' lang='lat' dir='ltr'><strong>in</strong></span> <span class='ocrx_word' id='word_1_192' title='bbox 378 2636 471 2690; x_wconf 89' lang='lat' dir='ltr'><strong>his</strong></span> <span class='ocrx_word' id='word_1_193' title='bbox 499 2634 651 2705; x_wconf 83' lang='lat' dir='ltr'><strong>quod</strong></span> <span class='ocrx_word' id='word_1_194' title='bbox 680 2634 996 2690; x_wconf 90' lang='lat' dir='ltr'><strong>concilietur</strong></span> <span class='ocrx_word' id='word_1_195' title='bbox 1018 2634 1149 2697; x_wconf 85' lang='lat' dir='ltr'><strong>Deo,</strong></span> <span class='ocrx_word' id='word_1_196' title='bbox 1179 2648 1287 2688; x_wconf 90' lang='lat' dir='ltr'><strong>non</strong></span> <span class='ocrx_word' id='word_1_197' title='bbox 1308 2633 1451 2704; x_wconf 93' lang='lat' dir='ltr'><strong>quod</strong></span> <span class='ocrx_word' id='word_1_198' title='bbox 1479 2633 1566 2687; x_wconf 90' lang='lat' dir='ltr'><strong>isti</strong></span> <span class='ocrx_word' id='word_1_199' title='bbox 1592 2633 1787 2703; x_wconf 85' lang='lat' dir='ltr'><strong>fulgori</strong></span> 
     </span>
    </p>
   </div>
   <div class='ocr_carea' id='block_1_28' title="bbox 177 2724 1788 2801">
    <p class='ocr_par' dir='ltr' id='par_1_28' title="bbox 177 2724 1788 2801">
     <span class='ocr_line' id='line_1_28' title="bbox 177 2724 1788 2801; baseline -0.003 -15"><span class='ocrx_word' id='word_1_200' title='bbox 177 2730 521 2801; x_wconf 68' lang='lat' dir='ltr'><strong>praeferatur.</strong></span> <span class='ocrx_word' id='word_1_201' title='bbox 567 2727 935 2799; x_wconf 85' lang='lat' dir='ltr'><strong>Quapropter,</strong></span> <span class='ocrx_word' id='word_1_202' title='bbox 969 2726 1210 2797; x_wconf 88' lang='lat' dir='ltr'><strong>quisquis</strong></span> <span class='ocrx_word' id='word_1_203' title='bbox 1240 2725 1343 2781; x_wconf 91' lang='lat' dir='ltr'><strong>hoc</strong></span> <span class='ocrx_word' id='word_1_204' title='bbox 1366 2724 1547 2779; x_wconf 90' lang='lat' dir='ltr'><strong>lumen</strong></span> <span class='ocrx_word' id='word_1_205' title='bbox 1582 2740 1646 2779; x_wconf 76' lang='lat' dir='ltr'><strong>cx</strong></span> <span class='ocrx_word' id='word_1_206' title='bbox 1680 2726 1788 2781; x_wconf 90' lang='lat' dir='ltr'><strong>Deo</strong></span> 
     </span>
    </p>
   </div>
   <div class='ocr_carea' id='block_1_29' title="bbox 179 2815 1787 2890">
    <p class='ocr_par' dir='ltr' id='par_1_29' title="bbox 179 2815 1787 2890">
     <span class='ocr_line' id='line_1_29' title="bbox 179 2815 1787 2890; baseline -0.006 -11"><span class='ocrx_word' id='word_1_207' title='bbox 179 2837 286 2879; x_wconf 81' lang='lat' dir='ltr'><strong>esse</strong></span> <span class='ocrx_word' id='word_1_208' title='bbox 311 2820 723 2887; x_wconf 88' lang='lat' dir='ltr'><strong>contenderet,</strong></span> <span class='ocrx_word' id='word_1_209' title='bbox 753 2834 861 2874; x_wconf 93' lang='lat' dir='ltr'><strong>non</strong></span> <span class='ocrx_word' id='word_1_210' title='bbox 902 2832 1289 2890; x_wconf 87' lang='lat' dir='ltr'><strong>repugnarem;</strong></span> <span class='ocrx_word' id='word_1_211' title='bbox 1331 2817 1425 2872; x_wconf 89' lang='lat' dir='ltr'><strong>sed</strong></span> <span class='ocrx_word' id='word_1_212' title='bbox 1455 2817 1625 2887; x_wconf 84' lang='lat' dir='ltr'><strong>magis</strong></span> <span class='ocrx_word' id='word_1_213' title='bbox 1668 2815 1787 2871; x_wconf 91' lang='lat' dir='ltr'><strong>ani-</strong></span> 
     </span>
    </p>
   </div>
   <div class='ocr_carea' id='block_1_30' title="bbox 180 2910 1784 2982">
    <p class='ocr_par' dir='ltr' id='par_1_30' title="bbox 180 2910 1784 2982">
     <span class='ocr_line' id='line_1_30' title="bbox 180 2910 1784 2982; baseline -0.006 -9"><span class='ocrx_word' id='word_1_214' title='bbox 180 2930 285 2973; x_wconf 76' lang='lat' dir='ltr'><strong>mas</strong></span> <span class='ocrx_word' id='word_1_215' title='bbox 306 2916 587 2982; x_wconf 84' lang='lat' dir='ltr'><strong>dicerem,</strong></span> <span class='ocrx_word' id='word_1_216' title='bbox 612 2912 835 2969; x_wconf 85' lang='lat' dir='ltr'><strong>vitiosas</strong></span> <span class='ocrx_word' id='word_1_217' title='bbox 853 2912 1036 2979; x_wconf 87' lang='lat' dir='ltr'><strong>etiam,</strong></span> <span class='ocrx_word' id='word_1_218' title='bbox 1067 2925 1175 2966; x_wconf 92' lang='lat' dir='ltr'><strong>non</strong></span> <span class='ocrx_word' id='word_1_219' title='bbox 1198 2912 1250 2967; x_wconf 92' lang='lat' dir='ltr'><strong>in</strong></span> <span class='ocrx_word' id='word_1_220' title='bbox 1267 2919 1527 2981; x_wconf 89' lang='lat' dir='ltr'><strong>quantum</strong></span> <span class='ocrx_word' id='word_1_221' title='bbox 1560 2910 1784 2975; x_wconf 69' lang='lat' dir='ltr'><strong>vitiosae,</strong></span> 
     </span>
    </p>
   </div>
   <div class='ocr_carea' id='block_1_31' title="bbox 182 3001 1788 3079">
    <p class='ocr_par' dir='ltr' id='par_1_31' title="bbox 182 3001 1788 3079">
     <span class='ocr_line' id='line_1_31' title="bbox 182 3001 1788 3079; baseline -0.007 -14"><span class='ocrx_word' id='word_1_222' title='bbox 182 3009 267 3065; x_wconf 84' lang='lat' dir='ltr'><strong>sed</strong></span> <span class='ocrx_word' id='word_1_223' title='bbox 289 3010 344 3063; x_wconf 92' lang='lat' dir='ltr'><strong>in</strong></span> <span class='ocrx_word' id='word_1_224' title='bbox 364 3015 645 3079; x_wconf 84' lang='lat' dir='ltr'><strong>quantum</strong></span> <span class='ocrx_word' id='word_1_225' title='bbox 686 3004 881 3059; x_wconf 63' lang='lat' dir='ltr'><strong>anima;</strong></span> <span class='ocrx_word' id='word_1_226' title='bbox 906 3011 1032 3059; x_wconf 91' lang='lat' dir='ltr'><strong>sunt</strong></span> <span class='ocrx_word' id='word_1_227' title='bbox 1052 3043 1068 3069; x_wconf 91' lang='lat'><strong>,</strong></span> <span class='ocrx_word' id='word_1_228' title='bbox 1102 3002 1272 3058; x_wconf 90' lang='lat' dir='ltr'><strong>Deum</strong></span> <span class='ocrx_word' id='word_1_229' title='bbox 1300 3001 1399 3057; x_wconf 88' lang='lat' dir='ltr'><strong>sibi</strong></span> <span class='ocrx_word' id='word_1_230' title='bbox 1428 3014 1549 3057; x_wconf 86' lang='lat' dir='ltr'><strong>esse</strong></span> <span class='ocrx_word' id='word_1_231' title='bbox 1575 3008 1788 3055; x_wconf 88' lang='lat' dir='ltr'><strong>creato-</strong></span> 
     </span>
    </p>
   </div>
   <div class='ocr_carea' id='block_1_32' title="bbox 184 3101 788 3170">
    <p class='ocr_par' dir='ltr' id='par_1_32' title="bbox 184 3101 788 3170">
     <span class='ocr_line' id='line_1_32' title="bbox 184 3101 788 3170; baseline -0.013 -10"><span class='ocrx_word' id='word_1_232' title='bbox 184 3118 288 3159; x_wconf 85' lang='lat' dir='ltr'><strong>rem</strong></span> <span class='ocrx_word' id='word_1_233' title='bbox 314 3101 477 3157; x_wconf 84' lang='lat' dir='ltr'><strong>fateri</strong></span> <span class='ocrx_word' id='word_1_234' title='bbox 510 3106 788 3170; x_wconf 88' lang='lat' dir='ltr'><strong>oportere.</strong></span> 
     </span>
    </p>
   </div>
   <div class='ocr_carea' id='block_1_33' title="bbox 247 3184 1791 3259">
    <p class='ocr_par' dir='ltr' id='par_1_33' title="bbox 247 3184 1791 3259">
     <span class='ocr_line' id='line_1_33' title="bbox 247 3184 1791 3259; baseline -0.008 -10"><span class='ocrx_word' id='word_1_235' title='bbox 247 3191 489 3249; x_wconf 81' lang='lat' dir='ltr'><strong>CAPUT</strong></span> <span class='ocrx_word' id='word_1_236' title='bbox 515 3189 611 3245; x_wconf 74' lang='lat' dir='ltr'><strong>Vl.</strong></span> <span class='ocrx_word' id='word_1_237' title='bbox 652 3218 723 3230; x_wconf 95' lang='lat'><strong><em>—</em></strong></span> <span class='ocrx_word' id='word_1_238' title='bbox 752 3188 807 3245; x_wconf 88' lang='lat'><strong>6.</strong></span> <span class='ocrx_word' id='word_1_239' title='bbox 838 3189 919 3243; x_wconf 79' lang='lat' dir='ltr'><strong>An</strong></span> <span class='ocrx_word' id='word_1_240' title='bbox 943 3188 1059 3259; x_wconf 83' lang='lat' dir='ltr'><strong>ipsa</strong></span> <span class='ocrx_word' id='word_1_241' title='bbox 1095 3186 1249 3241; x_wconf 87' lang='lat' dir='ltr'><strong>etiam</strong></span> <span class='ocrx_word' id='word_1_242' title='bbox 1283 3184 1405 3238; x_wconf 83' lang='lat' dir='ltr'><strong>vitia</strong></span> <span class='ocrx_word' id='word_1_243' title='bbox 1437 3192 1679 3255; x_wconf 84' lang='lat' dir='ltr'><strong>tanquam</strong></span> <span class='ocrx_word' id='word_1_244' title='bbox 1705 3185 1791 3238; x_wconf 83' lang='lat' dir='ltr'><strong>in-</strong></span> 
     </span>
    </p>
   </div>
   <div class='ocr_carea' id='block_1_34' title="bbox 184 3275 1788 3356">
    <p class='ocr_par' dir='ltr' id='par_1_34' title="bbox 184 3275 1788 3356">
     <span class='ocr_line' id='line_1_34' title="bbox 184 3275 1788 3356; baseline -0.006 -17"><span class='ocrx_word' id='word_1_245' title='bbox 184 3284 467 3356; x_wconf 79' lang='lat' dir='ltr'><strong>telligibilia</strong></span> <span class='ocrx_word' id='word_1_246' title='bbox 489 3325 505 3348; x_wconf 92' lang='lat'><strong>,</strong></span> <span class='ocrx_word' id='word_1_247' title='bbox 534 3281 641 3337; x_wconf 79' lang='lat' dir='ltr'><strong>luci</strong></span> <span class='ocrx_word' id='word_1_248' title='bbox 666 3280 893 3336; x_wconf 72' lang='lat' dir='ltr'><strong>sensibili</strong></span> <span class='ocrx_word' id='word_1_249' title='bbox 921 3278 1242 3351; x_wconf 66' lang='lat' dir='ltr'><strong>prafere&#39;nda</strong></span> <span class='ocrx_word' id='word_1_250' title='bbox 1272 3278 1372 3333; x_wconf 87' lang='lat' dir='ltr'><strong>sint</strong></span> <span class='ocrx_word' id='word_1_251' title='bbox 1399 3286 1450 3331; x_wconf 82' lang='lat' dir='ltr'><strong>et</strong></span> <span class='ocrx_word' id='word_1_252' title='bbox 1477 3275 1586 3330; x_wconf 87' lang='lat' dir='ltr'><strong>Deo</strong></span> <span class='ocrx_word' id='word_1_253' title='bbox 1610 3284 1665 3330; x_wconf 88' lang='lat' dir='ltr'><strong>ut</strong></span> <span class='ocrx_word' id='word_1_254' title='bbox 1690 3292 1788 3329; x_wconf 85' lang='lat' dir='ltr'><strong>au-</strong></span> 
     </span>
    </p>
   </div>
   <div class='ocr_carea' id='block_1_35' title="bbox 186 3369 1792 3440">
    <p class='ocr_par' dir='ltr' id='par_1_35' title="bbox 186 3369 1792 3440">
     <span class='ocr_line' id='line_1_35' title="bbox 186 3369 1792 3440; baseline -0.006 -8"><span class='ocrx_word' id='word_1_255' title='bbox 186 3379 304 3432; x_wconf 79' lang='lat' dir='ltr'><strong>ctori</strong></span> <span class='ocrx_word' id='word_1_256' title='bbox 334 3372 843 3430; x_wconf 78' lang='lat' dir='ltr'><strong>tribuenda.Vitium</strong></span> <span class='ocrx_word' id='word_1_257' title='bbox 867 3372 1025 3426; x_wconf 71' lang='lat' dir='ltr'><strong>annui</strong></span> <span class='ocrx_word' id='word_1_258' title='bbox 1049 3378 1121 3426; x_wconf 83' lang='lat' dir='ltr'><strong>est</strong></span> <span class='ocrx_word' id='word_1_259' title='bbox 1148 3370 1371 3440; x_wconf 75' lang='lat' dir='ltr'><strong>defectus</strong></span> <span class='ocrx_word' id='word_1_260' title='bbox 1398 3369 1627 3439; x_wconf 82' lang='lat' dir='ltr'><strong>quidam,</strong></span> <span class='ocrx_word' id='word_1_261' title='bbox 1658 3376 1792 3422; x_wconf 85' lang='lat' dir='ltr'><strong>recte</strong></span> 
     </span>
    </p>
   </div>
   <div class='ocr_carea' id='block_1_36' title="bbox 185 3459 1785 3533">
    <p class='ocr_par' dir='ltr' id='par_1_36' title="bbox 185 3459 1785 3533">
     <span class='ocr_line' id='line_1_36' title="bbox 185 3459 1785 3533; baseline -0.007 -9"><span class='ocrx_word' id='word_1_262' title='bbox 185 3485 278 3524; x_wconf 74' lang='lat' dir='ltr'><strong>non</strong></span> <span class='ocrx_word' id='word_1_263' title='bbox 329 3471 472 3522; x_wconf 82' lang='lat' dir='ltr'><strong>inter</strong></span> <span class='ocrx_word' id='word_1_264' title='bbox 542 3464 892 3533; x_wconf 83' lang='lat' dir='ltr'><strong>intelligibilia</strong></span> <span class='ocrx_word' id='word_1_265' title='bbox 957 3460 1320 3516; x_wconf 77' lang='lat' dir='ltr'><strong>numerandus.</strong></span> <span class='ocrx_word' id='word_1_266' title='bbox 1379 3459 1494 3530; x_wconf 81' lang='lat' dir='ltr'><strong>Ipsi</strong></span> <span class='ocrx_word' id='word_1_267' title='bbox 1544 3460 1785 3529; x_wconf 80' lang='lat' dir='ltr'><strong>defectus,</strong></span> 
     </span>
    </p>
   </div>
   <div class='ocr_carea' id='block_1_37' title="bbox 185 3555 1792 3627">
    <p class='ocr_par' dir='ltr' id='par_1_37' title="bbox 185 3555 1792 3627">
     <span class='ocr_line' id='line_1_37' title="bbox 185 3555 1792 3627; baseline -0.007 -11"><span class='ocrx_word' id='word_1_268' title='bbox 185 3561 373 3615; x_wconf 77' lang='lat' dir='ltr'><strong>etiamsi</strong></span> <span class='ocrx_word' id='word_1_269' title='bbox 389 3561 533 3614; x_wconf 78' lang='lat' dir='ltr'><strong>inter</strong></span> <span class='ocrx_word' id='word_1_270' title='bbox 561 3555 903 3627; x_wconf 78' lang='lat' dir='ltr'><strong>intelligibilia</strong></span> <span class='ocrx_word' id='word_1_271' title='bbox 926 3562 1338 3620; x_wconf 78' lang='lat' dir='ltr'><strong>numerarentur,</strong></span> <span class='ocrx_word' id='word_1_272' title='bbox 1369 3568 1627 3621; x_wconf 82' lang='lat' dir='ltr'><strong>nunquam</strong></span> <span class='ocrx_word' id='word_1_273' title='bbox 1652 3559 1792 3604; x_wconf 88' lang='lat' dir='ltr'><strong>ante-</strong></span> 
     </span>
    </p>
   </div>
   <div class='ocr_carea' id='block_1_38' title="bbox 186 3643 1787 3723">
    <p class='ocr_par' dir='ltr' id='par_1_38' title="bbox 186 3643 1787 3723">
     <span class='ocr_line' id='line_1_38' title="bbox 186 3643 1787 3723; baseline -0.008 -14"><span class='ocrx_word' id='word_1_274' title='bbox 186 3654 403 3723; x_wconf 72' lang='lat' dir='ltr'><strong>ponendi</strong></span> <span class='ocrx_word' id='word_1_275' title='bbox 427 3650 587 3707; x_wconf 77' lang='lat' dir='ltr'><strong>rebus</strong></span> <span class='ocrx_word' id='word_1_276' title='bbox 618 3648 965 3705; x_wconf 80' lang='lat' dir='ltr'><strong>sensibilibus.</strong></span> <span class='ocrx_word' id='word_1_277' title='bbox 995 3646 1057 3701; x_wconf 85' lang='lat' dir='ltr'><strong>Si</strong></span> <span class='ocrx_word' id='word_1_278' title='bbox 1096 3648 1263 3699; x_wconf 84' lang='lat' dir='ltr'><strong>lumen</strong></span> <span class='ocrx_word' id='word_1_279' title='bbox 1289 3645 1480 3699; x_wconf 78' lang='lat' dir='ltr'><strong>uisibile</strong></span> <span class='ocrx_word' id='word_1_280' title='bbox 1506 3662 1537 3697; x_wconf 94' lang='lat' dir='ltr'><strong>a</strong></span> <span class='ocrx_word' id='word_1_281' title='bbox 1562 3643 1673 3697; x_wconf 88' lang='lat' dir='ltr'><strong>Deo</strong></span> <span class='ocrx_word' id='word_1_282' title='bbox 1694 3652 1787 3709; x_wconf 87' lang='lat' dir='ltr'><strong>est,</strong></span> 
     </span>
    </p>
   </div>
   <div class='ocr_carea' id='block_1_39' title="bbox 189 3734 1790 3813">
    <p class='ocr_par' dir='ltr' id='par_1_39' title="bbox 189 3734 1790 3813">
     <span class='ocr_line' id='line_1_39' title="bbox 189 3734 1790 3813; baseline -0.008 -13"><span class='ocrx_word' id='word_1_283' title='bbox 189 3746 337 3799; x_wconf 62' lang='lat' dir='ltr'><strong>multo</strong></span> <span class='ocrx_word' id='word_1_284' title='bbox 361 3743 537 3813; x_wconf 81' lang='lat' dir='ltr'><strong>magis</strong></span> <span class='ocrx_word' id='word_1_285' title='bbox 561 3740 629 3795; x_wconf 84' lang='lat' dir='ltr'><strong>ab</strong></span> <span class='ocrx_word' id='word_1_286' title='bbox 654 3742 770 3811; x_wconf 84' lang='lat' dir='ltr'><strong>ipso</strong></span> <span class='ocrx_word' id='word_1_287' title='bbox 786 3739 979 3804; x_wconf 88' lang='lat' dir='ltr'><strong>anima,</strong></span> <span class='ocrx_word' id='word_1_288' title='bbox 1008 3753 1121 3807; x_wconf 70' lang='lat' dir='ltr'><strong>quae</strong></span> <span class='ocrx_word' id='word_1_289' title='bbox 1146 3737 1199 3790; x_wconf 84' lang='lat' dir='ltr'><strong>in</strong></span> <span class='ocrx_word' id='word_1_290' title='bbox 1234 3746 1475 3805; x_wconf 85' lang='lat' dir='ltr'><strong>quantum</strong></span> <span class='ocrx_word' id='word_1_291' title='bbox 1498 3736 1614 3789; x_wconf 81' lang='lat' dir='ltr'><strong>vivit</strong></span> <span class='ocrx_word' id='word_1_292' title='bbox 1638 3734 1790 3788; x_wconf 81' lang='lat' dir='ltr'><strong>intel-</strong></span> 
     </span>
    </p>
   </div>
   <div class='ocr_carea' id='block_1_40' title="bbox 189 3826 1793 3908">
    <p class='ocr_par' dir='ltr' id='par_1_40' title="bbox 189 3826 1793 3908">
     <span class='ocr_line' id='line_1_40' title="bbox 189 3826 1793 3908; baseline -0.009 -16"><span class='ocrx_word' id='word_1_293' title='bbox 432 3851 522 3889; x_wconf 82' lang='lat' dir='ltr'><strong>res</strong></span> <span class='ocrx_word' id='word_1_294' title='bbox 551 3842 628 3889; x_wconf 83' lang='lat' dir='ltr'><strong>est</strong></span> <span class='ocrx_word' id='word_1_295' title='bbox 653 3874 667 3901; x_wconf 94' lang='lat'><strong>,</strong></span> <span class='ocrx_word' id='word_1_296' title='bbox 707 3832 903 3887; x_wconf 85' lang='lat' dir='ltr'><strong>etiamsi</strong></span> <span class='ocrx_word' id='word_1_297' title='bbox 947 3830 1146 3883; x_wconf 81' lang='lat' dir='ltr'><strong>vitiosa.</strong></span> <span class='ocrx_word' id='word_1_298' title='bbox 1177 3826 1510 3897; x_wconf 80' lang='lat' dir='ltr'><strong>Objectanlur</strong></span> <span class='ocrx_word' id='word_1_299' title='bbox 1554 3836 1735 3880; x_wconf 80' lang='lat' dir='ltr'><strong>contra</strong></span> <span class='ocrx_word' id='word_1_300' title='bbox 1761 3842 1793 3878; x_wconf 89' lang='lat' dir='ltr'><strong>a</strong></span> 
     </span>
    </p>
   </div>
   <div class='ocr_carea' id='block_1_41' title="bbox 192 3916 1791 3993">
    <p class='ocr_par' dir='ltr' id='par_1_41' title="bbox 192 3916 1791 3993">
     <span class='ocr_line' id='line_1_41' title="bbox 192 3916 1791 3993; baseline -0.009 -11"><span class='ocrx_word' id='word_1_301' title='bbox 192 3927 493 3982; x_wconf 70' lang='lat' dir='ltr'><strong>Manichteis</strong></span> <span class='ocrx_word' id='word_1_302' title='bbox 516 3924 634 3979; x_wconf 86' lang='lat' dir='ltr'><strong>loca</strong></span> <span class='ocrx_word' id='word_1_303' title='bbox 660 3922 963 3993; x_wconf 69' lang='lat' dir='ltr'><strong>Scriptura.</strong></span> <span class='ocrx_word' id='word_1_304' title='bbox 989 3920 1102 3974; x_wconf 83' lang='lat' dir='ltr'><strong>Hoc</strong></span> <span class='ocrx_word' id='word_1_305' title='bbox 1132 3919 1251 3973; x_wconf 93' lang='lat' dir='ltr'><strong>loco</strong></span> <span class='ocrx_word' id='word_1_306' title='bbox 1281 3920 1327 3972; x_wconf 92' lang='lat' dir='ltr'><strong>si</strong></span> <span class='ocrx_word' id='word_1_307' title='bbox 1357 3916 1639 3986; x_wconf 88' lang='lat' dir='ltr'><strong>quisquam</strong></span> <span class='ocrx_word' id='word_1_308' title='bbox 1668 3916 1791 3969; x_wconf 87' lang='lat' dir='ltr'><strong>illo-</strong></span> 
     </span>
    </p>
   </div>
   <div class='ocr_carea' id='block_1_42' title="bbox 192 4007 1787 4085">
    <p class='ocr_par' dir='ltr' id='par_1_42' title="bbox 192 4007 1787 4085">
     <span class='ocr_line' id='line_1_42' title="bbox 192 4007 1787 4085; baseline -0.008 -11"><span class='ocrx_word' id='word_1_309' title='bbox 192 4035 297 4073; x_wconf 86' lang='lat' dir='ltr'><strong>rum</strong></span> <span class='ocrx_word' id='word_1_310' title='bbox 332 4025 535 4073; x_wconf 82' lang='lat' dir='ltr'><strong>cautus</strong></span> <span class='ocrx_word' id='word_1_311' title='bbox 577 4022 636 4070; x_wconf 88' lang='lat' dir='ltr'><strong>et</strong></span> <span class='ocrx_word' id='word_1_312' title='bbox 664 4013 921 4085; x_wconf 85' lang='lat' dir='ltr'><strong>vigilans,</strong></span> <span class='ocrx_word' id='word_1_313' title='bbox 951 4012 1062 4080; x_wconf 90' lang='lat' dir='ltr'><strong>jam</strong></span> <span class='ocrx_word' id='word_1_314' title='bbox 1105 4011 1265 4065; x_wconf 88' lang='lat' dir='ltr'><strong>etiam</strong></span> <span class='ocrx_word' id='word_1_315' title='bbox 1298 4007 1587 4062; x_wconf 90' lang='lat' dir='ltr'><strong>studiosior</strong></span> <span class='ocrx_word' id='word_1_316' title='bbox 1627 4022 1787 4077; x_wconf 87' lang='lat' dir='ltr'><strong>quam</strong></span> 
     </span>
    </p>
   </div>
   <div class='ocr_carea' id='block_1_43' title="bbox 192 4098 1790 4180">
    <p class='ocr_par' dir='ltr' id='par_1_43' title="bbox 192 4098 1790 4180">
     <span class='ocr_line' id='line_1_43' title="bbox 192 4098 1790 4180; baseline -0.008 -16"><span class='ocrx_word' id='word_1_317' title='bbox 192 4109 551 4180; x_wconf 82' lang='lat' dir='ltr'><strong>pertinacior,</strong></span> <span class='ocrx_word' id='word_1_318' title='bbox 585 4120 674 4161; x_wconf 88' lang='lat' dir='ltr'><strong>me</strong></span> <span class='ocrx_word' id='word_1_319' title='bbox 721 4104 1035 4159; x_wconf 87' lang='lat' dir='ltr'><strong>admoneret</strong></span> <span class='ocrx_word' id='word_1_320' title='bbox 1055 4144 1070 4167; x_wconf 94' lang='lat'><strong>,</strong></span> <span class='ocrx_word' id='word_1_321' title='bbox 1103 4116 1209 4157; x_wconf 92' lang='lat' dir='ltr'><strong>non</strong></span> <span class='ocrx_word' id='word_1_322' title='bbox 1230 4100 1300 4155; x_wconf 92' lang='lat' dir='ltr'><strong>de</strong></span> <span class='ocrx_word' id='word_1_323' title='bbox 1328 4100 1533 4153; x_wconf 86' lang='lat' dir='ltr'><strong>vitiosis</strong></span> <span class='ocrx_word' id='word_1_324' title='bbox 1562 4098 1790 4167; x_wconf 90' lang='lat' dir='ltr'><strong>animis,</strong></span> 
     </span>
    </p>
   </div>
   <div class='ocr_carea' id='block_1_44' title="bbox 190 4192 1793 4272">
    <p class='ocr_par' dir='ltr' id='par_1_44' title="bbox 190 4192 1793 4272">
     <span class='ocr_line' id='line_1_44' title="bbox 190 4192 1793 4272; baseline -0.007 -13"><span class='ocrx_word' id='word_1_325' title='bbox 190 4204 277 4259; x_wconf 80' lang='lat' dir='ltr'><strong>sed</strong></span> <span class='ocrx_word' id='word_1_326' title='bbox 306 4204 376 4258; x_wconf 90' lang='lat' dir='ltr'><strong>de</strong></span> <span class='ocrx_word' id='word_1_327' title='bbox 420 4200 560 4272; x_wconf 86' lang='lat' dir='ltr'><strong>ipsis</strong></span> <span class='ocrx_word' id='word_1_328' title='bbox 604 4198 749 4254; x_wconf 85' lang='lat' dir='ltr'><strong>vitiis</strong></span> <span class='ocrx_word' id='word_1_329' title='bbox 778 4212 899 4252; x_wconf 90' lang='lat' dir='ltr'><strong>esse</strong></span> <span class='ocrx_word' id='word_1_330' title='bbox 945 4194 1293 4266; x_wconf 62' lang='lat' dir='ltr'><strong>quaerendum</strong></span> <span class='ocrx_word' id='word_1_331' title='bbox 1328 4211 1339 4247; x_wconf 97' lang='lat'>:</span> <span class='ocrx_word' id='word_1_332' title='bbox 1372 4208 1492 4263; x_wconf 79' lang='lat' dir='ltr'><strong>quae</strong></span> <span class='ocrx_word' id='word_1_333' title='bbox 1540 4192 1793 4262; x_wconf 89' lang='lat' dir='ltr'><strong>quoniam</strong></span> 
     </span>
    </p>
   </div>
   <div class='ocr_carea' id='block_1_45' title="bbox 190 4291 1794 4363">
    <p class='ocr_par' dir='ltr' id='par_1_45' title="bbox 190 4291 1794 4363">
     <span class='ocr_line' id='line_1_45' title="bbox 190 4291 1794 4363; baseline -0.007 -13"><span class='ocrx_word' id='word_1_334' title='bbox 190 4309 346 4350; x_wconf 83' lang='lat' dir='ltr'><strong>sensu</strong></span> <span class='ocrx_word' id='word_1_335' title='bbox 378 4291 636 4363; x_wconf 86' lang='lat' dir='ltr'><strong>corporis</strong></span> <span class='ocrx_word' id='word_1_336' title='bbox 662 4304 771 4346; x_wconf 93' lang='lat' dir='ltr'><strong>non</strong></span> <span class='ocrx_word' id='word_1_337' title='bbox 800 4294 1270 4359; x_wconf 85' lang='lat' dir='ltr'><strong>cognoscerentur,</strong></span> <span class='ocrx_word' id='word_1_338' title='bbox 1304 4295 1359 4340; x_wconf 87' lang='lat' dir='ltr'><strong>et</strong></span> <span class='ocrx_word' id='word_1_339' title='bbox 1384 4292 1563 4342; x_wconf 87' lang='lat' dir='ltr'><strong>tamen</strong></span> <span class='ocrx_word' id='word_1_340' title='bbox 1591 4298 1794 4354; x_wconf 89' lang='lat' dir='ltr'><strong>cogno-</strong></span> 
     </span>
    </p>
   </div>
   <div class='ocr_carea' id='block_1_46' title="bbox 191 4378 1794 4453">
    <p class='ocr_par' dir='ltr' id='par_1_46' title="bbox 191 4378 1794 4453">
     <span class='ocr_line' id='line_1_46' title="bbox 191 4378 1794 4453; baseline -0.007 -8"><span class='ocrx_word' id='word_1_341' title='bbox 191 4397 489 4453; x_wconf 77' lang='lat' dir='ltr'><strong>scerentur,</strong></span> <span class='ocrx_word' id='word_1_342' title='bbox 521 4400 631 4440; x_wconf 93' lang='lat' dir='ltr'><strong>non</strong></span> <span class='ocrx_word' id='word_1_343' title='bbox 653 4384 758 4439; x_wconf 87' lang='lat' dir='ltr'><strong>nisi</strong></span> <span class='ocrx_word' id='word_1_344' title='bbox 788 4381 1138 4452; x_wconf 87' lang='lat' dir='ltr'><strong>intelligibilia</strong></span> <span class='ocrx_word' id='word_1_345' title='bbox 1180 4394 1341 4450; x_wconf 89' lang='lat' dir='ltr'><strong>posse</strong></span> <span class='ocrx_word' id='word_1_346' title='bbox 1370 4378 1559 4448; x_wconf 86' lang='lat' dir='ltr'><strong>accipi,</strong></span> <span class='ocrx_word' id='word_1_347' title='bbox 1599 4393 1719 4448; x_wconf 66' lang='lat' dir='ltr'><strong>quae</strong></span> <span class='ocrx_word' id='word_1_348' title='bbox 1747 4378 1794 4433; x_wconf 89' lang='lat' dir='ltr'><strong>si</strong></span> 
     </span>
    </p>
   </div>
   <div class='ocr_carea' id='block_1_47' title="bbox 192 4469 1795 4538">
    <p class='ocr_par' dir='ltr' id='par_1_47' title="bbox 192 4469 1795 4538">
     <span class='ocr_line' id='line_1_47' title="bbox 192 4469 1795 4538; baseline -0.006 -4"><span class='ocrx_word' id='word_1_349' title='bbox 192 4477 545 4533; x_wconf 81' lang='lat' dir='ltr'><strong>sensibilibus</strong></span> <span class='ocrx_word' id='word_1_350' title='bbox 564 4474 817 4530; x_wconf 89' lang='lat' dir='ltr'><strong>omnibus</strong></span> <span class='ocrx_word' id='word_1_351' title='bbox 847 4471 1177 4527; x_wconf 91' lang='lat' dir='ltr'><strong>antecellunt</strong></span> <span class='ocrx_word' id='word_1_352' title='bbox 1201 4512 1216 4538; x_wconf 93' lang='lat'><strong>,</strong></span> <span class='ocrx_word' id='word_1_353' title='bbox 1245 4485 1343 4524; x_wconf 88' lang='lat' dir='ltr'><strong>cur</strong></span> <span class='ocrx_word' id='word_1_354' title='bbox 1372 4470 1543 4525; x_wconf 87' lang='lat' dir='ltr'><strong>lucem</strong></span> <span class='ocrx_word' id='word_1_355' title='bbox 1572 4469 1681 4524; x_wconf 85' lang='lat' dir='ltr'><strong>Deo</strong></span> <span class='ocrx_word' id='word_1_356' title='bbox 1704 4483 1795 4524; x_wconf 87' lang='lat' dir='ltr'><strong>au-</strong></span> 
     </span>
    </p>
   </div>
   <div class='ocr_carea' id='block_1_48' title="bbox 193 4559 1796 4627">
    <p class='ocr_par' dir='ltr' id='par_1_48' title="bbox 193 4559 1796 4627">
     <span class='ocr_line' id='line_1_48' title="bbox 193 4559 1796 4627; baseline -0.008 -1"><span class='ocrx_word' id='word_1_357' title='bbox 193 4571 323 4625; x_wconf 69' lang='lat' dir='ltr'><strong>steri</strong></span> <span class='ocrx_word' id='word_1_358' title='bbox 351 4583 482 4625; x_wconf 83' lang='lat' dir='ltr'><strong>esse</strong></span> <span class='ocrx_word' id='word_1_359' title='bbox 512 4564 851 4621; x_wconf 85' lang='lat' dir='ltr'><strong>tribuendam</strong></span> <span class='ocrx_word' id='word_1_360' title='bbox 874 4563 1014 4619; x_wconf 88' lang='lat' dir='ltr'><strong>inter</strong></span> <span class='ocrx_word' id='word_1_361' title='bbox 1040 4576 1140 4618; x_wconf 89' lang='lat' dir='ltr'><strong>nos</strong></span> <span class='ocrx_word' id='word_1_362' title='bbox 1165 4560 1518 4627; x_wconf 86' lang='lat' dir='ltr'><strong>conveniret,</strong></span> <span class='ocrx_word' id='word_1_363' title='bbox 1546 4559 1796 4615; x_wconf 88' lang='lat' dir='ltr'><strong>vitiorum</strong></span> 
     </span>
    </p>
   </div>
   <div class='ocr_carea' id='block_1_49' title="bbox 197 4651 1795 4722">
    <p class='ocr_par' dir='ltr' id='par_1_49' title="bbox 197 4651 1795 4722">
     <span class='ocr_line' id='line_1_49' title="bbox 197 4651 1795 4722; baseline -0.009 -3"><span class='ocrx_word' id='word_1_364' title='bbox 197 4676 321 4719; x_wconf 78' lang='lat' dir='ltr'><strong>vero</strong></span> <span class='ocrx_word' id='word_1_365' title='bbox 342 4670 631 4717; x_wconf 85' lang='lat' dir='ltr'><strong>auctorem</strong></span> <span class='ocrx_word' id='word_1_366' title='bbox 676 4659 845 4713; x_wconf 89' lang='lat' dir='ltr'><strong>Deum</strong></span> <span class='ocrx_word' id='word_1_367' title='bbox 884 4670 1047 4712; x_wconf 88' lang='lat' dir='ltr'><strong>nemo</strong></span> <span class='ocrx_word' id='word_1_368' title='bbox 1082 4654 1185 4709; x_wconf 90' lang='lat' dir='ltr'><strong>nisi</strong></span> <span class='ocrx_word' id='word_1_369' title='bbox 1226 4652 1515 4722; x_wconf 86' lang='lat' dir='ltr'><strong>sacrilegus</strong></span> <span class='ocrx_word' id='word_1_370' title='bbox 1544 4651 1749 4707; x_wconf 87' lang='lat' dir='ltr'><strong>diceret</strong></span> <span class='ocrx_word' id='word_1_371' title='bbox 1780 4668 1795 4706; x_wconf 92' lang='lat'>:</span> 
     </span>
    </p>
   </div>
   <div class='ocr_carea' id='block_1_50' title="bbox 195 4742 1799 4826">
    <p class='ocr_par' dir='ltr' id='par_1_50' title="bbox 195 4742 1799 4826">
     <span class='ocr_line' id='line_1_50' title="bbox 195 4742 1799 4826; baseline -0.009 -15"><span class='ocrx_word' id='word_1_372' title='bbox 195 4753 585 4826; x_wconf 87' lang='lat' dir='ltr'><strong>responderem</strong></span> <span class='ocrx_word' id='word_1_373' title='bbox 619 4750 912 4817; x_wconf 87' lang='lat' dir='ltr'><strong>homini,si</strong></span> <span class='ocrx_word' id='word_1_374' title='bbox 938 4757 1028 4803; x_wconf 89' lang='lat' dir='ltr'><strong>aut</strong></span> <span class='ocrx_word' id='word_1_375' title='bbox 1052 4746 1231 4803; x_wconf 83' lang='lat' dir='ltr'><strong>statim</strong></span> <span class='ocrx_word' id='word_1_376' title='bbox 1255 4753 1312 4801; x_wconf 94' lang='lat' dir='ltr'><strong>et</strong></span> <span class='ocrx_word' id='word_1_377' title='bbox 1329 4751 1552 4814; x_wconf 85' lang='lat' dir='ltr'><strong>repente</strong></span> <span class='ocrx_word' id='word_1_378' title='bbox 1574 4784 1589 4809; x_wconf 90' lang='lat'><strong>,</strong></span> <span class='ocrx_word' id='word_1_379' title='bbox 1621 4751 1680 4797; x_wconf 92' lang='lat' dir='ltr'><strong>ut</strong></span> <span class='ocrx_word' id='word_1_380' title='bbox 1704 4742 1799 4798; x_wconf 89' lang='lat' dir='ltr'><strong>ho-</strong></span> 
     </span>
    </p>
   </div>
   <div class='ocr_carea' id='block_1_51' title="bbox 1883 512 3465 589">
    <p class='ocr_par' dir='ltr' id='par_1_51' title="bbox 1883 512 3465 589">
     <span class='ocr_line' id='line_1_51' title="bbox 1883 512 3465 589; baseline 0.008 -24"><span class='ocrx_word' id='word_1_381' title='bbox 1883 512 2055 581; x_wconf 90' lang='lat' dir='ltr'><strong>tisque</strong></span> <span class='ocrx_word' id='word_1_382' title='bbox 2083 512 2471 582; x_wconf 81' lang='lat' dir='ltr'><strong>plenissimum.</strong></span> <span class='ocrx_word' id='word_1_383' title='bbox 2519 514 2674 572; x_wconf 85' lang='lat' dir='ltr'><strong>Nullo</strong></span> <span class='ocrx_word' id='word_1_384' title='bbox 2697 514 2859 572; x_wconf 91' lang='lat' dir='ltr'><strong>modo</strong></span> <span class='ocrx_word' id='word_1_385' title='bbox 2887 532 3098 589; x_wconf 88' lang='lat' dir='ltr'><strong>possem</strong></span> <span class='ocrx_word' id='word_1_386' title='bbox 3135 517 3465 589; x_wconf 80' lang='lat' dir='ltr'><strong>existimare,</strong></span> 
     </span>
    </p>
   </div>
   <div class='ocr_carea' id='block_1_52' title="bbox 1882 604 3470 681">
    <p class='ocr_par' dir='ltr' id='par_1_52' title="bbox 1882 604 3470 681">
     <span class='ocr_line' id='line_1_52' title="bbox 1882 604 3470 681; baseline 0.008 -25"><span class='ocrx_word' id='word_1_387' title='bbox 1882 604 2022 673; x_wconf 92' lang='lat' dir='ltr'><strong>quod</strong></span> <span class='ocrx_word' id='word_1_388' title='bbox 2042 619 2130 659; x_wconf 89' lang='lat' dir='ltr'><strong>me</strong></span> <span class='ocrx_word' id='word_1_389' title='bbox 2148 605 2225 659; x_wconf 91' lang='lat' dir='ltr'><strong>sic</strong></span> <span class='ocrx_word' id='word_1_390' title='bbox 2253 604 2496 661; x_wconf 70' lang='lat' dir='ltr'><strong>allectum</strong></span> <span class='ocrx_word' id='word_1_391' title='bbox 2524 608 2611 663; x_wconf 91' lang='lat' dir='ltr'><strong>ille</strong></span> <span class='ocrx_word' id='word_1_392' title='bbox 2630 608 2922 665; x_wconf 88' lang='lat' dir='ltr'><strong>desereret.</strong></span> <span class='ocrx_word' id='word_1_393' title='bbox 2944 610 3272 668; x_wconf 86' lang='lat' dir='ltr'><strong>Admoneret</strong></span> <span class='ocrx_word' id='word_1_394' title='bbox 3292 613 3470 681; x_wconf 87' lang='lat' dir='ltr'><strong>potius</strong></span> 
     </span>
    </p>
   </div>
   <div class='ocr_carea' id='block_1_53' title="bbox 1883 695 3469 769">
    <p class='ocr_par' dir='ltr' id='par_1_53' title="bbox 1883 695 3469 769">
     <span class='ocr_line' id='line_1_53' title="bbox 1883 695 3469 769; baseline 0.008 -20"><span class='ocrx_word' id='word_1_395' title='bbox 1883 695 1994 749; x_wconf 91' lang='lat' dir='ltr'><strong>suis</strong></span> <span class='ocrx_word' id='word_1_396' title='bbox 2018 696 2123 751; x_wconf 88' lang='lat' dir='ltr'><strong>illis</strong></span> <span class='ocrx_word' id='word_1_397' title='bbox 2163 697 2521 755; x_wconf 84' lang='lat' dir='ltr'><strong>inell&#39;abilibus</strong></span> <span class='ocrx_word' id='word_1_398' title='bbox 2560 702 2765 769; x_wconf 89' lang='lat' dir='ltr'><strong>modis,</strong></span> <span class='ocrx_word' id='word_1_399' title='bbox 2793 713 2850 758; x_wconf 89' lang='lat' dir='ltr'><strong>ut</strong></span> <span class='ocrx_word' id='word_1_400' title='bbox 2875 705 3267 761; x_wconf 85' lang='lat' dir='ltr'><strong>considerarem</strong></span> <span class='ocrx_word' id='word_1_401' title='bbox 3307 707 3469 761; x_wconf 87' lang='lat' dir='ltr'><strong>etiam</strong></span> 
     </span>
    </p>
   </div>
   <div class='ocr_carea' id='block_1_54' title="bbox 1884 789 3467 867">
    <p class='ocr_par' dir='ltr' id='par_1_54' title="bbox 1884 789 3467 867">
     <span class='ocr_line' id='line_1_54' title="bbox 1884 789 3467 867; baseline 0.009 -28"><span class='ocrx_word' id='word_1_402' title='bbox 1884 795 2041 857; x_wconf 84' lang='lat' dir='ltr'><strong>atque</strong></span> <span class='ocrx_word' id='word_1_403' title='bbox 2076 789 2236 843; x_wconf 87' lang='lat' dir='ltr'><strong>etiam</strong></span> <span class='ocrx_word' id='word_1_404' title='bbox 2261 830 2276 856; x_wconf 92' lang='lat'><strong>,</strong></span> <span class='ocrx_word' id='word_1_405' title='bbox 2306 801 2481 846; x_wconf 91' lang='lat' dir='ltr'><strong>utrum</strong></span> <span class='ocrx_word' id='word_1_406' title='bbox 2522 793 2683 847; x_wconf 89' lang='lat' dir='ltr'><strong>animi</strong></span> <span class='ocrx_word' id='word_1_407' title='bbox 2719 796 2843 849; x_wconf 89' lang='lat' dir='ltr'><strong>vitia</strong></span> <span class='ocrx_word' id='word_1_408' title='bbox 2863 838 2877 862; x_wconf 89' lang='lat'><strong>,</strong></span> <span class='ocrx_word' id='word_1_409' title='bbox 2910 796 2978 851; x_wconf 90' lang='lat' dir='ltr'><strong>de</strong></span> <span class='ocrx_word' id='word_1_410' title='bbox 3002 798 3018 828; x_wconf 85' lang='grc'>¹</span> <span class='ocrx_word' id='word_1_411' title='bbox 3052 798 3244 867; x_wconf 89' lang='lat' dir='ltr'><strong>quibus</strong></span> <span class='ocrx_word' id='word_1_412' title='bbox 3269 809 3467 853; x_wconf 53' lang='lat' dir='ltr'><strong>aestua-</strong></span> 
     </span>
    </p>
   </div>
   <div class='ocr_carea' id='block_1_55' title="bbox 1884 880 3472 957">
    <p class='ocr_par' dir='ltr' id='par_1_55' title="bbox 1884 880 3472 957">
     <span class='ocr_line' id='line_1_55' title="bbox 1884 880 3472 957; baseline 0.01 -25"><span class='ocrx_word' id='word_1_413' title='bbox 1884 893 1997 933; x_wconf 91' lang='lat' dir='ltr'><strong>rem</strong></span> <span class='ocrx_word' id='word_1_414' title='bbox 2021 920 2035 944; x_wconf 92' lang='lat'><strong>,</strong></span> <span class='ocrx_word' id='word_1_415' title='bbox 2072 880 2212 936; x_wconf 90' lang='lat' dir='ltr'><strong>inter</strong></span> <span class='ocrx_word' id='word_1_416' title='bbox 2260 882 2607 953; x_wconf 87' lang='lat' dir='ltr'><strong>intclligibilia</strong></span> <span class='ocrx_word' id='word_1_417' title='bbox 2633 888 2962 944; x_wconf 90' lang='lat' dir='ltr'><strong>numeranda</strong></span> <span class='ocrx_word' id='word_1_418' title='bbox 2997 900 3198 945; x_wconf 90' lang='lat' dir='ltr'><strong>essent.</strong></span> <span class='ocrx_word' id='word_1_419' title='bbox 3229 891 3382 957; x_wconf 87' lang='lat' dir='ltr'><strong>Quod</strong></span> <span class='ocrx_word' id='word_1_420' title='bbox 3412 903 3472 948; x_wconf 91' lang='lat' dir='ltr'><strong>ut</strong></span> 
     </span>
    </p>
   </div>
   <div class='ocr_carea' id='block_1_56' title="bbox 1883 970 3474 1043">
    <p class='ocr_par' dir='ltr' id='par_1_56' title="bbox 1883 970 3474 1043">
     <span class='ocr_line' id='line_1_56' title="bbox 1883 970 3474 1043; baseline 0.009 -20"><span class='ocrx_word' id='word_1_421' title='bbox 1883 970 2211 1040; x_wconf 87' lang='lat' dir='ltr'><strong>reperirem,</strong></span> <span class='ocrx_word' id='word_1_422' title='bbox 2244 982 2472 1043; x_wconf 77' lang='lat' dir='ltr'><strong>propter</strong></span> <span class='ocrx_word' id='word_1_423' title='bbox 2530 975 2944 1034; x_wconf 86' lang='lat' dir='ltr'><strong>imbecillitatem</strong></span> <span class='ocrx_word' id='word_1_424' title='bbox 3009 981 3277 1037; x_wconf 91' lang='lat' dir='ltr'><strong>interioris</strong></span> <span class='ocrx_word' id='word_1_425' title='bbox 3326 983 3474 1038; x_wconf 89' lang='lat' dir='ltr'><strong>oculi</strong></span> 
     </span>
    </p>
   </div>
   <div class='ocr_carea' id='block_1_57' title="bbox 1885 1062 3473 1146">
    <p class='ocr_par' dir='ltr' id='par_1_57' title="bbox 1885 1062 3473 1146">
     <span class='ocr_line' id='line_1_57' title="bbox 1885 1062 3473 1146; baseline 0.011 -32"><span class='ocrx_word' id='word_1_426' title='bbox 1885 1062 2010 1127; x_wconf 89' lang='lat' dir='ltr'><strong>mei,</strong></span> <span class='ocrx_word' id='word_1_427' title='bbox 2038 1079 2156 1133; x_wconf 74' lang='lat' dir='ltr'><strong>qua:</strong></span> <span class='ocrx_word' id='word_1_428' title='bbox 2182 1064 2309 1117; x_wconf 90' lang='lat' dir='ltr'><strong>mihi</strong></span> <span class='ocrx_word' id='word_1_429' title='bbox 2334 1066 2565 1134; x_wconf 88' lang='lat' dir='ltr'><strong>peccatis</strong></span> <span class='ocrx_word' id='word_1_430' title='bbox 2594 1069 2727 1123; x_wconf 90' lang='lat' dir='ltr'><strong>meis</strong></span> <span class='ocrx_word' id='word_1_431' title='bbox 2748 1070 2867 1139; x_wconf 86' lang='lat' dir='ltr'><strong>jure</strong></span> <span class='ocrx_word' id='word_1_432' title='bbox 2890 1072 3205 1141; x_wconf 90' lang='lat' dir='ltr'><strong>accidisset,</strong></span> <span class='ocrx_word' id='word_1_433' title='bbox 3238 1075 3473 1146; x_wconf 90' lang='lat' dir='ltr'><strong>aliquem</strong></span> 
     </span>
    </p>
   </div>
   <div class='ocr_carea' id='block_1_58' title="bbox 1884 1154 3473 1232">
    <p class='ocr_par' dir='ltr' id='par_1_58' title="bbox 1884 1154 3473 1232">
     <span class='ocr_line' id='line_1_58' title="bbox 1884 1154 3473 1232; baseline 0.009 -24"><span class='ocrx_word' id='word_1_434' title='bbox 1884 1154 2015 1209; x_wconf 91' lang='lat' dir='ltr'><strong>mihi</strong></span> <span class='ocrx_word' id='word_1_435' title='bbox 2042 1156 2108 1211; x_wconf 90' lang='lat' dir='ltr'><strong>ad</strong></span> <span class='ocrx_word' id='word_1_436' title='bbox 2137 1157 2418 1211; x_wconf 83' lang='lat' dir='ltr'><strong>invisibilia</strong></span> <span class='ocrx_word' id='word_1_437' title='bbox 2444 1160 2743 1214; x_wconf 91' lang='lat' dir='ltr'><strong>contuenda</strong></span> <span class='ocrx_word' id='word_1_438' title='bbox 2786 1162 2842 1216; x_wconf 91' lang='lat' dir='ltr'><strong>in</strong></span> <span class='ocrx_word' id='word_1_439' title='bbox 2870 1164 2999 1232; x_wconf 88' lang='lat' dir='ltr'><strong>ipsis</strong></span> <span class='ocrx_word' id='word_1_440' title='bbox 3030 1164 3326 1221; x_wconf 87' lang='lat' dir='ltr'><strong>visibilibus</strong></span> <span class='ocrx_word' id='word_1_441' title='bbox 3353 1182 3473 1221; x_wconf 90' lang='lat' dir='ltr'><strong>ma-</strong></span> 
     </span>
    </p>
   </div>
   <div class='ocr_carea' id='block_1_59' title="bbox 1885 1245 3475 1319">
    <p class='ocr_par' dir='ltr' id='par_1_59' title="bbox 1885 1245 3475 1319">
     <span class='ocr_line' id='line_1_59' title="bbox 1885 1245 3475 1319; baseline 0.01 -20"><span class='ocrx_word' id='word_1_442' title='bbox 1885 1245 2133 1301; x_wconf 89' lang='lat' dir='ltr'><strong>chinarer</strong></span> <span class='ocrx_word' id='word_1_443' title='bbox 2177 1248 2688 1319; x_wconf 82' lang='lat' dir='ltr'><strong>gradumzquorum</strong></span> <span class='ocrx_word' id='word_1_444' title='bbox 2733 1262 2875 1307; x_wconf 89' lang='lat' dir='ltr'><strong>esset</strong></span> <span class='ocrx_word' id='word_1_445' title='bbox 2919 1254 3072 1311; x_wconf 91' lang='lat' dir='ltr'><strong>nobis</strong></span> <span class='ocrx_word' id='word_1_446' title='bbox 3120 1257 3269 1313; x_wconf 90' lang='lat' dir='ltr'><strong>nullo</strong></span> <span class='ocrx_word' id='word_1_447' title='bbox 3312 1258 3475 1315; x_wconf 91' lang='lat' dir='ltr'><strong>modo</strong></span> 
     </span>
    </p>
   </div>
   <div class='ocr_carea' id='block_1_60' title="bbox 1885 1338 3475 1421">
    <p class='ocr_par' dir='ltr' id='par_1_60' title="bbox 1885 1338 3475 1421">
     <span class='ocr_line' id='line_1_60' title="bbox 1885 1338 3475 1421; baseline 0.009 -28"><span class='ocrx_word' id='word_1_448' title='bbox 1885 1338 2082 1393; x_wconf 88' lang='lat' dir='ltr'><strong>certior</strong></span> <span class='ocrx_word' id='word_1_449' title='bbox 2126 1340 2397 1409; x_wconf 86' lang='lat' dir='ltr'><strong>cognitio,</strong></span> <span class='ocrx_word' id='word_1_450' title='bbox 2452 1341 2546 1396; x_wconf 87' lang='lat' dir='ltr'><strong>sed</strong></span> <span class='ocrx_word' id='word_1_451' title='bbox 2597 1344 2926 1401; x_wconf 91' lang='lat' dir='ltr'><strong>consuetudo</strong></span> <span class='ocrx_word' id='word_1_452' title='bbox 2970 1346 3233 1405; x_wconf 79' lang='lat' dir='ltr'><strong>fidentior.</strong></span> <span class='ocrx_word' id='word_1_453' title='bbox 3290 1349 3475 1421; x_wconf 86' lang='lat' dir='ltr'><strong>Itaque</strong></span> 
     </span>
    </p>
   </div>
   <div class='ocr_carea' id='block_1_61' title="bbox 1885 1430 3478 1513">
    <p class='ocr_par' dir='ltr' id='par_1_61' title="bbox 1885 1430 3478 1513">
     <span class='ocr_line' id='line_1_61' title="bbox 1885 1430 3478 1513; baseline 0.009 -29"><span class='ocrx_word' id='word_1_454' title='bbox 1885 1430 2064 1485; x_wconf 90' lang='lat' dir='ltr'><strong>statim</strong></span> <span class='ocrx_word' id='word_1_455' title='bbox 2092 1447 2386 1501; x_wconf 71' lang='lat' dir='ltr'><strong>qumrcrem</strong></span> <span class='ocrx_word' id='word_1_456' title='bbox 2413 1434 2538 1505; x_wconf 93' lang='lat' dir='ltr'><strong>quid</strong></span> <span class='ocrx_word' id='word_1_457' title='bbox 2580 1435 2647 1491; x_wconf 91' lang='lat' dir='ltr'><strong>ad</strong></span> <span class='ocrx_word' id='word_1_458' title='bbox 2672 1450 2887 1492; x_wconf 87' lang='lat' dir='ltr'><strong>sensum</strong></span> <span class='ocrx_word' id='word_1_459' title='bbox 2932 1441 3144 1510; x_wconf 88' lang='lat' dir='ltr'><strong>proprie</strong></span> <span class='ocrx_word' id='word_1_460' title='bbox 3182 1444 3478 1513; x_wconf 89' lang='lat' dir='ltr'><strong>pertineret</strong></span> 
     </span>
    </p>
   </div>
   <div class='ocr_carea' id='block_1_62' title="bbox 1886 1523 3477 1604">
    <p class='ocr_par' dir='ltr' id='par_1_62' title="bbox 1886 1523 3477 1604">
     <span class='ocr_line' id='line_1_62' title="bbox 1886 1523 3477 1604; baseline 0.009 -28"><span class='ocrx_word' id='word_1_461' title='bbox 1886 1523 2161 1577; x_wconf 90' lang='lat' dir='ltr'><strong>oculorum</strong></span> <span class='ocrx_word' id='word_1_462' title='bbox 2192 1542 2204 1577; x_wconf 91' lang='lat'><strong>:</strong></span> <span class='ocrx_word' id='word_1_463' title='bbox 2234 1524 2527 1581; x_wconf 89' lang='lat' dir='ltr'><strong>invenirem</strong></span> <span class='ocrx_word' id='word_1_464' title='bbox 2575 1528 2819 1596; x_wconf 90' lang='lat' dir='ltr'><strong>colores,</strong></span> <span class='ocrx_word' id='word_1_465' title='bbox 2850 1544 3078 1599; x_wconf 89' lang='lat' dir='ltr'><strong>quorum</strong></span> <span class='ocrx_word' id='word_1_466' title='bbox 3119 1532 3477 1604; x_wconf 88' lang='lat' dir='ltr'><strong>principatum</strong></span> 
     </span>
    </p>
   </div>
   <div class='ocr_carea' id='block_1_63' title="bbox 1887 1614 3478 1695">
    <p class='ocr_par' dir='ltr' id='par_1_63' title="bbox 1887 1614 3478 1695">
     <span class='ocr_line' id='line_1_63' title="bbox 1887 1614 3478 1695; baseline 0.009 -27"><span class='ocrx_word' id='word_1_467' title='bbox 1887 1614 1980 1669; x_wconf 81' lang='lat' dir='ltr'><strong>lux</strong></span> <span class='ocrx_word' id='word_1_468' title='bbox 2000 1616 2097 1670; x_wconf 84' lang='lat' dir='ltr'><strong>ista</strong></span> <span class='ocrx_word' id='word_1_469' title='bbox 2114 1617 2395 1673; x_wconf 91' lang='lat' dir='ltr'><strong>obtineret.</strong></span> <span class='ocrx_word' id='word_1_470' title='bbox 2425 1618 2550 1675; x_wconf 63' lang='lat' dir='ltr'><strong>Haec</strong></span> <span class='ocrx_word' id='word_1_471' title='bbox 2564 1621 2707 1675; x_wconf 91' lang='lat' dir='ltr'><strong>enim</strong></span> <span class='ocrx_word' id='word_1_472' title='bbox 2732 1630 2856 1676; x_wconf 89' lang='lat' dir='ltr'><strong>sunt</strong></span> <span class='ocrx_word' id='word_1_473' title='bbox 2869 1637 2988 1693; x_wconf 67' lang='lat' dir='ltr'><strong>qua:</strong></span> <span class='ocrx_word' id='word_1_474' title='bbox 3006 1624 3180 1680; x_wconf 89' lang='lat' dir='ltr'><strong>nullus</strong></span> <span class='ocrx_word' id='word_1_475' title='bbox 3199 1626 3331 1681; x_wconf 88' lang='lat' dir='ltr'><strong>alius</strong></span> <span class='ocrx_word' id='word_1_476' title='bbox 3349 1642 3478 1695; x_wconf 51' lang='lat' dir='ltr'><strong>sena-</strong></span> 
     </span>
    </p>
   </div>
   <div class='ocr_carea' id='block_1_64' title="bbox 1888 1710 3480 1789">
    <p class='ocr_par' dir='ltr' id='par_1_64' title="bbox 1888 1710 3480 1789">
     <span class='ocr_line' id='line_1_64' title="bbox 1888 1710 3480 1789; baseline 0.01 -27"><span class='ocrx_word' id='word_1_477' title='bbox 1888 1722 1980 1763; x_wconf 90' lang='lat' dir='ltr'><strong>sus</strong></span> <span class='ocrx_word' id='word_1_478' title='bbox 1995 1710 2205 1779; x_wconf 90' lang='lat' dir='ltr'><strong>attingit</strong></span> <span class='ocrx_word' id='word_1_479' title='bbox 2228 1728 2241 1765; x_wconf 88' lang='lat'>:</span> <span class='ocrx_word' id='word_1_480' title='bbox 2261 1726 2384 1766; x_wconf 90' lang='lat' dir='ltr'><strong>nam</strong></span> <span class='ocrx_word' id='word_1_481' title='bbox 2396 1722 2575 1769; x_wconf 87' lang='lat' dir='ltr'><strong>motus</strong></span> <span class='ocrx_word' id='word_1_482' title='bbox 2585 1729 2892 1784; x_wconf 92' lang='lat' dir='ltr'><strong>corporum,</strong></span> <span class='ocrx_word' id='word_1_483' title='bbox 2916 1725 2971 1771; x_wconf 90' lang='lat' dir='ltr'><strong>et</strong></span> <span class='ocrx_word' id='word_1_484' title='bbox 2985 1718 3397 1789; x_wconf 88' lang='lat' dir='ltr'><strong>magnitudines,</strong></span> <span class='ocrx_word' id='word_1_485' title='bbox 3423 1729 3480 1779; x_wconf 89' lang='lat' dir='ltr'><strong>et</strong></span> 
     </span>
    </p>
   </div>
   <div class='ocr_carea' id='block_1_65' title="bbox 1887 1803 3480 1879">
    <p class='ocr_par' dir='ltr' id='par_1_65' title="bbox 1887 1803 3480 1879">
     <span class='ocr_line' id='line_1_65' title="bbox 1887 1803 3480 1879; baseline 0.009 -22"><span class='ocrx_word' id='word_1_486' title='bbox 1887 1803 2167 1859; x_wconf 84' lang='lat' dir='ltr'><strong>intervalla</strong></span> <span class='ocrx_word' id='word_1_487' title='bbox 2186 1846 2202 1869; x_wconf 92' lang='lat'><strong>,</strong></span> <span class='ocrx_word' id='word_1_488' title='bbox 2233 1814 2288 1860; x_wconf 91' lang='lat' dir='ltr'><strong>et</strong></span> <span class='ocrx_word' id='word_1_489' title='bbox 2319 1805 2517 1877; x_wconf 84' lang='lat' dir='ltr'><strong>ﬁguras</strong></span> <span class='ocrx_word' id='word_1_490' title='bbox 2540 1849 2555 1875; x_wconf 92' lang='lat'><strong>,</strong></span> <span class='ocrx_word' id='word_1_491' title='bbox 2583 1809 2827 1879; x_wconf 89' lang='lat' dir='ltr'><strong>quamvis</strong></span> <span class='ocrx_word' id='word_1_492' title='bbox 2851 1817 2905 1865; x_wconf 93' lang='lat' dir='ltr'><strong>et</strong></span> <span class='ocrx_word' id='word_1_493' title='bbox 2929 1811 3097 1866; x_wconf 87' lang='lat' dir='ltr'><strong>oculis</strong></span> <span class='ocrx_word' id='word_1_494' title='bbox 3118 1853 3132 1876; x_wconf 88' lang='lat'><strong>,</strong></span> <span class='ocrx_word' id='word_1_495' title='bbox 3162 1828 3270 1867; x_wconf 93' lang='lat' dir='ltr'><strong>non</strong></span> <span class='ocrx_word' id='word_1_496' title='bbox 3299 1822 3480 1871; x_wconf 88' lang='lat' dir='ltr'><strong>tamen</strong></span> 
     </span>
    </p>
   </div>
   <div class='ocr_carea' id='block_1_66' title="bbox 1889 1894 3481 1974">
    <p class='ocr_par' dir='ltr' id='par_1_66' title="bbox 1889 1894 3481 1974">
     <span class='ocr_line' id='line_1_66' title="bbox 1889 1894 3481 1974; baseline 0.008 -26"><span class='ocrx_word' id='word_1_497' title='bbox 1889 1894 2127 1965; x_wconf 89' lang='lat' dir='ltr'><strong>proprie,</strong></span> <span class='ocrx_word' id='word_1_498' title='bbox 2161 1895 2256 1950; x_wconf 89' lang='lat' dir='ltr'><strong>sed</strong></span> <span class='ocrx_word' id='word_1_499' title='bbox 2286 1904 2429 1952; x_wconf 91' lang='lat' dir='ltr'><strong>tactu</strong></span> <span class='ocrx_word' id='word_1_500' title='bbox 2462 1898 2622 1954; x_wconf 91' lang='lat' dir='ltr'><strong>etiam</strong></span> <span class='ocrx_word' id='word_1_501' title='bbox 2672 1914 2830 1968; x_wconf 89' lang='lat' dir='ltr'><strong>posse</strong></span> <span class='ocrx_word' id='word_1_502' title='bbox 2856 1900 3062 1955; x_wconf 90' lang='lat' dir='ltr'><strong>sentiri.</strong></span> <span class='ocrx_word' id='word_1_503' title='bbox 3093 1900 3246 1957; x_wconf 87' lang='lat' dir='ltr'><strong>Unde</strong></span> <span class='ocrx_word' id='word_1_504' title='bbox 3272 1903 3481 1974; x_wconf 88' lang='lat' dir='ltr'><strong>collige-</strong></span> 
     </span>
    </p>
   </div>
   <div class='ocr_carea' id='block_1_67' title="bbox 1888 1989 3482 2064">
    <p class='ocr_par' dir='ltr' id='par_1_67' title="bbox 1888 1989 3482 2064">
     <span class='ocr_line' id='line_1_67' title="bbox 1888 1989 3482 2064; baseline 0.006 -24"><span class='ocrx_word' id='word_1_505' title='bbox 1888 2000 2003 2041; x_wconf 90' lang='lat' dir='ltr'><strong>rem</strong></span> <span class='ocrx_word' id='word_1_506' title='bbox 2027 1996 2174 2043; x_wconf 86' lang='lat' dir='ltr'><strong>tanto</strong></span> <span class='ocrx_word' id='word_1_507' title='bbox 2201 1989 2412 2043; x_wconf 68' lang='lat' dir='ltr'><strong>ueteris</strong></span> <span class='ocrx_word' id='word_1_508' title='bbox 2440 1990 2723 2058; x_wconf 90' lang='lat' dir='ltr'><strong>corporeis</strong></span> <span class='ocrx_word' id='word_1_509' title='bbox 2747 1999 2801 2046; x_wconf 90' lang='lat' dir='ltr'><strong>et</strong></span> <span class='ocrx_word' id='word_1_510' title='bbox 2846 1991 3190 2048; x_wconf 89' lang='lat' dir='ltr'><strong>sensibilibus</strong></span> <span class='ocrx_word' id='word_1_511' title='bbox 3218 2004 3482 2064; x_wconf 65' lang='lat' dir='ltr'><strong>prmstare</strong></span> 
     </span>
    </p>
   </div>
   <div class='ocr_carea' id='block_1_68' title="bbox 1891 2080 3480 2153">
    <p class='ocr_par' dir='ltr' id='par_1_68' title="bbox 1891 2080 3480 2153">
     <span class='ocr_line' id='line_1_68' title="bbox 1891 2080 3480 2153; baseline 0.005 -19"><span class='ocrx_word' id='word_1_512' title='bbox 1891 2080 2085 2146; x_wconf 91' lang='lat' dir='ltr'><strong>lucem,</strong></span> <span class='ocrx_word' id='word_1_513' title='bbox 2116 2089 2317 2152; x_wconf 87' lang='lat' dir='ltr'><strong>quanto</strong></span> <span class='ocrx_word' id='word_1_514' title='bbox 2344 2082 2462 2137; x_wconf 87' lang='lat' dir='ltr'><strong>aliis</strong></span> <span class='ocrx_word' id='word_1_515' title='bbox 2492 2082 2737 2137; x_wconf 85' lang='lat' dir='ltr'><strong>sensibus</strong></span> <span class='ocrx_word' id='word_1_516' title='bbox 2763 2094 3011 2153; x_wconf 89' lang='lat' dir='ltr'><strong>aspectus</strong></span> <span class='ocrx_word' id='word_1_517' title='bbox 3036 2093 3180 2141; x_wconf 87' lang='lat' dir='ltr'><strong>esset</strong></span> <span class='ocrx_word' id='word_1_518' title='bbox 3202 2086 3480 2142; x_wconf 91' lang='lat' dir='ltr'><strong>illustrior.</strong></span> 
     </span>
    </p>
   </div>
   <div class='ocr_carea' id='block_1_69' title="bbox 1893 2168 3484 2244">
    <p class='ocr_par' dir='ltr' id='par_1_69' title="bbox 1893 2168 3484 2244">
     <span class='ocr_line' id='line_1_69' title="bbox 1893 2168 3484 2244; baseline 0.007 -22"><span class='ocrx_word' id='word_1_519' title='bbox 1893 2168 2078 2225; x_wconf 89' lang='lat' dir='ltr'><strong>Electa</strong></span> <span class='ocrx_word' id='word_1_520' title='bbox 2108 2171 2269 2239; x_wconf 86' lang='lat' dir='ltr'><strong>igitur</strong></span> <span class='ocrx_word' id='word_1_521' title='bbox 2292 2186 2357 2225; x_wconf 80' lang='lat' dir='ltr'><strong>ex</strong></span> <span class='ocrx_word' id='word_1_522' title='bbox 2381 2173 2629 2227; x_wconf 90' lang='lat' dir='ltr'><strong>omnibus</strong></span> <span class='ocrx_word' id='word_1_523' title='bbox 2658 2188 2779 2243; x_wconf 66' lang='lat' dir='ltr'><strong>quae</strong></span> <span class='ocrx_word' id='word_1_524' title='bbox 2807 2189 3034 2244; x_wconf 87' lang='lat' dir='ltr'><strong>corpore</strong></span> <span class='ocrx_word' id='word_1_525' title='bbox 3058 2176 3361 2232; x_wconf 90' lang='lat' dir='ltr'><strong>sentiuntur</strong></span> <span class='ocrx_word' id='word_1_526' title='bbox 3381 2178 3484 2233; x_wconf 91' lang='lat' dir='ltr'><strong>ista</strong></span> 
     </span>
    </p>
   </div>
   <div class='ocr_carea' id='block_1_70' title="bbox 1892 2262 3485 2339">
    <p class='ocr_par' dir='ltr' id='par_1_70' title="bbox 1892 2262 3485 2339">
     <span class='ocr_line' id='line_1_70' title="bbox 1892 2262 3485 2339; baseline 0.006 -22"><span class='ocrx_word' id='word_1_527' title='bbox 1892 2262 2029 2331; x_wconf 87' lang='lat' dir='ltr'><strong>luce,</strong></span> <span class='ocrx_word' id='word_1_528' title='bbox 2053 2280 2153 2334; x_wconf 89' lang='lat' dir='ltr'><strong>qua</strong></span> <span class='ocrx_word' id='word_1_529' title='bbox 2185 2266 2408 2333; x_wconf 90' lang='lat' dir='ltr'><strong>niterer,</strong></span> <span class='ocrx_word' id='word_1_530' title='bbox 2441 2275 2495 2321; x_wconf 91' lang='lat' dir='ltr'><strong>et</strong></span> <span class='ocrx_word' id='word_1_531' title='bbox 2517 2267 2570 2321; x_wconf 91' lang='lat' dir='ltr'><strong>in</strong></span> <span class='ocrx_word' id='word_1_532' title='bbox 2596 2282 2697 2336; x_wconf 89' lang='lat' dir='ltr'><strong>qua</strong></span> <span class='ocrx_word' id='word_1_533' title='bbox 2726 2268 2947 2337; x_wconf 88' lang='lat' dir='ltr'><strong>gradum</strong></span> <span class='ocrx_word' id='word_1_534' title='bbox 2993 2268 3142 2324; x_wconf 88' lang='lat' dir='ltr'><strong>illttm</strong></span> <span class='ocrx_word' id='word_1_535' title='bbox 3190 2270 3485 2339; x_wconf 91' lang='lat' dir='ltr'><strong>inquisitio-</strong></span> 
     </span>
    </p>
   </div>
   <div class='ocr_carea' id='block_1_71' title="bbox 1893 2355 3485 2431">
    <p class='ocr_par' dir='ltr' id='par_1_71' title="bbox 1893 2355 3485 2431">
     <span class='ocr_line' id='line_1_71' title="bbox 1893 2355 3485 2431; baseline 0.008 -23"><span class='ocrx_word' id='word_1_536' title='bbox 1893 2355 1977 2409; x_wconf 93' lang='lat' dir='ltr'><strong>nis</strong></span> <span class='ocrx_word' id='word_1_537' title='bbox 2004 2370 2137 2410; x_wconf 74' lang='lat' dir='ltr'><strong>mcze</strong></span> <span class='ocrx_word' id='word_1_538' title='bbox 2177 2358 2484 2413; x_wconf 87' lang='lat' dir='ltr'><strong>necessario</strong></span> <span class='ocrx_word' id='word_1_539' title='bbox 2510 2357 2831 2414; x_wconf 85' lang='lat' dir='ltr'><strong>collocarcm</strong></span> <span class='ocrx_word' id='word_1_540' title='bbox 2855 2376 2869 2424; x_wconf 90' lang='lat'><strong>;</strong></span> <span class='ocrx_word' id='word_1_541' title='bbox 2900 2375 3178 2431; x_wconf 83' lang='lat' dir='ltr'><strong>pergerem</strong></span> <span class='ocrx_word' id='word_1_542' title='bbox 3204 2362 3485 2420; x_wconf 86' lang='lat' dir='ltr'><strong>attendere</strong></span> 
     </span>
    </p>
   </div>
   <div class='ocr_carea' id='block_1_72' title="bbox 1892 2448 3485 2523">
    <p class='ocr_par' dir='ltr' id='par_1_72' title="bbox 1892 2448 3485 2523">
     <span class='ocr_line' id='line_1_72' title="bbox 1892 2448 3485 2523; baseline 0.006 -22"><span class='ocrx_word' id='word_1_543' title='bbox 1892 2448 2017 2518; x_wconf 88' lang='lat' dir='ltr'><strong>quid</strong></span> <span class='ocrx_word' id='word_1_544' title='bbox 2048 2461 2291 2519; x_wconf 84' lang='lat' dir='ltr'><strong>ageretur</strong></span> <span class='ocrx_word' id='word_1_545' title='bbox 2315 2448 2418 2506; x_wconf 92' lang='lat' dir='ltr'><strong>hoc</strong></span> <span class='ocrx_word' id='word_1_546' title='bbox 2458 2451 2619 2507; x_wconf 92' lang='lat' dir='ltr'><strong>modo</strong></span> <span class='ocrx_word' id='word_1_547' title='bbox 2641 2492 2657 2518; x_wconf 93' lang='lat'><strong>,</strong></span> <span class='ocrx_word' id='word_1_548' title='bbox 2689 2467 3005 2523; x_wconf 89' lang='lat' dir='ltr'><strong>mecumque</strong></span> <span class='ocrx_word' id='word_1_549' title='bbox 3044 2453 3112 2509; x_wconf 89' lang='lat' dir='ltr'><strong>ita</strong></span> <span class='ocrx_word' id='word_1_550' title='bbox 3157 2456 3485 2511; x_wconf 84' lang='lat' dir='ltr'><strong>sermocina-</strong></span> 
     </span>
    </p>
   </div>
   <div class='ocr_carea' id='block_1_73' title="bbox 1894 2542 3485 2615">
    <p class='ocr_par' dir='ltr' id='par_1_73' title="bbox 1894 2542 3485 2615">
     <span class='ocr_line' id='line_1_73' title="bbox 1894 2542 3485 2615; baseline 0.006 -20"><span class='ocrx_word' id='word_1_551' title='bbox 1894 2556 1982 2596; x_wconf 90' lang='lat' dir='ltr'><strong>rer</strong></span> <span class='ocrx_word' id='word_1_552' title='bbox 2010 2559 2021 2594; x_wconf 92' lang='lat'>:</span> <span class='ocrx_word' id='word_1_553' title='bbox 2047 2542 2102 2597; x_wconf 93' lang='lat' dir='ltr'><strong>Si</strong></span> <span class='ocrx_word' id='word_1_554' title='bbox 2133 2543 2212 2595; x_wconf 82' lang='lat' dir='ltr'><strong>sol</strong></span> <span class='ocrx_word' id='word_1_555' title='bbox 2240 2544 2339 2599; x_wconf 88' lang='lat' dir='ltr'><strong>iste</strong></span> <span class='ocrx_word' id='word_1_556' title='bbox 2369 2552 2510 2598; x_wconf 86' lang='lat' dir='ltr'><strong>tanta</strong></span> <span class='ocrx_word' id='word_1_557' title='bbox 2535 2545 2781 2601; x_wconf 87' lang='lat' dir='ltr'><strong>claritate</strong></span> <span class='ocrx_word' id='word_1_558' title='bbox 2808 2546 3128 2615; x_wconf 88' lang='lat' dir='ltr'><strong>conspicuus</strong></span> <span class='ocrx_word' id='word_1_559' title='bbox 3151 2555 3208 2602; x_wconf 87' lang='lat' dir='ltr'><strong>et</strong></span> <span class='ocrx_word' id='word_1_560' title='bbox 3234 2547 3340 2603; x_wconf 91' lang='lat' dir='ltr'><strong>dici</strong></span> <span class='ocrx_word' id='word_1_561' title='bbox 3362 2549 3485 2605; x_wconf 86' lang='lat' dir='ltr'><strong>luce</strong></span> 
     </span>
    </p>
   </div>
   <div class='ocr_carea' id='block_1_74' title="bbox 1893 2632 3481 2710">
    <p class='ocr_par' dir='ltr' id='par_1_74' title="bbox 1893 2632 3481 2710">
     <span class='ocr_line' id='line_1_74' title="bbox 1893 2632 3481 2710; baseline 0.005 -23"><span class='ocrx_word' id='word_1_562' title='bbox 1893 2632 2186 2699; x_wconf 87' lang='lat' dir='ltr'><strong>suflicicns,</strong></span> <span class='ocrx_word' id='word_1_563' title='bbox 2222 2650 2387 2703; x_wconf 87' lang='lat' dir='ltr'><strong>usque</strong></span> <span class='ocrx_word' id='word_1_564' title='bbox 2416 2635 2481 2688; x_wconf 87' lang='lat' dir='ltr'><strong>ad</strong></span> <span class='ocrx_word' id='word_1_565' title='bbox 2511 2635 2651 2691; x_wconf 81' lang='lat' dir='ltr'><strong>lunae</strong></span> <span class='ocrx_word' id='word_1_566' title='bbox 2672 2635 3080 2693; x_wconf 90' lang='lat' dir='ltr'><strong>similitudinem</strong></span> <span class='ocrx_word' id='word_1_567' title='bbox 3107 2638 3160 2692; x_wconf 91' lang='lat' dir='ltr'><strong>in</strong></span> <span class='ocrx_word' id='word_1_568' title='bbox 3186 2648 3481 2710; x_wconf 90' lang='lat' dir='ltr'><strong>conspectu</strong></span> 
     </span>
    </p>
   </div>
   <div class='ocr_carea' id='block_1_75' title="bbox 1896 2726 3488 2802">
    <p class='ocr_par' dir='ltr' id='par_1_75' title="bbox 1896 2726 3488 2802">
     <span class='ocr_line' id='line_1_75' title="bbox 1896 2726 3488 2802; baseline 0.008 -25"><span class='ocrx_word' id='word_1_569' title='bbox 1896 2732 2078 2779; x_wconf 90' lang='lat' dir='ltr'><strong>nostro</strong></span> <span class='ocrx_word' id='word_1_570' title='bbox 2099 2726 2352 2795; x_wconf 86' lang='lat' dir='ltr'><strong>paulatim</strong></span> <span class='ocrx_word' id='word_1_571' title='bbox 2379 2726 2655 2792; x_wconf 87' lang='lat' dir='ltr'><strong>deﬁceret,</strong></span> <span class='ocrx_word' id='word_1_572' title='bbox 2684 2744 2809 2782; x_wconf 92' lang='lat' dir='ltr'><strong>num</strong></span> <span class='ocrx_word' id='word_1_573' title='bbox 2838 2729 2981 2784; x_wconf 90' lang='lat' dir='ltr'><strong>aliud</strong></span> <span class='ocrx_word' id='word_1_574' title='bbox 3007 2730 3295 2802; x_wconf 89' lang='lat' dir='ltr'><strong>quidquam</strong></span> <span class='ocrx_word' id='word_1_575' title='bbox 3316 2733 3488 2789; x_wconf 82' lang='lat' dir='ltr'><strong>oculis</strong></span> 
     </span>
    </p>
   </div>
   <div class='ocr_carea' id='block_1_76' title="bbox 1894 2817 3488 2892">
    <p class='ocr_par' dir='ltr' id='par_1_76' title="bbox 1894 2817 3488 2892">
     <span class='ocr_line' id='line_1_76' title="bbox 1894 2817 3488 2892; baseline 0.007 -22"><span class='ocrx_word' id='word_1_576' title='bbox 1894 2817 2212 2871; x_wconf 87' lang='lat' dir='ltr'><strong>sentiremus</strong></span> <span class='ocrx_word' id='word_1_577' title='bbox 2233 2833 2391 2887; x_wconf 89' lang='lat' dir='ltr'><strong>quam</strong></span> <span class='ocrx_word' id='word_1_578' title='bbox 2422 2819 2597 2874; x_wconf 91' lang='lat' dir='ltr'><strong>lucem</strong></span> <span class='ocrx_word' id='word_1_579' title='bbox 2624 2828 2911 2891; x_wconf 87' lang='lat' dir='ltr'><strong>utcumque</strong></span> <span class='ocrx_word' id='word_1_580' title='bbox 2954 2820 3243 2892; x_wconf 88' lang='lat' dir='ltr'><strong>fulgentem</strong></span> <span class='ocrx_word' id='word_1_581' title='bbox 3269 2841 3283 2889; x_wconf 90' lang='lat'><strong>;</strong></span> <span class='ocrx_word' id='word_1_582' title='bbox 3310 2824 3488 2881; x_wconf 84' lang='lat' dir='ltr'><strong>lucem</strong></span> 
     </span>
    </p>
   </div>
   <div class='ocr_carea' id='block_1_77' title="bbox 1894 2911 3491 2982">
    <p class='ocr_par' dir='ltr' id='par_1_77' title="bbox 1894 2911 3491 2982">
     <span class='ocr_line' id='line_1_77' title="bbox 1894 2911 3491 2982; baseline 0.008 -21"><span class='ocrx_word' id='word_1_583' title='bbox 1894 2916 2073 2963; x_wconf 90' lang='lat' dir='ltr'><strong>tamen</strong></span> <span class='ocrx_word' id='word_1_584' title='bbox 2098 2918 2430 2979; x_wconf 72' lang='lat' dir='ltr'><strong>qumrentes,</strong></span> <span class='ocrx_word' id='word_1_585' title='bbox 2465 2911 2607 2979; x_wconf 92' lang='lat' dir='ltr'><strong>quod</strong></span> <span class='ocrx_word' id='word_1_586' title='bbox 2654 2912 2824 2967; x_wconf 83' lang='lat' dir='ltr'><strong>fuerat</strong></span> <span class='ocrx_word' id='word_1_587' title='bbox 2860 2928 2967 2969; x_wconf 91' lang='lat' dir='ltr'><strong>non</strong></span> <span class='ocrx_word' id='word_1_588' title='bbox 3001 2915 3249 2982; x_wconf 90' lang='lat' dir='ltr'><strong>videndo,</strong></span> <span class='ocrx_word' id='word_1_589' title='bbox 3284 2926 3338 2973; x_wconf 93' lang='lat' dir='ltr'><strong>et</strong></span> <span class='ocrx_word' id='word_1_590' title='bbox 3365 2916 3491 2973; x_wconf 89' lang='lat' dir='ltr'><strong>hau-</strong></span> 
     </span>
    </p>
   </div>
   <div class='ocr_carea' id='block_1_78' title="bbox 1894 2999 3487 3077">
    <p class='ocr_par' dir='ltr' id='par_1_78' title="bbox 1894 2999 3487 3077">
     <span class='ocr_line' id='line_1_78' title="bbox 1894 2999 3487 3077; baseline 0.006 -23"><span class='ocrx_word' id='word_1_591' title='bbox 1894 2999 2094 3055; x_wconf 88' lang='lat' dir='ltr'><strong>rientes</strong></span> <span class='ocrx_word' id='word_1_592' title='bbox 2131 3000 2361 3056; x_wconf 85' lang='lat' dir='ltr'><strong>videndo</strong></span> <span class='ocrx_word' id='word_1_593' title='bbox 2396 3001 2540 3071; x_wconf 91' lang='lat' dir='ltr'><strong>quod</strong></span> <span class='ocrx_word' id='word_1_594' title='bbox 2585 3001 2807 3058; x_wconf 81' lang='lat' dir='ltr'><strong>aderat?</strong></span> <span class='ocrx_word' id='word_1_595' title='bbox 2835 3003 2955 3059; x_wconf 91' lang='lat' dir='ltr'><strong>Non</strong></span> <span class='ocrx_word' id='word_1_596' title='bbox 2985 3020 3114 3077; x_wconf 89' lang='lat' dir='ltr'><strong>ergo</strong></span> <span class='ocrx_word' id='word_1_597' title='bbox 3156 3006 3308 3061; x_wconf 91' lang='lat' dir='ltr'><strong>illum</strong></span> <span class='ocrx_word' id='word_1_598' title='bbox 3331 3007 3487 3063; x_wconf 88' lang='lat' dir='ltr'><strong>defe-</strong></span> 
     </span>
    </p>
   </div>
   <div class='ocr_carea' id='block_1_79' title="bbox 1894 3092 3487 3165">
    <p class='ocr_par' dir='ltr' id='par_1_79' title="bbox 1894 3092 3487 3165">
     <span class='ocr_line' id='line_1_79' title="bbox 1894 3092 3487 3165; baseline 0.004 -20"><span class='ocrx_word' id='word_1_599' title='bbox 1894 3100 2042 3146; x_wconf 91' lang='lat' dir='ltr'><strong>ctum</strong></span> <span class='ocrx_word' id='word_1_600' title='bbox 2072 3092 2375 3148; x_wconf 88' lang='lat' dir='ltr'><strong>videremus</strong></span> <span class='ocrx_word' id='word_1_601' title='bbox 2393 3134 2410 3160; x_wconf 96' lang='lat'><strong>,</strong></span> <span class='ocrx_word' id='word_1_602' title='bbox 2443 3092 2539 3148; x_wconf 87' lang='lat' dir='ltr'><strong>sed</strong></span> <span class='ocrx_word' id='word_1_603' title='bbox 2569 3094 2741 3150; x_wconf 91' lang='lat' dir='ltr'><strong>lucem</strong></span> <span class='ocrx_word' id='word_1_604' title='bbox 2764 3111 2883 3165; x_wconf 81' lang='lat' dir='ltr'><strong>quae</strong></span> <span class='ocrx_word' id='word_1_605' title='bbox 2907 3095 3140 3153; x_wconf 89' lang='lat' dir='ltr'><strong>defectui</strong></span> <span class='ocrx_word' id='word_1_606' title='bbox 3163 3106 3487 3155; x_wconf 87' lang='lat' dir='ltr'><strong>remaneret.</strong></span> 
     </span>
    </p>
   </div>
   <div class='ocr_carea' id='block_1_80' title="bbox 1894 3181 3492 3261">
    <p class='ocr_par' dir='ltr' id='par_1_80' title="bbox 1894 3181 3492 3261">
     <span class='ocr_line' id='line_1_80' title="bbox 1894 3181 3492 3261; baseline 0.004 -22"><span class='ocrx_word' id='word_1_607' title='bbox 1894 3181 2030 3239; x_wconf 88' lang='lat' dir='ltr'><strong>Cum</strong></span> <span class='ocrx_word' id='word_1_608' title='bbox 2070 3192 2245 3239; x_wconf 88' lang='lat' dir='ltr'><strong>autem</strong></span> <span class='ocrx_word' id='word_1_609' title='bbox 2278 3200 2383 3239; x_wconf 92' lang='lat' dir='ltr'><strong>non</strong></span> <span class='ocrx_word' id='word_1_610' title='bbox 2421 3184 2762 3253; x_wconf 87' lang='lat' dir='ltr'><strong>videremus,</strong></span> <span class='ocrx_word' id='word_1_611' title='bbox 2790 3202 2897 3242; x_wconf 93' lang='lat' dir='ltr'><strong>non</strong></span> <span class='ocrx_word' id='word_1_612' title='bbox 2944 3189 3306 3256; x_wconf 89' lang='lat' dir='ltr'><strong>sentiremus;</strong></span> <span class='ocrx_word' id='word_1_613' title='bbox 3335 3190 3492 3261; x_wconf 88' lang='lat' dir='ltr'><strong>quid-</strong></span> 
     </span>
    </p>
   </div>
   <div class='ocr_carea' id='block_1_81' title="bbox 1895 3273 3487 3349">
    <p class='ocr_par' dir='ltr' id='par_1_81' title="bbox 1895 3273 3487 3349">
     <span class='ocr_line' id='line_1_81' title="bbox 1895 3273 3487 3349; baseline 0.007 -22"><span class='ocrx_word' id='word_1_614' title='bbox 1895 3273 2022 3345; x_wconf 91' lang='lat' dir='ltr'><strong>quid</strong></span> <span class='ocrx_word' id='word_1_615' title='bbox 2051 3275 2193 3330; x_wconf 91' lang='lat' dir='ltr'><strong>enim</strong></span> <span class='ocrx_word' id='word_1_616' title='bbox 2220 3276 2482 3331; x_wconf 86' lang='lat' dir='ltr'><strong>sentimus</strong></span> <span class='ocrx_word' id='word_1_617' title='bbox 2510 3286 2750 3347; x_wconf 86' lang='lat' dir='ltr'><strong>aspectu,</strong></span> <span class='ocrx_word' id='word_1_618' title='bbox 2777 3294 2889 3333; x_wconf 91' lang='lat' dir='ltr'><strong>non</strong></span> <span class='ocrx_word' id='word_1_619' title='bbox 2919 3288 3094 3349; x_wconf 86' lang='lat' dir='ltr'><strong>potest</strong></span> <span class='ocrx_word' id='word_1_620' title='bbox 3138 3297 3244 3337; x_wconf 93' lang='lat' dir='ltr'><strong>non</strong></span> <span class='ocrx_word' id='word_1_621' title='bbox 3271 3282 3439 3338; x_wconf 91' lang='lat' dir='ltr'><strong>videri</strong></span> <span class='ocrx_word' id='word_1_622' title='bbox 3471 3300 3487 3338; x_wconf 90' lang='lat'><strong>:</strong></span> 
     </span>
    </p>
   </div>
   <div class='ocr_carea' id='block_1_82' title="bbox 1895 3366 3489 3457">
    <p class='ocr_par' dir='ltr' id='par_1_82' title="bbox 1895 3366 3489 3457">
     <span class='ocr_line' id='line_1_82' title="bbox 1895 3366 3489 3457; baseline 0.008 -39"><span class='ocrx_word' id='word_1_623' title='bbox 1895 3381 2061 3436; x_wconf 88' lang='lat' dir='ltr'><strong>quare</strong></span> <span class='ocrx_word' id='word_1_624' title='bbox 2082 3409 2096 3433; x_wconf 94' lang='lat'><strong>,</strong></span> <span class='ocrx_word' id='word_1_625' title='bbox 2122 3367 2168 3422; x_wconf 91' lang='lat' dir='ltr'><strong>si</strong></span> <span class='ocrx_word' id='word_1_626' title='bbox 2198 3366 2435 3424; x_wconf 87' lang='lat' dir='ltr'><strong>defectus</strong></span> <span class='ocrx_word' id='word_1_627' title='bbox 2462 3368 2550 3423; x_wconf 90' lang='lat' dir='ltr'><strong>ille</strong></span> <span class='ocrx_word' id='word_1_628' title='bbox 2588 3385 2763 3440; x_wconf 89' lang='lat' dir='ltr'><strong>neque</strong></span> <span class='ocrx_word' id='word_1_629' title='bbox 2800 3371 2915 3426; x_wconf 90' lang='lat' dir='ltr'><strong>visu</strong></span> <span class='ocrx_word' id='word_1_630' title='bbox 2940 3413 2956 3438; x_wconf 90' lang='lat'><strong>,</strong></span> <span class='ocrx_word' id='word_1_631' title='bbox 2980 3388 3161 3457; x_wconf 52' lang='lat' dir='ltr'><strong>aeque</strong></span> <span class='ocrx_word' id='word_1_632' title='bbox 3195 3374 3301 3429; x_wconf 92' lang='lat' dir='ltr'><strong>alio</strong></span> <span class='ocrx_word' id='word_1_633' title='bbox 3327 3391 3489 3431; x_wconf 77' lang='lat' dir='ltr'><strong>sensu</strong></span> 
     </span>
    </p>
   </div>
   <div class='ocr_carea' id='block_1_83' title="bbox 1896 3460 3491 3530">
    <p class='ocr_par' dir='ltr' id='par_1_83' title="bbox 1896 3460 3491 3530">
     <span class='ocr_line' id='line_1_83' title="bbox 1896 3460 3491 3530; baseline 0.006 -18"><span class='ocrx_word' id='word_1_634' title='bbox 1896 3460 2204 3527; x_wconf 89' lang='lat' dir='ltr'><strong>sentiretur,</strong></span> <span class='ocrx_word' id='word_1_635' title='bbox 2234 3475 2339 3514; x_wconf 92' lang='lat' dir='ltr'><strong>non</strong></span> <span class='ocrx_word' id='word_1_636' title='bbox 2369 3471 2550 3530; x_wconf 90' lang='lat' dir='ltr'><strong>posset</strong></span> <span class='ocrx_word' id='word_1_637' title='bbox 2592 3463 2732 3518; x_wconf 90' lang='lat' dir='ltr'><strong>inter</strong></span> <span class='ocrx_word' id='word_1_638' title='bbox 2768 3464 3039 3520; x_wconf 90' lang='lat' dir='ltr'><strong>seusibilia</strong></span> <span class='ocrx_word' id='word_1_639' title='bbox 3071 3467 3358 3521; x_wconf 89' lang='lat' dir='ltr'><strong>numerari.</strong></span> <span class='ocrx_word' id='word_1_640' title='bbox 3388 3466 3491 3522; x_wconf 84' lang='lat' dir='ltr'><strong>Ni-</strong></span> 
     </span>
    </p>
   </div>
   <div class='ocr_carea' id='block_1_84' title="bbox 1898 3549 3487 3627">
    <p class='ocr_par' dir='ltr' id='par_1_84' title="bbox 1898 3549 3487 3627">
     <span class='ocr_line' id='line_1_84' title="bbox 1898 3549 3487 3627; baseline 0.007 -25"><span class='ocrx_word' id='word_1_641' title='bbox 1898 3549 1971 3603; x_wconf 89' lang='lat' dir='ltr'><strong>hil</strong></span> <span class='ocrx_word' id='word_1_642' title='bbox 2002 3552 2144 3603; x_wconf 90' lang='lat' dir='ltr'><strong>enim</strong></span> <span class='ocrx_word' id='word_1_643' title='bbox 2166 3550 2417 3607; x_wconf 88' lang='lat' dir='ltr'><strong>sensibile</strong></span> <span class='ocrx_word' id='word_1_644' title='bbox 2446 3562 2547 3622; x_wconf 88' lang='lat' dir='ltr'><strong>est,</strong></span> <span class='ocrx_word' id='word_1_645' title='bbox 2580 3554 2720 3623; x_wconf 91' lang='lat' dir='ltr'><strong>quod</strong></span> <span class='ocrx_word' id='word_1_646' title='bbox 2748 3556 2932 3610; x_wconf 90' lang='lat' dir='ltr'><strong>sentiri</strong></span> <span class='ocrx_word' id='word_1_647' title='bbox 2961 3571 3065 3610; x_wconf 89' lang='lat' dir='ltr'><strong>non</strong></span> <span class='ocrx_word' id='word_1_648' title='bbox 3093 3564 3289 3627; x_wconf 88' lang='lat' dir='ltr'><strong>potest.</strong></span> <span class='ocrx_word' id='word_1_649' title='bbox 3319 3558 3487 3613; x_wconf 78' lang='lat' dir='ltr'><strong>Refe-</strong></span> 
     </span>
    </p>
   </div>
   <div class='ocr_carea' id='block_1_85' title="bbox 1897 3646 3490 3720">
    <p class='ocr_par' dir='ltr' id='par_1_85' title="bbox 1897 3646 3490 3720">
     <span class='ocr_line' id='line_1_85' title="bbox 1897 3646 3490 3720; baseline 0.006 -24"><span class='ocrx_word' id='word_1_650' title='bbox 1897 3657 2077 3697; x_wconf 88' lang='lat' dir='ltr'><strong>ramus</strong></span> <span class='ocrx_word' id='word_1_651' title='bbox 2144 3659 2284 3699; x_wconf 90' lang='lat' dir='ltr'><strong>nunc</strong></span> <span class='ocrx_word' id='word_1_652' title='bbox 2336 3646 2816 3702; x_wconf 87' lang='lat' dir='ltr'><strong>considerationem</strong></span> <span class='ocrx_word' id='word_1_653' title='bbox 2880 3649 2946 3703; x_wconf 90' lang='lat' dir='ltr'><strong>ad</strong></span> <span class='ocrx_word' id='word_1_654' title='bbox 2994 3650 3281 3714; x_wconf 90' lang='lat' dir='ltr'><strong>virtutem,</strong></span> <span class='ocrx_word' id='word_1_655' title='bbox 3334 3651 3490 3720; x_wconf 86' lang='lat' dir='ltr'><strong>cujus</strong></span> 
     </span>
    </p>
   </div>
   <div class='ocr_carea' id='block_1_86' title="bbox 1898 3736 3491 3808">
    <p class='ocr_par' dir='ltr' id='par_1_86' title="bbox 1898 3736 3491 3808">
     <span class='ocr_line' id='line_1_86' title="bbox 1898 3736 3491 3808; baseline 0.005 -18"><span class='ocrx_word' id='word_1_656' title='bbox 1898 3736 2213 3807; x_wconf 90' lang='lat' dir='ltr'><strong>intelligibili</strong></span> <span class='ocrx_word' id='word_1_657' title='bbox 2259 3738 2375 3793; x_wconf 93' lang='lat' dir='ltr'><strong>luce</strong></span> <span class='ocrx_word' id='word_1_658' title='bbox 2402 3739 2687 3808; x_wconf 80' lang='lat' dir='ltr'><strong>splendere</strong></span> <span class='ocrx_word' id='word_1_659' title='bbox 2715 3740 2949 3795; x_wconf 87' lang='lat' dir='ltr'><strong>animum</strong></span> <span class='ocrx_word' id='word_1_660' title='bbox 2984 3740 3491 3798; x_wconf 89' lang='lat' dir='ltr'><strong>convenientissime</strong></span> 
     </span>
    </p>
   </div>
   <div class='ocr_carea' id='block_1_87' title="bbox 1898 3829 3491 3904">
    <p class='ocr_par' dir='ltr' id='par_1_87' title="bbox 1898 3829 3491 3904">
     <span class='ocr_line' id='line_1_87' title="bbox 1898 3829 3491 3904; baseline 0.003 -19"><span class='ocrx_word' id='word_1_661' title='bbox 1898 3830 2141 3885; x_wconf 87' lang='lat' dir='ltr'><strong>dicimus.</strong></span> <span class='ocrx_word' id='word_1_662' title='bbox 2173 3829 2339 3884; x_wconf 87' lang='lat' dir='ltr'><strong>Porro</strong></span> <span class='ocrx_word' id='word_1_663' title='bbox 2363 3831 2430 3884; x_wconf 89' lang='lat' dir='ltr'><strong>ab</strong></span> <span class='ocrx_word' id='word_1_664' title='bbox 2470 3831 2569 3885; x_wconf 89' lang='lat' dir='ltr'><strong>hac</strong></span> <span class='ocrx_word' id='word_1_665' title='bbox 2598 3832 2716 3886; x_wconf 89' lang='lat' dir='ltr'><strong>luce</strong></span> <span class='ocrx_word' id='word_1_666' title='bbox 2748 3833 2959 3886; x_wconf 86' lang='lat' dir='ltr'><strong>virtutis</strong></span> <span class='ocrx_word' id='word_1_667' title='bbox 3008 3832 3244 3889; x_wconf 88' lang='lat' dir='ltr'><strong>defectus</strong></span> <span class='ocrx_word' id='word_1_668' title='bbox 3272 3833 3491 3904; x_wconf 87' lang='lat' dir='ltr'><strong>quidam</strong></span> 
     </span>
    </p>
   </div>
   <div class='ocr_carea' id='block_1_88' title="bbox 1900 3923 3493 3991">
    <p class='ocr_par' dir='ltr' id='par_1_88' title="bbox 1900 3923 3493 3991">
     <span class='ocr_line' id='line_1_88' title="bbox 1900 3923 3493 3991; baseline 0.003 -16"><span class='ocrx_word' id='word_1_669' title='bbox 1900 3937 2004 3975; x_wconf 92' lang='lat' dir='ltr'><strong>non</strong></span> <span class='ocrx_word' id='word_1_670' title='bbox 2033 3924 2300 3991; x_wconf 90' lang='lat' dir='ltr'><strong>perimens</strong></span> <span class='ocrx_word' id='word_1_671' title='bbox 2339 3923 2570 3976; x_wconf 89' lang='lat' dir='ltr'><strong>animam</strong></span> <span class='ocrx_word' id='word_1_672' title='bbox 2599 3964 2614 3987; x_wconf 90' lang='lat'><strong>,</strong></span> <span class='ocrx_word' id='word_1_673' title='bbox 2642 3923 2737 3977; x_wconf 92' lang='lat' dir='ltr'><strong>sed</strong></span> <span class='ocrx_word' id='word_1_674' title='bbox 2765 3923 3083 3990; x_wconf 86' lang='lat' dir='ltr'><strong>obscurans,</strong></span> <span class='ocrx_word' id='word_1_675' title='bbox 3118 3924 3300 3978; x_wconf 89' lang='lat' dir='ltr'><strong>vitium</strong></span> <span class='ocrx_word' id='word_1_676' title='bbox 3329 3939 3493 3980; x_wconf 81' lang='lat' dir='ltr'><strong>voca-</strong></span> 
     </span>
    </p>
   </div>
   <div class='ocr_carea' id='block_1_89' title="bbox 1899 4013 3492 4087">
    <p class='ocr_par' dir='ltr' id='par_1_89' title="bbox 1899 4013 3492 4087">
     <span class='ocr_line' id='line_1_89' title="bbox 1899 4013 3492 4087; baseline 0.002 -19"><span class='ocrx_word' id='word_1_677' title='bbox 1899 4021 2002 4068; x_wconf 92' lang='lat' dir='ltr'><strong>tur.</strong></span> <span class='ocrx_word' id='word_1_678' title='bbox 2027 4013 2211 4067; x_wconf 84' lang='lat' dir='ltr'><strong>Potest</strong></span> <span class='ocrx_word' id='word_1_679' title='bbox 2235 4014 2394 4083; x_wconf 90' lang='lat' dir='ltr'><strong>igitur</strong></span> <span class='ocrx_word' id='word_1_680' title='bbox 2422 4022 2567 4069; x_wconf 90' lang='lat' dir='ltr'><strong>recte</strong></span> <span class='ocrx_word' id='word_1_681' title='bbox 2600 4014 2788 4069; x_wconf 90' lang='lat' dir='ltr'><strong>vitium</strong></span> <span class='ocrx_word' id='word_1_682' title='bbox 2820 4031 3033 4087; x_wconf 89' lang='lat' dir='ltr'><strong>quoque</strong></span> <span class='ocrx_word' id='word_1_683' title='bbox 3066 4017 3259 4071; x_wconf 74' lang='lat' dir='ltr'><strong>anima:</strong></span> <span class='ocrx_word' id='word_1_684' title='bbox 3283 4029 3492 4087; x_wconf 87' lang='lat' dir='ltr'><strong>nequa-</strong></span> 
     </span>
    </p>
   </div>
   <div class='ocr_carea' id='block_1_90' title="bbox 1899 4105 3492 4176">
    <p class='ocr_par' dir='ltr' id='par_1_90' title="bbox 1899 4105 3492 4176">
     <span class='ocr_line' id='line_1_90' title="bbox 1899 4105 3492 4176; baseline 0.004 -18"><span class='ocrx_word' id='word_1_685' title='bbox 1899 4119 2058 4175; x_wconf 90' lang='lat' dir='ltr'><strong>quam</strong></span> <span class='ocrx_word' id='word_1_686' title='bbox 2106 4105 2245 4159; x_wconf 91' lang='lat' dir='ltr'><strong>inter</strong></span> <span class='ocrx_word' id='word_1_687' title='bbox 2272 4105 2616 4176; x_wconf 87' lang='lat' dir='ltr'><strong>intelligibilia</strong></span> <span class='ocrx_word' id='word_1_688' title='bbox 2644 4108 2950 4173; x_wconf 90' lang='lat' dir='ltr'><strong>numerari,</strong></span> <span class='ocrx_word' id='word_1_689' title='bbox 2981 4115 3041 4161; x_wconf 92' lang='lat' dir='ltr'><strong>ut</strong></span> <span class='ocrx_word' id='word_1_690' title='bbox 3063 4107 3198 4163; x_wconf 90' lang='lat' dir='ltr'><strong>lucis</strong></span> <span class='ocrx_word' id='word_1_691' title='bbox 3228 4108 3319 4164; x_wconf 91' lang='lat' dir='ltr'><strong>ille</strong></span> <span class='ocrx_word' id='word_1_692' title='bbox 3338 4107 3492 4164; x_wconf 83' lang='lat' dir='ltr'><strong>defe-</strong></span> 
     </span>
    </p>
   </div>
   <div class='ocr_carea' id='block_1_91' title="bbox 1900 4196 3484 4256">
    <p class='ocr_par' dir='ltr' id='par_1_91' title="bbox 1900 4196 3484 4256">
     <span class='ocr_line' id='line_1_91' title="bbox 1900 4196 3484 4256; baseline 0.003 -5"><span class='ocrx_word' id='word_1_693' title='bbox 1900 4205 2018 4251; x_wconf 90' lang='lat' dir='ltr'><strong>ctus</strong></span> <span class='ocrx_word' id='word_1_694' title='bbox 2052 4204 2199 4251; x_wconf 90' lang='lat' dir='ltr'><strong>recte</strong></span> <span class='ocrx_word' id='word_1_695' title='bbox 2225 4196 2291 4250; x_wconf 90' lang='lat' dir='ltr'><strong>de</strong></span> <span class='ocrx_word' id='word_1_696' title='bbox 2329 4196 2663 4251; x_wconf 86' lang='lat' dir='ltr'><strong>sensibilium</strong></span> <span class='ocrx_word' id='word_1_697' title='bbox 2709 4213 2934 4253; x_wconf 89' lang='lat' dir='ltr'><strong>numero</strong></span> <span class='ocrx_word' id='word_1_698' title='bbox 2980 4199 3232 4254; x_wconf 80' lang='lat' dir='ltr'><strong>eximitur</strong></span> <span class='ocrx_word' id='word_1_699' title='bbox 3283 4218 3295 4254; x_wconf 92' lang='lat'><strong>:</strong></span> <span class='ocrx_word' id='word_1_700' title='bbox 3350 4200 3484 4256; x_wconf 79' lang='lat' dir='ltr'><strong>illud</strong></span> 
     </span>
    </p>
   </div>
   <div class='ocr_carea' id='block_1_92' title="bbox 1902 4288 3492 4364">
    <p class='ocr_par' dir='ltr' id='par_1_92' title="bbox 1902 4288 3492 4364">
     <span class='ocr_line' id='line_1_92' title="bbox 1902 4288 3492 4364; baseline 0.004 -21"><span class='ocrx_word' id='word_1_701' title='bbox 1902 4298 2079 4344; x_wconf 92' lang='lat' dir='ltr'><strong>tamen</strong></span> <span class='ocrx_word' id='word_1_702' title='bbox 2104 4288 2248 4359; x_wconf 89' lang='lat' dir='ltr'><strong>quod</strong></span> <span class='ocrx_word' id='word_1_703' title='bbox 2276 4299 2516 4344; x_wconf 88' lang='lat' dir='ltr'><strong>remanet</strong></span> <span class='ocrx_word' id='word_1_704' title='bbox 2533 4290 2728 4345; x_wconf 65' lang='lat' dir='ltr'><strong>anima:</strong></span> <span class='ocrx_word' id='word_1_705' title='bbox 2754 4331 2769 4355; x_wconf 90' lang='lat'><strong>,</strong></span> <span class='ocrx_word' id='word_1_706' title='bbox 2794 4290 2845 4344; x_wconf 88' lang='lat' dir='ltr'><strong>id</strong></span> <span class='ocrx_word' id='word_1_707' title='bbox 2875 4300 2955 4346; x_wconf 90' lang='lat' dir='ltr'><strong>est</strong></span> <span class='ocrx_word' id='word_1_708' title='bbox 2978 4332 2994 4358; x_wconf 97' lang='lat'><strong>,</strong></span> <span class='ocrx_word' id='word_1_709' title='bbox 3020 4292 3121 4347; x_wconf 91' lang='lat' dir='ltr'><strong>hoc</strong></span> <span class='ocrx_word' id='word_1_710' title='bbox 3147 4293 3319 4363; x_wconf 88' lang='lat' dir='ltr'><strong>ipsum</strong></span> <span class='ocrx_word' id='word_1_711' title='bbox 3346 4294 3492 4364; x_wconf 90' lang='lat' dir='ltr'><strong>quod</strong></span> 
     </span>
    </p>
   </div>
   <div class='ocr_carea' id='block_1_93' title="bbox 1901 4381 3485 4456">
    <p class='ocr_par' dir='ltr' id='par_1_93' title="bbox 1901 4381 3485 4456">
     <span class='ocr_line' id='line_1_93' title="bbox 1901 4381 3485 4456; baseline 0.005 -21"><span class='ocrx_word' id='word_1_712' title='bbox 1901 4381 2030 4437; x_wconf 89' lang='lat' dir='ltr'><strong>vivit</strong></span> <span class='ocrx_word' id='word_1_713' title='bbox 2056 4389 2214 4450; x_wconf 87' lang='lat' dir='ltr'><strong>atque</strong></span> <span class='ocrx_word' id='word_1_714' title='bbox 2238 4381 2413 4436; x_wconf 90' lang='lat' dir='ltr'><strong>anima</strong></span> <span class='ocrx_word' id='word_1_715' title='bbox 2435 4390 2535 4447; x_wconf 92' lang='lat' dir='ltr'><strong>est,</strong></span> <span class='ocrx_word' id='word_1_716' title='bbox 2570 4391 2676 4436; x_wconf 88' lang='lat' dir='ltr'><strong>tam</strong></span> <span class='ocrx_word' id='word_1_717' title='bbox 2699 4392 2781 4438; x_wconf 89' lang='lat' dir='ltr'><strong>est</strong></span> <span class='ocrx_word' id='word_1_718' title='bbox 2801 4384 3148 4453; x_wconf 83' lang='lat' dir='ltr'><strong>intelligibile,</strong></span> <span class='ocrx_word' id='word_1_719' title='bbox 3176 4401 3334 4456; x_wconf 82' lang='lat' dir='ltr'><strong>quant</strong></span> <span class='ocrx_word' id='word_1_720' title='bbox 3357 4401 3485 4442; x_wconf 88' lang='lat' dir='ltr'><strong>sen-</strong></span> 
     </span>
    </p>
   </div>
   <div class='ocr_carea' id='block_1_94' title="bbox 1902 4474 3493 4547">
    <p class='ocr_par' dir='ltr' id='par_1_94' title="bbox 1902 4474 3493 4547">
     <span class='ocr_line' id='line_1_94' title="bbox 1902 4474 3493 4547; baseline 0.004 -18"><span class='ocrx_word' id='word_1_721' title='bbox 1902 4474 2056 4530; x_wconf 90' lang='lat' dir='ltr'><strong>sibile</strong></span> <span class='ocrx_word' id='word_1_722' title='bbox 2078 4474 2206 4528; x_wconf 89' lang='lat' dir='ltr'><strong>illud</strong></span> <span class='ocrx_word' id='word_1_723' title='bbox 2233 4474 2377 4543; x_wconf 92' lang='lat' dir='ltr'><strong>quod</strong></span> <span class='ocrx_word' id='word_1_724' title='bbox 2414 4475 2467 4528; x_wconf 92' lang='lat' dir='ltr'><strong>in</strong></span> <span class='ocrx_word' id='word_1_725' title='bbox 2497 4474 2598 4530; x_wconf 91' lang='lat' dir='ltr'><strong>hoc</strong></span> <span class='ocrx_word' id='word_1_726' title='bbox 2624 4474 2817 4529; x_wconf 84' lang='lat' dir='ltr'><strong>visibili</strong></span> <span class='ocrx_word' id='word_1_727' title='bbox 2847 4476 3043 4532; x_wconf 91' lang='lat' dir='ltr'><strong>lumine</strong></span> <span class='ocrx_word' id='word_1_728' title='bbox 3073 4488 3193 4547; x_wconf 90' lang='lat' dir='ltr'><strong>post</strong></span> <span class='ocrx_word' id='word_1_729' title='bbox 3222 4478 3493 4535; x_wconf 85' lang='lat' dir='ltr'><strong>defectum</strong></span> 
     </span>
    </p>
   </div>
   <div class='ocr_carea' id='block_1_95' title="bbox 1902 4566 3495 4641">
    <p class='ocr_par' dir='ltr' id='par_1_95' title="bbox 1902 4566 3495 4641">
     <span class='ocr_line' id='line_1_95' title="bbox 1902 4566 3495 4641; baseline 0.003 -20"><span class='ocrx_word' id='word_1_730' title='bbox 1902 4576 2389 4638; x_wconf 88' lang='lat' dir='ltr'><strong>quantumcumque</strong></span> <span class='ocrx_word' id='word_1_731' title='bbox 2430 4566 2655 4635; x_wconf 87' lang='lat' dir='ltr'><strong>fulgeret</strong></span> <span class='ocrx_word' id='word_1_732' title='bbox 2683 4585 2695 4619; x_wconf 91' lang='lat'><strong>:</strong></span> <span class='ocrx_word' id='word_1_733' title='bbox 2726 4574 2783 4623; x_wconf 90' lang='lat' dir='ltr'><strong>et</strong></span> <span class='ocrx_word' id='word_1_734' title='bbox 2819 4568 2941 4623; x_wconf 90' lang='lat' dir='ltr'><strong>ideo</strong></span> <span class='ocrx_word' id='word_1_735' title='bbox 2965 4569 3200 4624; x_wconf 90' lang='lat' dir='ltr'><strong>animam</strong></span> <span class='ocrx_word' id='word_1_736' title='bbox 3230 4571 3281 4624; x_wconf 90' lang='lat' dir='ltr'><strong>in</strong></span> <span class='ocrx_word' id='word_1_737' title='bbox 3321 4587 3495 4641; x_wconf 85' lang='lat' dir='ltr'><strong>quan-</strong></span> 
     </span>
    </p>
   </div>
   <div class='ocr_carea' id='block_1_96' title="bbox 1904 4656 3500 4732">
    <p class='ocr_par' dir='ltr' id='par_1_96' title="bbox 1904 4656 3500 4732">
     <span class='ocr_line' id='line_1_96' title="bbox 1904 4656 3500 4732; baseline 0.002 -19"><span class='ocrx_word' id='word_1_738' title='bbox 1904 4666 2017 4713; x_wconf 93' lang='lat' dir='ltr'><strong>tum</strong></span> <span class='ocrx_word' id='word_1_739' title='bbox 2042 4657 2216 4711; x_wconf 86' lang='lat' dir='ltr'><strong>anima</strong></span> <span class='ocrx_word' id='word_1_740' title='bbox 2244 4664 2408 4724; x_wconf 89' lang='lat' dir='ltr'><strong>esset,</strong></span> <span class='ocrx_word' id='word_1_741' title='bbox 2436 4664 2490 4711; x_wconf 88' lang='lat' dir='ltr'><strong>et</strong></span> <span class='ocrx_word' id='word_1_742' title='bbox 2514 4656 2635 4711; x_wconf 70' lang='lat' dir='ltr'><strong>vitae</strong></span> <span class='ocrx_word' id='word_1_743' title='bbox 2658 4658 3039 4728; x_wconf 90' lang='lat' dir='ltr'><strong>participaret,</strong></span> <span class='ocrx_word' id='word_1_744' title='bbox 3070 4660 3188 4715; x_wconf 89' lang='lat' dir='ltr'><strong>sine</strong></span> <span class='ocrx_word' id='word_1_745' title='bbox 3216 4676 3319 4732; x_wconf 92' lang='lat' dir='ltr'><strong>qua</strong></span> <span class='ocrx_word' id='word_1_746' title='bbox 3343 4662 3500 4717; x_wconf 83' lang='lat' dir='ltr'><strong>nullo</strong></span> 
     </span>
    </p>
   </div>
   <div class='ocr_carea' id='block_1_97' title="bbox 1905 4750 3497 4821">
    <p class='ocr_par' dir='ltr' id='par_1_97' title="bbox 1905 4750 3497 4821">
     <span class='ocr_line' id='line_1_97' title="bbox 1905 4750 3497 4821; baseline 0.001 -15"><span class='ocrx_word' id='word_1_747' title='bbox 1905 4759 2060 4821; x_wconf 87' lang='lat' dir='ltr'><strong>pacto</strong></span> <span class='ocrx_word' id='word_1_748' title='bbox 2091 4750 2267 4805; x_wconf 86' lang='lat' dir='ltr'><strong>anima</strong></span> <span class='ocrx_word' id='word_1_749' title='bbox 2298 4762 2419 4806; x_wconf 87' lang='lat' dir='ltr'><strong>esse</strong></span> <span class='ocrx_word' id='word_1_750' title='bbox 2443 4759 2638 4819; x_wconf 89' lang='lat' dir='ltr'><strong>potest,</strong></span> <span class='ocrx_word' id='word_1_751' title='bbox 2662 4751 2962 4808; x_wconf 89' lang='lat' dir='ltr'><strong>rectissime</strong></span> <span class='ocrx_word' id='word_1_752' title='bbox 2986 4754 3239 4809; x_wconf 88' lang='lat' dir='ltr'><strong>omnibus</strong></span> <span class='ocrx_word' id='word_1_753' title='bbox 3266 4754 3497 4811; x_wconf 87' lang='lat' dir='ltr'><strong>sensibi-</strong></span> 
     </span>
    </p>
   </div>
   <div class='ocr_carea' id='block_1_98' title="bbox 196 4816 3494 4910">
    <p class='ocr_par' dir='ltr' id='par_1_98' title="bbox 196 4816 3494 4910">
     <span class='ocr_line' id='line_1_98' title="bbox 196 4816 3494 4910; baseline 0 -8"><span class='ocrx_word' id='word_1_754' title='bbox 196 4816 297 4902; x_wconf 48' lang='lat' dir='ltr'><strong>nis.</strong></span> <span class='ocrx_word' id='word_1_755' title='bbox 328 4846 430 4901; x_wconf 88' lang='lat' dir='ltr'><strong>Dei</strong></span> <span class='ocrx_word' id='word_1_756' title='bbox 482 4843 787 4899; x_wconf 84' lang='lat' dir='ltr'><strong>cultoribus</strong></span> <span class='ocrx_word' id='word_1_757' title='bbox 826 4816 999 4906; x_wconf 85' lang='lat' dir='ltr'><strong>solet,</strong></span> <span class='ocrx_word' id='word_1_758' title='bbox 1026 4838 1281 4895; x_wconf 91' lang='lat' dir='ltr'><strong>divinitus</strong></span> <span class='ocrx_word' id='word_1_759' title='bbox 1322 4836 1618 4892; x_wconf 88' lang='lat' dir='ltr'><strong>infulsisset</strong></span> <span class='ocrx_word' id='word_1_760' title='bbox 1642 4835 1800 4905; x_wconf 87' lang='lat' dir='ltr'><strong>hujus</strong></span> <span class='ocrx_word' id='word_1_761' title='bbox 1862 4816 2043 4906; x_wconf 56' lang='lat' dir='ltr'><strong>ilibus</strong></span> <span class='ocrx_word' id='word_1_762' title='bbox 2096 4842 2367 4898; x_wconf 85' lang='lat' dir='ltr'><strong>anteferri.</strong></span> <span class='ocrx_word' id='word_1_763' title='bbox 2418 4816 2778 4910; x_wconf 82' lang='lat' dir='ltr'><strong>Quamobrem</strong></span> <span class='ocrx_word' id='word_1_764' title='bbox 2829 4844 3045 4899; x_wconf 80' lang='lat' dir='ltr'><strong>maximi</strong></span> <span class='ocrx_word' id='word_1_765' title='bbox 3092 4846 3299 4901; x_wconf 89' lang='lat' dir='ltr'><strong>erroris</strong></span> <span class='ocrx_word' id='word_1_766' title='bbox 3346 4858 3494 4910; x_wconf 81' lang='lat' dir='ltr'><strong>esse,</strong></span> 
     </span>
    </p>
   </div>
   <div class='ocr_carea' id='block_1_99' title="bbox 196 4934 1797 5011">
    <p class='ocr_par' dir='ltr' id='par_1_99' title="bbox 196 4934 1797 5011">
     <span class='ocr_line' id='line_1_99' title="bbox 196 4934 1797 5011; baseline -0.006 -15"><span class='ocrx_word' id='word_1_767' title='bbox 196 4940 396 4996; x_wconf 81' lang='lat' dir='ltr'><strong>solutio</strong></span> <span class='ocrx_word' id='word_1_768' title='bbox 419 4937 758 5011; x_wconf 63' lang='lat' dir='ltr'><strong>quaestionis,</strong></span> <span class='ocrx_word' id='word_1_769' title='bbox 788 4942 881 4990; x_wconf 92' lang='lat' dir='ltr'><strong>aut</strong></span> <span class='ocrx_word' id='word_1_770' title='bbox 904 4934 1090 4989; x_wconf 81' lang='lat' dir='ltr'><strong>fuisset</strong></span> <span class='ocrx_word' id='word_1_771' title='bbox 1110 4942 1267 4988; x_wconf 89' lang='lat' dir='ltr'><strong>antea</strong></span> <span class='ocrx_word' id='word_1_772' title='bbox 1297 4939 1594 5002; x_wconf 77' lang='lat' dir='ltr'><strong>praeparata</strong></span> <span class='ocrx_word' id='word_1_773' title='bbox 1624 4948 1638 4986; x_wconf 90' lang='lat'><strong>:</strong></span> <span class='ocrx_word' id='word_1_774' title='bbox 1665 4944 1797 5001; x_wconf 40' lang='lat' dir='ltr'><strong>quo;</strong></span> 
     </span>
    </p>
   </div>
   <div class='ocr_carea' id='block_1_100' title="bbox 197 5022 1801 5095">
    <p class='ocr_par' dir='ltr' id='par_1_100' title="bbox 197 5022 1801 5095">
     <span class='ocr_line' id='line_1_100' title="bbox 197 5022 1801 5095; baseline -0.007 -8"><span class='ocrx_word' id='word_1_775' title='bbox 197 5046 315 5086; x_wconf 82' lang='lat' dir='ltr'><strong>rum</strong></span> <span class='ocrx_word' id='word_1_776' title='bbox 342 5031 398 5086; x_wconf 89' lang='lat' dir='ltr'><strong>si</strong></span> <span class='ocrx_word' id='word_1_777' title='bbox 440 5038 692 5085; x_wconf 89' lang='lat' dir='ltr'><strong>neutrum</strong></span> <span class='ocrx_word' id='word_1_778' title='bbox 721 5027 1041 5083; x_wconf 88' lang='lat' dir='ltr'><strong>meruissem</strong></span> <span class='ocrx_word' id='word_1_779' title='bbox 1082 5032 1244 5095; x_wconf 87' lang='lat' dir='ltr'><strong>atque</strong></span> <span class='ocrx_word' id='word_1_780' title='bbox 1272 5022 1563 5094; x_wconf 90' lang='lat' dir='ltr'><strong>potuissem</strong></span> <span class='ocrx_word' id='word_1_781' title='bbox 1582 5063 1598 5090; x_wconf 90' lang='lat'><strong>,</strong></span> <span class='ocrx_word' id='word_1_782' title='bbox 1626 5030 1801 5092; x_wconf 79' lang='lat' dir='ltr'><strong>coepta</strong></span> 
     </span>
    </p>
   </div>
   <div class='ocr_carea' id='block_1_101' title="bbox 199 5114 1804 5194">
    <p class='ocr_par' dir='ltr' id='par_1_101' title="bbox 199 5114 1804 5194">
     <span class='ocr_line' id='line_1_101' title="bbox 199 5114 1804 5194; baseline -0.005 -16"><span class='ocrx_word' id='word_1_783' title='bbox 199 5121 515 5187; x_wconf 66' lang='lat' dir='ltr'><strong>diﬁerrem;</strong></span> <span class='ocrx_word' id='word_1_784' title='bbox 555 5118 808 5194; x_wconf 87' lang='lat' dir='ltr'><strong>quodque</strong></span> <span class='ocrx_word' id='word_1_785' title='bbox 845 5127 993 5174; x_wconf 87' lang='lat' dir='ltr'><strong>esset</strong></span> <span class='ocrx_word' id='word_1_786' title='bbox 1029 5116 1364 5188; x_wconf 90' lang='lat' dir='ltr'><strong>propositum</strong></span> <span class='ocrx_word' id='word_1_787' title='bbox 1383 5155 1398 5182; x_wconf 94' lang='lat'><strong>,</strong></span> <span class='ocrx_word' id='word_1_788' title='bbox 1430 5114 1648 5169; x_wconf 88' lang='lat' dir='ltr'><strong>difﬁcile</strong></span> <span class='ocrx_word' id='word_1_789' title='bbox 1684 5127 1804 5170; x_wconf 84' lang='lat' dir='ltr'><strong>esse</strong></span> 
     </span>
    </p>
   </div>
   <div class='ocr_carea' id='block_1_102' title="bbox 199 5210 1805 5289">
    <p class='ocr_par' dir='ltr' id='par_1_102' title="bbox 199 5210 1805 5289">
     <span class='ocr_line' id='line_1_102' title="bbox 199 5210 1805 5289; baseline -0.006 -15"><span class='ocrx_word' id='word_1_790' title='bbox 199 5218 264 5273; x_wconf 78' lang='lat' dir='ltr'><strong>ad</strong></span> <span class='ocrx_word' id='word_1_791' title='bbox 292 5216 725 5289; x_wconf 86' lang='lat' dir='ltr'><strong>dignoscendum</strong></span> <span class='ocrx_word' id='word_1_792' title='bbox 758 5222 916 5285; x_wconf 88' lang='lat' dir='ltr'><strong>atque</strong></span> <span class='ocrx_word' id='word_1_793' title='bbox 935 5212 1162 5268; x_wconf 89' lang='lat' dir='ltr'><strong>arduum</strong></span> <span class='ocrx_word' id='word_1_794' title='bbox 1210 5210 1511 5266; x_wconf 89' lang='lat' dir='ltr'><strong>conﬁterer.</strong></span> <span class='ocrx_word' id='word_1_795' title='bbox 1542 5210 1805 5265; x_wconf 77' lang='lat' dir='ltr'><strong>Recurre-</strong></span> 
     </span>
    </p>
   </div>
   <div class='ocr_carea' id='block_1_103' title="bbox 201 5303 1803 5378">
    <p class='ocr_par' dir='ltr' id='par_1_103' title="bbox 201 5303 1803 5378">
     <span class='ocr_line' id='line_1_103' title="bbox 201 5303 1803 5378; baseline -0.007 -12"><span class='ocrx_word' id='word_1_796' title='bbox 201 5325 315 5367; x_wconf 85' lang='lat' dir='ltr'><strong>rcm</strong></span> <span class='ocrx_word' id='word_1_797' title='bbox 365 5310 424 5365; x_wconf 90' lang='lat' dir='ltr'><strong>in</strong></span> <span class='ocrx_word' id='word_1_798' title='bbox 472 5323 561 5363; x_wconf 91' lang='lat' dir='ltr'><strong>me</strong></span> <span class='ocrx_word' id='word_1_799' title='bbox 580 5348 598 5375; x_wconf 93' lang='lat'><strong>,</strong></span> <span class='ocrx_word' id='word_1_800' title='bbox 629 5315 1005 5378; x_wconf 88' lang='lat' dir='ltr'><strong>prosterncrcr</strong></span> <span class='ocrx_word' id='word_1_801' title='bbox 1032 5304 1142 5359; x_wconf 92' lang='lat' dir='ltr'><strong>Deo</strong></span> <span class='ocrx_word' id='word_1_802' title='bbox 1162 5345 1177 5368; x_wconf 89' lang='lat'><strong>,</strong></span> <span class='ocrx_word' id='word_1_803' title='bbox 1207 5303 1316 5358; x_wconf 88' lang='lat' dir='ltr'><strong>alte</strong></span> <span class='ocrx_word' id='word_1_804' title='bbox 1357 5303 1762 5372; x_wconf 87' lang='lat' dir='ltr'><strong>ingemiscerem</strong></span> <span class='ocrx_word' id='word_1_805' title='bbox 1786 5339 1803 5367; x_wconf 94' lang='lat'><strong>,</strong></span> 
     </span>
    </p>
   </div>
   <div class='ocr_carea' id='block_1_104' title="bbox 203 5392 1806 5472">
    <p class='ocr_par' dir='ltr' id='par_1_104' title="bbox 203 5392 1806 5472">
     <span class='ocr_line' id='line_1_104' title="bbox 203 5392 1806 5472; baseline -0.007 -15"><span class='ocrx_word' id='word_1_806' title='bbox 203 5414 459 5472; x_wconf 67' lang='lat' dir='ltr'><strong>quaerens</strong></span> <span class='ocrx_word' id='word_1_807' title='bbox 486 5415 557 5455; x_wconf 92' lang='lat' dir='ltr'><strong>ne</strong></span> <span class='ocrx_word' id='word_1_808' title='bbox 591 5415 678 5453; x_wconf 91' lang='lat' dir='ltr'><strong>me</strong></span> <span class='ocrx_word' id='word_1_809' title='bbox 716 5399 771 5453; x_wconf 92' lang='lat' dir='ltr'><strong>in</strong></span> <span class='ocrx_word' id='word_1_810' title='bbox 800 5397 979 5452; x_wconf 92' lang='lat' dir='ltr'><strong>medio</strong></span> <span class='ocrx_word' id='word_1_811' title='bbox 1009 5395 1181 5465; x_wconf 90' lang='lat' dir='ltr'><strong>spatio</strong></span> <span class='ocrx_word' id='word_1_812' title='bbox 1204 5435 1220 5461; x_wconf 90' lang='lat'><strong>,</strong></span> <span class='ocrx_word' id='word_1_813' title='bbox 1250 5409 1355 5464; x_wconf 93' lang='lat' dir='ltr'><strong>quo</strong></span> <span class='ocrx_word' id='word_1_814' title='bbox 1394 5393 1558 5448; x_wconf 90' lang='lat' dir='ltr'><strong>certis</strong></span> <span class='ocrx_word' id='word_1_815' title='bbox 1585 5392 1806 5447; x_wconf 82' lang='lat' dir='ltr'><strong>rationi-</strong></span> 
     </span>
    </p>
   </div>
   <div class='ocr_carea' id='block_1_105' title="bbox 208 5484 1808 5564">
    <p class='ocr_par' dir='ltr' id='par_1_105' title="bbox 208 5484 1808 5564">
     <span class='ocr_line' id='line_1_105' title="bbox 208 5484 1808 5564; baseline -0.008 -13"><span class='ocrx_word' id='word_1_816' title='bbox 208 5493 307 5549; x_wconf 81' lang='lat' dir='ltr'><strong>bus</strong></span> <span class='ocrx_word' id='word_1_817' title='bbox 364 5492 797 5564; x_wconf 79' lang='lat' dir='ltr'><strong>promovissent,</strong></span> <span class='ocrx_word' id='word_1_818' title='bbox 852 5490 1061 5543; x_wconf 76' lang='lat' dir='ltr'><strong>hzerere</strong></span> <span class='ocrx_word' id='word_1_819' title='bbox 1114 5495 1415 5557; x_wconf 87' lang='lat' dir='ltr'><strong>pateretur;</strong></span> <span class='ocrx_word' id='word_1_820' title='bbox 1466 5500 1535 5540; x_wconf 91' lang='lat' dir='ltr'><strong>ne</strong></span> <span class='ocrx_word' id='word_1_821' title='bbox 1590 5484 1808 5554; x_wconf 90' lang='lat' dir='ltr'><strong>ancipiti</strong></span> 
     </span>
    </p>
   </div>
   <div class='ocr_carea' id='block_1_106' title="bbox 208 5576 1809 5655">
    <p class='ocr_par' dir='ltr' id='par_1_106' title="bbox 208 5576 1809 5655">
     <span class='ocr_line' id='line_1_106' title="bbox 208 5576 1809 5655; baseline -0.006 -13"><span class='ocrx_word' id='word_1_822' title='bbox 208 5586 512 5655; x_wconf 62' lang='lat' dir='ltr'><strong>quaestione</strong></span> <span class='ocrx_word' id='word_1_823' title='bbox 536 5598 764 5655; x_wconf 89' lang='lat' dir='ltr'><strong>cogerer</strong></span> <span class='ocrx_word' id='word_1_824' title='bbox 788 5589 880 5635; x_wconf 89' lang='lat' dir='ltr'><strong>aut</strong></span> <span class='ocrx_word' id='word_1_825' title='bbox 908 5579 1259 5649; x_wconf 83' lang='lat' dir='ltr'><strong>intclligibilia</strong></span> <span class='ocrx_word' id='word_1_826' title='bbox 1302 5576 1643 5633; x_wconf 88' lang='lat' dir='ltr'><strong>sensibilibus</strong></span> <span class='ocrx_word' id='word_1_827' title='bbox 1683 5576 1809 5632; x_wconf 88' lang='lat' dir='ltr'><strong>sub-</strong></span> 
     </span>
    </p>
   </div>
   <div class='ocr_carea' id='block_1_107' title="bbox 210 5670 1811 5741">
    <p class='ocr_par' dir='ltr' id='par_1_107' title="bbox 210 5670 1811 5741">
     <span class='ocr_line' id='line_1_107' title="bbox 210 5670 1811 5741; baseline -0.006 -8"><span class='ocrx_word' id='word_1_828' title='bbox 210 5677 425 5734; x_wconf 84' lang='lat' dir='ltr'><strong>mittere</strong></span> <span class='ocrx_word' id='word_1_829' title='bbox 446 5691 513 5733; x_wconf 90' lang='lat' dir='ltr'><strong>ac</strong></span> <span class='ocrx_word' id='word_1_830' title='bbox 538 5676 795 5738; x_wconf 85' lang='lat' dir='ltr'><strong>subdere,</strong></span> <span class='ocrx_word' id='word_1_831' title='bbox 825 5680 918 5728; x_wconf 92' lang='lat' dir='ltr'><strong>aut</strong></span> <span class='ocrx_word' id='word_1_832' title='bbox 943 5673 1117 5741; x_wconf 91' lang='lat' dir='ltr'><strong>ipsum</strong></span> <span class='ocrx_word' id='word_1_833' title='bbox 1144 5671 1393 5725; x_wconf 90' lang='lat' dir='ltr'><strong>vitiorum</strong></span> <span class='ocrx_word' id='word_1_834' title='bbox 1424 5670 1601 5724; x_wconf 91' lang='lat' dir='ltr'><strong>dicere</strong></span> <span class='ocrx_word' id='word_1_835' title='bbox 1629 5678 1811 5725; x_wconf 86' lang='lat' dir='ltr'><strong>aucto-</strong></span> 
     </span>
    </p>
   </div>
   <div class='ocr_carea' id='block_1_108' title="bbox 212 5761 1812 5838">
    <p class='ocr_par' dir='ltr' id='par_1_108' title="bbox 212 5761 1812 5838">
     <span class='ocr_line' id='line_1_108' title="bbox 212 5761 1812 5838; baseline -0.006 -10"><span class='ocrx_word' id='word_1_836' title='bbox 212 5786 370 5838; x_wconf 84' lang='lat' dir='ltr'><strong>rem;</strong></span> <span class='ocrx_word' id='word_1_837' title='bbox 399 5784 523 5825; x_wconf 88' lang='lat' dir='ltr'><strong>cum</strong></span> <span class='ocrx_word' id='word_1_838' title='bbox 564 5776 715 5826; x_wconf 87' lang='lat' dir='ltr'><strong>esset</strong></span> <span class='ocrx_word' id='word_1_839' title='bbox 759 5765 1027 5820; x_wconf 81' lang='lat' dir='ltr'><strong>utrumvis</strong></span> <span class='ocrx_word' id='word_1_840' title='bbox 1067 5762 1259 5818; x_wconf 89' lang='lat' dir='ltr'><strong>horum</strong></span> <span class='ocrx_word' id='word_1_841' title='bbox 1306 5761 1548 5818; x_wconf 85' lang='lat' dir='ltr'><strong>lalsitatis</strong></span> <span class='ocrx_word' id='word_1_842' title='bbox 1576 5761 1812 5833; x_wconf 87' lang='lat' dir='ltr'><strong>impieta-</strong></span> 
     </span>
    </p>
   </div>
   <div class='ocr_carea' id='block_1_109' title="bbox 303 5874 1175 5943">
    <p class='ocr_par' dir='ltr' id='par_1_109' title="bbox 303 5874 1175 5943">
     <span class='ocr_line' id='line_1_109' title="bbox 303 5874 1175 5943; baseline -0.015 -3"><span class='ocrx_word' id='word_1_843' title='bbox 303 5887 325 5922; x_wconf 74' lang='grc' dir='ltr'><strong>ι</strong></span> <span class='ocrx_word' id='word_1_844' title='bbox 359 5886 568 5938; x_wconf 70' lang='lat' dir='ltr'><strong>Vaticani</strong></span> <span class='ocrx_word' id='word_1_845' title='bbox 595 5891 732 5943; x_wconf 67' lang='lat' dir='ltr'><strong>Mss,</strong></span> <span class='ocrx_word' id='word_1_846' title='bbox 755 5892 816 5931; x_wconf 84' lang='lat' dir='ltr'><strong>ac</strong></span> <span class='ocrx_word' id='word_1_847' title='bbox 844 5877 987 5930; x_wconf 78' lang='lat' dir='ltr'><strong>istum</strong></span> <span class='ocrx_word' id='word_1_848' title='bbox 1007 5874 1175 5929; x_wconf 84' lang='lat' dir='ltr'><strong>laudo.</strong></span> 
     </span>
    </p>
   </div>
   <div class='ocr_carea' id='block_1_110' title="bbox 1905 4932 3501 5007">
    <p class='ocr_par' dir='ltr' id='par_1_110' title="bbox 1905 4932 3501 5007">
     <span class='ocr_line' id='line_1_110' title="bbox 1905 4932 3501 5007; baseline 0 -17"><span class='ocrx_word' id='word_1_849' title='bbox 1905 4933 2069 4990; x_wconf 92' lang='lat' dir='ltr'><strong>ullam</strong></span> <span class='ocrx_word' id='word_1_850' title='bbox 2099 4934 2330 4988; x_wconf 89' lang='lat' dir='ltr'><strong>animam</strong></span> <span class='ocrx_word' id='word_1_851' title='bbox 2370 4932 2549 4989; x_wconf 89' lang='lat' dir='ltr'><strong>dicere</strong></span> <span class='ocrx_word' id='word_1_852' title='bbox 2583 4948 2690 4989; x_wconf 92' lang='lat' dir='ltr'><strong>non</strong></span> <span class='ocrx_word' id='word_1_853' title='bbox 2729 4948 2849 4992; x_wconf 88' lang='lat' dir='ltr'><strong>esse</strong></span> <span class='ocrx_word' id='word_1_854' title='bbox 2873 4950 2940 4992; x_wconf 79' lang='lat' dir='ltr'><strong>ex</strong></span> <span class='ocrx_word' id='word_1_855' title='bbox 2970 4935 3079 4993; x_wconf 91' lang='lat' dir='ltr'><strong>Deo</strong></span> <span class='ocrx_word' id='word_1_856' title='bbox 3099 4977 3115 5005; x_wconf 93' lang='lat'><strong>,</strong></span> <span class='ocrx_word' id='word_1_857' title='bbox 3138 4951 3203 4992; x_wconf 81' lang='lat' dir='ltr'><strong>ex</strong></span> <span class='ocrx_word' id='word_1_858' title='bbox 3240 4950 3348 5007; x_wconf 91' lang='lat' dir='ltr'><strong>quo</strong></span> <span class='ocrx_word' id='word_1_859' title='bbox 3375 4949 3501 4991; x_wconf 85' lang='lat' dir='ltr'><strong>esse</strong></span> 
     </span>
    </p>
   </div>
   <div class='ocr_carea' id='block_1_111' title="bbox 1906 5026 2674 5097">
    <p class='ocr_par' dir='ltr' id='par_1_111' title="bbox 1906 5026 2674 5097">
     <span class='ocr_line' id='line_1_111' title="bbox 1906 5026 2674 5097; baseline -0.003 -14"><span class='ocrx_word' id='word_1_860' title='bbox 1906 5026 2078 5083; x_wconf 85' lang='lat' dir='ltr'><strong>solem</strong></span> <span class='ocrx_word' id='word_1_861' title='bbox 2099 5026 2384 5097; x_wconf 89' lang='lat' dir='ltr'><strong>lunamque</strong></span> <span class='ocrx_word' id='word_1_862' title='bbox 2409 5026 2674 5097; x_wconf 89' lang='lat' dir='ltr'><strong>glorieris.</strong></span> 
     </span>
    </p>
   </div>
   <div class='ocr_carea' id='block_1_112' title="bbox 1980 5118 3501 5190">
    <p class='ocr_par' dir='ltr' id='par_1_112' title="bbox 1980 5118 3501 5190">
     <span class='ocr_line' id='line_1_112' title="bbox 1980 5118 3501 5190; baseline 0 -16"><span class='ocrx_word' id='word_1_863' title='bbox 1980 5121 2035 5175; x_wconf 86' lang='lat'><strong>7.</strong></span> <span class='ocrx_word' id='word_1_864' title='bbox 2076 5119 2231 5187; x_wconf 85' lang='lat' dir='ltr'><strong>Quod</strong></span> <span class='ocrx_word' id='word_1_865' title='bbox 2274 5120 2320 5174; x_wconf 90' lang='lat' dir='ltr'><strong>si</strong></span> <span class='ocrx_word' id='word_1_866' title='bbox 2354 5119 2467 5190; x_wconf 84' lang='lat' dir='ltr'><strong>jam</strong></span> <span class='ocrx_word' id='word_1_867' title='bbox 2508 5119 2747 5189; x_wconf 90' lang='lat' dir='ltr'><strong>placeret</strong></span> <span class='ocrx_word' id='word_1_868' title='bbox 2785 5121 2963 5176; x_wconf 89' lang='lat' dir='ltr'><strong>omnia</strong></span> <span class='ocrx_word' id='word_1_869' title='bbox 3012 5118 3283 5175; x_wconf 87' lang='lat' dir='ltr'><strong>sensibilia</strong></span> <span class='ocrx_word' id='word_1_870' title='bbox 3324 5119 3501 5174; x_wconf 82' lang='lat' dir='ltr'><strong>nomi-</strong></span> 
     </span>
    </p>
   </div>
   <div class='ocr_carea' id='block_1_113' title="bbox 1908 5210 3505 5282">
    <p class='ocr_par' dir='ltr' id='par_1_113' title="bbox 1908 5210 3505 5282">
     <span class='ocr_line' id='line_1_113' title="bbox 1908 5210 3505 5282; baseline -0.001 -15"><span class='ocrx_word' id='word_1_871' title='bbox 1908 5226 2060 5279; x_wconf 90' lang='lat' dir='ltr'><strong>nare,</strong></span> <span class='ocrx_word' id='word_1_872' title='bbox 2089 5226 2197 5266; x_wconf 91' lang='lat' dir='ltr'><strong>non</strong></span> <span class='ocrx_word' id='word_1_873' title='bbox 2218 5210 2379 5267; x_wconf 90' lang='lat' dir='ltr'><strong>modo</strong></span> <span class='ocrx_word' id='word_1_874' title='bbox 2403 5226 2465 5265; x_wconf 90' lang='lat' dir='ltr'><strong>ea</strong></span> <span class='ocrx_word' id='word_1_875' title='bbox 2485 5226 2603 5282; x_wconf 78' lang='lat' dir='ltr'><strong>qum</strong></span> <span class='ocrx_word' id='word_1_876' title='bbox 2628 5212 2973 5277; x_wconf 88' lang='lat' dir='ltr'><strong>sentiremus,</strong></span> <span class='ocrx_word' id='word_1_877' title='bbox 2995 5210 3090 5266; x_wconf 91' lang='lat' dir='ltr'><strong>sed</strong></span> <span class='ocrx_word' id='word_1_878' title='bbox 3110 5210 3271 5265; x_wconf 90' lang='lat' dir='ltr'><strong>etiam</strong></span> <span class='ocrx_word' id='word_1_879' title='bbox 3295 5225 3357 5266; x_wconf 89' lang='lat' dir='ltr'><strong>ea</strong></span> <span class='ocrx_word' id='word_1_880' title='bbox 3378 5226 3505 5281; x_wconf 82' lang='lat' dir='ltr'><strong>quae</strong></span> 
     </span>
    </p>
   </div>
   <div class='ocr_carea' id='block_1_114' title="bbox 1910 5300 3504 5373">
    <p class='ocr_par' dir='ltr' id='par_1_114' title="bbox 1910 5300 3504 5373">
     <span class='ocr_line' id='line_1_114' title="bbox 1910 5300 3504 5373; baseline -0.002 -14"><span class='ocrx_word' id='word_1_881' title='bbox 1910 5318 2019 5359; x_wconf 92' lang='lat' dir='ltr'><strong>non</strong></span> <span class='ocrx_word' id='word_1_882' title='bbox 2043 5303 2323 5358; x_wconf 91' lang='lat' dir='ltr'><strong>sentiendo</strong></span> <span class='ocrx_word' id='word_1_883' title='bbox 2352 5311 2530 5358; x_wconf 91' lang='lat' dir='ltr'><strong>tamen</strong></span> <span class='ocrx_word' id='word_1_884' title='bbox 2570 5318 2666 5373; x_wconf 92' lang='lat' dir='ltr'><strong>per</strong></span> <span class='ocrx_word' id='word_1_885' title='bbox 2694 5317 2890 5373; x_wconf 90' lang='lat' dir='ltr'><strong>corpus</strong></span> <span class='ocrx_word' id='word_1_886' title='bbox 2927 5300 3290 5372; x_wconf 76' lang='lat' dir='ltr'><strong>iudicaremus</strong></span> <span class='ocrx_word' id='word_1_887' title='bbox 3311 5344 3325 5367; x_wconf 89' lang='lat'><strong>,</strong></span> <span class='ocrx_word' id='word_1_888' title='bbox 3358 5304 3504 5357; x_wconf 77' lang='lat' dir='ltr'><strong>sicut</strong></span> 
     </span>
    </p>
   </div>
   <div class='ocr_carea' id='block_1_115' title="bbox 1912 5391 3509 5467">
    <p class='ocr_par' dir='ltr' id='par_1_115' title="bbox 1912 5391 3509 5467">
     <span class='ocr_line' id='line_1_115' title="bbox 1912 5391 3509 5467; baseline -0.001 -16"><span class='ocrx_word' id='word_1_889' title='bbox 1912 5410 2009 5467; x_wconf 91' lang='lat' dir='ltr'><strong>per</strong></span> <span class='ocrx_word' id='word_1_890' title='bbox 2028 5396 2212 5451; x_wconf 90' lang='lat' dir='ltr'><strong>oculos</strong></span> <span class='ocrx_word' id='word_1_891' title='bbox 2251 5395 2499 5451; x_wconf 87' lang='lat' dir='ltr'><strong>tenebras</strong></span> <span class='ocrx_word' id='word_1_892' title='bbox 2522 5436 2538 5463; x_wconf 93' lang='lat'><strong>,</strong></span> <span class='ocrx_word' id='word_1_893' title='bbox 2566 5404 2620 5449; x_wconf 89' lang='lat' dir='ltr'><strong>et</strong></span> <span class='ocrx_word' id='word_1_894' title='bbox 2648 5409 2744 5464; x_wconf 86' lang='lat' dir='ltr'><strong>per</strong></span> <span class='ocrx_word' id='word_1_895' title='bbox 2771 5407 2928 5448; x_wconf 89' lang='lat' dir='ltr'><strong>aures</strong></span> <span class='ocrx_word' id='word_1_896' title='bbox 2966 5391 3237 5447; x_wconf 85' lang='lat' dir='ltr'><strong>silentium</strong></span> <span class='ocrx_word' id='word_1_897' title='bbox 3262 5410 3277 5461; x_wconf 89' lang='lat'><strong>;</strong></span> <span class='ocrx_word' id='word_1_898' title='bbox 3306 5402 3363 5449; x_wconf 92' lang='lat' dir='ltr'><strong>et</strong></span> <span class='ocrx_word' id='word_1_899' title='bbox 3387 5395 3509 5449; x_wconf 84' lang='lat' dir='ltr'><strong>illas</strong></span> 
     </span>
    </p>
   </div>
   <div class='ocr_carea' id='block_1_116' title="bbox 1913 5483 3509 5555">
    <p class='ocr_par' dir='ltr' id='par_1_116' title="bbox 1913 5483 3509 5555">
     <span class='ocr_line' id='line_1_116' title="bbox 1913 5483 3509 5555; baseline -0.003 -12"><span class='ocrx_word' id='word_1_900' title='bbox 1913 5488 2057 5544; x_wconf 90' lang='lat' dir='ltr'><strong>enim</strong></span> <span class='ocrx_word' id='word_1_901' title='bbox 2101 5501 2207 5542; x_wconf 92' lang='lat' dir='ltr'><strong>non</strong></span> <span class='ocrx_word' id='word_1_902' title='bbox 2253 5486 2518 5549; x_wconf 90' lang='lat' dir='ltr'><strong>videndo,</strong></span> <span class='ocrx_word' id='word_1_903' title='bbox 2549 5484 2735 5541; x_wconf 87' lang='lat' dir='ltr'><strong>ethoc</strong></span> <span class='ocrx_word' id='word_1_904' title='bbox 2763 5499 2870 5538; x_wconf 90' lang='lat' dir='ltr'><strong>non</strong></span> <span class='ocrx_word' id='word_1_905' title='bbox 2911 5483 3179 5540; x_wconf 90' lang='lat' dir='ltr'><strong>audiendo</strong></span> <span class='ocrx_word' id='word_1_906' title='bbox 3228 5486 3509 5555; x_wconf 83' lang='lat' dir='ltr'><strong>cognosci-</strong></span> 
     </span>
    </p>
   </div>
   <div class='ocr_carea' id='block_1_117' title="bbox 1914 5577 3508 5651">
    <p class='ocr_par' dir='ltr' id='par_1_117' title="bbox 1914 5577 3508 5651">
     <span class='ocr_line' id='line_1_117' title="bbox 1914 5577 3508 5651; baseline -0.004 -13"><span class='ocrx_word' id='word_1_907' title='bbox 1914 5597 2035 5637; x_wconf 90' lang='lat' dir='ltr'><strong>mus</strong></span> <span class='ocrx_word' id='word_1_908' title='bbox 2061 5599 2075 5635; x_wconf 90' lang='lat'><strong>:</strong></span> <span class='ocrx_word' id='word_1_909' title='bbox 2098 5596 2394 5651; x_wconf 90' lang='lat' dir='ltr'><strong>rursusque</strong></span> <span class='ocrx_word' id='word_1_910' title='bbox 2424 5577 2797 5648; x_wconf 88' lang='lat' dir='ltr'><strong>intelligibilia,</strong></span> <span class='ocrx_word' id='word_1_911' title='bbox 2820 5592 2927 5632; x_wconf 92' lang='lat' dir='ltr'><strong>non</strong></span> <span class='ocrx_word' id='word_1_912' title='bbox 2954 5592 3015 5633; x_wconf 89' lang='lat' dir='ltr'><strong>ea</strong></span> <span class='ocrx_word' id='word_1_913' title='bbox 3048 5586 3252 5634; x_wconf 92' lang='lat' dir='ltr'><strong>tantum</strong></span> <span class='ocrx_word' id='word_1_914' title='bbox 3293 5593 3418 5649; x_wconf 58' lang='lat' dir='ltr'><strong>quae</strong></span> <span class='ocrx_word' id='word_1_915' title='bbox 3440 5578 3508 5632; x_wconf 88' lang='lat' dir='ltr'><strong>il-</strong></span> 
     </span>
    </p>
   </div>
   <div class='ocr_carea' id='block_1_118' title="bbox 1916 5656 3506 5741">
    <p class='ocr_par' dir='ltr' id='par_1_118' title="bbox 1916 5656 3506 5741">
     <span class='ocr_line' id='line_1_118' title="bbox 1916 5656 3506 5741; baseline -0.004 -11"><span class='ocrx_word' id='word_1_916' title='bbox 1916 5675 2137 5731; x_wconf 87' lang='lat' dir='ltr'><strong>lustrata</strong></span> <span class='ocrx_word' id='word_1_917' title='bbox 2168 5683 2346 5730; x_wconf 90' lang='lat' dir='ltr'><strong>mente</strong></span> <span class='ocrx_word' id='word_1_918' title='bbox 2370 5670 2749 5741; x_wconf 86' lang='lat' dir='ltr'><strong>conspicimus,</strong></span> <span class='ocrx_word' id='word_1_919' title='bbox 2780 5669 2937 5726; x_wconf 91' lang='lat' dir='ltr'><strong>sicuti</strong></span> <span class='ocrx_word' id='word_1_920' title='bbox 2958 5656 3043 5727; x_wconf 80' lang='lat' dir='ltr'><strong>est</strong></span> <span class='ocrx_word' id='word_1_921' title='bbox 3070 5671 3184 5741; x_wconf 80' lang='lat' dir='ltr'><strong>ipsa</strong></span> <span class='ocrx_word' id='word_1_922' title='bbox 3204 5670 3506 5741; x_wconf 85' lang='lat' dir='ltr'><strong>sapientia;</strong></span> 
     </span>
    </p>
   </div>
   <div class='ocr_carea' id='block_1_119' title="bbox 1982 5802 3505 5873">
    <p class='ocr_par' dir='ltr' id='par_1_119' title="bbox 1982 5802 3505 5873">
     <span class='ocr_line' id='line_1_119' title="bbox 1982 5802 3505 5873; baseline -0.004 -14"><span class='ocrx_word' id='word_1_923' title='bbox 1982 5814 2000 5845; x_wconf 83' lang='grc' dir='ltr'><strong>ι</strong></span> <span class='ocrx_word' id='word_1_924' title='bbox 2034 5812 2165 5873; x_wconf 84' lang='lat' dir='ltr'><strong>Apud</strong></span> <span class='ocrx_word' id='word_1_925' title='bbox 2190 5818 2298 5859; x_wconf 73' lang='grc' dir='ltr'><strong>ων.</strong></span> <span class='ocrx_word' id='word_1_926' title='bbox 2323 5806 2571 5872; x_wconf 86' lang='lat' dir='ltr'><strong>particula,</strong></span> <span class='ocrx_word' id='word_1_927' title='bbox 2598 5805 2681 5864; x_wconf 84' lang='lat' dir='ltr'><strong>de,</strong></span> <span class='ocrx_word' id='word_1_928' title='bbox 2716 5808 3065 5871; x_wconf 63' lang='lat' dir='ltr'><strong>pratermisa,</strong></span> <span class='ocrx_word' id='word_1_929' title='bbox 3095 5816 3195 5856; x_wconf 88' lang='lat' dir='ltr'><strong>non</strong></span> <span class='ocrx_word' id='word_1_930' title='bbox 3222 5804 3357 5855; x_wconf 86' lang='lat' dir='ltr'><strong>bene</strong></span> <span class='ocrx_word' id='word_1_931' title='bbox 3391 5802 3505 5854; x_wconf 79' lang='lat' dir='ltr'><strong>red-</strong></span> 
     </span>
    </p>
   </div>
   <div class='ocr_carea' id='block_1_120' title="bbox 1920 5873 2580 5936">
    <p class='ocr_par' dir='ltr' id='par_1_120' title="bbox 1920 5873 2580 5936">
     <span class='ocr_line' id='line_1_120' title="bbox 1920 5873 2580 5936; baseline -0.003 -13"><span class='ocrx_word' id='word_1_932' title='bbox 1920 5873 2089 5934; x_wconf 86' lang='lat' dir='ltr'><strong>ditum,</strong></span> <span class='ocrx_word' id='word_1_933' title='bbox 2114 5873 2281 5936; x_wconf 79' lang='lat' dir='ltr'><strong>quibus</strong></span> <span class='ocrx_word' id='word_1_934' title='bbox 2308 5877 2580 5923; x_wconf 77' lang='lat' dir='ltr'><strong>wstuarcm.</strong></span> 
     </span>
    </p>
   </div>
  </div>
