4082 6466
552 404 664 464 105

552 519 732 577 sibilia
759 516 827 573 ab
856 514 1297 588 intelligibilibus,
1319 515 1548 573 carnalia
1569 513 1773 571 scilicet
1794 511 1862 567 ab
1882 511 2135 583 spiritua-

554 611 700 667 iibus
726 608 1020 680 dijudicare
1062 617 1221 681 atque
1269 609 1616 671 discernere;
1648 620 1754 661 non
1779 615 1895 661 erat
1923 605 2095 660 aetatis
2123 645 2140 675 ,

555 720 669 761 non
697 703 1011 774 disciplinae,
1045 719 1152 760 non
1181 702 1459 774 cujusdam
1504 701 1665 757 etiam
1694 701 2093 757 consuetudinis
2123 741 2141 770 ,

550 814 664 855 non
721 798 952 854 ullorum
998 797 1224 868 denique
1267 796 1614 861 meritorum;
1654 810 1760 851 non
1806 795 1949 851 enim
1996 794 2145 866 parvi

548 890 732 963 gaudii
783 898 838 947 et
875 889 1142 946 felicitatis
1182 903 1271 944 res
1318 896 1402 944 est
1451 906 1464 943 :
1502 888 1645 944 itane
1675 889 1888 945 tandem
1919 902 1987 944 ne
2016 886 2145 943 illud

481 1034 487 1043 .
548 985 769 1056 quidem
795 987 1031 1055 arripere
1059 990 1321 1054 poteram,
1348 982 1490 1053 quod
1518 982 1571 1037 in
1597 982 1836 1038 omnium
1864 980 2143 1037 hominum

545 1076 751 1147 judicio
781 1076 974 1132 summi
1004 1075 1099 1130 Dei
1126 1074 1333 1146 legibus
1360 1082 1547 1130 natura
1578 1075 1691 1145 ipsa
1710 1073 2036 1129 constituit?

486 1158 497 1181 ³
624 1168 853 1225 CAPUT
890 1166 961 1223 Χ.
989 1195 1060 1208 -—
1086 1166 1359 1221 Peccatum
1386 1168 1589 1222 nonnisi
1623 1183 1657 1220 a
1697 1165 1976 1220 voluntate.
2028 1164 2144 1220 Vita

548 1271 600 1316 et
646 1262 877 1316 voluntas
921 1276 1017 1315 sua
1061 1260 1237 1331 cuique
1278 1260 1561 1314 notissima.
1606 1257 1851 1313 Voluntas
1888 1258 2010 1329 quid
2054 1257 2139 1312 sit.

544 1352 735 1420 Quivis
765 1352 909 1408 enim
957 1351 1230 1419 homines,
1260 1366 1395 1422 quos
1420 1349 1582 1406 modo
1608 1364 1639 1405 a
1668 1348 1939 1406 communi
1978 1361 2141 1405 sensu

546 1442 762 1512 generis
787 1441 1006 1497 humani
1026 1442 1167 1497 nulla
1183 1441 1502 1512 disrupisset
1525 1440 1780 1505 amentia,
1798 1454 1918 1511 qua:
1940 1440 2143 1497 vellent

547 1532 617 1587 ad
642 1532 987 1603 judicandum
1019 1532 1195 1589 studia
1222 1531 1561 1600 detulissent,
1592 1531 1889 1603 quamlibet
1917 1532 2140 1603 imperi-

549 1626 700 1694 tiam,
732 1636 1215 1697 quantamcumque
1241 1626 1402 1681 etiam
1430 1624 1763 1692 tarditatem;
1794 1625 1954 1681 velim
1981 1640 2141 1697 expe-

547 1716 643 1770 riri
662 1716 788 1786 quid
808 1717 936 1771 mihi
952 1716 1582 1789 responderentroganti,
1600 1726 1777 1771 utrum
1796 1717 1874 1771 eis
1888 1730 2141 1787 peccasse

544 1807 845 1874 videretur,
877 1808 945 1863 de
973 1807 1126 1878 cujus
1152 1806 1467 1864 dormientis
1494 1822 1653 1863 manu
1682 1807 1983 1878 scripsisset
2005 1808 2140 1865 alius

546 1899 750 1970 aliquid
777 1898 1119 1970 flagitiosum.
1150 1897 1349 1955 Omnes
1379 1899 1500 1970 quis
1525 1899 1732 1955 dubitet
1758 1899 1828 1954 ita
1862 1899 2024 1956 fuisse
2048 1915 2140 1956 ne-

546 1998 763 2061 gaturos
804 1990 937 2045 illud
988 2004 1109 2046 esse
1155 1998 1471 2061 peccatum,
1524 1991 1596 2046 ita
1646 1990 2050 2059 reclamaturos,
2081 2000 2142 2047 ut

548 2082 714 2138 etiam
763 2089 1139 2137 succenserent
1183 2081 1410 2136 fortasse
1448 2080 1589 2152 quod
1628 2081 1716 2136 tali
1744 2095 1836 2137 eos
1863 2083 2139 2154 rogatione

540 2163 739 2242 dignos
764 2172 1059 2243 putaverim
1085 2172 1109 2227 ’ἱ
1149 2172 1194 2226 Α
1224 2172 1418 2243 quibus
1444 2186 1544 2241 ego
1567 2212 1582 2239 ,
1614 2187 1827 2244 quoquo
1852 2173 2014 2229 modo
2042 2187 2139 2245 po-

542 2272 744 2331 teram,
792 2262 1149 2320 reconciliatis
1198 2270 1255 2319 et
1299 2264 1355 2318 in
1397 2263 1684 2319 consilium
1735 2265 1995 2321 restitutis
2047 2280 2139 2337 pe-

542 2364 739 2423 terem,
773 2364 833 2412 ut
860 2371 946 2413 me
974 2356 1118 2412 aliud
1166 2363 1275 2411 tam
1321 2355 1683 2425 manifestum,
1726 2366 1781 2413 et
1820 2358 1871 2412 in
1898 2358 2137 2415 omnium

542 2449 851 2520 cognitione
881 2448 1113 2519 positum
1136 2490 1154 2518 ,
1194 2448 1615 2519 interrogantem
1642 2462 1748 2504 non
1774 2449 1998 2506 moleste
2026 2450 2136 2507 fer-

542 2552 667 2599 rent
690 2561 703 2597 :
726 2550 854 2598 tunc
877 2557 1197 2613 quzererem,
1217 2542 1263 2597 si
1289 2555 1395 2597 non
1426 2541 1762 2610 dormientis,
1795 2542 1889 2598 sed
1915 2543 2137 2599 scientis

541 2647 725 2700 manu,
754 2631 845 2703 qui
870 2632 1124 2688 membris
1151 2640 1329 2687 tamen
1360 2633 1569 2687 caeteris
1594 2631 1800 2687 vinctus
1828 2640 1987 2703 atque
2010 2646 2137 2688 con-

544 2726 762 2781 strictus
802 2735 985 2794 esset,
1037 2724 1319 2796 quisquam
1358 2723 1624 2779 valentior
1665 2722 1865 2793 aliquid
1893 2723 2139 2780 similiter

542 2819 760 2878 fecisset
787 2820 936 2887 mali,
959 2826 1138 2875 utrum
1166 2818 1290 2889 quia
1315 2816 1369 2872 id
1396 2826 1614 2885 nosset,
1643 2816 1887 2888 quamvis
1916 2818 2137 2873 omnino

544 2902 823 2980 noluisset,
857 2912 969 2968 ullo
993 2911 1196 2983 peccati
1226 2911 1444 2966 nomine
1476 2918 1765 2965 teneretur.
1807 2910 1875 2965 Et
1900 2910 1987 2965 hic
2007 2910 2137 2966 mihi

540 3021 736 3063 omnes
764 3005 1024 3063 mirantes
1065 3003 1206 3076 quod
1244 3004 1367 3059 talia
1405 3002 1736 3069 sciscitarer,
1765 3004 1883 3059 sine
1917 3014 2137 3060 cuncta-

538 3099 692 3156 tione
736 3097 1143 3169 responderent,
1192 3096 1325 3151 nihil
1375 3096 1537 3151 etiam
1579 3096 1740 3151 istum
1766 3098 1987 3152 omnino
2014 3112 2137 3168 pec-

542 3204 717 3247 casse.
748 3189 886 3257 Quid
907 3188 1013 3244 ita?
1035 3187 1168 3256 Quia
1195 3186 1262 3242 de
1287 3203 1396 3258 quo
1420 3188 1715 3253 nesciente,
1746 3188 1833 3242 vel
1881 3189 2139 3245 resistere

542 3297 657 3338 non
683 3281 896 3337 valente
923 3281 1202 3351 quisquam
1237 3278 1508 3349 quidpiam
1551 3278 1675 3332 mali
1723 3277 1945 3347 fecerit,
1994 3281 2139 3351 juste

546 3373 795 3430 damnari
822 3372 969 3428 nullo
1000 3370 1161 3427 modo
1203 3378 1400 3440 potest.
1457 3370 1633 3440 Atque
1661 3369 1890 3441 idipsum
1941 3385 2037 3427 cur
2067 3372 2138 3428 ita

539 3476 711 3537 esset,
755 3468 801 3523 si
830 3467 883 3521 in
913 3465 1019 3521 illis
1049 3462 1353 3520 hominibus
1380 3464 1396 3496 ί
1434 3470 1677 3518 naturam
1708 3463 1875 3534 ipsam
1908 3478 2136 3534 percon-

542 3569 692 3617 tarer
712 3558 997 3615 humanam
1024 3597 1040 3624 ,
1071 3555 1228 3611 facile
1259 3554 1596 3626 pervenirem
1633 3554 1701 3610 ad
1730 3554 1782 3610 id
1808 3555 1949 3626 quod
1970 3571 2136 3627 cupe-

541 3666 698 3719 rem,
751 3652 855 3706 isto
891 3648 1054 3705 modo
1081 3662 1329 3719 quaerens
1367 3664 1381 3701 :
1414 3646 1550 3716 Quid
1575 3688 1591 3715 ,
1649 3647 1695 3703 si
1738 3648 2009 3704 dormiens
2049 3649 2138 3706 ille

542 3746 653 3815 iam
688 3743 852 3800 sciret
878 3741 1007 3814 quid
1049 3741 1187 3796 alius
1211 3740 1279 3796 de
1302 3755 1463 3796 manu
1492 3740 1609 3810 ejus
1635 3740 1868 3797 facturus
1897 3750 2060 3809 esset,
2085 3750 2140 3798 et

545 3837 617 3892 de
646 3835 924 3899 industria,
956 3833 1077 3904 plus
1106 3840 1266 3904 potus
1295 3833 1454 3888 etiam
1482 3847 1551 3887 ne
1579 3833 2039 3903 expergisceretur
2063 3836 2083 3866 ¹
2117 3875 2134 3903 ,

545 3942 607 3984 se
631 3942 820 3983 somno
840 3925 1081 3994 dederet,
1109 3933 1167 3979 ut
1182 3924 1411 3995 aliquem
1438 3923 1668 3995 jurando
1694 3923 1715 3955 ⁸
1741 3924 1979 3991 falleret;
2011 3940 2136 3980 num

546 4021 597 4077 ci
629 4019 916 4091 quidquam
957 4030 1178 4074 somnus
1222 4016 1289 4071 ad
1331 4016 1688 4072 innocentiam
1716 4016 2138 4088 suffragaretur?

546 4111 684 4181 Quid
712 4110 857 4166 aliud
886 4124 1045 4181 quam
1078 4116 1359 4164 nocentem
1388 4107 1657 4163 hominem
1689 4108 2137 4177 pronuntiaret‘?

545 4202 701 4271 Quod
730 4203 774 4256 si
802 4211 855 4257 et
881 4201 972 4257 ille
993 4200 1177 4256 volens
1219 4199 1424 4254 vinctus
1454 4207 1558 4264 est,
1592 4206 1650 4253 ut
1678 4197 1909 4269 aliquem
1949 4198 2139 4254 simili-

543 4304 632 4350 ter
653 4300 909 4365 praatenta
938 4291 1250 4348 defensione
1276 4289 1568 4360 deciperet,
1596 4287 1724 4358 quid
1746 4288 1796 4343 ei
1824 4287 2059 4357 tandem,
2078 4299 2138 4345 ut

544 4394 769 4458 peccato
780 4391 978 4450 careat,
1002 4383 1091 4437 illa
1113 4381 1319 4437 vincula
1341 4378 1700 4450 profuerunt?
1719 4377 2033 4449 Quanquam
2052 4379 2137 4436 his

546 4480 868 4547 obstrictus,
912 4492 1101 4533 revera
1142 4476 1396 4532 resistere
1442 4490 1549 4529 non
1599 4474 1830 4538 valeret;
1864 4474 2001 4529 sicut
2047 4472 2138 4528 ille

545 4574 839 4643 dormiens,
871 4571 998 4643 quid
1024 4580 1149 4626 tunc
1175 4561 1365 4636 fieret,
1415 4567 1637 4623 omnino
1674 4566 1931 4622 nesciret.
1975 4565 2139 4621 Num-

542 4667 799 4739 quidnam
835 4664 996 4736 igitur
1018 4661 1367 4718 dubitandum
1412 4669 1496 4717 est
1531 4660 1659 4730 quin
1693 4673 1948 4730 peccasse
1978 4657 2137 4713 ambo

541 4755 940 4829 iudicarentur?
964 4754 1165 4823 Quibus
1189 4751 1460 4807 concessis
1487 4749 1796 4821 colligerem
1821 4790 1838 4817 ,
1870 4762 2137 4819 nusquam

545 4854 754 4911 scilicet
787 4852 889 4907 nisi
925 4852 978 4905 in
1016 4849 1289 4904 voluntate
1322 4861 1441 4902 esse
1486 4852 1767 4916 peceatum
1806 4841 1885 4914 (a)
1941 4860 1955 4897 :
2015 4854 2138 4897 cum

548 4946 680 5003 mihi
711 4945 1053 5001 auxiliaretur
1083 4940 1245 4997 etiam
1274 4938 1427 5004 illud,
1453 4936 1598 5009 quod
1619 4934 1823 5007 justitia
1852 4943 2140 5006 peccantes

545 5047 694 5095 tenet
742 5038 856 5093 sola
901 5035 1039 5091 mala
1077 5032 1368 5097 voluntate,
1402 5028 1647 5102 quamvis
1688 5025 1831 5099 quod
1873 5024 2141 5082 voluerint

553 5117 1162 5203 implere'nequiverint.

632 5227 719 5280 15.
742 5217 1209 5293 Quisquamne'me
1232 5217 1337 5273 ista
1354 5221 1697 5279 tractantem,
1722 5218 1910 5283 posset
1930 5211 2130 5275 dicere,

564 5341 675 5413 dem
695 5350 753 5388 ne
772 5336 892 5389 illud
918 5333 1133 5402 quidem.
1158 5330 1466 5394 Casttgmtur
1502 5327 1944 5389 manuscriptorum
1966 5330 2142 5376 aucto-

567 5409 756 5529 "ﬁt;
780 5459 978 5529 Mss._At
1001 5459 1140 5529 editi,
1165 5453 1399 5529 omnibus.
1434 5527 1444 5529 _

634 5527 655 5557 ²
675 5495 1079 5583 Fih‘éﬁé‘ifé’
1086 5495 1380 5584 51.56333}:
1384 5495 1447 5567 ne
1463 5510 1877 5578 expergisceretur
1892 5520 1914 5573 ;
1937 5511 2135 5569 omisso,

569 5593 913 5717 1,0???me
930 5643 1321 5717 illr‘il'd9’f3‘t’es‘
1334 5637 1684 5717 9!“,‘9',’?.‘i‘f'.‘.9.
1696 5648 1790 5717 “‘3”:
1808 5695 1904 5717 ι.--
1950 5673 2051 5717 “.5

628 5711 652 5743 ι
676 5695 974 5770 Εάίιι,⁷οιὶία
998 5705 1132 5756 aliud
1146 5695 1306 5770 illi...
1328 5699 1791 5770 ρνοηιιηιξαγεριιλᾼι
1808 5695 2126 5770 ιιᾳςκρωίξεᾳ

572 5754 825 5833 voca—itii;
850 5754 1059 5832 habent,
1084 5754 1411 5831 pronuntiaret
1441 5775 1460 5815 :
1484 5758 1828 5821 subintellige,
1852 5761 2027 5809 natura
2043 5754 2157 5835 hu-a

571 5847 731 5887 manu.

638 5898 708 5958 (a)
729 5896 749 5945 Ι
774 5894 1015 5955 RetracL,
1034 5903 1140 5956 cap.
1163 5890 1240 5954 15,
1264 5902 1311 5939 n.
1335 5888 1383 5937 2.

1127 401 1219 459 DE
1258 397 1527 459 DUABUS
1566 396 1913 455 ANIMABUS
1949 392 2225 457 CONTRA
2262 397 2703 470 MANICHEOS,
2744 401 2804 458 S.
2843 401 3209 462 AUGUSTINI

3733 400 3841 468 104

2254 516 2310 571 in
2334 516 2494 573 rebus
2522 516 2764 573 obscuris
2792 518 3092 591 abditisque
3118 519 3364 589 versari,
3395 521 3487 579 ubi
3515 530 3736 595 propter
3763 529 3847 584 in-

2252 608 2605 679 telligentiam
2647 610 2965 681 paucitatem
3002 614 3085 669 vel
3115 614 3316 671 fraudis
3344 616 3430 672 vel
3468 621 3846 678 ostentationis

2252 700 2488 772 suspicio
2529 703 2676 776 nasci
2720 703 2904 758 solet?
2941 703 3168 761 Secedat
3196 706 3465 777 paulisper
3505 709 3594 765 illa
3635 711 3840 768 intelli-

2252 793 2492 864 gibilium
2541 796 2984 868 sensibiliumque
3029 798 3299 856 distinctio
3333 802 3522 857 :nulla
3572 804 3702 860 mihi
3752 807 3846 863 fiat

2252 885 2483 955 invidia,
2508 888 2652 958 quod
2677 889 2856 945 tardas
2883 890 3089 946 animas
3118 891 3393 948 subtilium
3422 894 3842 964 disputationum

2251 979 2484 1034 stimulis
2520 994 2834 1051 persequor.
2875 980 3057 1038 Liceat
3085 982 3216 1038 mihi
3245 999 3335 1040 me
3362 985 3501 1041 seire
3526 987 3711 1043 vivere
3730 1030 3744 1055 ,
3779 989 3844 1042 li-

2250 1076 2370 1124 eeat
2409 1068 2539 1124 mihi
2566 1071 2704 1126 scire
2731 1085 2820 1127 me
2843 1072 2980 1128 velle
3005 1072 3186 1130 vivere
3226 1090 3240 1128 :
3271 1075 3325 1130 in
3360 1092 3479 1146 qum
3506 1079 3551 1133 si
3576 1081 3843 1135 consentit

2249 1174 2419 1231 genus
2445 1160 2734 1217 humanum
2753 1203 2771 1231 ,
2798 1169 2908 1218 tam
2938 1164 3094 1221 nobis
3122 1167 3331 1238 cognita
3358 1178 3441 1223 est
3468 1170 3712 1226 voluntas
3740 1186 3841 1226 no-

2249 1260 2381 1320 stra,
2412 1268 2572 1325 quam
2600 1256 2729 1311 vita.
2761 1255 2946 1327 Neque
2971 1273 3094 1314 cum
3136 1260 3292 1315 istam
3341 1262 3617 1318 scientiam
3669 1266 3839 1335 proﬂ-

2248 1352 2452 1411 temur,
2483 1346 2826 1402 metuendum
2854 1356 2938 1404 est
2965 1365 3034 1406 ne
3070 1366 3170 1407 nos
3205 1346 3485 1424 quis'quam
3526 1354 3643 1409 falli
3679 1371 3839 1427 posse

2248 1435 2530 1492 convincat
2562 1454 2574 1491 :
2609 1436 2711 1492 hoc
2739 1439 2913 1508 ipsum
2944 1441 3089 1496 enim
3124 1442 3235 1497 falli
3266 1459 3425 1499 nemo
3446 1453 3641 1514 potest,
3672 1446 3717 1499 si
3746 1454 3839 1502 aut

2218 1538 2223 1543 '
2246 1542 2355 1584 non
2384 1528 2546 1597 vivat,
2575 1537 2667 1585 aut
2693 1530 2827 1587 nihil
2851 1532 2999 1589 velit.
3029 1532 3147 1591 Non
3172 1550 3261 1591 me
3288 1536 3521 1592 arbitror
3548 1537 3837 1610 quidquam

2245 1619 2530 1676 obscurum
2550 1623 2814 1692 attulisse,
2843 1633 2898 1680 et
2921 1640 3111 1681 vereor
3131 1641 3197 1681 ne
3212 1628 3460 1699 cuiquam
3486 1632 3673 1700 magis,
3693 1631 3837 1701 quod

2247 1710 2363 1768 haec
2404 1712 2625 1768 nimium
2663 1714 2945 1772 manifesta
2987 1717 3113 1785 sint,
3146 1718 3329 1774 videar
3356 1734 3474 1775 esse
3501 1721 3834 1791 culpandus:

2245 1803 2340 1860 sed
2365 1819 2620 1875 quorsum
2646 1805 2763 1862 haec
2791 1806 3033 1875 tendant,
3062 1808 3482 1866 consideremus.

2318 1896 2406 1951 14.
2438 1895 2553 1953 Non
2584 1896 2741 1968 igitur
2766 1897 2869 1952 nisi
2889 1898 3165 1955 voluntate
3184 1909 3453 1971 peccatur.
3471 1899 3636 1956 Nobis
3656 1910 3833 1961 autem

2246 1987 2495 2043 voluntas
2535 1998 2717 2044 nostra
2760 1989 3035 2045 notissima
3077 1999 3160 2045 est
3190 2008 3204 2045 :
3235 2006 3410 2062 neque
3448 1991 3590 2047 enim
3639 1994 3833 2051 scirem

2244 2094 2332 2135 me
2358 2079 2496 2135 velle
2519 2120 2536 2148 ,
2566 2079 2611 2137 si
2640 2080 2765 2151 quid
2792 2081 2864 2137 sit
2892 2081 3134 2136 voluntas
3166 2081 3278 2153 ipsa
3309 2083 3593 2138 nescirem.
3627 2083 3833 2139 Defini-

2220 2181 2331 2229 ‘tur
2379 2172 2558 2243 itaque
2597 2172 2702 2228 isto
2730 2172 2891 2229 modo
2925 2193 2938 2229 ε
2969 2174 3228 2230 Voluntas
3273 2185 3357 2230 est
3402 2175 3565 2230 animi
3614 2185 3832 2243 motus,

2244 2273 2470 2335 cogente
2509 2265 2688 2333 nullo,
2731 2266 2799 2321 ad
2839 2266 3037 2337 aliquid
3067 2268 3148 2323 vel
3181 2281 3288 2323 non
3318 2268 3667 2323 amittendum
3690 2312 3706 2338 ,
3747 2270 3834 2325 vel

2244 2357 2646 2427 adipiscendum
2716 2357 2811 2430 (a).
2849 2357 2958 2413 Cur
2998 2373 3127 2430 ergo
3168 2359 3237 2414 ita
3292 2368 3418 2415 tunc
3455 2359 3677 2417 definire
3723 2375 3835 2417 non

2245 2449 2493 2520 possem?
2514 2450 2596 2505 An
2626 2458 2741 2505 erat
2766 2448 2982 2505 difficile
3009 2450 3192 2507 videre
3232 2451 3457 2507 invitum
3485 2453 3683 2507 volenti
3712 2467 3834 2509 esse

2242 2544 2589 2607 contrarium,
2622 2543 2695 2598 ita
2732 2550 2790 2598 ut
2823 2544 3147 2599 contrarium
3189 2546 3463 2601 sinistrum
3493 2546 3685 2601 dextro
3712 2561 3834 2602 esse

2243 2635 2489 2705 dicimus,
2520 2650 2625 2691 non
2658 2645 2715 2691 ut
2746 2640 2955 2708 nigrum
2983 2637 3139 2693 albo?
3175 2637 3308 2693 Nam
3336 2639 3522 2695 eadem
3554 2655 3638 2695 res
3668 2640 3832 2695 simul

2244 2735 2300 2784 et
2326 2727 2475 2799 nigra
2509 2736 2563 2782 et
2590 2727 2711 2783 alba
2739 2743 2860 2785 esse
2892 2743 3001 2784 non
3039 2739 3213 2800 potest
3253 2748 3267 2783 :
3300 2730 3528 2787 duorum
3567 2741 3745 2789 autem
3778 2734 3835 2789 in

2242 2820 2421 2875 medio
2449 2820 2677 2892 quisque
2702 2822 2944 2891 positus,
2988 2822 3056 2877 ad
3100 2824 3324 2879 alterum
3368 2825 3583 2883 sinister
3611 2834 3724 2895 est,
3764 2826 3836 2881 ad

2242 2912 2473 2967 alterum
2500 2911 2719 2979 dexter;
2750 2913 2909 2969 simul
2935 2906 3148 2985 quidem
3172 2924 3459 2986 utrumque
3484 2932 3620 2972 unus
3641 2917 3829 2987 homo,

2242 3004 2339 3061 sed
2365 3005 2524 3060 simul
2551 3014 2835 3078 utrumque
2862 3006 2928 3061 ad
2960 3022 3122 3061 unum
3160 3006 3432 3062 hominem
3472 3008 3617 3063 nullo
3643 3008 3829 3066 modo.

2244 3096 2320 3152 Ita
2345 3097 2560 3167 quidem
2588 3098 2783 3153 invitus
2824 3106 2879 3153 et
2906 3099 3091 3153 volens
3118 3114 3256 3154 unus
3284 3100 3494 3155 animus
3523 3101 3683 3157 simul
3712 3116 3837 3159 esse

2242 3197 2448 3260 potest;
2478 3189 2573 3245 sed
2603 3204 2766 3245 unum
2791 3198 2951 3260 atque
2974 3189 3113 3246 idem
3141 3190 3283 3245 nolle
3311 3191 3468 3245 simul
3493 3201 3548 3247 et
3566 3193 3704 3249 velle
3723 3208 3835 3249 non

2244 3289 2440 3351 potest.
2473 3281 2604 3335 Cum
2636 3282 2777 3336 enim
2822 3281 3046 3351 quisque
3088 3281 3284 3335 invitus
3326 3282 3525 3353 aliquid
3578 3283 3734 3349 facit,
3783 3285 3834 3339 si

2243 3388 2365 3430 eum
2396 3389 2553 3446 roges
2580 3382 2755 3429 utrum
2786 3374 2840 3428 id
2869 3373 3047 3429 facere
3066 3375 3215 3442 velit,
3244 3375 3383 3431 nolle
3410 3390 3469 3431 se
3493 3375 3621 3432 dicit
3653 3394 3666 3430 :
3700 3377 3834 3433 item

2242 3469 2288 3523 si
2312 3482 2472 3539 roges
2500 3474 2678 3523 utrum
2710 3467 2761 3521 id
2793 3468 2919 3523 velit
2947 3483 3055 3523 non
3085 3466 3289 3531 facere,
3338 3468 3478 3523 velle
3515 3468 3827 3539 respondet.

2244 3557 2319 3613 lta
2358 3560 2581 3615 invitum
2622 3560 2689 3615 ad
2736 3559 3059 3627 faciendum,
3089 3559 3157 3614 ad
3186 3574 3294 3615 non
3324 3559 3621 3616 faciendum
3648 3569 3835 3617 autem

2242 3650 2509 3707 volentem
2552 3651 2791 3722 reperies
2818 3668 2832 3707 :
2862 3650 2914 3706 id
2941 3660 3025 3707 est
3059 3651 3203 3706 enim
3244 3666 3411 3706 unum
3457 3652 3691 3705 animum
3721 3648 3837 3707 uno

2243 3753 2487 3816 tempore
2516 3743 2801 3800 habentem
2828 3752 3135 3816 utrumque,
3178 3745 3271 3800 sed
3316 3744 3459 3799 aliud
3504 3753 3662 3815 atque
3687 3743 3837 3801 aliud

2242 3838 2309 3894 ad
2340 3839 2547 3911 singula
2587 3838 2935 3895 referentem.
2983 3838 3090 3895 Cur
3119 3839 3235 3894 lucc
3282 3839 3441 3896 dico?
3472 3840 3603 3906 Quia
3632 3840 3677 3895 si
3704 3855 3835 3895 rur-

2243 3948 2360 3989 sum
2407 3948 2710 4004 quacramus
2760 3949 2919 4006 quam
2961 3934 3029 3990 ob
3072 3947 3287 3988 causam
3319 3933 3372 3988 id
3401 3934 3597 3989 invitus
3623 3932 3832 4000 faciat,

2243 4025 2361 4097 cogi
2390 4040 2449 4081 se
2473 4026 2634 4082 dicet.
2679 4026 2813 4080 Nam
2842 4034 2895 4082 et
2923 4025 3099 4080 omnis
3127 4025 3324 4080 invitus
3351 4023 3550 4079 faciens
3580 4024 3787 4095 cogitur
3812 4039 3834 4090 ;

2243 4127 2297 4175 et
2326 4119 2501 4174 omnis
2529 4119 2620 4189 qui
2657 4118 2892 4189 cogitur,
2922 4117 2969 4172 si
3011 4116 3177 4184 facit,
3221 4116 3432 4170 nonnisi
3464 4116 3659 4171 invitus
3685 4114 3834 4171 facit.

2242 4211 2428 4266 Restat
2455 4218 2514 4265 ut
2537 4210 2724 4265 volens
2753 4224 2783 4263 a
2813 4216 3039 4279 cogente
3063 4208 3133 4261 sit
3161 4206 3327 4275 liber,
3366 4206 3580 4261 etiamsi
3605 4221 3663 4261 se
3684 4206 3840 4276 quis-

2242 4318 2401 4375 quam
2432 4303 2552 4374 cogi
2594 4310 2761 4372 putet.
2809 4301 2878 4355 Et
2906 4300 3009 4355 hoc
3048 4299 3190 4355 enim
3229 4298 3389 4353 modo
3419 4298 3594 4355 omnis
3621 4298 3712 4369 qui
3734 4314 3837 4355 vo-

2241 4402 2359 4457 lens
2389 4398 2546 4464 facit,
2575 4412 2682 4452 non
2712 4396 2951 4466 cogitur;
2994 4402 3049 4450 et
3094 4393 3270 4449 omnis
3314 4392 3404 4464 qui
3452 4406 3558 4448 non
3586 4393 3833 4463 cogitur,

2240 4502 2334 4551 aut
2357 4493 2543 4549 volens
2568 4491 2727 4558 facit,
2754 4496 2847 4544 aut
2872 4502 2979 4544 non
3009 4487 3157 4543 facit.
3190 4486 3315 4542 Hcce
3343 4500 3467 4541 cum
3496 4484 3550 4539 in
3576 4484 3832 4541 omnibus

2241 4585 2568 4654 hominibus,
2590 4596 2725 4655 quos
2748 4582 3081 4651 interrogare
3109 4593 3216 4634 non
3242 4577 3475 4635 absurde
3503 4591 3787 4649 possumus
3807 4620 3827 4645 ,

2242 4694 2274 4735 a
2301 4693 2469 4751 puero
2494 4691 2664 4748 usque
2692 4674 2759 4730 ad
2789 4688 2996 4739 senem,
3044 4686 3075 4727 a
3117 4670 3244 4727 ludo
3270 4669 3536 4727 litterario
3564 4684 3731 4741 usque
3760 4669 3834 4725 ad

2241 4771 2439 4829 solium
2495 4766 2750 4840 sapientis
2774 4808 2789 4835 ,
2836 4776 3023 4822 natura
3071 4765 3187 4836 ipsa
3232 4766 3563 4836 proclamet;
3603 4778 3700 4819 cur
3727 4777 3833 4834 ego

2242 4874 2371 4921 tunc
2392 4878 2501 4919 non
2516 4861 2753 4917 viderem
2783 4860 2838 4914 in
2869 4858 3179 4915 definitione
3208 4857 3494 4913 voluntatis
3522 4855 3829 4929 ponendum

2241 4974 2399 5025 esse,
2441 4957 2679 5028 Cogente
2708 4954 2891 5021 nullo,
2934 4953 3077 5025 quod
3120 4967 3263 5009 nunc
3301 4952 3453 5024 quasi
3502 4950 3831 5022 experientia

2244 5052 2449 5123 majore
2492 5049 2831 5107 cautissimus
2870 5047 3067 5120 posui?
3106 5047 3178 5102 At
3219 5047 3264 5101 si
3307 5045 3411 5102 hoc
3437 5044 3632 5116 ubique
3660 5043 3835 5100 mani-

2242 5148 2438 5204 festum
2466 5153 2577 5210 est,
2623 5153 2679 5200 et
2725 5158 2831 5198 non
2881 5141 3161 5207 doctrina,
3214 5139 3309 5195 sed
3354 5145 3543 5194 natura
3580 5137 3835 5193 omnibus
3898 5202 3911 5209 ἒ

2244 5247 2579 5310 promptum;
2610 5236 2736 5305 quid
2764 5242 2931 5291 restat
2955 5232 3096 5305 quod
3125 5231 3368 5288 videatur
3387 5231 3696 5297 obscurum,
3725 5230 3830 5287 nisi

2256 5327 2398 5383 forte
2421 5324 2586 5379 ullum
2610 5324 2795 5391 lateat,
2827 5322 3028 5393 aliquid
3054 5335 3154 5377 nos
3200 5320 3337 5376 velle
3391 5334 3514 5375 cum
3555 5317 3825 5381 volumus,

2257 5426 2314 5481 et
2340 5419 2409 5478 ad
2429 5418 2533 5477 hoc
2557 5415 2757 5473 moveri
2785 5414 3021 5469 animum
3046 5419 3312 5477 nostrum,
3329 5410 3487 5481 idque
3514 5415 3607 5463 aut
3625 5408 3829 5461 habere

2259 5532 2359 5574 nos
2384 5523 2475 5571 aut
2496 5530 2605 5569 non
2637 5509 2855 5579 habere,
2886 5514 2941 5567 et
2964 5508 3009 5565 si
3038 5507 3359 5561 haberemus
3390 5502 3626 5558 retinere
3667 5500 3825 5565 velle,

2259 5608 2306 5665 si
2326 5622 2433 5663 non
2459 5608 2778 5662 haberemus
2806 5604 3083 5673 acquirere
3105 5596 3125 5632 ³
3150 5598 3173 5655 ‘2
3202 5596 3379 5668 Quare
3405 5601 3499 5654 aut
3524 5608 3629 5649 non
3664 5590 3824 5646 amit-

2324 5764 2343 5796 ι
2364 5759 2680 5811 Michaeliuus
2702 5758 2810 5816 Ἀθη
2830 5754 3061 5819 recipere.

2322 5826 2393 5887 (a)
2422 5822 2441 5871 Ι
2466 5823 2813 5881 Βρὶτειεὶ.,υειρ.
2848 5822 2922 5880 lii,
2951 5822 3058 5869 11.5.
