4082 6430
251 423 360 483 105

249 550 401 607 tere,
454 547 551 595 aut
597 539 818 612 adipisci
871 540 1072 612 aliquid
1124 539 1271 607 vult,
1316 543 1493 596 omnis
1539 540 1631 611 qui
1698 542 1835 597 vult.

247 634 619 703 Quamobrem
639 677 654 702 ,
682 636 727 690 si
755 635 933 691 omnia
972 635 1072 690 ista
1098 635 1218 691 luce
1241 633 1469 689 clariora
1495 641 1657 702 sunt,
1685 633 1844 689 sicuti

249 736 395 791 sunt,
429 742 608 797 neque
636 742 773 783 meae
793 735 1019 795 tantum,
1046 726 1141 783 sed
1164 726 1365 782 notitia:
1390 726 1601 797 generis
1625 724 1846 781 humani

248 821 494 877 veritatis
551 822 723 892 ipsius
769 822 1089 877 liberalitate
1137 821 1353 888 donata,
1407 835 1503 875 cur
1550 820 1640 874 illo
1682 820 1845 875 etiam

248 922 499 983 tempore
526 912 712 969 dicere
738 929 845 968 non
872 928 1081 983 possem
1110 911 1398 968 :Voluntas
1422 919 1505 967 est
1526 919 1701 965 motus
1726 910 1845 964 ani-

248 1009 344 1076 mi,
376 1017 609 1079 cogente
650 1008 820 1076 nullo,
862 1007 929 1063 ad
969 1006 1170 1079 aliquid
1195 1007 1280 1063 vel
1317 1021 1423 1063 non
1455 1003 1803 1060 amittendum
1827 1041 1845 1071 ,

251 1099 337 1153 vel
368 1097 773 1168 adipiscendum
798 1098 821 1152 ?

322 1189 556 1245 CAPUT
583 1189 677 1245 XI.
708 1219 781 1231 ——
807 1189 895 1245 15.
926 1188 1201 1244 Peccatum
1236 1188 1379 1259 quid.
1430 1187 1583 1244 Dicet
1608 1184 1798 1257 aliquis
1832 1204 1847 1241 :

252 1283 317 1338 Et
345 1283 450 1339 hoc
478 1294 531 1338 te
551 1284 839 1339 adversum
874 1281 1200 1338 Manichmos
1228 1281 1355 1351 quid
1382 1280 1691 1351 adjuvaret?
1739 1277 1851 1333 Ex-

252 1386 471 1445 specta;
504 1377 623 1431 sine
650 1376 799 1446 prius
825 1376 986 1430 etiam
1016 1384 1296 1445 peccatum
1327 1373 1669 1438 definiamus,
1705 1370 1851 1443 quod

252 1469 367 1525 sine
396 1468 674 1523 voluntate
706 1482 825 1524 esse
868 1482 973 1522 non
1015 1481 1172 1537 posse
1210 1466 1386 1523 omnis
1427 1480 1579 1521 mens
1614 1463 1756 1533 apud
1791 1478 1854 1518 se

253 1561 513 1616 divinitus
540 1560 906 1630 conscriptum
950 1559 1094 1629 legit.
1141 1558 1282 1628 Ergo
1323 1566 1600 1626 peccatum
1630 1563 1714 1609 est
1752 1566 1850 1609 vo-

256 1652 432 1707 luntas
459 1651 734 1707 retinendi
760 1651 847 1706 vel
874 1649 1237 1721 consequendi
1263 1648 1407 1719 quod
1432 1647 1639 1717 justitia
1665 1654 1848 1713 vetat,

260 1756 317 1802 et
342 1747 481 1801 unde
506 1746 736 1801 liberum
764 1755 845 1801 est
870 1745 1140 1799 abstinere
1168 1743 1267 1814 (a).
1295 1743 1608 1812 Quanquam
1638 1740 1682 1795 si
1713 1739 1851 1795 libe-

263 1856 382 1895 rum
407 1855 512 1894 non
539 1840 649 1905 sit,
688 1854 797 1893 non
835 1846 917 1893 est
945 1837 1215 1893 voluntas.
1246 1834 1353 1889 Sed
1379 1833 1541 1889 malui
1567 1833 1806 1904 grossius
1833 1832 1850 1863 ¹

254 1949 411 2005 quam
439 1934 813 2004 scrupulosius
839 1932 1081 1987 delinire.
1118 1930 1366 1985 Etiamne
1382 1931 1403 1961 ³
1420 1928 1474 1982 hi
1499 1928 1619 1982 libri
1641 1926 1854 1982 obscuri

253 2026 383 2081 mihi
410 2026 692 2081 scrutandi
720 2034 893 2091 erant,
911 2023 1053 2079 unde
1068 2023 1331 2078 discerem
1362 2021 1630 2075 neminem
1651 2018 1857 2088 vitupe-

255 2120 463 2173 ratione
515 2118 844 2188 suppliciove
883 2116 1101 2187 dignum
1126 2157 1143 2183 ,
1186 2114 1278 2186 qui
1326 2121 1419 2169 aut
1466 2112 1518 2167 id
1558 2112 1685 2167 velit
1714 2110 1856 2181 quod

254 2210 460 2281 justitia
487 2210 631 2266 velle
661 2226 766 2265 non
797 2209 1085 2280 prohibet,
1135 2216 1227 2262 aut
1270 2206 1324 2262 id
1368 2221 1476 2260 non
1518 2203 1677 2258 faciat
1712 2202 1855 2273 quod

256 2302 437 2358 facere
463 2317 578 2357 non
608 2302 817 2372 potest?
843 2300 1031 2355 Nonne
1056 2299 1157 2353 ista
1187 2307 1404 2353 cantant
1433 2305 1489 2353 et
1512 2297 1565 2351 in
1588 2295 1857 2350 montibus

254 2408 527 2464 paswres,
575 2401 633 2448 et
660 2394 714 2448 in
744 2393 969 2448 theatris
995 2399 1189 2463 poetae,
1218 2400 1273 2446 et
1302 2389 1504 2445 indocti
1533 2388 1586 2443 in
1614 2388 1852 2454 circulis,

254 2498 306 2543 et
332 2488 485 2543 docti
516 2488 573 2542 in
602 2486 961 2553 bibliothecis,
989 2495 1044 2542 et
1070 2485 1312 2556 magistri
1340 2485 1393 2539 in
1424 2483 1645 2552 scholis,
1677 2493 1731 2539 et
1754 2498 1855 2538 an-

256 2580 453 2635 tistites
501 2581 555 2634 in
598 2580 821 2635 sacratis
851 2579 983 2637 locis
1002 2621 1017 2644 ,
1047 2588 1101 2635 et
1130 2579 1193 2633 in
1213 2579 1342 2635 orbe
1374 2589 1640 2633 terrarum
1688 2591 1857 2646 genus

258 2670 595 2725 humanum?
620 2669 773 2736 Quod
801 2671 846 2725 si
875 2684 1035 2725 nemo
1075 2669 1471 2739 vituperatione
1516 2668 1599 2722 vel
1627 2667 1855 2722 damna-

260 2762 401 2817 tione
424 2762 625 2832 dignus
648 2770 752 2828 est,
781 2770 873 2816 aut
902 2776 1009 2815 non
1035 2771 1219 2815 contra
1266 2760 1487 2815 vetitum
1510 2758 1730 2829 justitiaa
1775 2757 1856 2811 fa-

262 2855 429 2919 ciens,
464 2862 561 2907 aut
592 2853 736 2923 quod
765 2867 873 2907 non
904 2860 1083 2922 potest
1108 2866 1219 2905 non
1245 2851 1467 2917 faciens,
1496 2864 1656 2904 omne
1680 2858 1857 2903 autem

266 2955 547 3017 peccatum
592 2945 678 3000 vel
723 2944 1130 3013 vituperandum
1175 2951 1276 3009 est,
1325 2942 1410 2996 vel
1456 2939 1855 3005 damnandum;

264 3039 382 3108 quis
416 3038 635 3093 dubitet
666 3046 793 3092 tunc
820 3040 941 3091 eSse
976 3042 1287 3105 peccatum,
1316 3049 1439 3089 cum
1468 3042 1521 3089 ct
1545 3033 1682 3088 velle
1721 3032 1860 3102 inju-

264 3139 405 3185 stnm
436 3140 544 3196 est,
562 3138 619 3184 et
644 3129 874 3184 liberum
899 3127 1072 3193 nolle;
1098 3135 1152 3182 et
1182 3124 1302 3181 ideo
1321 3125 1687 3181 deﬁnitionem
1714 3124 1859 3180 illam

262 3230 315 3276 et
339 3237 524 3276 veram
554 3229 611 3276 et
634 3220 703 3275 ad
731 3219 1138 3289 intelligendum
1166 3233 1287 3274 esse
1321 3218 1649 3285 facillimam,
1671 3226 1726 3274 et
1749 3232 1859 3273 non

261 3316 426 3370 modo
474 3330 618 3370 nunc
642 3357 657 3380 ,
707 3313 804 3369 sed
854 3322 980 3368 tunc
1017 3328 1230 3384 quoque
1258 3328 1289 3366 a
1321 3327 1408 3366 me
1442 3311 1678 3382 potuisse
1705 3311 1811 3365 dici
1842 3327 1857 3364 :

264 3408 555 3464 Peccatum
578 3418 662 3462 est
685 3407 931 3463 voluntas
959 3406 1226 3462 retinendi
1249 3407 1333 3462 vel
1346 3405 1705 3477 consequendi
1718 3404 1860 3477 quod

265 3503 470 3573 iustitia
500 3512 671 3574 vetat,
703 3511 757 3557 et
782 3502 926 3557 unde
955 3501 1181 3556 liberum
1222 3508 1307 3555 est
1330 3498 1647 3555 abstinere?
1862 3568 1865 3573 Α

329 3594 566 3651 CAPUT
594 3593 712 3648 XII.
746 3622 817 3632 ——
843 3592 931 3648 16.
964 3594 1049 3647 Ea:
1075 3592 1207 3646 datis
1255 3591 1630 3662 deﬁnitionibus
1670 3590 1863 3660 peccati

266 3699 309 3744 et
335 3688 616 3743 voluntatis
641 3688 871 3742 haeresim
898 3686 1303 3740 Manichaeorum
1348 3695 1505 3740 totam
1546 3684 1738 3738 evertit.
1780 3684 1862 3739 Ea:

267 3784 527 3839 malarum
554 3784 675 3836 item
699 3782 985 3834 animarum
1002 3782 1145 3850 justa
1170 3780 1494 3833 damnatione
1520 3779 1740 3847 sequitur
1759 3793 1863 3831 non

262 3886 459 3931 natura
481 3918 496 3942 ,
530 3876 617 3929 sed
653 3875 911 3928 voluntate
940 3871 1103 3926 malas
1132 3888 1256 3927 esse.
1294 3872 1503 3925 Animas
1540 3886 1644 3924 esse
1678 3879 1863 3923 natura

261 3970 458 4032 bonas,
486 3967 665 4036 quibus
691 3967 840 4019 datur
867 3954 1013 4019 venia
1047 3973 1385 4035 peccatorum.
1428 3965 1539 4034 Age
1581 3977 1742 4026 nunc,
1772 3962 1859 4016 vi-

264 4059 509 4113 deamus
528 4057 653 4126 quid
672 4072 766 4111 nos
787 4056 903 4111 haec
922 4056 1256 4126 adiuvarent.
1273 4055 1565 4110 Plurimum
1585 4054 1805 4109 omnino
1818 4053 1859 4121 ⁸,

262 4161 332 4207 ut
366 4150 506 4205 nihil
536 4149 755 4220 amplius
781 4149 1143 4205 desiderarem
1180 4166 1194 4202 :
1228 4156 1393 4203 totam
1424 4148 1619 4218 quippe
1644 4161 1861 4201 causam

264 4242 515 4299 ﬁnirent.
550 4241 677 4296 Nam
708 4242 951 4312 quisquis
994 4248 1199 4296 secreta
1238 4239 1582 4295 conscientia:
1621 4254 1734 4293 sua:
1780 4238 1861 4293 le-

262 4351 472 4407 gesque
498 4333 709 4389 divinas
736 4334 950 4403 penitus
984 4341 1190 4390 natura:
1219 4332 1433 4396 inditas,
1464 4331 1603 4400 apud
1626 4329 1862 4383 animum

265 4429 434 4493 intus,
468 4427 561 4481 ubi
586 4426 950 4497 expressiores
970 4426 1338 4495 certioresque
1363 4432 1505 4491 sunt,
1533 4422 1819 4478 consulens
1843 4461 1859 4489 ,

267 4520 365 4574 has
404 4519 543 4574 duas
589 4519 930 4575 deﬁnitiones
962 4518 1251 4574 voluntatis
1281 4527 1439 4587 atque
1466 4516 1667 4585 peccati
1706 4530 1864 4571 veras

270 4627 388 4667 esse
414 4611 704 4679 concedit,
741 4619 907 4667 totam
933 4611 1342 4666 Manichzeorum
1374 4606 1617 4662 haeresim
1647 4606 1862 4676 paucis-

269 4705 422 4761 simis
448 4715 503 4761 et
529 4705 894 4771 brevissimis,
935 4702 1032 4760 sed
1062 4702 1218 4773 plane
1260 4698 1627 4755 invictissimis
1655 4699 1861 4753 ratiun-

265 4799 404 4854 culis
427 4799 547 4854 sine
577 4799 686 4853 ulla
714 4796 1056 4853 cunctatione
1080 4794 1424 4850 condemnat.
1449 4791 1603 4861 Quod
1628 4792 1706 4846 sic
1730 4807 1865 4846 con-

266 4890 495 4947 siderari
543 4900 740 4960 potest.
776 4891 891 4944 Duo
918 4888 1221 4943 animarum
1248 4901 1447 4957 genera
1489 4901 1610 4941 esse
1639 4885 1861 4953 dicunt,

263 5002 437 5042 unum
481 4987 705 5051 bonum,
732 4984 874 5056 quod
903 4984 975 5038 ita
1001 4998 1067 5038 ex
1097 4983 1207 5037 Deo
1236 4983 1325 5045 sit,
1358 4989 1417 5034 ut
1456 4994 1564 5034 non
1595 4994 1662 5034 ex
1689 4979 1865 5050 aliqua

263 5079 498 5134 materia
524 5078 613 5133 vel
637 5093 705 5132 ex
734 5076 904 5131 nihilo
930 5076 997 5130 ab
1027 5089 1093 5130 eo
1123 5074 1319 5128 factum
1337 5112 1352 5136 ,
1385 5071 1478 5126 sed
1514 5070 1582 5125 de
1612 5070 1724 5140 ipsa
1750 5070 1865 5139 ejus

172 5200 181 5209 ο
264 5172 494 5227 omnino
520 5169 818 5225 substantia
848 5182 971 5239 pars
999 5165 1240 5237 quaedam
1271 5163 1599 5235 processisse
1624 5162 1862 5231 dicatur;

263 5265 498 5320 alterum
525 5272 707 5318 autem
727 5263 947 5327 malum,
972 5258 1113 5329 quod
1134 5257 1278 5312 nulla
1310 5270 1528 5325 prorsus
1543 5269 1609 5308 ex
1625 5264 1773 5323 parte
1797 5253 1866 5309 ad

265 5357 442 5414 Deum
460 5356 732 5428 pertinere
745 5353 970 5410 credunt
989 5349 1421 5419 credendumque
1450 5346 1825 5402 commendant
1849 5364 1862 5401 :

265 5452 477 5507 etich
506 5450 639 5505 illud
667 5463 936 5506 summum
982 5448 1181 5502 bonum
1206 5486 1223 5513 ,
1274 5444 1375 5498 hoc
1418 5457 1550 5498 vero
1597 5455 1865 5496 summum

266 5545 476 5600 malum
509 5558 632 5599 esse
658 5542 953 5613 praedicant
982 5556 995 5594 :
1029 5548 1189 5610 atque
1218 5537 1320 5594 ista
1344 5534 1451 5592 duo
1476 5549 1671 5606 genera
1697 5532 1865 5589 fuisse

332 5682 350 5713 ι
386 5678 494 5729 Sola
528 5678 678 5728 editio
698 5684 834 5741 ιιογ.ἰ
864 5672 1091 5741 crassius.
1266 5740 1297 5741 η
1382 5730 1426 5741 ..
1454 5729 1484 5741 ..

328 5746 363 5807 ’Δ
384 5743 543 5807 mitia
563 5748 661 5801 Er.,
686 5729 890 5803 deﬁnire
910 5736 1057 5807 etiam
1097 5747 1219 5807 rem.
1256 5740 1353 5807 _Nec
1373 5730 1426 5781 Iti
1611 5734 1707 5781 etc.
1731 5733 1863 5791 Lov.,

261 5802 475 5868 deﬁnire
498 5816 607 5853 eam
626 5801 757 5853 rem.
774 5810 886 5859 Nec,
913 5807 1007 5849 etc.
1033 5801 1331 5859 Castigantur
1356 5808 1420 5845 ex
1440 5801 1544 5844 Mss.

334 5869 355 5900 ³
389 5873 460 5917 Ita
482 5874 589 5915 Mss.
618 5872 672 5914 At
696 5863 834 5923 editi,
862 5862 1073 5924 primum
1089 5858 1315 5909 nomium.

818 5898 834 5923 ’
864 5892 910 5923 μ,
924 5892 1073 5923 unus",
1089 5892 1315 5909 νην-ωηεν.

336 5926 415 5993 (a)
438 5935 458 5979 ι
477 5934 707 5986 Retract.,
730 5922 838 5988 cap.
864 5922 939 5983 is,
962 5937 1012 5971 n.
1036 5922 1069 5970 4

510 6010 739 6075 εληατ.
787 6009 1064 6071 Aususr.
1107 6003 1276 6067 Vlll.

1670 424 1875 483 LIBER
1908 402 2110 486 unus.

3436 426 3538 486 106

1956 541 2238 612 aliquando
2264 541 2493 598 discreta
2517 584 2533 609 ,
2568 558 2710 600 nunc
2734 558 2855 602 esse
2880 546 3187 602 commixta.
3211 545 3392 606 Genus
3418 546 3545 614 qui-

1955 632 2076 687 dem
2119 634 2513 690 commixtionis
2547 634 2705 707 hujus
2743 646 2799 695 et
2837 652 3053 695 causam
3084 639 3320 698 nondum
3349 635 3545 697 audie—

1954 738 2069 778 ram
2104 741 2117 778 :
2148 724 2243 779 sed
2272 734 2447 782 tamen
2469 727 2579 797 jam
2604 744 2847 799 quaerere
2873 740 3115 803 poteram
3136 732 3177 799 ¹,
3206 743 3384 789 utrum
3404 728 3543 791 illud

1955 815 2150 871 malum
2174 830 2342 885 genus
2367 818 2683 887 animarum,
2713 830 3001 895 antequam
3024 824 3164 880 bono
3183 825 3501 883 misceretur
3526 861 3542 886 ο

1953 905 2233 964 habuisset
2259 910 2489 981 aliquam
2509 912 2855 970 voluntatem.
2889 916 2947 973 Si
2973 918 3116 973 enim
3146 934 3253 973 non
3286 918 3537 986 habebat,

1956 1001 2073 1055 sine
2105 1009 2326 1071 peccato
2348 1012 2508 1074 atque
2533 1005 2793 1062 innocens
2809 1016 2947 1072 erat,
2968 1018 3024 1064 et
3048 1008 3171 1065 ideo
3199 1009 3349 1066 nullo
3378 1011 3541 1067 modo

1956 1096 2155 1151 malum
2199 1096 2301 1168 (a).
2333 1097 2391 1153 Si
2418 1106 2596 1153 autem
2637 1099 2758 1155 ideo
2782 1102 2980 1156 malum
3004 1142 3020 1168 ,
3069 1102 3191 1172 quia
3235 1103 3360 1159 licet
3398 1112 3545 1160 esset

1956 1186 2075 1242 sine
2103 1188 2394 1255 voluntate,
2427 1197 2679 1259 tanquam
2716 1190 2875 1261 ignis,
2916 1201 3097 1249 tamen
3120 1193 3167 1247 si
3193 1192 3395 1249 bonum
3418 1195 3547 1249 atti-

1955 1280 2140 1350 gisset,
2187 1282 2433 1351 violaret,
2478 1291 2637 1354 atque
2688 1294 3058 1354 corrumperet
3106 1304 3119 1340 :
3170 1297 3427 1357 quantum
3462 1295 3547 1343 est
3585 1335 3589 1339 .

1957 1371 2124 1439 nefas,
2158 1380 2214 1427 et
2254 1383 2497 1428 naturam
2524 1375 2650 1429 mali
2675 1383 2881 1430 tantum
2909 1377 3087 1433 valere
3111 1378 3176 1432 ad
3201 1387 3541 1435 commutan-

1962 1461 2084 1515 dam
2114 1462 2275 1516 ullam
2316 1463 2415 1518 Dei
2454 1472 2658 1534 partem
2683 1466 2705 1497 ³
2733 1506 2747 1531 ,
2775 1473 2831 1521 et
2857 1480 3126 1522 summum
3168 1468 3299 1525 illud
3342 1470 3547 1526 bonum

1958 1554 2305 1623 corruptibile
2349 1563 2404 1610 et
2445 1556 2693 1613 violabile
2735 1557 2998 1613 credere?
3031 1559 3260 1626 Quodsi
3297 1563 3547 1620 voluntas

1959 1642 2153 1711 inerat,
2179 1644 2418 1714 profecto
2442 1647 2634 1714 inerat,
2653 1657 2877 1718 cogente
2896 1649 3065 1716 nullo,
3089 1660 3265 1706 motus
3288 1653 3449 1707 animi
3478 1654 3551 1709 ad

1960 1734 2158 1806 aliquid
2188 1738 2274 1792 vel
2302 1753 2408 1793 non
2429 1738 2813 1815 amittendum,
2855 1740 2943 1795 vel
2984 1740 3402 1812 adipiscendum.
3434 1744 3550 1800 Hoc

1958 1838 2137 1885 autem
2162 1830 2395 1901 aliquid,
2425 1841 2517 1887 aut
2554 1833 2755 1888 bonum
2790 1844 2925 1900 erat,
2968 1844 3061 1890 aut
3094 1834 3294 1891 bonum
3324 1836 3551 1906 putaba-

1960 1931 2047 1979 tur
2079 1943 2095 1979 :
2127 1940 2233 1979 non
2264 1927 2407 1980 enim
2436 1927 2595 1983 aliter
2623 1928 2803 1998 appeti
2846 1940 3049 1999 posset.
3088 1930 3195 1986 Sed
3240 1932 3294 1987 in
3340 1948 3551 1990 summo

1958 2018 2104 2072 malo
2124 2058 2139 2083 ,
2167 2028 2294 2072 ante
2322 2020 2775 2083 commixtionem,
2795 2036 2952 2091 quam
2985 2022 3315 2091 praedicant,
3344 2025 3557 2081 nullum

1960 2127 2195 2183 unquam
2234 2112 2435 2168 bonum
2481 2116 2596 2168 fuit.
2626 2113 2780 2170 Unde
2808 2115 2968 2187 igitur
2991 2116 3067 2170 ibi
3091 2117 3177 2172 vel
3216 2117 3437 2174 scientia
3466 2119 3556 2176 vel

1962 2204 2142 2272 opinio
2168 2203 2294 2259 boni
2321 2220 2441 2259 esse
2466 2204 2678 2275 potuit?
2703 2206 2785 2261 An
2810 2206 2945 2261 nihil
2970 2207 3219 2263 volebant
3239 2209 3382 2279 quod
3408 2208 3557 2279 apud

1962 2310 2020 2351 se
2046 2307 2212 2364 esset,
2239 2308 2398 2369 atque
2427 2298 2557 2353 illud
2585 2297 2785 2354 bonum
2814 2315 3021 2365 verum,
3058 2301 3202 2371 quod
3232 2311 3385 2357 extra
3413 2312 3552 2368 erat,

1962 2390 2320 2459 appetebant?
2341 2389 2447 2445 lsta
2475 2406 2602 2447 vero
2631 2392 2891 2462 praeclara
2911 2401 2967 2447 et
2995 2408 3183 2464 magna
3219 2393 3378 2449 laude
3411 2410 3553 2465 prae-

1962 2481 2189 2537 dicanda
2216 2484 2459 2538 voluntas
2487 2492 2590 2549 est,
2624 2499 2730 2554 qua
2774 2499 3043 2540 summum
3074 2485 3347 2554 appetitur
3374 2493 3429 2541 et
3456 2501 3556 2541 ve-

1962 2589 2081 2629 rum
2110 2574 2330 2629 bonum.
2346 2574 2500 2631 Unde
2531 2575 2691 2645 igitur
2716 2576 2771 2630 in
2794 2590 3005 2631 summo
3025 2576 3167 2631 malo
3190 2584 3367 2632 motus
3392 2577 3558 2635 animi

1965 2674 2109 2719 tanta
2156 2666 2315 2723 laude
2360 2666 2743 2737 dignissimus?
2771 2669 2855 2722 An
2883 2667 3062 2723 studio
3086 2668 3313 2723 nocendi
3339 2678 3558 2739 appete-

1964 2758 2127 2815 bant?
2166 2760 2368 2829 Primo,
2413 2760 2602 2816 eodem
2631 2760 2926 2816 revolvitur
2954 2760 3112 2816 ratio.
3148 2762 3247 2829 Qui
3278 2761 3423 2816 cnim
3454 2776 3559 2818 no-

1964 2868 2087 2909 cere
2124 2855 2278 2921 vult,
2331 2856 2474 2911 bono
2517 2856 2697 2927 aliquo
2741 2856 2857 2910 vult
2894 2857 3103 2925 privare
3143 2856 3309 2911 alium
3338 2864 3559 2927 propter

1964 2946 2181 3018 aliquod
2222 2948 2422 3003 bonum
2469 2962 2645 3004 suum.
2688 2948 2819 3002 Erat
2847 2949 3008 3019 igitur
3034 2948 3088 3003 in
3114 2949 3192 3004 eis
3218 2950 3303 3005 vel
3332 2950 3561 3009 scientia

1965 3037 2112 3104 boni,
2141 3039 2227 3095 vel
2251 3039 2435 3110 opinio
2458 3082 2474 3108 ,
2504 3056 2623 3111 quae
2650 3055 2861 3096 summo
2888 3041 3030 3095 malo
3054 3040 3207 3095 nullo
3245 3040 3406 3095 modo
3434 3056 3560 3097 esse

1965 3129 2218 3187 debebat.
2248 3131 2453 3187 Deinde
2481 3132 2683 3187 bonum
2724 3132 2853 3188 illud
2882 3140 3035 3187 extra
3081 3148 3141 3188 se
3187 3134 3440 3203 positum,
3470 3133 3561 3190 cui

1966 3238 2162 3279 nocere
2179 3224 2487 3293 studebant,
2503 3234 2681 3279 utrum
2701 3225 2921 3279 omnino
2946 3233 3110 3291 esset,
3129 3225 3273 3279 unde
3292 3240 3561 3296 cognove-

1964 3316 2118 3371 rant?
2135 3315 2192 3370 Si
2218 3316 2611 3383 intellexerant,
2638 3316 2767 3386 quid
2794 3316 2885 3371 tali
2913 3326 3093 3373 mente
3117 3318 3461 3387 praaclarius?
3476 3319 3562 3377 An

1966 3409 2254 3480 quidQuam
2292 3419 2376 3466 est
2418 3411 2591 3477 aliud,
2624 3426 2730 3481 quo
2767 3412 2974 3482 magnis
3004 3412 3024 3441 ³
3056 3412 3330 3469 laboribus
3377 3414 3557 3469 omnis

1964 3499 2231 3556 bonorum
2256 3502 2561 3572 porrigatur
2594 3501 2822 3557 intentio
2846 3545 2861 3571 ,
2909 3503 3012 3559 nisi
3049 3513 3106 3558 ut
3131 3519 3398 3561 summum
3428 3504 3561 3561 illud

1967 3602 2022 3649 et
2049 3594 2316 3649 sincerum
2340 3594 2541 3649 bonum
2564 3594 2931 3665 intelligatur?
2956 3595 3109 3663 Quod
3135 3612 3263 3667 ergo
3289 3614 3433 3652 nunc
3458 3599 3554 3653 vix

1969 3686 2153 3755 paucis
2191 3686 2346 3741 bonis
2385 3685 2651 3757 justisque
2676 3686 2987 3743 conceditur
3006 3731 3021 3755 ,
3055 3688 3109 3743 id
3139 3698 3266 3744 tunc
3292 3690 3419 3744 illud
3444 3706 3560 3747 me—

1968 3794 2089 3833 rum
2134 3779 2333 3834 malum
2372 3780 2521 3835 nullo
2565 3780 2707 3835 bono
2752 3781 3041 3851 adjuvante
3079 3782 3193 3852 jam
3223 3785 3470 3854 poterat?
3498 3784 3560 3841 Si

1967 3878 2145 3925 autem
2172 3871 2278 3925 illae
2305 3871 2497 3925 animae
2521 3886 2744 3942 corpora
2770 3874 3062 3943 gerebant,
3094 3885 3148 3929 et
3185 3874 3241 3930 id
3279 3878 3448 3932 oculis
3478 3879 3559 3932 vi-

1968 3962 2186 4027 derant;
2217 3978 2335 4033 qua:
2366 3963 2592 4034 linguae,
2623 3980 2743 4035 quae
2773 3974 3012 4035 pectora,
3042 3983 3161 4037 quae
3188 3968 3397 4039 ingenia
3441 3971 3560 4025 lau-

1968 4054 2158 4110 dandis
2182 4056 2297 4111 istis
2322 4058 2491 4112 oculis
2533 4058 2990 4130 praedicandisquc
3027 4062 3299 4117 sufﬁciunt
3321 4104 3336 4128 ,
3367 4064 3561 4133 quibus

1966 4147 2055 4202 vix
2082 4157 2306 4217 possunt
2330 4158 2539 4206 mentes
2563 4149 2831 4219 justorum
2857 4152 3162 4222 adaquari?
3186 4153 3395 4220 Quanta
3417 4155 3560 4212 bona

1967 4239 2270 4297 invenimus
2317 4241 2371 4296 in
2413 4258 2625 4297 summo
2662 4244 2840 4299 malo?
2874 4244 2931 4299 Si
2976 4246 3117 4299 enim
3162 4246 3347 4303 videre
3387 4247 3561 4304 Deum

1967 4332 2166 4386 malum
2195 4340 2297 4397 est,
2330 4348 2435 4388 non
2463 4342 2546 4388 est
2576 4334 2773 4389 bonum
2814 4334 2955 4390 Deus
2987 4354 2999 4388 :
3028 4336 3227 4391 bonum
3264 4346 3347 4393 est
3375 4348 3558 4395 autem

1970 4424 2114 4480 Deus
2143 4441 2156 4477 :
2188 4424 2385 4479 bonum
2414 4434 2497 4481 est
2521 4426 2680 4496 igitur
2701 4427 2865 4480 Deum
2892 4426 3109 4493 videre;
3140 4437 3193 4482 et
3220 4431 3402 4485 nescio
3429 4432 3558 4501 quid

1970 4516 2095 4574 huic
2120 4519 2263 4574 bono
2288 4518 2311 4550 "
2334 4520 2634 4590 comparari
2664 4528 2842 4589 queat.
2875 4519 3044 4574 Porro
3072 4521 3214 4589 quod
3242 4522 3426 4579 videre
3465 4524 3563 4579 bo—

1969 4626 2097 4663 num
2120 4620 2223 4676 est,
2253 4612 2397 4665 unde
2424 4611 2537 4665 ﬁeri
2568 4619 2744 4681 potest
2767 4620 2823 4665 ut
2844 4626 3002 4680 posse
3027 4611 3211 4667 videre
3242 4613 3311 4667 sit
3335 4614 3561 4668 malum?

1970 4701 2305 4771 Quapropter
2349 4702 2607 4772 quidquid
2645 4703 2728 4757 vel
2774 4702 2827 4758 in
2868 4703 2971 4757 illis
3012 4704 3215 4770 oculis,
3246 4705 3329 4759 vel
3361 4706 3415 4759 in
3446 4706 3563 4758 istis

1971 4794 2237 4850 mentibus
2260 4792 2409 4861 fecit,
2438 4804 2498 4848 ut
2521 4794 2589 4848 ab
2614 4793 2697 4847 his
2720 4793 2888 4863 possit
2916 4793 3086 4849 videri
3110 4794 3286 4849 divina
3315 4796 3563 4849 substan-

1972 4885 2063 4947 tia,
2093 4901 2343 4957 magnum
2378 4894 2433 4940 et
2470 4885 2724 4940 iueﬂ'abili
2766 4886 2922 4941 laude
2963 4886 3333 4958 dignissimum
3360 4888 3561 4942 bonum

1972 4975 2117 5031 fecit.
2148 4976 2201 5031 Si
2234 4985 2410 5030 autem
2437 4991 2544 5030 non
2581 4974 2776 5030 factum
2795 5019 2809 5042 ,
2834 4960 2930 5032 sed
2961 4977 3135 5047 ipsum
3164 4994 3258 5047 per
3285 4993 3345 5033 se
3368 4978 3472 5031 tale
3498 4992 3562 5033 ac

1972 5069 2357 5137 sempiternum
2382 5076 2518 5135 erat,
2539 5067 2759 5124 difﬁcile
2782 5068 2883 5125 hoc
2902 5069 3044 5124 malo
3064 5069 3349 5139 quidquam
3368 5069 3562 5127 melius

1973 5161 2261 5217 invenitur.

2046 5258 2135 5309 l7.
2161 5256 2455 5321 Postremo,
2479 5263 2534 5309 ut
2556 5254 2687 5309 nihil
2710 5253 2901 5308 horum
2925 5251 3309 5306 laudandorum
3332 5252 3563 5309 habeant

1973 5350 2081 5405 illm
2102 5350 2313 5415 animae,
2336 5365 2455 5419 qua:
2485 5349 2698 5404 illorum
2730 5345 3026 5401 rationibus
3054 5344 3252 5401 habere
3277 5358 3559 5417 coguntur,

1973 5457 2268 5515 quaererem
2306 5451 2483 5497 utrum
2523 5441 2727 5511 aliquas
2767 5454 2834 5492 an
2866 5436 3038 5491 nullas
3068 5438 3270 5491 animas
3302 5438 3441 5495 Deus
3469 5439 3563 5494 da-

2036 5602 2055 5633 ί
2088 5600 2225 5659 Editi,
2245 5610 2463 5663 quaerere
2484 5606 2741 5661 asperam.
2770 5591 2939 5644 Melius
2960 5594 3172 5645 Vaticani
3194 5598 3324 5655 Mss,
3342 5605 3562 5656 quwrere

2035 5728 2056 5758 ²
2090 5732 2295 5790 tn_tuss._,
2312 5722 2450 5790 illam
2474 5722 2562 5770 Dei
2592 5724 2795 5790 partem.

2038 5790 2061 5821 ³
2089 5786 2193 5836 Sola
2222 5787 2371 5835 editio
2400 5791 2530 5843 Lov.,
2552 5786 2721 5844 magis.

2040 5850 2061 5881 ⁵
2092 5857 2223 5909 Lov.,
2239 5854 2366 5897 tanto
2382 5842 2523 5896 bono.
2544 5842 2705 5905 Abest,
2726 5849 2886 5909 tanta,
2909 5858 2939 5895 a
2960 5845 3154 5896 cteteris
3176 5842 3331 5893 libris.

2039 5910 2113 5974 (a)
2138 5919 2157 5960 ι
2179 5908 2402 5975 Retract.,
2428 5925 2533 5975 cap.
2560 5911 2633 5962 15.
2654 5922 2704 5957 n.
2721 5908 2770 5959 5.

3035 5988 3365 6070 (Quotus)
