4082 6488
556 442 663 503 107

1155 438 1245 497 DE
1284 434 1557 497 DUABUS
1594 432 1939 492 ANIMABUS
1965 430 2241 499 CONTRA
2269 432 2713 507 MANICHZEOS,
2755 438 2814 496 S.
2857 440 3225 502 AUGUSTINI

3729 451 3845 517 im,

499 524 505 633 Τ
554 569 722 618 mnet.
762 559 819 617 Si
863 559 1038 616 nullas
1062 599 1078 625 ,
1120 558 1326 615 nullum
1368 557 1680 614 meritorum
1718 551 1978 623 judicium
2020 558 2140 619 est,
2255 555 2555 625 coguntur?
2581 554 2723 613 Siita
2740 568 3021 630 coguntur,
3045 571 3105 623 ut
3122 561 3670 635 resistendipotestas
3695 568 3839 627 nulla

551 654 697 711 nuda
718 652 1047 725 providentia
1072 669 1088 719 ;
1118 659 1172 707 et
1183 666 1311 707 casu
1329 650 1504 721 potius
1516 661 1677 717 quam
1692 644 1898 701 ratione
1915 643 2145 701 mundus

550 746 989 815 administratur,
1036 745 1121 801 vel
1168 744 1346 815 petius
1388 756 1496 797 non
1540 739 1939 796 administratur
1981 757 1995 793 :
2034 753 2144 795 non

550 841 693 899 enim
717 840 1112 897 administratio
1148 838 1362 895 casibus
1404 834 1580 891 danda
1606 843 1708 891 est.
1749 835 1864 891 Hoc
1889 842 2066 891 autem
2094 833 2143 889 si

549 934 800 990 omnibus
840 933 1075 1005 qualibet
1123 929 1383 1000 religione
1425 926 1690 984 devinctis
1726 923 2142 984 crederenefas

544 1035 630 1084 est
654 1069 669 1094 ,
700 1035 867 1084 restat
891 1035 950 1083 ut
971 1034 1061 1081 aut
1085 1025 1153 1081 sit
1176 1024 1474 1093 aliquarum
1500 1023 1800 1079 animarum
1827 1021 2098 1078 damnatio
2118 1060 2136 1087 ,

543 1130 636 1176 aut
660 1122 805 1177 nulla
826 1129 1041 1191 peccata
1062 1119 1189 1173 sint.
1217 1115 1323 1173 Sed
1347 1117 1392 1173 si
1422 1116 1565 1171 nulla
1594 1123 1810 1186 peccata
1833 1124 1957 1169 sunt
1976 1112 2139 1166 etiam

540 1214 747 1284 nullum
774 1212 968 1267 malum
1005 1230 1017 1264 :
1046 1210 1189 1281 quod
1217 1210 1305 1265 isti
1336 1209 1380 1269 si
1410 1209 1678 1275 dixerint,
1707 1206 1956 1261 haeresim
1985 1220 2137 1259 suam

540 1322 649 1362 uno
675 1308 779 1361 ictu
811 1304 1157 1361 interﬁciunt.
1186 1304 1447 1360 Convenit
1478 1304 1637 1373 igitur
1666 1300 1796 1357 mihi
1833 1315 1953 1355 cum
1985 1298 2089 1354 illis
2116 1340 2132 1366 ,

541 1400 751 1454 animas
789 1397 1214 1469 aliquasodivina
1264 1398 1382 1467 lege
1420 1394 1726 1466 judicioque
1757 1392 2018 1448 damnari.
2064 1392 2137 1445 At

534 1490 644 1559 hae,
674 1492 719 1546 si
740 1491 893 1546 bonae
923 1491 1050 1557 sint,
1082 1504 1201 1560 quae
1236 1488 1322 1543 illa
1347 1488 1547 1557 justitia
1574 1485 1702 1541 est?
1729 1484 1786 1540 Si
1815 1483 2003 1548 malae;
2038 1497 2137 1537 na-

534 1592 677 1651 tura,
715 1599 783 1638 an
826 1582 1136 1639 voluntate?
1185 1581 1290 1638 Sed
1340 1589 1527 1635 natura
1577 1593 1700 1634 esse
1738 1577 1892 1632 malae
1938 1576 2133 1631 animae

534 1677 681 1732 nullo
707 1676 868 1732 modo
892 1684 1113 1747 queunt.
1143 1674 1295 1731 Unde
1338 1672 1442 1727 hoc
1469 1671 1760 1727 docemus?
1790 1670 1865 1724 De
1889 1668 2132 1738 superio-

529 1770 680 1827 ribus
704 1770 1104 1827 deﬁnitionibus
1130 1769 1416 1825 voluntatis
1445 1774 1603 1837 atque
1626 1765 1850 1835 peccati.
1876 1764 2008 1831 Quia
2039 1763 2128 1817 di-

531 1878 654 1920 cere
678 1864 903 1929 animas,
927 1873 981 1919 et
1006 1878 1125 1918 esse
1151 1861 1319 1915 malas
1346 1903 1358 1927 ,
1392 1869 1445 1915 et
1476 1859 1605 1913 nihil
1638 1872 1880 1928 peccare,
1906 1856 2126 1928 plenum

530 1965 614 2011 est
638 1956 923 2011 dementiae
954 1972 967 2007 :
999 1955 1180 2009 dicere
1208 1961 1387 2008 autem
1427 1966 1650 2022 peccare
1680 1950 1798 2005 sine
1825 1950 2123 2015 voluntate,

529 2063 779 2118 magnum
812 2046 1219 2103 deliramentum
1246 2055 1361 2111 est;
1395 2054 1451 2101 et
1479 2045 1683 2115 peccati
1709 2058 1861 2097 reum
1892 2052 2075 2097 tenere
2104 2041 2122 2072 ί

529 2156 873 2211 quemquam,
906 2141 1026 2210 quia
1058 2155 1162 2195 non
1205 2137 1331 2195 fecit
1368 2138 1510 2209 quod
1556 2138 1730 2193 facere
1772 2153 1877 2191 non
1911 2136 2121 2206 potuit,

523 2246 750 2287 summa:
790 2231 1083 2302 iniquitatis
1126 2240 1206 2287 est
1251 2242 1305 2287 et
1349 2231 1588 2286 insanim.
1629 2230 1989 2297 Quamobrem
2020 2230 2126 2285 illae

522 2325 716 2380 animae
743 2325 998 2396 quidquid
1030 2325 1247 2392 faciunt,
1278 2326 1322 2381 si
1348 2334 1537 2380 natura
1564 2369 1577 2392 ,
1608 2339 1713 2379 non
1745 2325 2017 2381 voluntate
2037 2322 2121 2379 fa-

521 2418 671 2476 ciunt
692 2460 708 2487 ,
734 2418 788 2474 id
812 2426 933 2487 est,
962 2420 1007 2475 si
1036 2420 1207 2475 libero
1230 2429 1285 2475 et
1310 2420 1377 2476 ad
1406 2419 1705 2476 faciendum
1736 2426 1789 2474 et
1815 2420 1882 2474 ad
1913 2433 2018 2475 non
2044 2419 2123 2475 fa-

529 2512 778 2569 ciendum
806 2520 955 2569 motu
997 2513 1163 2568 animi
1207 2524 1429 2579 carent;
1477 2514 1519 2568 si
1552 2514 1782 2584 denique
1824 2514 1906 2568 his
1949 2514 2119 2569 absti-

518 2606 682 2663 nendi
699 2607 767 2663 ab
783 2623 947 2679 opere
965 2623 1061 2664 suo
1080 2617 1317 2680 potestas
1334 2608 1475 2664 nulla
1494 2608 1821 2671 conceditur,
1840 2616 2117 2678 peccatum

529 2712 713 2754 earum
754 2708 936 2755 tenere
962 2714 1068 2756 non
1098 2714 1378 2770 possumus
1408 2698 1502 2771 (a).
1534 2700 1601 2754 At
1631 2713 1817 2755 omnes
1847 2698 2114 2766 fatentur,

516 2798 573 2847 et
596 2792 766 2849 malas
790 2792 995 2849 animas
1016 2793 1160 2862 juste
1184 2834 1198 2860 ,
1229 2801 1284 2850 et
1309 2808 1399 2849 eas
1440 2809 1559 2863 qua:
1585 2809 1691 2849 non
1720 2802 2110 2863 peccaverunt,

515 2884 716 2955 injuste
740 2886 983 2941 damnari
1017 2903 1030 2939 :
1078 2886 1313 2942 fatentur
1337 2886 1497 2957 igitur
1526 2900 1618 2941 eas
1647 2886 1815 2940 malas
1843 2899 1964 2941 esse
1994 2900 2114 2955 quae

514 2986 761 3050 peccant.
788 2977 897 3033 Illa:
921 2986 1101 3034 autem
1122 3020 1135 3045 ,
1165 2978 1301 3033 sicut
1328 2979 1464 3033 ratio
1487 2978 1667 3033 docuit
1690 3020 1704 3041 ,
1734 2992 1839 3032 non
1866 2986 2110 3047 peccant.

514 3069 829 3125 Animarum
860 3085 989 3140 ergo
1016 3070 1276 3124 malarum
1316 3085 1485 3141 genus
1528 3070 1710 3124 nescio
1753 3069 1896 3139 quod
1925 3078 2111 3124 extra-

512 3176 673 3217 neum
700 3163 743 3229 ¹¹,
776 3161 918 3231 quod
943 3176 974 3215 a
1000 3161 1306 3216 Manichzeis
1336 3161 1600 3216 inducitur
1624 3203 1638 3227 ,
1663 3161 1866 3215 nullum
1893 3170 1994 3216 est.

585 3253 674 3309 18.
714 3252 864 3307 Nunc
888 3254 1085 3309 bonum
1112 3254 1239 3308 illud
1284 3269 1452 3324 genus
1476 3254 1751 3309 videamus
1775 3296 1789 3322 ,
1820 3254 1963 3323 quod
1990 3269 2110 3308 rur-

509 3360 604 3403 sus
627 3346 698 3401 ita
724 3345 962 3415 laudant,
988 3356 1045 3401 ut
1066 3348 1235 3417 ipsam
1266 3347 1360 3401 Dei
1390 3347 1741 3403 substantiam
1763 3345 1941 3401 dicant
1964 3361 2105 3401 esse.

510 3438 721 3505 Quanto
744 3449 919 3495 autem
949 3440 1137 3495 melius
1175 3450 1257 3497 est
1282 3450 1339 3494 ut
1371 3456 1523 3495 suum
1555 3441 1797 3495 ordinem
1826 3442 2105 3495 meritum~

511 3520 613 3602 que
651 3532 875 3603 quisque
924 3544 1244 3603 cognoscat,
1292 3549 1391 3589 nec
1433 3534 1506 3587 ita
1554 3534 1810 3604 sacrilega
1853 3533 2103 3604 superbia

508 3624 829 3690 ventiletur,
888 3634 943 3678 ut
993 3640 1115 3680 cum
1183 3640 1241 3680 se
1292 3626 1449 3680 toties
1497 3627 1814 3679 commutari
1866 3626 2097 3693 sentiat,

506 3715 700 3768 summi
724 3714 863 3769 illius
891 3715 1039 3782 boni,
1063 3716 1206 3787 quod
1238 3716 1672 3771 incommutabile
1695 3717 1777 3786 pia
1809 3719 1944 3773 ratio
1969 3734 2099 3787 pro-

504 3807 684 3861 ﬁtetur
706 3818 760 3862 et
787 3809 964 3877 docet,
989 3809 1172 3864 credat
1194 3825 1314 3865 esse
1358 3808 1706 3865 substantiam
1735 3810 1759 3862 ?
1789 3810 1927 3865 Ecce
1953 3812 2098 3866 enim

504 3914 627 3954 cum
656 3899 997 3955 manifestum
1029 3901 1100 3955 sit
1144 3918 1247 3956 non
1282 3916 1504 3971 peccare
1528 3902 1736 3957 animas
1774 3902 1827 3955 in
1858 3916 1924 3957 eo
1951 3903 2095 3973 quod

440 4058 443 4061 b
504 4005 610 4045 non
641 4000 765 4046 sunt
789 3992 921 4047 tales
940 4033 956 4059 ,
999 3993 1181 4062 quales
1212 4008 1330 4048 esse
1359 4009 1465 4047 non
1496 4002 1759 4063 possunt;
1790 3995 1929 4049 unde
1963 4011 2094 4050 con-

502 4090 609 4138 stat
631 4083 741 4154 jam
765 4084 944 4139 nescio
966 4100 1096 4154 quas
1124 4085 1241 4139 illas
1272 4086 1573 4141 inductitias
1595 4089 1744 4143 nullo
1774 4087 1935 4144 modo
1964 4104 2093 4159 pec-

503 4189 629 4231 care
652 4217 668 4242 ,
692 4184 746 4230 et
773 4186 1055 4246 propterea
1100 4177 1220 4231 illas
1263 4179 1480 4233 omnino
1506 4196 1611 4234 non
1642 4195 1764 4235 esse
1790 4196 1803 4233 :
1838 4181 2094 4252 relinqui-

500 4272 609 4333 tur,
628 4273 687 4320 ut
700 4266 951 4337 quoniam
976 4268 1277 4323 concedunt
1302 4284 1421 4325 esse
1439 4279 1674 4340 peccata,
1696 4286 1802 4327 non
1819 4272 2093 4327 inveniant

500 4358 696 4429 quibus
735 4374 799 4415 ea
844 4360 1114 4428 tribuant,
1161 4363 1261 4418 nisi
1309 4364 1448 4418 bono
1492 4366 1675 4435 generi
1706 4367 2001 4421 animarum
2035 4376 2092 4421 et

499 4453 811 4508 substantiae
854 4454 969 4509 Dei.
1001 4454 1228 4511 Maxime
1268 4466 1445 4512 autem
1492 4467 1748 4528 urgentur
1776 4460 2090 4515 auctoritate

502 4544 790 4601 christiana
821 4561 836 4600 :
866 4562 1135 4618 nunquam
1179 4551 1321 4603 enim
1367 4560 1695 4620 negaverunt
1722 4551 1836 4606 dari
1877 4551 2087 4606 veniam

500 4645 862 4706 peccatorum,
894 4653 1014 4693 cum
1042 4638 1203 4695 fuerit
1222 4640 1288 4694 ad
1318 4641 1485 4696 Deum
1512 4642 1736 4712 quisque
1759 4659 2083 4712 conversus;

503 4744 777 4800 nunquam
808 4730 1062 4787 dixerunt
1092 4732 1319 4804 (utalia
1364 4735 1526 4788 multa
1552 4735 1753 4805 )‘quod
1796 4735 2088 4805 Scripturis

495 4821 692 4876 divinis
732 4821 836 4877 hoc
878 4825 1136 4894 quispiam
1192 4834 1475 4896 corruptor
1524 4827 1828 4882 inseruerit.
1884 4827 2087 4894 Quibus

500 4927 630 4983 ergo
655 4924 873 4984 peccata
904 4915 1214 4971 donantur?
1242 4918 1300 4972 Si
1336 4919 1496 4972 alieni
1521 4920 1731 4989 generis
1757 4920 1862 4975 illis
1888 4921 2041 4977 malis
2064 4965 2082 4991 ,

494 5014 719 5073 possunt
742 5014 797 5062 et
820 5008 976 5063 bonae
1001 5008 1136 5074 fieri,
1175 5018 1399 5079 possunt
1424 5011 1517 5065 Dei
1561 5026 1781 5081 regnum
1812 5013 2085 5081 possidere

496 5111 619 5152 cum
639 5097 871 5155 Christo.
900 5100 1052 5167 Quod
1081 5102 1164 5157 isti
1195 5103 1315 5172 quia
1356 5113 1569 5174 negant,
1600 5120 1697 5159 nec
1725 5104 1922 5160 habent
1949 5107 2084 5163 alte-

494 5202 617 5242 rum
645 5205 846 5260 genus,
876 5192 977 5246 nisi
1002 5208 1184 5248 earum
1214 5209 1346 5264 quas
1390 5195 1457 5249 de
1503 5196 1797 5251 substantia
1827 5198 1921 5254 Dei
1963 5216 2085 5257 esse

496 5280 809 5350 perhibent;
840 5293 1006 5339 restat
1032 5295 1087 5340 ut
1114 5301 1218 5341 non
1241 5287 1417 5341 solum
1446 5288 1604 5343 etiam
1632 5290 1793 5358 ipsas,
1818 5292 1911 5346 sed
1940 5292 2083 5364 ipsas

493 5371 639 5428 solas
656 5388 875 5443 peccare
896 5375 1178 5432 fateantur.
1199 5379 1310 5448 Ego
1330 5387 1506 5433 autem
1528 5380 1659 5433 nihil
1681 5398 1853 5452 pugno
1872 5399 1938 5439 ne
1951 5387 2083 5441 solm

494 5474 718 5533 peccent
746 5484 758 5520 :
788 5477 1009 5537 peccant
1036 5477 1230 5526 tamen.
1254 5471 1324 5527 At
1347 5471 1487 5526 enim
1510 5471 1532 5503 ³
1555 5468 1676 5527 mali
1702 5477 2082 5535 commixtione

555 5619 573 5651 ²
607 5620 684 5694 sto
701 5627 808 5671 κω.
833 5626 890 5694 A_t
910 5627 984 5670 Er.
1004 5628 1056 5672 et
1075 5628 1208 5694 tot,
1226 5623 1396 5694 teneri.
1422 5631 1475 5676 Et
1496 5624 1641 5689 paulo
1663 5635 1771 5691 post
1792 5629 1942 5682 iidem
1960 5634 2080 5685 editi

490 5679 685 5751 ferunt,
701 5688 896 5751 peccato
918 5695 1085 5751 parum
1108 5679 1258 5751 tergeri
1277 5700 1371 5737 non
1394 5679 1657 5751 possumus.

555 5745 577 5809 ξ
610 5743 746 5809 Editi,
768 5750 910 5793 extra
931 5743 1072 5794 illud.
1102 5745 1265 5797 Melius
1286 5743 1497 5800 vaticani
1527 5758 1656 5806 ωδε..
1679 5760 1981 5807 extraneum.
2074 5801 2081 5809 .

555 5804 980 5881 ξᾼψᾳεηρερεῳςι
1018 5811 1194 5868 tamen,
1220 5811 1395 5861 etenim
1431 5812 1549 5865 mali
1592 5804 2074 5881 commmﬁonefetc.

488 5865 811 5916 Emendantur
828 5880 892 5917 ex
915 5874 1021 5917 Mss.

554 5929 628 5989 (a)
650 5932 911 5991 lBetract.,
937 5942 1040 5995 cap.
1066 5931 1146 5993 ts,
1169 5945 1217 5981 ιι.
1243 5932 1291 5981 6.

2250 646 2339 713 sit,
2369 664 2476 706 non
2499 659 2729 721 peccant
2751 670 2765 706 :
2790 652 2836 709 si
2863 662 2948 710 est
2975 655 3027 711 in
3053 667 3320 727 potestate
3348 673 3447 719 sua
3477 662 3759 731 resistere,
3786 673 3839 722 et

2253 744 2469 815 propria
2511 747 2782 804 voluntate
2828 752 3209 822 consentiunt,
3261 769 3358 811 cur
3404 764 3550 813 tanta
3593 758 3734 816 bona
3786 760 3837 818 in

2256 847 2466 891 summo
2489 837 2648 905 malo,
2672 855 2767 895 cur
2782 840 2887 897 hoc
2906 844 3102 899 malum
3131 844 3184 901 in
3212 860 3423 903 summo
3442 848 3603 916 bono,
3628 865 3725 921 per
3746 852 3838 908 do-

2247 927 2471 984 ctrinam
2490 929 2700 987 illorum
2716 934 2959 1004 cogimur
2973 936 3239 1006 invenire;
3260 939 3365 996 nisi
3378 941 3499 1012 quia
3518 956 3693 1013 neque
3712 945 3837 1002 illud

2246 1018 2444 1077 malum
2466 1029 2549 1076 est
2574 1022 2715 1092 quod
2742 1026 3044 1095 suspicione
3071 1029 3348 1097 inducunt,
3373 1048 3545 1103 neque
3569 1034 3670 1105 hoe
3693 1051 3837 1092 sum-

2244 1127 2390 1167 mum
2420 1114 2620 1169 bonum
2648 1116 2789 1186 quod
2820 1122 3201 1189 superstitione
3228 1128 3575 1194 pervertunt?

2315 1206 2538 1264 CAPUT
2588 1208 2724 1265 XIII.
2752 1242 2824 1252 —
2848 1213 2933 1269 19.
2964 1213 3049 1270 Ea:
3077 1217 3436 1274 deliberatione
3478 1222 3531 1275 in
3576 1223 3765 1277 malam
3789 1231 3834 1277 et

2241 1299 2296 1353 in
2332 1299 2516 1356 bonam
2563 1312 2758 1373 partem
2798 1324 2899 1362 non
2945 1308 3117 1365 haberi
3160 1311 3261 1365 duo
3302 1314 3589 1371 anintarum
3630 1333 3829 1386 genere.

2242 1388 2487 1449 Concessa
2523 1412 2701 1465 genere
2728 1400 3017 1456 animarum
3037 1404 3353 1460 illicientium
3395 1408 3463 1461 ad
3490 1408 3660 1479 turpia
3681 1452 3697 1476 ,
3730 1426 3831 1465 non

2242 1486 2381 1555 sequi
2411 1487 2504 1543 has
2548 1506 2655 1545 esse
2696 1504 2878 1547 natura
2921 1494 3085 1550 aratas
3109 1537 3122 1560 ,
3156 1498 3285 1552 alias
3327 1516 3434 1555 esse
3460 1516 3709 1555 summum
3746 1503 3831 1556 bo-

2239 1594 2379 1633 num.
2395 1580 2465 1635 At
2482 1582 2525 1636 si
2540 1581 2608 1638 de
2633 1582 2843 1641 duobus
2860 1586 2974 1641 istis
2994 1589 3277 1657 generibus
3292 1591 3589 1653 animarum
3602 1592 3830 1651 delirare

2238 1672 2359 1729 illos
2384 1684 2437 1729 et
2462 1691 2645 1734 errare
2671 1678 2977 1737 docuissem
3001 1723 3015 1747 ,
3050 1692 3141 1737 aut
3171 1693 3318 1740 certe
3352 1685 3464 1755 ipse
3484 1685 3789 1744 didicissem
3808 1728 3826 1755 ,

2238 1765 2363 1834 quid
2396 1782 2675 1827 remanere
2704 1781 2942 1841 poterat,
2974 1790 3072 1829 cur
3098 1775 3228 1831 mihi
3263 1777 3373 1846 jam
3417 1778 3484 1834 de
3515 1779 3620 1833 ulla
3650 1796 3711 1835 re
3740 1796 3830 1835 au-

2234 1855 2415 1912 diendi
2432 1861 2517 1915 vel
2534 1864 2849 1920 consulendi
2872 1866 3215 1925 viderentur?
3238 1870 3319 1924 An
3343 1880 3399 1925 ut
3421 1871 3682 1937 discerem
3708 1874 3827 1930 hinc

2234 1951 2447 2005 ostendi
2482 1954 2784 2011 animarum
2812 1956 2919 2013 duo
2947 1973 3065 2015 esse
3105 1976 3300 2030 genera
3325 2003 3338 2026 ,
3372 1962 3513 2031 quod
3544 1963 3595 2017 in
3625 1963 3825 2021 delibe-

2234 2040 2402 2095 rando
2438 2059 2580 2100 nunc
2607 2046 2660 2100 in
2690 2048 2882 2104 malam
2914 2060 3116 2119 partem
3137 2094 3153 2118 ,
3190 2067 3330 2115 nunc
3372 2053 3422 2107 in
3451 2054 3647 2109 bonam
3678 2064 3825 2112 nutat

2234 2136 2514 2191 assensio?
2532 2138 2638 2194 Cur
2658 2156 2763 2196 non
2787 2143 2953 2213 magis
2975 2144 3077 2200 hoc
3101 2146 3311 2215 signum
3333 2156 3415 2203 est
3433 2148 3586 2204 unius
3607 2149 3820 2215 animus,

2231 2240 2350 2295 qum
2376 2228 2543 2285 libera
2568 2231 2655 2287 illa
2682 2234 2957 2291 voluntate
2983 2236 3088 2295 huc
3113 2248 3166 2293 ct
3193 2238 3297 2294 huc
3323 2237 3483 2305 ferri,
3516 2239 3640 2296 hinc
3666 2251 3823 2311 atque

2229 2314 2357 2373 hinc
2382 2319 2571 2376 referri
2596 2326 2810 2393 potest?
2833 2324 2965 2380 Nam
2994 2327 3123 2381 mihi
3152 2343 3272 2391 cum
3303 2330 3517 2397 accidit,
3544 2347 3709 2386 unum
3739 2347 3823 2389 me

2229 2424 2351 2467 esse
2371 2413 2548 2467 sentio
2578 2424 2865 2487 utrumque
2891 2418 3342 2488 considerantem,
3375 2422 3691 2477 alterutrum
3719 2423 3815 2478 cli-

2227 2512 2441 2572 gentem
2463 2523 2475 2559 :
2496 2507 2589 2562 sed
2612 2508 2929 2579 plerumque
2950 2510 3082 2567 illud
3106 2510 3260 2579 libet,
3291 2512 3393 2569 hoc
3407 2513 3573 2580 decet,
3596 2530 3821 2585 quorum

2226 2609 2327 2650 nos
2348 2598 2402 2650 in
2428 2597 2609 2653 medio
2636 2600 2795 2669 positi
2826 2600 3165 2659 ﬂuctuamus.
3194 2603 3307 2661 Nec
3333 2605 3561 2660 mirum:
3584 2606 3656 2661 ita
3675 2608 3817 2663 enim

2229 2702 2372 2742 nunc
2400 2690 2673 2746 constituti
2716 2708 2937 2761 sumus,
2977 2703 3035 2749 ut
3082 2704 3137 2752 et
3181 2711 3278 2766 per
3306 2711 3521 2753 carnem
3547 2698 3819 2769 voluptate

2225 2778 2385 2847 attici,
2416 2790 2472 2837 et
2501 2798 2596 2852 per
2620 2784 2865 2854 spiritum
2893 2786 3174 2844 honestate
3192 2790 3477 2859 possimus.
3505 2790 3680 2858 Quare
3710 2806 3815 2847 non

2224 2871 2355 2927 duas
2374 2873 2581 2931 animas
2602 2875 2729 2933 hinc
2747 2876 2904 2935 fateri
2923 2880 3123 2951 cogor?
3149 2881 3441 2938 Possumus
3461 2883 3602 2938 enim
3624 2883 3816 2940 melius

2222 2970 2277 3018 et
2309 2966 2480 3021 multo
2505 2968 2803 3037 expeditius
2833 2970 3133 3042 intelligere
3177 2971 3283 3029 duo
3324 2988 3521 3044 genera
3551 2974 3813 3030 bonarum

2220 3070 2401 3110 rerum
2424 3098 2440 3123 ,
2484 3073 2713 3128 quorum
2756 3068 2937 3117 tamen
2975 3072 3222 3119 neutrum
3265 3064 3332 3119 ab
3362 3074 3578 3121 auctore
3603 3066 3716 3121 Deo
3746 3066 3815 3122 sit

2219 3148 2475 3217 alienum,
2499 3167 2659 3208 unam
2684 3155 2915 3210 animam
2938 3172 3007 3213 ex
3028 3153 3252 3213 diversis
3274 3157 3485 3215 afﬁcere
3507 3158 3747 3229 partibus
3768 3161 3810 3228 ¹,

2216 3240 2471 3300 inferiore
2498 3261 2562 3301 ac
2591 3248 2892 3316 superiore,
2921 3250 3006 3304 vel
3032 3250 3173 3320 quod
3200 3259 3347 3307 recte
3376 3252 3447 3306 ita
3474 3252 3579 3306 dici
3605 3262 3807 3322 potest,

2216 3336 2483 3390 exteriore
2504 3345 2662 3407 atque
2691 3339 2964 3397 interiore.
2994 3340 3098 3398 ista
3129 3352 3253 3397 sunt
3277 3345 3296 3374 ³
3320 3343 3426 3398 duo
3449 3358 3666 3413 genera,
3688 3360 3809 3414 qua:

2214 3427 2545 3484 sensibilium
2573 3440 2627 3485 et
2652 3431 3061 3503 intelligibilium
3092 3436 3311 3491 nomine
3358 3436 3515 3506 paulo
3542 3447 3668 3492 ante
3700 3446 3808 3493 tra-

2213 3519 2476 3574 ctavimus
2494 3561 2508 3585 ,
2538 3536 2658 3591 qua:
2686 3525 2921 3579 carnalia
2950 3535 3005 3582 et
3040 3527 3336 3596 spiritualia
3363 3528 3616 3585 libentius
3643 3539 3697 3585 et
3727 3530 3805 3585 fa-

2209 3610 2475 3677 miliarius
2503 3629 2601 3670 nos
2630 3630 2902 3675 vocamus.
2936 3619 3043 3675 Sed
3072 3620 3268 3679 factum
3298 3631 3381 3677 est
3406 3624 3560 3679 nobis
3585 3622 3804 3680 difficile

2208 3719 2239 3760 a
2267 3707 2569 3764 carnalibus
2597 3710 2871 3768 abstinere
2893 3755 2911 3781 ,
2940 3729 3060 3771 eum
3102 3718 3254 3785 panis
3280 3717 3590 3774 verissimus
3619 3726 3803 3774 noster

2206 3797 2500 3866 spiritualis
2534 3801 2623 3856 sit.
2651 3801 2786 3858 Cum
2828 3804 3013 3862 labore
3037 3821 3271 3877 namque
3300 3824 3442 3864 nunc
3469 3810 3676 3865 edimus
3703 3825 3799 3880 pa-

2207 3902 2351 3943 nem.
2384 3890 2566 3961 Neque
2610 3893 2752 3950 enim
2792 3896 2943 3954 nullo
2982 3898 3038 3953 in
3081 3901 3341 3969 supplicio
3368 3916 3551 3957 sumus
3582 3911 3802 3972 peccato

2204 3982 2649 4052 transgressionis
2676 3988 2929 4045 mortales
2967 4004 3034 4044 ex
3075 3990 3465 4047 immortalibus
3496 3992 3637 4048 facti.
3672 3992 3797 4051 Ideo

2204 4077 2463 4146 contingit
2477 4086 2535 4133 ut
2559 4094 2681 4134 cum
2702 4081 2769 4136 ad
2795 4083 3014 4138 meliora
3033 4085 3349 4141 conantibus
3369 4086 3546 4153 nobis,
3568 4101 3797 4141 consuc-

2203 4167 2333 4222 tudo
2354 4168 2491 4224 facta
2513 4185 2637 4225 cum
2664 4188 2828 4229 carne
2854 4183 2908 4230 et
2936 4186 3151 4243 peccata
3180 4186 3362 4231 nostra
3383 4179 3610 4247 quodam
3635 4178 3795 4235 nme

2200 4258 2433 4315 militare
2478 4271 2665 4317 contra
2711 4279 2844 4330 nos,
2888 4274 2945 4319 et
2990 4266 3359 4323 difﬁcultatem
3416 4271 3569 4325 nobis
3613 4271 3796 4329 facere

2199 4352 2502 4421 cmperint,
2557 4356 2802 4410 nonnulli
2856 4358 3000 4412 stulti
3058 4359 3201 4414 aliud
3268 4377 3437 4431 genus
3491 4362 3793 4422 animarum

2198 4443 2341 4513 quod
2365 4460 2473 4501 non
2498 4445 2570 4502 sit
2596 4462 2663 4503 ex
2691 4446 2804 4503 Deo
2831 4452 3212 4519 superstitione
3238 4454 3583 4512 obtusissima
3608 4457 3789 4528 suspi-

2196 4546 2404 4594 centur.

2268 4632 2359 4688 20.
2400 4632 2715 4705 Quanquam
2762 4637 2923 4693 etiam
2968 4638 3016 4693 si
3059 4638 3138 4694 eis
3175 4639 3498 4699 concedatur
3537 4641 3789 4700 inferiore

2195 4724 2304 4780 alio
2330 4741 2529 4795 genere
2555 4729 2855 4784 animarum
2896 4745 2995 4786 nos
3035 4730 3160 4787 illici
3191 4732 3256 4787 ad
3287 4734 3455 4803 turpia
3481 4776 3496 4800 ,
3527 4749 3635 4789 non
3662 4736 3789 4793 inde

2195 4818 2487 4873 conﬁciunt
2515 4828 2607 4877 aut
2633 4820 2752 4875 illas
2782 4829 2973 4877 natura
3001 4823 3169 4877 malas
3197 4839 3336 4893 esse,
3364 4836 3455 4881 aut
3484 4827 3614 4882 istas
3642 4844 3788 4884 sum-

2194 4926 2342 4966 mum
2369 4910 2589 4967 bonum.
2630 4912 2774 4969 Fieri
2818 4916 2958 4970 enim
3005 4925 3183 4985 potest
3227 4926 3283 4972 ut
3314 4921 3526 4989 propria
3557 4922 3660 4976 illa:
3688 4938 3785 4977 vo-

2193 5001 2402 5058 luntate
2444 5004 2744 5074 appetendo
2787 5008 2929 5077 quod
2973 5024 3081 5064 non
3125 5009 3338 5076 licebat,
3390 5012 3491 5067 hoc
3532 5024 3637 5078 est,
3664 5031 3788 5083 pec—

2192 5092 2399 5161 cando,
2433 5109 2501 5149 ex
2545 5095 2701 5151 bonis
2747 5096 2901 5153 facta:
2950 5100 3059 5155 sint
3107 5101 3297 5167 malae;
3339 5118 3631 5173 rursusque
3672 5104 3785 5161 ﬁeri

2193 5185 2347 5241 home
2368 5188 2595 5257 possint,
2623 5189 2719 5244 sed
2744 5190 2822 5245 sic
2848 5199 2906 5246 ut
2926 5192 3180 5261 quamdiu
3203 5204 3422 5250 manent
3446 5196 3496 5250 in
3526 5206 3747 5266 peccato
3764 5239 3781 5265 ,

2191 5278 2257 5332 ad
2297 5293 2417 5334 sese
2444 5279 2577 5334 alias
2604 5282 2813 5337 occulta
2851 5284 3079 5353 quadam
3109 5286 3360 5342 suasione
3402 5287 3681 5343 traducant
3710 5289 3733 5320 ⁸
3767 5306 3780 5343 :

2192 5370 2407 5439 deinde,
2431 5380 2490 5427 ut
2512 5375 2731 5431 omnino
2757 5376 2911 5431 malae
2938 5393 3045 5433 non
3072 5379 3198 5447 sint,
3232 5379 3326 5435 sed
3350 5381 3403 5435 in
3434 5397 3532 5437 suo
3558 5398 3780 5453 genere,

2191 5465 2434 5534 quamvis
2462 5464 2716 5523 inferiore
2742 5507 2759 5536 ,
2790 5482 2926 5540 opus
2968 5473 3243 5542 proprium
3274 5474 3392 5530 sine
3423 5474 3533 5530 ullo
3562 5485 3785 5545 peccato

2254 5639 2271 5669 ί
2285 5640 2380 5714 sic
2401 5640 2452 5689 in
2470 5646 2574 5691 Mss.
2598 5648 2656 5691 At
2685 5643 2736 5692 in
2759 5642 2903 5694 editis
2923 5644 3071 5713 vulgo
3095 5645 3240 5709 male,
3263 5659 3329 5698 ea:
3351 5648 3555 5701 diversis
3591 5649 3781 5714 efﬁcere

2186 5701 2441 5829 ωζαὲίίίῗί,
2463 5763 2531 5829 ita
2551 5769 2677 5813 sum.
2704 5765 2928 5829 Meliores
2942 5782 3062 5820 vero
3080 5776 3209 5829 Mss,
3234 5769 3328 5825 ista
3346 5778 3473 5823 sunt-

2819 5836 2871 5880 ut
3004 5825 3313 5902 Michaeltnus
3351 5840 3454 5895 Ms,
3484 5836 3578 5902 sed
3616 5842 3667 5887 ut
3690 5834 3778 5902 ﬁt,

2187 5887 2417 5955 φωγῃάὶα
2439 5893 2632 5937 manent
2670 5892 2719 5939 in
2755 5887 2966 5955 peccato,
2990 5894 3056 5945 ad
3090 5892 3212 5948 alias
3233 5909 3335 5949 sese
3357 5887 3545 5951 octha

2188 5958 2406 5997 suamne
2426 5947 2701 6000 traducunt.
