4082 6452
284 421 384 480 109

277 541 566 592 exerceant
595 554 614 590 :
643 535 762 594 istae
802 545 982 596 autem
1021 549 1322 612 superiores
1369 545 1562 616 quibus
1603 549 1866 608 actionem

273 637 432 708 longe
457 640 886 707 praastantiorem
927 656 1106 698 rerum
1147 642 1470 700 moderatrix
1495 643 1696 714 justitia
1723 661 1869 702 sum-

273 745 358 784 ma
387 731 642 788 tribuerit
662 776 680 802 ,
711 735 758 789 si
803 735 920 790 illas
950 735 1234 794 inferiores
1271 739 1422 810 sequi
1449 747 1502 796 et
1543 740 1738 798 imitari
1771 759 1865 798 vo-

269 821 468 878 luerint
489 865 508 892 ,
540 827 817 895 peccando
857 828 994 885 fiunt
1020 830 1172 886 malai
1195 872 1212 898 ,
1245 847 1350 888 non
1379 833 1500 904 quia
1537 833 1705 890 malas
1725 877 1738 901 ,
1767 835 1864 892 sed

267 914 390 982 quia
429 915 574 970 male
604 918 902 976 imitantur.
936 921 1016 976 Ab
1045 921 1152 976 illis
1178 922 1320 978 enim
1349 925 1521 996 agitur
1549 927 1818 998 proprium
1841 969 1857 996 ,

265 1005 336 1060 ab
381 1007 504 1062 istis
544 1012 817 1081 appetitur
855 1013 1086 1070 alienum
1118 1028 1134 1069 :
1163 1015 1303 1072 unde
1345 1017 1449 1074 illa:
1487 1018 1541 1074 in
1571 1033 1668 1075 suo
1696 1020 1861 1092 gradu

269 1109 507 1166 manent,
543 1101 661 1156 istae
687 1103 753 1158 ad
783 1104 1036 1162 inferiora
1075 1119 1407 1179 merguntur.
1433 1109 1590 1166 Velut
1617 1127 1738 1166 cum
1765 1111 1861 1168 lio-

265 1192 436 1248 mines
463 1193 643 1250 l’erina
670 1205 962 1254 sectantur.
995 1200 1224 1257 Pulchre
1251 1217 1480 1274 namque
1505 1205 1703 1260 incedit
1728 1222 1859 1277 qua-

263 1285 574 1356 drupedans
599 1305 772 1360 equus
806 1311 818 1346 :
850 1303 906 1347 at
930 1294 976 1349 si
1003 1293 1108 1372 hoc
1136 1295 1298 1352 homo
1334 1297 1558 1370 pedibus
1585 1302 1858 1357 manibus—

263 1394 364 1447 que
395 1379 673 1450 imitetur,
703 1385 822 1454 quis
869 1400 992 1441 eum
1039 1387 1124 1442 vel
1167 1387 1439 1457 palearum
1481 1391 1600 1446 cibo
1638 1391 1855 1462 dignum

263 1473 456 1540 putet?
485 1473 658 1530 Recte
701 1476 860 1547 igitur
889 1479 1198 1550 plerumque
1240 1482 1604 1552 improbamus
1641 1485 1855 1541 imitano

263 1575 388 1628 tem,
409 1579 539 1620 cum
565 1581 687 1622 eum
717 1573 872 1640 quem
900 1571 1139 1629 imitatur
1157 1575 1464 1644 probemus.
1492 1577 1856 1648 lmprobamus

261 1668 436 1712 autem
461 1702 476 1725 ,
509 1677 620 1715 non
647 1662 768 1732 quia
799 1680 904 1719 non
936 1665 1007 1722 sit
1034 1676 1332 1738 assecutus,
1365 1670 1458 1726 sed
1489 1672 1608 1744 quia
1637 1671 1857 1728 omnino

263 1751 476 1820 assequi
503 1752 692 1806 voluit.
725 1752 782 1818 in
835 1771 976 1826 equo
1023 1758 1166 1813 enim
1217 1760 1504 1830 probamus
1559 1763 1724 1830 illud,
1771 1764 1856 1818 cui

261 1855 516 1912 quantum
547 1847 914 1916 praeponimus
959 1849 1226 1906 hominem
1253 1893 1267 1916 ,
1303 1861 1506 1908 tantum
1536 1855 1856 1912 offendimur

256 1933 398 2002 quod
423 1933 686 1989 inferiora
719 1947 975 1996 sectatur.
1007 1941 1144 2010 Quid
1177 1943 1316 1998 inter
1336 1945 1480 2015 ipsos
1505 1945 1772 2014 homines,
1799 1949 1853 2004 in

253 2025 548 2080 emittenda
571 2041 705 2084 voce
729 2046 905 2086 nonne
931 2033 1072 2102 quod
1113 2051 1286 2104 praeco
1313 2035 1450 2094 bene
1476 2038 1619 2106 facit,
1642 2041 1853 2098 etiamsi

250 2115 446 2172 clarius
475 2135 542 2173 ac
573 2123 767 2176 melius
799 2123 852 2177 id
895 2123 1052 2180 faciat
1080 2139 1296 2184 senator
1325 2147 1570 2200 praecone
1590 2174 1606 2200 ,
1635 2133 1853 2191 insanus

249 2207 364 2262 est?
393 2207 657 2267 Calestia
689 2216 899 2286 suscipe
935 2236 947 2271 :
981 2219 1165 2275 lucens
1197 2221 1318 2276 luna
1349 2223 1615 2290 laudatur,
1649 2241 1852 2300 suoque

250 2315 407 2356 cursu
431 2313 602 2374 atque
621 2307 822 2362 vicibus
847 2309 984 2365 bene
1004 2313 1468 2371 considerantibus
1489 2317 1619 2374 satis
1643 2320 1846 2389 placet;

249 2403 425 2450 tamen
455 2397 504 2452 si
554 2413 674 2451 eam
709 2400 787 2454 sol
819 2401 948 2456 velit
993 2403 1190 2459 imitari
1225 2406 1524 2479 (ﬁngamus
1553 2411 1693 2466 enim
1726 2427 1849 2467 eum

249 2501 402 2556 posse
431 2487 640 2544 habere
669 2489 974 2562 hujusmodi
1003 2497 1364 2570 voluntates),
1395 2501 1478 2556 cui
1507 2517 1613 2556 non
1640 2518 1848 2558 summe

248 2594 306 2634 ac
329 2579 450 2648 jure
481 2581 814 2654 displiceat?
843 2587 924 2640 Ex
951 2589 1141 2658 quibus
1180 2591 1312 2647 illud
1343 2605 1426 2648 est
1452 2595 1594 2666 quod
1617 2597 1846 2670 intelligi

247 2671 382 2726 volo.
411 2671 596 2728 Etiam
641 2675 688 2729 si
731 2685 856 2750 sunt
901 2681 1091 2736 anima:
1123 2681 1299 2756 (quod
1339 2685 1552 2742 interim
1583 2689 1844 2744 incertum

247 2764 378 2834 est),
409 2769 697 2838 corporeis
735 2767 926 2826 officiis
971 2790 1077 2830 non
1121 2786 1344 2848 peccato
1369 2821 1384 2848 ,
1414 2780 1508 2835 sed
1537 2791 1721 2836 natura
1749 2783 1844 2838 dc-

255 2855 374 2912 diue
397 2900 412 2924 ,
446 2874 662 2932 nosque
687 2904 702 2930 ,
734 2880 1037 2937 quanquam
1065 2869 1172 2925 sint
1215 2871 1523 2944 inferiores,
1559 2875 1728 2947 aliqua
1763 2887 1842 2933 ta-

247 2965 364 3006 men
391 2953 660 3010 interiore
689 2957 708 2987 ¹
743 2957 1013 3017 vicinitate
1041 2965 1392 3036 contingunt,
1429 2983 1536 3022 non
1569 2969 1683 3025 illas
1723 2969 1844 3026 ideo

247 3042 410 3097 malas
431 3041 625 3101 haberi
655 3057 928 3120 oportere,
953 3053 1076 3124 quia
1096 3064 1149 3110 et
1175 3071 1271 3111 nos
1293 3072 1412 3112 cum
1435 3074 1525 3114 eas
1549 3061 1839 3130 sequimur,

243 3146 294 3190 et
339 3152 606 3210 corporea
651 3139 961 3214 diligimus,
1008 3147 1136 3202 mali
1181 3163 1367 3204 sumus
1411 3147 1510 3224 (α).
1551 3151 1841 3224 Propterea

243 3229 386 3283 enim
427 3244 694 3302 corporea
733 3233 1005 3306 diligendo
1045 3253 1327 3308 peccamus
1350 3283 1365 3310 ,
1393 3244 1517 3314 quia
1549 3243 1838 3316 Spiritualia

243 3320 466 3392 diligere
496 3331 552 3380 et
583 3323 789 3394 justitia
827 3327 1083 3400 jubemur
1111 3341 1166 3387 et
1206 3341 1395 3389 natura
1435 3351 1718 3406 possumus
1740 3380 1755 3406 ,
1786 3347 1840 3394 et

243 3425 368 3472 tunc
431 3418 486 3474 in
539 3429 725 3498 nostro
785 3438 984 3494 genere
1036 3426 1224 3498 Optimi
1291 3437 1346 3484 et
1396 3429 1689 3487 beatissimi
1741 3447 1836 3488 su-

241 3525 358 3566 mus
385 3509 482 3582 (ὁ).

307 3603 400 3658 21.
444 3605 805 3671 Quamobrem
833 3607 1012 3682 ,quid
1051 3609 1216 3667 habet
1258 3615 1558 3684 argumenti
1602 3623 1834 3674 aestuans

243 3693 294 3747 in
323 3704 609 3765 utramque
639 3708 847 3768 partem
877 3699 1190 3758 deliberatio
1217 3746 1231 3772 ,
1261 3705 1420 3760 modo
1461 3707 1515 3761 in
1557 3716 1833 3778 peccatum

239 3801 408 3856 prona
433 3829 450 3854 ,
481 3790 642 3845 modo
673 3791 724 3846 in
755 3801 904 3850 recte
936 3794 1132 3851 factum
1177 3797 1430 3855 subvecta
1451 3841 1466 3866 ,
1495 3811 1552 3855 ut
1580 3801 1686 3857 duo
1714 3803 1833 3857 ani-

238 3895 450 3934 marum
465 3897 682 3952 genera,
701 3900 929 3955 quorum
949 3887 1166 3944 alteriu
1186 3899 1371 3947 natura
1389 3907 1452 3947 ex
1473 3887 1582 3948 Deo
1599 3893 1687 3962 sit,
1708 3895 1834 3951 alte-

237 3971 350 4027 rius
365 3989 480 4028 non
503 3975 594 4041 sit,
612 3989 856 4046 cogamur
880 3980 1142 4052 accipere,
1164 3997 1285 4037 cum
1307 3983 1528 4039 alias-tot
1544 3999 1730 4040 causas
1750 3986 1830 4041 al-

236 4063 518 4118 ternantis
545 4067 866 4137 cogitationis
940 4073 1211 4143 conjicere
1236 4075 1426 4130 liceat?
1455 4075 1561 4132 Sed
1593 4077 1707 4133 hmc
1728 4077 1829 4134 ob-

235 4169 400 4211 seura
431 4173 573 4224 esse,
600 4171 650 4216 et
669 4161 928 4220 incassum
950 4165 1020 4220 ab
1039 4168 1232 4223 animis
1260 4169 1600 4241 lippientibus
1619 4175 1786 4244 qnzeri
1808 4217 1826 4243 ,

235 4251 484 4320 quisquis
505 4251 674 4310 bonus
691 4272 868 4312 rerum
893 4260 1225 4316 existimator
1240 4271 1341 4330 est,
1361 4265 1523 4320 videt.
1543 4265 1715 4335 Quare
1741 4269 1826 4324 illa

237 4343 412 4413 potius
435 4360 556 4415 quae
575 4347 642 4402 de
661 4349 934 4407 voluntate
955 4361 1112 4422 atque
1136 4364 1354 4424 peccato
1375 4357 1514 4414 dicta
1539 4367 1682 4427 sunt,
1711 4361 1822 4429 illa,

237 4431 469 4505 inquam,
495 4453 616 4507 quae
643 4455 851 4495 summa
891 4443 1092 4512 justitia
1135 4445 1404 4502 neminem
1431 4449 1636 4505 ratione
1667 4459 1823 4506 uten-

237 4534 340 4582 tem
385 4530 640 4600 ignorare
687 4535 984 4604 permittit,
1033 4537 1122 4592 illa
1165 4554 1282 4610 quae
1326 4541 1371 4594 si
1410 4541 1718 4598 auferantur
1737 4559 1824 4600 no-

233 4618 356 4686 bis,
397 4622 534 4676 nihil
583 4631 668 4680 est
729 4625 869 4680 unde
925 4627 1203 4699 disciplina
1253 4629 1460 4686 virtutis
1501 4631 1820 4702 inchoetur,

230 4710 362 4766 nihil
387 4713 530 4768 unde
571 4729 602 4768 a
630 4715 884 4774 vitiorum
911 4729 1082 4776 morte
1124 4719 1145 4751 ⁸
1173 4730 1439 4791 surgatur,
1472 4723 1631 4782 etiam
1661 4734 1826 4796 atque

229 4804 388 4860 etiam
418 4807 756 4866 considerata
798 4811 927 4866 satis
965 4811 1108 4868 clare
1149 4827 1214 4868 ac
1240 4813 1470 4870 dilucide
1497 4815 1820 4872 Maniclireo-

229 4911 348 4952 rum
377 4898 632 4956 haeresim
662 4901 850 4958 falsam
877 4917 1000 4959 esse
1025 4905 1366 4960 convincunt.

295 4989 524 5047 CAPUT
549 4993 690 5049 XIV.
720 5025 795 5036 —
820 4995 912 5050 22.
939 4997 1164 5052 Rursum
1196 5014 1257 5052 ea:
1287 5000 1559 5069 pmnitendi
1601 5001 1820 5060 utilitate

185 5073 204 5096 ⁸
225 5093 540 5138 monstratur
563 5087 762 5142 animas
785 5105 888 5143 non
915 5097 1102 5144 natura
1126 5089 1288 5144 malas
1327 5107 1450 5146 8888.
1482 5091 1815 5149 Demonstra-

225 5176 349 5230 tioni
391 5187 500 5230 tam
545 5189 695 5236 cerne
735 5182 940 5236 nonnisi
973 5199 1036 5237 ea:
1077 5183 1434 5238 consuetudine
1457 5186 1662 5240 errandi
1690 5203 1814 5242 con-

223 5269 510 5324 tradicitur.
545 5269 746 5328 Horum
773 5274 950 5330 simile
973 5283 1056 5330 est
1081 5275 1224 5346 quod
1247 5275 1316 5332 de
1339 5275 1648 5346 pcenitendo
1675 5295 1815 5336 nunc

224 5356 420 5414 dicam.
453 5359 610 5430 Nam,
639 5371 697 5420 ut
736 5364 876 5422 inter
910 5380 1099 5422 omnes
1144 5381 1306 5424 sanos
1328 5377 1558 5435 constat,
1587 5377 1643 5426 et
1671 5371 1812 5441 quod

221 5447 322 5518 ipsi
345 5451 630 5509 Manichaei
657 5469 767 5512 non
791 5457 966 5514 solum
987 5457 1242 5528 fatentur,
1265 5460 1360 5518 sed
1385 5469 1441 5518 et
1466 5463 1809 5534 praecipiunt,

279 5647 304 5720 ξ
329 5649 482 5720 sicin
501 5655 610 5720 uss.
633 5657 690 5701 At
709 5653 762 5702 in
785 5655 1262 5720 excusis,_inferiore.

281 5709 304 5782 ξ
335 5710 476 5782 editi,
500 5711 788 5782 alternantes
1161 5721 1462 5782 mstigantur
1485 5735 1548 5775 ex
1573 5730 1680 5778 llas.

281 5771 618 5847 institisse.
653 5784 710 5827 At
731 5777 782 5828 in
803 5771 1002 5847 excusis
1023 5781 1190 5847 vulgo,
1226 5771 1368 5836 ιηὸιε.

279 5831 356 5904 ζει)
375 5839 403 5904 t_
419 5841 644 5904 actiacti,
665 5853 772 5904 cap.
797 5839 874 5904 15,
892 5854 942 5892 n.
965 5831 1016 5894 ⁵1.

281 5893 354 5957 (b)
371 5897 516 5957 tbid..
539 5913 588 5950 n.
611 5893 658 5954 8.

1701 435 1904 494 LIBER
1941 438 2138 498 UNUS.

3457 467 3562 526 1εο

1979 554 2110 609 utile
2152 561 2234 610 est
2263 557 2524 628 poenitere
2563 565 2781 632 peccati.
2835 567 2970 636 Quid
3025 585 3123 642 ego
3171 577 3394 634 nuncin
3421 577 3560 638 hanc

1973 660 2087 700 rem
2114 646 2409 708 divinarum
2443 653 2834 726 Scripturarum
2867 663 3184 734 testimonia,
3213 684 3330 740 qua:
3357 687 3558 744 usque-

1972 750 2183 808 quaque
2206 739 2394 798 diffusa
2423 755 2564 814 sunt,
2593 749 2877 822 colligam?
2908 754 3024 812 Vox
3051 765 3134 812 est
3157 739 3318 816 etiam
3345 739 3454 818 ista
3471 782 3556 820 na.

1971 833 2142 884 tunc:
2171 833 2438 890 neminem
2486 838 2704 896 stultum
2749 843 2826 898 rei
2873 843 3028 916 hujus
3073 851 3254 906 notitia
3280 852 3554 924 deseruit;

1970 919 2074 978 hoc
2101 923 2258 982 nobis
2288 927 2390 983 nisi
2419 931 2626 999 penitus
2651 935 2867 994 insitum
2893 949 3056 1010 esset,
3095 945 3410 1014 periremus.
3453 950 3557 1006 Po-

1970 1023 2074 1070 test
2113 1017 2307 1089 aliquis
2333 1020 2530 1090 dicere,
2562 1041 2664 1080 non
2691 1042 2750 1084 se
2779 1046 2999 1098 peccare
3029 1053 3044 1088 :
3085 1052 3190 1094 non
3236 1050 3412 1096 autem
3451 1043 3554 1100 sibi

1969 1120 2106 1176 esse,
2137 1109 2180 1164 si
2215 1115 2534 1182 peccaverit,
2577 1119 2960 1190 ptenitendum,
2993 1126 3139 1184 nulla
3167 1130 3440 1188 barbaries
3469 1133 3552 1188 di-

1967 1212 2090 1252 cere
2116 1201 2350 1258 audcbit.
2385 1205 2515 1272 Quae
2558 1223 2678 1264 cum
2729 1211 2799 1266 ita
2851 1216 2974 1282 sint,
3015 1233 3198 1288 qurere
3239 1237 3304 1276 cx
3345 1223 3554 1280 duobus

1967 1289 2072 1346 illis
2097 1293 2382 1362 generibus
2407 1299 2726 1370 animarum,
2749 1304 2900 1374 cujus
2929 1308 2996 1362 sit
3022 1312 3282 1378 poenitere
3311 1317 3553 1384 peccati?

1965 1381 2088 1438 Scio
2113 1387 2326 1456 quidem
2353 1406 2527 1462 neque
2553 1393 2694 1449 illius
2723 1411 2842 1452 esse
2864 1414 3040 1468 posse,
3068 1405 3156 1472 qui
3185 1405 3322 1462 male
3347 1405 3546 1476 facere,

1963 1489 2139 1546 neque
2177 1478 2319 1536 illius
2353 1483 2444 1552 qui
2491 1483 2626 1540 bene
2659 1486 2833 1543 facere
2873 1506 2977 1545 non
3023 1501 3197 1561 potest
3229 1513 3241 1548 :
3271 1513 3457 1567 quare,
3491 1510 3548 1554 ut

1961 1583 2150 1624 eorum
2180 1573 2358 1629 verbis
2399 1583 2540 1644 utar,
2587 1579 2632 1634 si
2687 1581 2915 1636 animam
2963 1585 3301 1642 tenebrarum
3343 1593 3548 1660 peccati

1963 1665 2206 1734 poenitet,
2257 1681 2361 1722 non
2393 1677 2476 1724 est
2521 1671 2588 1728 de
2614 1673 2907 1732 substantia
2937 1679 3128 1732 summi
3159 1682 3284 1736 mali
3310 1700 3322 1748 ;
3351 1685 3396 1738 si
3435 1685 3550 1739 ani-

1961 1769 2104 1810 mam
2132 1757 2283 1823 lucis,
2313 1775 2418 1815 non
2451 1771 2531 1816 est
2557 1763 2622 1818 dc
2648 1765 2941 1825 substantia
2971 1773 3162 1828 summi
3191 1774 3334 1842 boqi.
3365 1775 3546 1832 Paeni-

1961 1847 2104 1903 tendi
2148 1853 2290 1907 enim
2333 1855 2553 1912 affectus
2605 1858 2694 1914 ille
2721 1862 2808 1930 qui
2839 1863 3067 1931 prodest,
3102 1874 3156 1921 et
3183 1869 3323 1923 male
3359 1869 3550 1928 fecisse

1960 1943 2305 2012 ptenitentem
2341 1949 2380 2015 ί,
2409 1955 2464 2004 et
2493 1950 2628 2006 bene
2655 1951 2832 2010 facere
2860 1958 3095 2026 potuisse
3125 1967 3370 2016 testatur.
3400 1963 3548 2030 Quo-

1957 2035 2120 2090 modo
2147 2038 2306 2107 igitur
2333 2056 2396 2095 ex
2425 2057 2511 2098 me
2548 2044 2680 2099 nihil
2717 2049 2863 2114 mali,
2897 2049 2942 2104 si
2977 2065 3074 2122 ego
3099 2067 3378 2124 perperam
3405 2055 3548 2113 feci?

1957 2135 2047 2180 aut
2076 2131 2345 2198 quomodo
2370 2149 2457 2188 me
2482 2146 2624 2191 recte
2657 2140 2892 2206 poenitet,
2920 2143 2964 2196 si
2989 2159 3086 2214 ego
3107 2161 3212 2201 non
3241 2147 3379 2203 feci?
3408 2149 3548 2206 Audi

1957 2227 2164 2288 partem
2191 2223 2414 2280 alteram
2448 2243 2460 2281 :
2492 2229 2771 2296 Quomodo
2801 2251 2865 2288 ex
2893 2251 2979 2292 me
3009 2238 3137 2293 nihil
3167 2241 3290 2296 boni
3317 2251 3419 2307 est,
3461 2246 3548 2300 cui

1955 2309 2094 2367 bona
2125 2313 2370 2371 voluntas
2401 2319 2573 2375 inest?
2602 2331 2692 2378 aut
2717 2327 2986 2394 quomodo
3013 2345 3097 2384 me
3127 2341 3272 2388 recte
3296 2335 3539 2404 paenitet,

1955 2403 2002 2458 si
2029 2421 2132 2460 non
2161 2408 2336 2464 inest?
2361 2411 2719 2478 Quamobrem
2743 2429 2848 2484 aut
2891 2431 3084 2492 negent
3109 2423 3194 2479 isti
3224 2441 3344 2483 esse
3371 2431 3542 2499 paeni-

1953 2495 2098 2551 tendi
2127 2515 2371 2571 magnam
2415 2506 2715 2575 utilitatem,
2749 2519 2805 2564 ut
2844 2527 2948 2567 non
2975 2515 3146 2569 solum
3178 2533 3208 2571 a
3253 2519 3544 2576 christiano

1952 2587 2186 2654 nomine,
2235 2591 2329 2646 sed
2373 2594 2439 2650 ab
2478 2599 2622 2652 omni
2671 2601 2830 2654 etiam
2871 2603 2952 2658 vel
2999 2605 3306 2677 imaginaria
3335 2613 3540 2668 ratione

1949 2677 2248 2748 pellantur;
2289 2694 2379 2740 aut
2416 2687 2713 2746 animarum
2746 2693 2834 2749 illa
2862 2695 2967 2752 duo
3011 2713 3229 2770 genera,
3277 2719 3441 2759 unum
3472 2721 3541 2762 ex

1949 2785 2056 2839 quo
2083 2771 2214 2828 nihil
2244 2777 2392 2843 mali,
2424 2780 2647 2837 alterum
2675 2799 2742 2839 ex
2767 2803 2872 2857 quo
2899 2789 3029 2844 nihil
3050 2791 3174 2846 boni
3201 2795 3285 2860 sit,
3313 2796 3494 2853 dicere
3517 2799 3538 2830 ³

1951 2871 2110 2932 atque
2156 2860 2350 2924 docere
2389 2870 2500 2940 jam
2547 2873 2835 2932 desinant:
2865 2881 3006 2950 quod
3052 2883 3096 2938 si
3127 2885 3338 2953 faciant,
3370 2889 3538 2945 Mani-

1947 2954 2086 3010 clrri
2114 2973 2231 3015 esse
2261 2965 2440 3033 utique
2479 2965 2587 3035 jam
2618 2969 2898 3038 desinent;
2951 2989 3074 3030 nam
3125 2985 3234 3032 tota
3261 2981 3362 3034 illa
3393 2993 3538 3040 secta

1947 3045 2048 3102 ista
2075 3048 2296 3122 bicipiti,
2335 3056 2419 3110 vel
2445 3059 2621 3127 potius
2651 3063 2910 3134 prmcipiti
2953 3065 3250 3126 animarum
3281 3074 3537 3130 varietate

1944 3137 2184 3198 fulcitur.

2013 3235 2104 3294 23.
2136 3239 2214 3296 Αε
2250 3243 2382 3299 mihi
2412 3247 2624 3318 quidem
2652 3252 2783 3307 satis
2809 3261 2890 3309 est
2916 3255 2996 3312 sic
3037 3259 3174 3316 scire
3203 3261 3342 3332 quod
3367 3263 3536 3320 Mani-

1943 3329 2078 3385 chtei
2104 3347 2304 3404 errent,
2340 3347 2397 3393 ut
2421 3341 2532 3396 scio
2557 3345 2921 3412 paenitendum
2951 3365 3070 3405 esse
3096 3355 3335 3423 peccati:
3366 3365 3419 3412 et
3449 3367 3532 3412 ta-

1941 3437 2064 3477 men
2093 3425 2140 3480 si
2170 3441 2312 3482 nunc
2339 3433 2632 3489 amicorum
2675 3453 2913 3494 meorum
2942 3441 3193 3514 aliquem,
3235 3447 3322 3516 qui
3367 3465 3533 3520 usque

1941 3512 2116 3570 adhuc
2135 3515 2257 3573 illos
2279 3521 2572 3579 audiendos
2599 3537 2766 3596 putat,
2786 3512 3098 3604 compellem
3118 3512 3238 3606 jure
3253 3512 3526 3608 amicitiai,

1940 3611 1995 3658 et
2022 3608 2071 3660 el
2096 3605 2289 3677 dicam,
2320 3611 2506 3669 Scisne
2533 3617 2660 3672 utile
2689 3633 2828 3687 esse,
2863 3637 2983 3677 cum
3026 3605 3250 3698 quisque
3277 3645 3531 3698 peccave-

1937 3695 2025 3764 rit,
2075 3701 2380 3768 paenitere?
2418 3707 2534 3762 sine
2571 3709 2899 3768 dubitatione
2943 3731 3002 3769 se
3051 3695 3186 3770 scire
3219 3695 3441 3788 jurabit.
3471 3721 3526 3780 Si

1937 3802 2066 3860 ergo
2095 3799 2148 3847 te
2173 3793 2352 3850 fecero
2375 3797 2442 3851 ita
2467 3801 2603 3854 scire
2625 3799 2811 3856 falsam
2842 3819 2962 3860 esse
2989 3805 3402 3866 Manichaeorum
3424 3812 3526 3868 liae-

1935 3884 2119 3952 resim,
2147 3885 2547 3946 desiderabisne
2575 3894 2842 3962 amplius?
2865 3895 3000 3963 Quid
3023 3901 3250 3969 amplius
3277 3917 3336 3958 se
3367 3913 3526 3973 posse

1933 3973 1987 4029 in
2017 3973 2114 4031 hac
2142 3993 2202 4032 re
2243 3979 2548 4038 desiderem
2589 3983 2612 4016 ³
2637 3986 2978 4055 respondeat.
3006 3989 3150 4047 Bene
3176 3993 3386 4063 quidem
3416 3995 3526 4052 huc

1933 4081 2121 4138 usque.
2151 4067 2258 4125 Sed
2303 4087 2422 4128 cum
2472 4076 2755 4132 ostendere
2801 4093 3016 4149 cmpero
3055 4093 3228 4138 certas
3276 4097 3525 4142 necessa-

1932 4160 2148 4231 riasque
2187 4165 2441 4234 rationes,
2481 4183 2604 4240 quae
2635 4169 2780 4224 illam
2824 4174 3241 4243 propositionem
3271 4177 3526 4234 adaman-

1933 4253 2078 4320 tinis,
2109 4265 2166 4311 ut
2204 4259 2396 4314 dicitur
2415 4303 2428 4326 ,
2457 4265 2658 4318 catenis
2693 4264 2902 4319 innexa:
2929 4279 3344 4338 consequuntur,
3375 4287 3521 4328 rem-

1929 4364 2036 4420 que
2063 4358 2226 4406 totam
2252 4353 2318 4410 ad
2357 4357 2756 4412 conclusionem
2805 4374 2908 4429 qua
2953 4361 3042 4415 illa
3083 4364 3337 4418 ewrtitur
3375 4375 3521 4422 secta

1931 4441 2266 4510 perduxero;
2299 4446 2511 4515 negabit
2554 4463 2614 4502 se
2653 4449 2873 4504 forsitan
2902 4451 3038 4506 scire
3063 4453 3344 4510 utilitatem
3373 4457 3521 4514 illam

1929 4535 2246 4604 paenitendi,
2274 4553 2434 4606 quam
2479 4553 2636 4596 nemo
2673 4541 2880 4608 doctus,
2911 4559 3068 4600 nemo
3095 4546 3340 4604 indoctus
3365 4550 3518 4622 igno-

1927 4633 2043 4689 rat;
2077 4635 2130 4680 et
2175 4628 2350 4696 potius
2378 4643 2436 4683 se
2463 4631 2602 4686 scire
2629 4634 2934 4698 contendet,
2969 4651 3090 4692 eum
3135 4638 3440 4698 dubitamus
3467 4653 3522 4700 et

1928 4713 2306 4788 deliberamus,
2331 4719 2463 4774 duas
2491 4721 2544 4780 in
2573 4724 2724 4780 nobis
2753 4726 2958 4782 animas
2989 4731 3280 4800 patrocinia
3302 4737 3516 4810 propria

1928 4803 2150 4874 singulis
2179 4808 2492 4876 quaestionis
2519 4813 2760 4882 partibus
2805 4815 3078 4878 adhibere.
3121 4821 3167 4876 Ο
3187 4803 3518 4882 consuetudo

1925 4899 2164 4968 peccati!
2198 4915 2230 4954 ο
2256 4916 2438 4957 comes
2459 4919 2614 4974 pinna
2644 4904 2666 4937 ι
2683 4909 2921 4976 peccati!
2956 4911 3064 4967 Vos
3092 4929 3178 4968 me
3205 4923 3333 4970 tunc
3359 4932 3388 4970 a
3419 4933 3511 4974 re-

1923 5003 2042 5048 rum
2071 5000 2176 5046 tam
2203 4991 2604 5050 manifestarum
2629 4997 3060 5058 consideratione
3079 5007 3344 5061 avertistis
3368 5023 3382 5073 ;
3413 5011 3510 5066 sed

1924 5096 2030 5136 non
2059 5084 2304 5138 sentienti
2333 5085 2604 5143 nocebatis
2635 5107 2648 5142 :
2677 5106 2820 5146 nunc
2849 5107 2978 5148 vero
3003 5093 3056 5148 in
3082 5094 3512 5156 familiarissimis

1921 5172 2351 5236 meis_similiter
2393 5191 2502 5232 non
2549 5180 2902 5238 sentientibus
2944 5199 3032 5238 me
3072 5183 3184 5255 jam
3221 5187 3508 5248 vulneratis

1920 5267 2284 5337 torquetisque
2311 5271 2649 5330 sentientem.

1991 5355 2215 5414 CAPUT
2253 5359 2370 5415 XV.
2401 5391 2475 5402 --
2496 5361 2586 5418 24.
2617 5361 2742 5419 Orat
2769 5382 2862 5437 pro
2881 5365 3056 5422 amicis
3079 5383 3204 5438 quos
3229 5372 3400 5429 habuit
3427 5394 3508 5434 er-

1916 5448 2047 5504 roris
2067 5449 2250 5506 socios.
2279 5452 2554 5512 Attendite
2579 5455 2700 5526 ista,
2729 5463 2928 5528 quaeso,
2947 5455 3248 5519 charissimi
3279 5483 3292 5518 :
3325 5477 3506 5526 vestra

1981 5607 2007 5685 ξ
2025 5607 2098 5657 sic
2119 5619 2292 5685 omnes
2310 5617 2419 5685 atss.
2442 5611 2562 5662 Editi
2582 5624 2721 5674 vero,
2747 5613 2934 5677 affectio
2953 5613 3041 5667 illa
3061 5630 3173 5683 qua:
3191 5620 3354 5685 prodit
3377 5601 3506 5676 male

1913 5666 2081 5731 fecisse
2101 5670 2416 5732 paenitentem.
2707 5666 2718 5674 '
2775 5666 2804 5677 "
2879 5725 2888 5730 _

1979 5733 1999 5798 ξ
2033 5732 2162 5798 Apud
2187 5739 2260 5782 Er.
2281 5735 2425 5796 Lugd.
2445 5743 2560 5798 ven.
2585 5743 2714 5798 μοι,
2737 5737 2943 5792 discere.
3007 5748 3066 5792 Μ.

1979 5793 1999 5824 ³
2032 5795 2171 5872 mliti,
2190 5808 2300 5872 esse
2315 5793 2466 5872 posset
2500 5797 2552 5848 in
2587 5797 2679 5850 huc
2697 5793 2751 5853 re
2787 5802 3182 5857 desiderantium.
3203 5813 3261 5858 At
3295 5815 3420 5872 Mss,
3445 5822 3501 5862 se

1911 5863 2049 5918 posse
2069 5854 2121 5905 in
2142 5853 2232 5904 hac
2250 5869 2302 5906 re
2315 5853 2622 5912 "desiderare.

1979 5915 2003 5947 ι
2033 5917 2138 5968 Sola
2159 5917 2267 5968 fere
2283 5919 2431 5973 editio
2453 5929 2584 5986 Lov.,
2609 5939 2765 5990 pm

2551 5960 2584 5986 ο,
2610 5960 2780 5986 μυυηιιη
