4054 6526
1268 490 1542 547 CONTRA
1581 485 2050 547 FORTUNATUM
2088 487 2537 558 MANICHA'JUM,
2578 491 2636 548 S.
2677 490 3045 549 AUGUSTINI
3693 495 3801 549 112

2218 607 2393 662 mittas
2415 607 2512 678 (a).
2544 606 2713 663 Video
2755 609 2984 665 maxlme
3014 610 3310 679 exspectari
3357 609 3459 666 hoc
3497 611 3634 680 loco,
3670 625 3811 681 quo-

2192 700 2374 754 'modo
2404 700 2566 755 etiam
2594 700 2882 756 catholicas
2902 699 3203 771 Scripturas
3241 717 3269 755 a
3308 701 3609 758 Maniclmis
3646 714 3815 757 accu-

2216 800 2358 847 satas
2387 792 2467 847 vel
2500 802 2623 847 tunc
2651 792 3016 859 defenderem,
3040 794 3108 861 si,
3134 802 3191 847 ut
3218 794 3359 863 dico,
3387 804 3575 849 cautus
3603 810 3802 864 essem;

2214 887 2299 942 vel
2343 902 2483 941 nunc
2513 884 2725 941 defendi
2753 901 2908 956 posse
2935 887 3318 941 demonstrem.
3349 884 3453 942 Sed
3483 888 3535 941 in
3561 887 3681 942 aliis
3712 903 3808 943 vo-

2215 978 2506 1033 luminibus
2534 978 2672 1033 Dens
2694 977 2963 1047 adjuvabit
2982 979 3314 1049 propositum
3336 992 3544 1041 meum;
3568 993 3691 1031 nam
3714 978 3810 1034 hu-

2209 1073 2299 1141 jus
2324 1070 2453 1141 jam,
2478 1078 2732 1140 quantum
2760 1069 3008 1136 arbitror,
3038 1068 3312 1125 moderata
3345 1069 3358 1100 ¹
3391 1069 3537 1139 parci
3577 1069 3680 1124 sibi
3705 1085 3804 1139 p0-

2214 1165 2376 1219 stulat
2402 1164 2695 1235 longitudo.

521 489 623 546 111
686 445 704 463 ι

521 604 733 674 ingenia
765 603 900 659 bene
944 604 1085 660 novi.
1131 604 1188 660 Si
1230 607 1359 661 mihi
1405 622 1544 661 nunc
1586 621 1682 660 vos
1711 606 2112 677 qualiscumque

520 694 754 751 hominis
783 706 1018 752 mentem
1045 698 1410 767 rationemque
1439 686 1753 767 conceditis,
1787 698 1953 752 multo
1994 713 2111 752 ccr‘

519 788 655 843 tiora
684 800 827 859 sunt,
859 808 1018 863 quam
1063 809 1182 864 qua:
1208 792 1279 848 ibi
1316 794 1397 848 vel
1439 792 1749 849 videbamur
1769 792 1993 858 discere,
2024 792 2109 847 vel

520 882 693 953 magis
721 884 944 941 credere
980 885 1322 956 cogebamur.
1352 884 1494 941 Deus
1521 901 1733 956 magne,
1764 886 1907 941 Deus
1937 886 2109 940 omni-

518 985 732 1045 potens,
763 978 904 1034 Deus
946 995 1169 1035 summa:
1220 979 1494 1047 bonitatis,
1541 998 1700 1051 quem
1746 982 2106 1036 inviolabilem

513 1078 675 1139 atque
705 1071 1195 1128 incommutabilem
1225 1074 1372 1129 credi
1413 1084 1571 1144 atque
1616 1075 1837 1145 intelligi
1884 1074 1961 1129 fas
2001 1056 2117 1142 est,

514 1157 677 1215 Trina
706 1164 899 1231 unitas,
932 1180 1088 1233 quam
1120 1166 1379 1220 catholica
1425 1166 1666 1221 Ecclesia
1706 1167 1853 1231 colit,
1884 1167 2107 1236 supplex

512 1264 631 1319 oro,
664 1262 912 1323 expertus
935 1256 988 1310 in
1015 1272 1101 1313 me
1124 1258 1546 1313 misericordiam
1578 1269 1742 1325 tuam,
1772 1276 1838 1314 ne
1861 1259 2106 1315 homines

513 1356 637 1397 cum
684 1346 877 1414 quibus
922 1348 1053 1402 mihi
1095 1364 1124 1402 a
1171 1350 1393 1418 pueritia
1440 1352 1493 1406 in
1533 1353 1681 1406 omni
1719 1354 1967 1407 convictu
2006 1352 2107 1408 fuit

2278 1324 2297 1354 ί
2332 1322 2483 1371 Editio
2506 1328 2600 1381 Er.,
2626 1321 2960 1372 immoderata.

2279 1383 2353 1418 ln\
2380 1390 2391 1418 Ι
2420 1391 2600 1418 Rau-9m
2670 1396 2757 1418 nan
2802 1385 2859 1418 4ῗί
2897 1398 2924 1418 n

2279 1383 2353 1447 (a)
2376 1390 2395 1431 ι
2418 1391 2642 1446 Retract.,
2670 1396 2773 1448 cap.
2802 1385 2874 1446 15,
2896 1398 2947 1433 ιι.
2968 1383 3015 1432 8.
3066 1394 3077 1409 '

425 1430 448 1491 ’μ
510 1447 719 1491 summa
746 1440 1047 1506 consensio,
1082 1440 1133 1494 in
1177 1450 1266 1497 tuo
1295 1443 1440 1498 cultu
1466 1459 1497 1497 a
1526 1459 1613 1500 me
1649 1443 1934 1500 dissentire
1975 1459 2101 1514 per-

406 4830 435 4863 ἰ

415 5170 427 5203 ι’

422 1562 445 1573 ἰ

420 1573 425 1581 ⁴
514 1584 1579 1597 Ξῄ-ᾑ-ῂ-ῌΪγν
2094 1596 2187 1597 κγγῗ
2230 1585 3801 1597 ,,————__—__———g———v—~——

3121 1591 3126 1599 .
3163 1591 3172 1598 _
3187 1585 3572 1598 ___.__..._.
3744 1587 3801 1594 .-

510 1584 3805 1646 Η

416 1660 427 1679 τ

1169 1702 1329 1784 DE
1368 1704 2220 1814 SUBSEQUENTE
2276 1702 3178 1796 DISPUTATIONE:

1685 1860 1946 1900 POSSlDlUS
1975 1862 2024 1899 ΙΝ
2054 1860 2330 1900 AUGUSTI?“
2357 1861 2516 1911 VITA,
2545 1860 2663 1900 CAP.
2697 1860 2772 1899 Vl.

579 1925 722 1986 Sane
769 1937 892 1986 tunc
922 1932 974 1986 in
1023 1932 1112 1987 illa
1155 1932 1481 2003 Hipponiensi
1509 1936 1639 1992 urbe
1660 1978 1675 2005 ,
1705 1937 2120 1992 Manichaeorum
2148 1937 2449 2007 pestilentia
2479 1937 2899 2007 quamplurimos
2934 1935 3079 1991 cives
3115 1943 3172 1991 et
3212 1932 3521 2005 peregrinos
3549 1929 3809 1987 infecerat

508 2029 562 2075 et
616 2032 1023 2092 penetraverat,
1074 2026 1362 2083 scducente
1406 2037 1460 2084 et
1489 2029 1786 2100 decipiente
1816 2030 2054 2101 ejusdem
2106 2030 2325 2085 haeresis
2354 2029 2583 2100 quodam
2632 2030 2944 2100 presbytero
2982 2028 3196 2083 nomine
3226 2027 3547 2093 Fortunato,
3602 2022 3805 2079 ibidem

506 2125 859 2172 conversante
899 2126 1059 2187 atque
1086 2128 1354 2173 manente.
1393 2119 1595 2176 Interea
1647 2121 2015 2191 Hipponienses
2064 2121 2207 2176 cives
2247 2128 2300 2175 et
2348 2120 2613 2191 peregrini
2651 2119 2939 2174 Christiani
2991 2128 3099 2173 tam
3152 2117 3411 2172 Catholici
3447 2129 3603 2185 quam
3643 2114 3807 2168 etiam

503 2206 801 2263 Donatistae
848 2211 1044 2266 adeunt
1082 2215 1435 2283 Augustinum
1476 2215 1842 2286 presbyterum
1869 2259 1883 2282 ,
1917 2224 2078 2287 atque
2124 2214 2421 2285 deposcunt
2474 2224 2531 2269 ut
2576 2214 2726 2269 illum
2776 2214 3047 2269 hominem
3077 2211 3490 2269 Manichaeorum
3521 2208 3810 2280 presbyte-

501 2314 664 2367 rum,
697 2316 858 2370 quem
883 2302 1099 2359 doctum
1134 2294 1456 2373 credebant,
1511 2307 1749 2374 videret,
1786 2317 1984 2364 etcum
2019 2308 2206 2364 eodem
2255 2308 2323 2362 de
2366 2308 2507 2379 Lege
2535 2315 2805 2363 tractaret.
2855 2305 3006 2374 Quod
3054 2304 3227 2371 idem,
3276 2313 3336 2359 ut
3382 2304 3637 2373 scriptum
3678 2308 3801 2370 est,

502 2401 721 2462 paratus
769 2395 838 2449 ad
884 2398 1287 2466 responsionem
1339 2400 1486 2455 omni
1531 2400 1774 2470 poscenti
1815 2414 1872 2455 se
1920 2401 2183 2455 rationem
2217 2399 2284 2454 de
2323 2398 2429 2454 ﬁde
2470 2408 2524 2453 et
2569 2414 2663 2469 spe
2706 2414 2826 2469 qua:
2865 2398 2918 2453 in
2954 2396 3123 2452 Deum
3159 2406 3241 2451 est
3269 2394 3333 2467 (l
3367 2392 3510 2448 Petr.
3544 2410 3622 2461 ιιι,
3658 2392 3799 2461 15),

501 2495 813 2561 potensque,
841 2490 1112 2546 exhortari
1152 2492 1204 2545 in
1246 2492 1486 2548 doctrina
1526 2508 1691 2561 sana,
1737 2502 1791 2549 et
1859 2492 2289 2549 contradicentes
2350 2491 2717 2562 rcdarguere(
2764 2490 2866 2545 Tit.
2923 2506 2979 2555 1,
3035 2487 3134 2558 9),
3180 2488 3400 2543 minime
3449 2486 3643 2542 renuit.
3696 2482 3809 2538 Sed

500 2584 681 2632 utrum
712 2579 873 2633 etiam
903 2580 1006 2635 hoc
1059 2580 1383 2638 Fortunatus
1408 2584 1525 2639 fieri
1550 2585 1743 2651 vellet,
1795 2585 2095 2640 sciscitatus
2124 2594 2226 2640 est.
2268 2584 2339 2638 At
2365 2583 2442 2637 illi
2470 2583 2750 2638 confestim
2778 2582 2846 2637 ad
2893 2581 3067 2652 ipsum
3110 2580 3461 2635 Fortunatum
3504 2578 3557 2633 id
3598 2577 3808 2633 detule-

498 2678 655 2737 runt,
691 2682 937 2740 petentes
966 2681 1021 2727 et
1048 2673 1394 2730 exhortantes
1434 2690 1497 2731 ac
1538 2674 1837 2746 ﬂagitantes
1863 2718 1878 2742 ,
1930 2676 2071 2746 quod
2100 2675 2153 2730 id
2193 2674 2413 2729 minime
2456 2681 2746 2729 recusaret.
2797 2672 2938 2727 Sane
2982 2671 3233 2742 quoniam
3287 2669 3428 2725 idem
3475 2667 3807 2723 Fortunatus

498 2760 612 2829 jam
640 2763 783 2831 apud
811 2763 1189 2835 Carthaginem
1220 2775 1461 2823 sanctum
1489 2776 1712 2823 noverat
1740 2768 2091 2837 Augustinum
2120 2766 2298 2823 adhuc
2325 2767 2381 2822 in
2403 2763 2591 2821 eodem
2617 2779 2800 2820 secum
2831 2777 3013 2818 errore
3041 2761 3388 2817 constitutum
3411 2799 3426 2825 ,
3457 2773 3578 2813 cum
3606 2758 3807 2813 eodem

505 2854 763 2924 congredi
789 2857 1075 2925 pavitabat.
1104 2858 1485 2916 Verumtamen
1518 2875 1738 2916 suorum
1768 2860 1997 2914 maxime
2015 2859 2261 2915 instantia
2289 2866 2505 2914 coactus
2533 2872 2597 2912 ac
2621 2855 3033 2920 verecundatus,
3060 2852 3305 2923 promisit
3332 2851 3573 2906 cominus
3597 2864 3654 2903 se
3679 2864 3809 2905 esse

498 2952 804 3012 venturum,
837 2958 1215 3020 certamenque
1242 2950 1546 3020 disputandi
1578 2950 1895 3004 subiturum.
1952 2948 2099 3005 Unde
2137 2949 2386 3004 condicto
2419 2946 2507 3003 die
2544 2957 2599 3003 et
2634 2946 2752 3001 loco
2786 2952 3151 3000 convenerunt
3179 2943 3233 2997 in
3262 2956 3445 3009 unum,
3473 2955 3805 2997 concurren-

498 3033 641 3091 tibus
667 3038 1072 3107 quamplurimis
1093 3040 1220 3095 viris
1246 3040 1499 3097 studiosis
1522 3042 1794 3111 turbisque
1814 3041 2062 3107 curiosis,
2091 3050 2145 3097 et
2169 3041 2367 3111 apertis
2388 3041 2716 3095 notariorum
2741 3038 2955 3105 tabulis,
2982 3036 3269 3106 disputatio
3291 3044 3374 3090 est
3402 3045 3574 3104 coepta
3603 3034 3803 3102 primo,

481 3114 555 3180 ἐι
581 3126 816 3182 secundo
843 3128 990 3183 ﬁnita
1018 3139 1101 3185 est
1123 3130 1228 3185 die.
1260 3131 1315 3186 In
1346 3147 1449 3202 qua
1475 3132 1561 3187 ille
1590 3131 1913 3187 manichmus
1938 3140 2256 3202 praeceptor,
2295 3140 2352 3185 ut
2391 3130 2672 3186 Gestorum
2703 3130 2942 3185 continet
2974 3128 3124 3194 fides,
3153 3144 3252 3183 nec
3278 3127 3593 3182 catholicam
3620 3140 3807 3180 asser-

500 3218 705 3275 tionem
724 3222 895 3290 potuit
919 3236 1197 3290 cvacuare,
1226 3238 1327 3278 nec
1353 3223 1763 3279 Manichaeorum
1790 3232 1992 3278 sectam
2014 3223 2300 3279 subnixam
2321 3223 2545 3278 veritate
2564 3222 2729 3276 valuit
2754 3220 3103 3290 comprobare
3135 3237 3148 3272 :
3178 3218 3271 3273 sed
3297 3217 3553 3272 deficiens
3578 3230 3806 3284 reSpon-

502 3310 679 3379 sione,
710 3313 903 3368 ultimo
933 3314 1254 3369 collaturum
1291 3330 1351 3371 se
1385 3331 1507 3371 cum
1537 3316 1645 3371 suis
1685 3315 1978 3386 majoribus
2003 3331 2065 3370 ea
2096 3331 2216 3387 qum
2243 3314 2489 3370 refellere
2520 3329 2623 3369 non
2668 3313 2858 3383 potuit,
2889 3298 3203 3382 prosecutus
3228 3317 3344 3373 est;
3372 3317 3426 3363 et
3452 3308 3495 3361 si
3526 3308 3624 3362 sibi
3654 3305 3802 3361 forte

497 3399 566 3455 de
606 3401 691 3457 his
731 3403 861 3458 satis
899 3405 1122 3459 minime
1166 3406 1439 3473 fecissent,
1484 3420 1595 3461 suae
1632 3407 1823 3461 anima:
1861 3407 2229 3463 consulturum
2260 3425 2271 3460 :
2299 3416 2459 3477 atque
2487 3406 2561 3461 ita
2589 3406 2655 3461 ab
2683 3404 2929 3460 omnibus
2958 3402 3097 3474 apud
3125 3416 3259 3472 quos
3285 3416 3508 3472 magnus
3529 3408 3584 3455 et
3610 3398 3807 3454 doctus

496 3494 797 3563 videbatur,
830 3496 964 3551 nihil
996 3498 1228 3553 valuisse
1258 3500 1312 3554 in
1338 3514 1451 3554 suae
1481 3510 1640 3555 sectae
1665 3500 1961 3556 assertione
1976 3500 2245 3570 judicatus
2274 3512 2375 3556 est.
2417 3501 2531 3568 Qua
2562 3500 2652 3555 ille
2677 3498 2991 3555 confusione
3018 3496 3271 3563 affectus,
3302 3506 3355 3551 et
3383 3493 3624 3565 sequenti
3654 3501 3801 3548 tem-

494 3600 626 3657 pore
654 3586 723 3642 de
747 3587 1077 3658 Hipponensi
1106 3589 1319 3645 civitate
1345 3590 1635 3660 profectus,
1663 3591 1730 3646 ad
1756 3592 2000 3648 eamdem
2030 3593 2258 3663 amplius
2286 3608 2393 3647 non
2415 3592 2671 3648 remeavit
2697 3610 2708 3647 :
2733 3606 2797 3645 ac
2814 3592 2890 3646 sic
2909 3606 3001 3661 per
3024 3597 3376 3645 memoratum
3401 3587 3494 3642 Dei
3524 3585 3804 3641 hominem

497 3680 741 3735 omnium
770 3681 1044 3751 cordibus,
1077 3683 1161 3738 vel
1184 3682 1275 3752 qui
1303 3682 1542 3750 aderant,
1570 3684 1653 3739 vel
1682 3684 1773 3754 qui
1799 3686 2047 3741 absentes
2074 3685 2161 3741 illa
2188 3701 2305 3756 qua:
2330 3693 2478 3757 gesta
2504 3692 2627 3740 sunt
2648 3691 3028 3755 cognoverant,
3054 3696 3206 3738 error
3232 3680 3322 3735 ille
3349 3678 3577 3747 ablatus,
3608 3676 3805 3733 catho-

492 3771 598 3828 lica
628 3781 711 3829 est
736 3760 979 3831 intimata
1006 3790 1068 3830 ac
1094 3784 1301 3832 retenta
1326 3778 1532 3833 sincera
1564 3778 1771 3849 religio.

584 3889 678 3973 De
705 3888 1101 3973 stibsequente
1129 3892 1578 3972 Disputatione
1606 3892 1747 3973 vide
1781 3893 1889 3954 lib.
1928 3895 1984 3967 1,
2025 3912 2161 3973 cap.
2203 3894 2301 3965 16,
2338 3892 2915 3966 Retractationum,
2950 3900 3095 3955 tom.
3129 3894 3189 3967 1,
3228 3892 3346 3955 col.
3380 3890 3522 3973 612,
3555 3908 3620 3951 η.
3659 3891 3721 3966 1,
3760 3912 3809 3953 a

498 3966 727 4042 verbis,
754 3966 995 4030 Eodém
1024 3966 1337 4049 tempore,
1366 3991 1558 4052 usque
1595 3972 1677 4033 ad
1718 3973 1902 4033 verba
1926 3992 1990 4032 η.
2024 3966 2505 4041 2,’(]1ειι·ιεεὶωἰε
2545 3975 2945 4035 consulibus.
3172 3966 3179 3967 ί
3390 3966 3477 4031 Μ.

1118 4193 1267 4309 s.
1351 4196 2116 4310 AURELII
2190 4127 3273 4331 Auens-Eu?

1684 4384 2203 4449 HIPPONENSIS
2248 4385 2603 4448 EPISCOPI

534 4586 545 4593 .
1234 4540 1633 4648 ACTA
1724 4537 2018 4645 SEU
2104 4536 3055 4663 DISPUTATIO
3220 4670 3229 4679 ,
3412 4595 3455 4692 χ
3810 4587 3860 4682 :.

499 4785 1261 4924 CONTRA
1295 4780 2556 4913 FORTUNATUM
2588 4779 3725 4919 MANICILEUM
3754 4888 3783 4915 .

1764 4999 2038 5098 {iter
2110 5018 2333 5101 unus
2359 4987 2469 5094 (α).

1902 5173 2387 5255 ..κωθων-

2201 5318 2328 5373 tatio
2373 5317 2625 5374 adversus
2654 5316 3005 5373 Fortunatam
3046 5314 3462 5373 Manichaeorum
3505 5316 3799 5388 presbyte—

574 5422 773 5491 Quinto
798 5420 1050 5476 calendas
1079 5412 1433 5488 septembris,
1467 5410 1694 5466 Arcadio
1724 5410 1964 5480 Angusto
2002 5410 2088 5466 bis
2197 5424 2315 5464 rum
2342 5450 2357 5475 ,
2406 5409 2461 5463 in
2497 5408 2629 5464 urbe
2672 5408 3092 5478 Hipponensium
3133 5409 3410 5481 regionum
3436 5450 3450 5479 ,
3488 5410 3540 5464 in
3574 5410 3802 5466 Balneis

502 5526 559 5576 et
581 5516 781 5575 Ruﬁno
808 5514 938 5570 viris
983 5509 1296 5569 clarissimis
1325 5504 1634 5563 consulibus
1655 5543 1671 5571 _.
1701 5501 1879 5558 habita
1906 5504 2092 5574 dispu-
2204 5502 2373 5558 Sossii
2400 5503 2438 5567 ί,
2471 5501 2570 5556 sub
2599 5502 2881 5572 praesentia
2913 5502 3115 5574 pepuli.

1687 5608 1970 5650 ADMONITIO
2009 5610 2089 5649 PP.
2130 5609 2605 5650 BENEDICTINOBUM.

561 5707 702 5755 Liber
724 5705 891 5752 contra
910 5703 1215 5798 Fortunatftm
1236 5695 1498 5757 castigatus
1517 5695 1595 5741 est
1610 5689 1813 5751 iuvante
1835 5687 2002 5737 codice
2025 5688 2266 5760 vaticano,
2295 5685 2633 5798 Arnulphensi,
2658 5694 2710 5760 et
2733 5688 2988 5740 Victorinis
3020 5686 3226 5747 duobus,
3258 5691 3437 5747 praeter
3479 5683 3795 5749 Belgioorum

563 5782 642 5798 ...η
667 5767 824 5798 norint
841 5760 1081 5798 ιρριίηηρς
1102 5772 1131 5798 n
1152 5760 1214 5798 im
1234 5770 1260 5798 ιι
1278 5754 1655 5798 tmaniensibus
1675 5751 1827 5798 datas.
1848 5748 2082 5798 nerlectts
2106 5757 2251 5798 etiam
2274 5757 2438 5798 antiau
2457 5764 2482 5798 s
2498 5749 2809 5798 editionibus.

516 5748 829 5821 riﬁiﬁ'iaiiés
841 5760 1081 5811 lectiones
1102 5748 1216 5808 olim
1234 5770 1260 5806 a
1278 5748 1655 5806 Lov‘aniensibus
1675 5751 1827 5814 datas.
1848 5748 2082 5812 perlectis
2106 5752 2251 5799 etiam
2274 5748 2482 5813 antiquis
2498 5749 2809 5799 editionibus.

583 5843 1097 5929 Compara-vimus
1126 5848 1422 5922 praeterea
1447 5858 1545 5900 eas
1580 5854 1781 5898 omnes
1823 5834 2123 5899 editiones
2148 5834 2614 5929 initfoullhetrft
2635 5828 3099 5929 ςιρξιῐςξξᾏιιέέ,
3122 5840 3511 5929 memoratas.
3560 5832 3648 5896 Μ.

2274 5914 2289 5946 ί
2325 5912 2474 5964 Bditio
2490 5919 2622 5977 L0v.,
2642 5911 2772 5963 Sosii.
2799 5913 2970 5963 Caeteri
2983 5910 3114 5976 libri,
3130 5911 3286 5965 sexit.

2678 4084 2929 4093 _—-———

2678 4087 2926 4093 ___
2943 4087 3775 4133 πῖᾐ-ηὴή

1277 4086 1285 4088 ,
1536 4086 2155 4089 θέὴῂί
2628 4086 2643 4087 ί

853 5320 1257 5385 DISPUTATIO
1293 5317 1531 5377 PRIMIE
1572 5317 1730 5374 DIE].

567 5995 640 6057 (a)
664 5994 872 6055 Scriptus
892 6000 1018 6039 anno
1040 5983 1143 6036 392.
