  <div class='ocr_page' id='page_1' title='image "/cluster/home/n/w/nwhite01/storage/ocr_20150623/42/hvd.32044015471493/062.png"; bbox 0 0 4054 6448; ppageno 0'>
   <div class='ocr_carea' id='block_1_1' title="bbox 244 294 346 353">
    <p class='ocr_par' dir='ltr' id='par_1_1' title="bbox 244 294 346 353">
     <span class='ocr_line' id='line_1_1' title="bbox 244 294 346 353; baseline 0.01 -1"><span class='ocrx_word' id='word_1_1' title='bbox 244 294 346 353; x_wconf 71' lang='lat'><strong>“3</strong></span> 
     </span>
    </p>
   </div>
   <div class='ocr_carea' id='block_1_2' title="bbox 319 409 1840 489">
    <p class='ocr_par' dir='ltr' id='par_1_2' title="bbox 319 409 1840 489">
     <span class='ocr_line' id='line_1_2' title="bbox 319 409 1840 489; baseline 0.003 -19"><span class='ocrx_word' id='word_1_2' title='bbox 319 415 373 470; x_wconf 75' lang='grc' dir='ltr'><strong>ι.</strong></span> <span class='ocrx_word' id='word_1_3' title='bbox 396 409 740 470; x_wconf 70' lang='lat' dir='ltr'><strong>Aususrinus</strong></span> <span class='ocrx_word' id='word_1_4' title='bbox 764 413 901 471; x_wconf 87' lang='lat' dir='ltr'><strong>dixit</strong></span> <span class='ocrx_word' id='word_1_5' title='bbox 927 433 941 470; x_wconf 87' lang='lat'><strong>:</strong></span> <span class='ocrx_word' id='word_1_6' title='bbox 970 415 1079 486; x_wconf 81' lang='lat' dir='ltr'><strong>Ego</strong></span> <span class='ocrx_word' id='word_1_7' title='bbox 1103 414 1216 485; x_wconf 91' lang='lat' dir='ltr'><strong>jam</strong></span> <span class='ocrx_word' id='word_1_8' title='bbox 1241 429 1480 472; x_wconf 88' lang='lat' dir='ltr'><strong>errorem</strong></span> <span class='ocrx_word' id='word_1_9' title='bbox 1509 424 1657 486; x_wconf 89' lang='lat' dir='ltr'><strong>puto,</strong></span> <span class='ocrx_word' id='word_1_10' title='bbox 1679 433 1840 489; x_wconf 90' lang='lat' dir='ltr'><strong>quam</strong></span> 
     </span>
    </p>
   </div>
   <div class='ocr_carea' id='block_1_3' title="bbox 255 504 1838 577">
    <p class='ocr_par' dir='ltr' id='par_1_3' title="bbox 255 504 1838 577">
     <span class='ocr_line' id='line_1_3' title="bbox 255 504 1838 577; baseline 0.001 -15"><span class='ocrx_word' id='word_1_11' title='bbox 255 513 400 562; x_wconf 80' lang='lat' dir='ltr'><strong>antea</strong></span> <span class='ocrx_word' id='word_1_12' title='bbox 443 504 734 561; x_wconf 91' lang='lat' dir='ltr'><strong>veritatem</strong></span> <span class='ocrx_word' id='word_1_13' title='bbox 780 506 1072 576; x_wconf 90' lang='lat' dir='ltr'><strong>putabam:</strong></span> <span class='ocrx_word' id='word_1_14' title='bbox 1106 518 1281 562; x_wconf 88' lang='lat' dir='ltr'><strong>utrum</strong></span> <span class='ocrx_word' id='word_1_15' title='bbox 1325 515 1470 563; x_wconf 89' lang='lat' dir='ltr'><strong>recte</strong></span> <span class='ocrx_word' id='word_1_16' title='bbox 1514 509 1838 577; x_wconf 79' lang='lat' dir='ltr'><strong>existimem,</strong></span> 
     </span>
    </p>
   </div>
   <div class='ocr_carea' id='block_1_4' title="bbox 253 597 1836 670">
    <p class='ocr_par' dir='ltr' id='par_1_4' title="bbox 253 597 1836 670">
     <span class='ocr_line' id='line_1_4' title="bbox 253 597 1836 670; baseline 0.001 -17"><span class='ocrx_word' id='word_1_17' title='bbox 253 614 281 653; x_wconf 89' lang='lat' dir='ltr'><strong>a</strong></span> <span class='ocrx_word' id='word_1_18' title='bbox 320 606 369 652; x_wconf 90' lang='lat' dir='ltr'><strong>te</strong></span> <span class='ocrx_word' id='word_1_19' title='bbox 411 606 685 668; x_wconf 76' lang='lat' dir='ltr'><strong>praesente</strong></span> <span class='ocrx_word' id='word_1_20' title='bbox 733 597 919 653; x_wconf 90' lang='lat' dir='ltr'><strong>audire</strong></span> <span class='ocrx_word' id='word_1_21' title='bbox 964 597 1119 667; x_wconf 88' lang='lat' dir='ltr'><strong>cupio</strong></span> <span class='ocrx_word' id='word_1_22' title='bbox 1148 600 1187 652; x_wconf 72' lang='grc' dir='ltr'><strong>ί.</strong></span> <span class='ocrx_word' id='word_1_23' title='bbox 1240 599 1295 653; x_wconf 92' lang='lat' dir='ltr'><strong>ln</strong></span> <span class='ocrx_word' id='word_1_24' title='bbox 1343 600 1528 670; x_wconf 85' lang='lat' dir='ltr'><strong>primis</strong></span> <span class='ocrx_word' id='word_1_25' title='bbox 1565 616 1836 656; x_wconf 88' lang='lat' dir='ltr'><strong>summum</strong></span> 
     </span>
    </p>
   </div>
   <div class='ocr_carea' id='block_1_5' title="bbox 252 677 1841 764">
    <p class='ocr_par' dir='ltr' id='par_1_5' title="bbox 252 677 1841 764">
     <span class='ocr_line' id='line_1_5' title="bbox 252 677 1841 764; baseline 0.003 -19"><span class='ocrx_word' id='word_1_26' title='bbox 252 701 485 745; x_wconf 88' lang='lat' dir='ltr'><strong>errorem</strong></span> <span class='ocrx_word' id='word_1_27' title='bbox 536 695 705 759; x_wconf 90' lang='lat' dir='ltr'><strong>puto,</strong></span> <span class='ocrx_word' id='word_1_28' title='bbox 754 677 1175 761; x_wconf 77' lang='lat' dir='ltr'><strong>omnipatentem</strong></span> <span class='ocrx_word' id='word_1_29' title='bbox 1225 690 1428 760; x_wconf 90' lang='lat' dir='ltr'><strong>Deum,</strong></span> <span class='ocrx_word' id='word_1_30' title='bbox 1479 694 1533 748; x_wconf 93' lang='lat' dir='ltr'><strong>in</strong></span> <span class='ocrx_word' id='word_1_31' title='bbox 1581 709 1687 764; x_wconf 91' lang='lat' dir='ltr'><strong>quo</strong></span> <span class='ocrx_word' id='word_1_32' title='bbox 1734 711 1841 750; x_wconf 90' lang='lat' dir='ltr'><strong>una</strong></span> 
     </span>
    </p>
   </div>
   <div class='ocr_carea' id='block_1_6' title="bbox 250 778 1840 854">
    <p class='ocr_par' dir='ltr' id='par_1_6' title="bbox 250 778 1840 854">
     <span class='ocr_line' id='line_1_6' title="bbox 250 778 1840 854; baseline 0.004 -19"><span class='ocrx_word' id='word_1_33' title='bbox 250 778 400 835; x_wconf 87' lang='lat' dir='ltr'><strong>nobis</strong></span> <span class='ocrx_word' id='word_1_34' title='bbox 430 792 562 849; x_wconf 75' lang='lat' dir='ltr'><strong>Spes</strong></span> <span class='ocrx_word' id='word_1_35' title='bbox 587 789 692 846; x_wconf 66' lang='lat' dir='ltr'><strong>est,</strong></span> <span class='ocrx_word' id='word_1_36' title='bbox 721 796 788 836; x_wconf 81' lang='lat' dir='ltr'><strong>ex</strong></span> <span class='ocrx_word' id='word_1_37' title='bbox 818 781 992 853; x_wconf 90' lang='lat' dir='ltr'><strong>aliqua</strong></span> <span class='ocrx_word' id='word_1_38' title='bbox 1023 793 1172 854; x_wconf 90' lang='lat' dir='ltr'><strong>parte</strong></span> <span class='ocrx_word' id='word_1_39' title='bbox 1199 783 1526 852; x_wconf 89' lang='lat' dir='ltr'><strong>violabilem,</strong></span> <span class='ocrx_word' id='word_1_40' title='bbox 1558 795 1652 841; x_wconf 88' lang='lat' dir='ltr'><strong>aut</strong></span> <span class='ocrx_word' id='word_1_41' title='bbox 1688 787 1840 841; x_wconf 86' lang='lat' dir='ltr'><strong>coin-</strong></span> 
     </span>
    </p>
   </div>
   <div class='ocr_carea' id='block_1_7' title="bbox 247 869 1839 944">
    <p class='ocr_par' dir='ltr' id='par_1_7' title="bbox 247 869 1839 944">
     <span class='ocr_line' id='line_1_7' title="bbox 247 869 1839 944; baseline 0.006 -20"><span class='ocrx_word' id='word_1_42' title='bbox 247 869 608 941; x_wconf 88' lang='lat' dir='ltr'><strong>quinabilem,</strong></span> <span class='ocrx_word' id='word_1_43' title='bbox 641 880 735 927; x_wconf 90' lang='lat' dir='ltr'><strong>aut</strong></span> <span class='ocrx_word' id='word_1_44' title='bbox 762 874 1160 944; x_wconf 90' lang='lat' dir='ltr'><strong>corruptibilem</strong></span> <span class='ocrx_word' id='word_1_45' title='bbox 1192 875 1431 930; x_wconf 86' lang='lat' dir='ltr'><strong>credere.</strong></span> <span class='ocrx_word' id='word_1_46' title='bbox 1464 876 1578 932; x_wconf 83' lang='lat' dir='ltr'><strong>Hoc</strong></span> <span class='ocrx_word' id='word_1_47' title='bbox 1605 886 1839 933; x_wconf 85' lang='lat' dir='ltr'><strong>vestram</strong></span> 
     </span>
    </p>
   </div>
   <div class='ocr_carea' id='block_1_8' title="bbox 245 961 1840 1040">
    <p class='ocr_par' dir='ltr' id='par_1_8' title="bbox 245 961 1840 1040">
     <span class='ocr_line' id='line_1_8' title="bbox 245 961 1840 1040; baseline 0.006 -24"><span class='ocrx_word' id='word_1_48' title='bbox 245 961 490 1017; x_wconf 62' lang='lat' dir='ltr'><strong>haeresim</strong></span> <span class='ocrx_word' id='word_1_49' title='bbox 534 961 811 1020; x_wconf 84' lang='lat' dir='ltr'><strong>affirmare</strong></span> <span class='ocrx_word' id='word_1_50' title='bbox 848 965 996 1032; x_wconf 90' lang='lat' dir='ltr'><strong>scio;</strong></span> <span class='ocrx_word' id='word_1_51' title='bbox 1029 981 1135 1020; x_wconf 91' lang='lat' dir='ltr'><strong>non</strong></span> <span class='ocrx_word' id='word_1_52' title='bbox 1177 967 1392 1036; x_wconf 86' lang='lat' dir='ltr'><strong>quidem</strong></span> <span class='ocrx_word' id='word_1_53' title='bbox 1422 968 1603 1023; x_wconf 87' lang='lat' dir='ltr'><strong>verbis</strong></span> <span class='ocrx_word' id='word_1_54' title='bbox 1646 971 1840 1040; x_wconf 86' lang='lat' dir='ltr'><strong>quibus</strong></span> 
     </span>
    </p>
   </div>
   <div class='ocr_carea' id='block_1_9' title="bbox 245 1059 1840 1130">
    <p class='ocr_par' dir='ltr' id='par_1_9' title="bbox 245 1059 1840 1130">
     <span class='ocr_line' id='line_1_9' title="bbox 245 1059 1840 1130; baseline 0.006 -22"><span class='ocrx_word' id='word_1_55' title='bbox 245 1068 375 1108; x_wconf 91' lang='lat' dir='ltr'><strong>nunc</strong></span> <span class='ocrx_word' id='word_1_56' title='bbox 401 1069 538 1109; x_wconf 90' lang='lat' dir='ltr'><strong>usus</strong></span> <span class='ocrx_word' id='word_1_57' title='bbox 567 1070 686 1110; x_wconf 91' lang='lat' dir='ltr'><strong>sum</strong></span> <span class='ocrx_word' id='word_1_58' title='bbox 723 1072 736 1108; x_wconf 90' lang='lat'>:</span> <span class='ocrx_word' id='word_1_59' title='bbox 771 1070 895 1110; x_wconf 89' lang='lat' dir='ltr'><strong>nam</strong></span> <span class='ocrx_word' id='word_1_60' title='bbox 934 1064 987 1111; x_wconf 93' lang='lat' dir='ltr'><strong>et</strong></span> <span class='ocrx_word' id='word_1_61' title='bbox 1025 1073 1121 1113; x_wconf 90' lang='lat' dir='ltr'><strong>vos</strong></span> <span class='ocrx_word' id='word_1_62' title='bbox 1163 1059 1478 1130; x_wconf 77' lang='lat' dir='ltr'><strong>interrogati</strong></span> <span class='ocrx_word' id='word_1_63' title='bbox 1509 1061 1840 1118; x_wconf 86' lang='lat' dir='ltr'><strong>confitemini</strong></span> 
     </span>
    </p>
   </div>
   <div class='ocr_carea' id='block_1_10' title="bbox 246 1145 1837 1220">
    <p class='ocr_par' dir='ltr' id='par_1_10' title="bbox 246 1145 1837 1220">
     <span class='ocr_line' id='line_1_10' title="bbox 246 1145 1837 1220; baseline 0.005 -18"><span class='ocrx_word' id='word_1_64' title='bbox 246 1145 407 1202; x_wconf 70' lang='lat' dir='ltr'><strong>Dwm</strong></span> <span class='ocrx_word' id='word_1_65' title='bbox 438 1161 566 1202; x_wconf 88' lang='lat' dir='ltr'><strong>esse</strong></span> <span class='ocrx_word' id='word_1_66' title='bbox 605 1147 1066 1220; x_wconf 88' lang='lat' dir='ltr'><strong>incorruptibilem</strong></span> <span class='ocrx_word' id='word_1_67' title='bbox 1112 1159 1167 1205; x_wconf 92' lang='lat' dir='ltr'><strong>et</strong></span> <span class='ocrx_word' id='word_1_68' title='bbox 1211 1152 1428 1207; x_wconf 91' lang='lat' dir='ltr'><strong>omnino</strong></span> <span class='ocrx_word' id='word_1_69' title='bbox 1477 1154 1837 1210; x_wconf 88' lang='lat' dir='ltr'><strong>inviolabilem</strong></span> 
     </span>
    </p>
   </div>
   <div class='ocr_carea' id='block_1_11' title="bbox 241 1237 1838 1313">
    <p class='ocr_par' dir='ltr' id='par_1_11' title="bbox 241 1237 1838 1313">
     <span class='ocr_line' id='line_1_11' title="bbox 241 1237 1838 1313; baseline 0.006 -22"><span class='ocrx_word' id='word_1_70' title='bbox 241 1246 290 1292; x_wconf 91' lang='lat' dir='ltr'><strong>et</strong></span> <span class='ocrx_word' id='word_1_71' title='bbox 314 1237 836 1308; x_wconf 86' lang='lat' dir='ltr'><strong>incoinquinabilem</strong></span> <span class='ocrx_word' id='word_1_72' title='bbox 863 1258 876 1305; x_wconf 89' lang='lat'><strong>;</strong></span> <span class='ocrx_word' id='word_1_73' title='bbox 926 1240 1019 1296; x_wconf 90' lang='lat' dir='ltr'><strong>sed</strong></span> <span class='ocrx_word' id='word_1_74' title='bbox 1051 1256 1170 1296; x_wconf 92' lang='lat' dir='ltr'><strong>cum</strong></span> <span class='ocrx_word' id='word_1_75' title='bbox 1201 1245 1473 1313; x_wconf 67' lang='lat' dir='ltr'><strong>coeperitis</strong></span> <span class='ocrx_word' id='word_1_76' title='bbox 1515 1255 1708 1301; x_wconf 59' lang='lat' dir='ltr'><strong>caetera</strong></span> <span class='ocrx_word' id='word_1_77' title='bbox 1741 1261 1838 1302; x_wconf 86' lang='lat' dir='ltr'><strong>ex-</strong></span> 
     </span>
    </p>
   </div>
   <div class='ocr_carea' id='block_1_12' title="bbox 242 1334 1836 1410">
    <p class='ocr_par' dir='ltr' id='par_1_12' title="bbox 242 1334 1836 1410">
     <span class='ocr_line' id='line_1_12' title="bbox 242 1334 1836 1410; baseline 0.006 -24"><span class='ocrx_word' id='word_1_78' title='bbox 242 1347 443 1402; x_wconf 84' lang='lat' dir='ltr'><strong>ponere</strong></span> <span class='ocrx_word' id='word_1_79' title='bbox 462 1373 479 1399; x_wconf 88' lang='lat'><strong>,</strong></span> <span class='ocrx_word' id='word_1_80' title='bbox 507 1334 762 1402; x_wconf 89' lang='lat' dir='ltr'><strong>cogimini</strong></span> <span class='ocrx_word' id='word_1_81' title='bbox 793 1350 913 1388; x_wconf 92' lang='lat' dir='ltr'><strong>eum</strong></span> <span class='ocrx_word' id='word_1_82' title='bbox 941 1335 1345 1404; x_wconf 87' lang='lat' dir='ltr'><strong>corruptibilem</strong></span> <span class='ocrx_word' id='word_1_83' title='bbox 1365 1379 1380 1402; x_wconf 92' lang='lat'><strong>,</strong></span> <span class='ocrx_word' id='word_1_84' title='bbox 1430 1339 1836 1410; x_wconf 84' lang='lat' dir='ltr'><strong>penetrabilem,</strong></span> 
     </span>
    </p>
   </div>
   <div class='ocr_carea' id='block_1_13' title="bbox 239 1425 1840 1495">
    <p class='ocr_par' dir='ltr' id='par_1_13' title="bbox 239 1425 1840 1495">
     <span class='ocr_line' id='line_1_13' title="bbox 239 1425 1840 1495; baseline 0.004 -15"><span class='ocrx_word' id='word_1_85' title='bbox 239 1433 290 1480; x_wconf 90' lang='lat' dir='ltr'><strong>et</strong></span> <span class='ocrx_word' id='word_1_86' title='bbox 312 1425 775 1495; x_wconf 90' lang='lat' dir='ltr'><strong>coinquinabilem</strong></span> <span class='ocrx_word' id='word_1_87' title='bbox 803 1425 1058 1495; x_wconf 73' lang='lat' dir='ltr'><strong>profiteri.</strong></span> <span class='ocrx_word' id='word_1_88' title='bbox 1090 1428 1273 1482; x_wconf 88' lang='lat' dir='ltr'><strong>Dicitis</strong></span> <span class='ocrx_word' id='word_1_89' title='bbox 1299 1431 1440 1483; x_wconf 90' lang='lat' dir='ltr'><strong>enim</strong></span> <span class='ocrx_word' id='word_1_90' title='bbox 1469 1431 1627 1485; x_wconf 87' lang='lat' dir='ltr'><strong>aliam</strong></span> <span class='ocrx_word' id='word_1_91' title='bbox 1656 1431 1840 1487; x_wconf 87' lang='lat' dir='ltr'><strong>nescio</strong></span> 
     </span>
    </p>
   </div>
   <div class='ocr_carea' id='block_1_14' title="bbox 238 1519 1836 1593">
    <p class='ocr_par' dir='ltr' id='par_1_14' title="bbox 238 1519 1836 1593">
     <span class='ocr_line' id='line_1_14' title="bbox 238 1519 1836 1593; baseline 0.004 -21"><span class='ocrx_word' id='word_1_92' title='bbox 238 1532 390 1588; x_wconf 88' lang='lat' dir='ltr'><strong>quam</strong></span> <span class='ocrx_word' id='word_1_93' title='bbox 424 1527 648 1588; x_wconf 83' lang='lat' dir='ltr'><strong>gentem</strong></span> <span class='ocrx_word' id='word_1_94' title='bbox 693 1520 1029 1574; x_wconf 83' lang='lat' dir='ltr'><strong>tenebrarum</strong></span> <span class='ocrx_word' id='word_1_95' title='bbox 1073 1519 1331 1578; x_wconf 86' lang='lat' dir='ltr'><strong>adversus</strong></span> <span class='ocrx_word' id='word_1_96' title='bbox 1364 1522 1453 1576; x_wconf 89' lang='lat' dir='ltr'><strong>Dei</strong></span> <span class='ocrx_word' id='word_1_97' title='bbox 1496 1537 1716 1593; x_wconf 79' lang='lat' dir='ltr'><strong>regnum</strong></span> <span class='ocrx_word' id='word_1_98' title='bbox 1747 1539 1836 1578; x_wconf 80' lang='lat' dir='ltr'><strong>re—</strong></span> 
     </span>
    </p>
   </div>
   <div class='ocr_carea' id='block_1_15' title="bbox 237 1609 1840 1680">
    <p class='ocr_par' dir='ltr' id='par_1_15' title="bbox 237 1609 1840 1680">
     <span class='ocr_line' id='line_1_15' title="bbox 237 1609 1840 1680; baseline 0.004 -16"><span class='ocrx_word' id='word_1_99' title='bbox 237 1609 467 1664; x_wconf 81' lang='lat' dir='ltr'><strong>bellasse</strong></span> <span class='ocrx_word' id='word_1_100' title='bbox 497 1627 510 1661; x_wconf 92' lang='lat'><strong>:</strong></span> <span class='ocrx_word' id='word_1_101' title='bbox 542 1610 714 1664; x_wconf 92' lang='lat' dir='ltr'><strong>Deum</strong></span> <span class='ocrx_word' id='word_1_102' title='bbox 765 1620 942 1664; x_wconf 76' lang='lat' dir='ltr'><strong>autem</strong></span> <span class='ocrx_word' id='word_1_103' title='bbox 990 1612 1412 1680; x_wconf 83' lang='lat' dir='ltr'><strong>omnipotentem</strong></span> <span class='ocrx_word' id='word_1_104' title='bbox 1434 1656 1448 1678; x_wconf 94' lang='lat'><strong>,</strong></span> <span class='ocrx_word' id='word_1_105' title='bbox 1483 1628 1602 1667; x_wconf 93' lang='lat' dir='ltr'><strong>cum</strong></span> <span class='ocrx_word' id='word_1_106' title='bbox 1632 1614 1840 1670; x_wconf 84' lang='lat' dir='ltr'><strong>videret</strong></span> 
     </span>
    </p>
   </div>
   <div class='ocr_carea' id='block_1_16' title="bbox 241 1700 1837 1773">
    <p class='ocr_par' dir='ltr' id='par_1_16' title="bbox 241 1700 1837 1773">
     <span class='ocr_line' id='line_1_16' title="bbox 241 1700 1837 1773; baseline 0.004 -20"><span class='ocrx_word' id='word_1_107' title='bbox 241 1710 430 1770; x_wconf 85' lang='lat' dir='ltr'><strong>quanta</strong></span> <span class='ocrx_word' id='word_1_108' title='bbox 477 1700 628 1755; x_wconf 90' lang='lat' dir='ltr'><strong>labes</strong></span> <span class='ocrx_word' id='word_1_109' title='bbox 670 1709 725 1755; x_wconf 91' lang='lat' dir='ltr'><strong>et</strong></span> <span class='ocrx_word' id='word_1_110' title='bbox 755 1701 974 1755; x_wconf 84' lang='lat' dir='ltr'><strong>vastitas</strong></span> <span class='ocrx_word' id='word_1_111' title='bbox 1004 1701 1306 1758; x_wconf 87' lang='lat' dir='ltr'><strong>immineret</strong></span> <span class='ocrx_word' id='word_1_112' title='bbox 1345 1705 1523 1773; x_wconf 86' lang='lat' dir='ltr'><strong>regnis</strong></span> <span class='ocrx_word' id='word_1_113' title='bbox 1553 1705 1665 1758; x_wconf 89' lang='lat' dir='ltr'><strong>suis</strong></span> <span class='ocrx_word' id='word_1_114' title='bbox 1685 1747 1698 1768; x_wconf 91' lang='lat'><strong>,</strong></span> <span class='ocrx_word' id='word_1_115' title='bbox 1734 1705 1837 1760; x_wconf 83' lang='lat' dir='ltr'><strong>nisi</strong></span> 
     </span>
    </p>
   </div>
   <div class='ocr_carea' id='block_1_17' title="bbox 243 1793 1832 1866">
    <p class='ocr_par' dir='ltr' id='par_1_17' title="bbox 243 1793 1832 1866">
     <span class='ocr_line' id='line_1_17' title="bbox 243 1793 1832 1866; baseline 0.004 -20"><span class='ocrx_word' id='word_1_116' title='bbox 243 1793 433 1862; x_wconf 84' lang='lat' dir='ltr'><strong>aliquid</strong></span> <span class='ocrx_word' id='word_1_117' title='bbox 459 1795 478 1824; x_wconf 82' lang='grc'>²</span> <span class='ocrx_word' id='word_1_118' title='bbox 510 1793 758 1848; x_wconf 76' lang='lat' dir='ltr'><strong>adversa:</strong></span> <span class='ocrx_word' id='word_1_119' title='bbox 802 1795 942 1864; x_wconf 82' lang='lat' dir='ltr'><strong>genti</strong></span> <span class='ocrx_word' id='word_1_120' title='bbox 987 1805 1317 1864; x_wconf 87' lang='lat' dir='ltr'><strong>opponeret,</strong></span> <span class='ocrx_word' id='word_1_121' title='bbox 1353 1804 1407 1848; x_wconf 88' lang='lat' dir='ltr'><strong>ct</strong></span> <span class='ocrx_word' id='word_1_122' title='bbox 1445 1797 1492 1850; x_wconf 90' lang='lat' dir='ltr'><strong>ei</strong></span> <span class='ocrx_word' id='word_1_123' title='bbox 1536 1797 1832 1866; x_wconf 87' lang='lat' dir='ltr'><strong>resisteret,</strong></span> 
     </span>
    </p>
   </div>
   <div class='ocr_carea' id='block_1_18' title="bbox 240 1883 1834 1955">
    <p class='ocr_par' dir='ltr' id='par_1_18' title="bbox 240 1883 1834 1955">
     <span class='ocr_line' id='line_1_18' title="bbox 240 1883 1834 1955; baseline 0.002 -16"><span class='ocrx_word' id='word_1_124' title='bbox 240 1885 445 1939; x_wconf 83' lang='lat' dir='ltr'><strong>misisse</strong></span> <span class='ocrx_word' id='word_1_125' title='bbox 478 1883 622 1938; x_wconf 87' lang='lat' dir='ltr'><strong>hanc</strong></span> <span class='ocrx_word' id='word_1_126' title='bbox 661 1886 936 1952; x_wconf 87' lang='lat' dir='ltr'><strong>virtutem,</strong></span> <span class='ocrx_word' id='word_1_127' title='bbox 985 1885 1054 1939; x_wconf 93' lang='lat' dir='ltr'><strong>de</strong></span> <span class='ocrx_word' id='word_1_128' title='bbox 1095 1888 1245 1955; x_wconf 92' lang='lat' dir='ltr'><strong>cujus</strong></span> <span class='ocrx_word' id='word_1_129' title='bbox 1289 1887 1670 1941; x_wconf 86' lang='lat' dir='ltr'><strong>commixtione</strong></span> <span class='ocrx_word' id='word_1_130' title='bbox 1713 1903 1834 1942; x_wconf 92' lang='lat' dir='ltr'><strong>cum</strong></span> 
     </span>
    </p>
   </div>
   <div class='ocr_carea' id='block_1_19' title="bbox 229 1977 1832 2048">
    <p class='ocr_par' dir='ltr' id='par_1_19' title="bbox 229 1977 1832 2048">
     <span class='ocr_line' id='line_1_19' title="bbox 229 1977 1832 2048; baseline 0.003 -16"><span class='ocrx_word' id='word_1_131' title='bbox 229 1977 368 2032; x_wconf 88' lang='lat' dir='ltr'><strong>malo</strong></span> <span class='ocrx_word' id='word_1_132' title='bbox 415 1985 474 2032; x_wconf 90' lang='lat' dir='ltr'><strong>et</strong></span> <span class='ocrx_word' id='word_1_133' title='bbox 523 1977 873 2032; x_wconf 86' lang='lat' dir='ltr'><strong>tenebrarum</strong></span> <span class='ocrx_word' id='word_1_134' title='bbox 923 1987 1079 2048; x_wconf 91' lang='lat' dir='ltr'><strong>gente</strong></span> <span class='ocrx_word' id='word_1_135' title='bbox 1129 1979 1361 2034; x_wconf 92' lang='lat' dir='ltr'><strong>mundus</strong></span> <span class='ocrx_word' id='word_1_136' title='bbox 1407 1979 1476 2034; x_wconf 91' lang='lat' dir='ltr'><strong>sit</strong></span> <span class='ocrx_word' id='word_1_137' title='bbox 1525 1979 1832 2037; x_wconf 89' lang='lat' dir='ltr'><strong>fabricatus.</strong></span> 
     </span>
    </p>
   </div>
   <div class='ocr_carea' id='block_1_20' title="bbox 233 2069 1831 2142">
    <p class='ocr_par' dir='ltr' id='par_1_20' title="bbox 233 2069 1831 2142">
     <span class='ocr_line' id='line_1_20' title="bbox 233 2069 1831 2142; baseline 0.003 -18"><span class='ocrx_word' id='word_1_138' title='bbox 233 2069 362 2124; x_wconf 80' lang='lat' dir='ltr'><strong>Hinc</strong></span> <span class='ocrx_word' id='word_1_139' title='bbox 387 2085 517 2124; x_wconf 88' lang='lat' dir='ltr'><strong>esse</strong></span> <span class='ocrx_word' id='word_1_140' title='bbox 543 2069 688 2139; x_wconf 91' lang='lat' dir='ltr'><strong>quod</strong></span> <span class='ocrx_word' id='word_1_141' title='bbox 719 2070 806 2124; x_wconf 88' lang='lat' dir='ltr'><strong>hic</strong></span> <span class='ocrx_word' id='word_1_142' title='bbox 836 2072 1028 2125; x_wconf 72' lang='lat' dir='ltr'><strong>animre</strong></span> <span class='ocrx_word' id='word_1_143' title='bbox 1070 2071 1224 2126; x_wconf 71' lang='lat' dir='ltr'><strong>honre</strong></span> <span class='ocrx_word' id='word_1_144' title='bbox 1256 2072 1539 2139; x_wconf 87' lang='lat' dir='ltr'><strong>laborant,</strong></span> <span class='ocrx_word' id='word_1_145' title='bbox 1570 2073 1831 2142; x_wconf 88' lang='lat' dir='ltr'><strong>serviunt,</strong></span> 
     </span>
    </p>
   </div>
   <div class='ocr_carea' id='block_1_21' title="bbox 230 2163 1830 2232">
    <p class='ocr_par' dir='ltr' id='par_1_21' title="bbox 230 2163 1830 2232">
     <span class='ocr_line' id='line_1_21' title="bbox 230 2163 1830 2232; baseline 0.001 -17"><span class='ocrx_word' id='word_1_146' title='bbox 230 2169 424 2226; x_wconf 80' lang='lat' dir='ltr'><strong>errant,</strong></span> <span class='ocrx_word' id='word_1_147' title='bbox 479 2169 904 2232; x_wconf 90' lang='lat' dir='ltr'><strong>corrumpuntur</strong></span> <span class='ocrx_word' id='word_1_148' title='bbox 953 2180 965 2216; x_wconf 94' lang='lat'><strong>:</strong></span> <span class='ocrx_word' id='word_1_149' title='bbox 1014 2169 1074 2216; x_wconf 85' lang='lat' dir='ltr'><strong>ut</strong></span> <span class='ocrx_word' id='word_1_150' title='bbox 1125 2163 1484 2218; x_wconf 89' lang='lat' dir='ltr'><strong>necessarium</strong></span> <span class='ocrx_word' id='word_1_151' title='bbox 1523 2163 1830 2219; x_wconf 78' lang='lat' dir='ltr'><strong>haberent’</strong></span> 
     </span>
    </p>
   </div>
   <div class='ocr_carea' id='block_1_22' title="bbox 227 2246 1832 2327">
    <p class='ocr_par' dir='ltr' id='par_1_22' title="bbox 227 2246 1832 2327">
     <span class='ocr_line' id='line_1_22' title="bbox 227 2246 1832 2327; baseline 0.002 -19"><span class='ocrx_word' id='word_1_152' title='bbox 227 2253 576 2308; x_wconf 89' lang='lat' dir='ltr'><strong>liberatorem</strong></span> <span class='ocrx_word' id='word_1_153' title='bbox 603 2296 617 2319; x_wconf 91' lang='lat'><strong>,</strong></span> <span class='ocrx_word' id='word_1_154' title='bbox 645 2254 736 2324; x_wconf 92' lang='lat' dir='ltr'><strong>qui</strong></span> <span class='ocrx_word' id='word_1_155' title='bbox 763 2269 855 2308; x_wconf 90' lang='lat' dir='ltr'><strong>eas</strong></span> <span class='ocrx_word' id='word_1_156' title='bbox 907 2254 976 2309; x_wconf 90' lang='lat' dir='ltr'><strong>ab</strong></span> <span class='ocrx_word' id='word_1_157' title='bbox 1005 2246 1188 2310; x_wconf 88' lang='lat' dir='ltr'><strong>errore</strong></span> <span class='ocrx_word' id='word_1_158' title='bbox 1217 2264 1502 2327; x_wconf 84' lang='lat' dir='ltr'><strong>purgaret,</strong></span> <span class='ocrx_word' id='word_1_159' title='bbox 1546 2265 1601 2312; x_wconf 88' lang='lat' dir='ltr'><strong>et</strong></span> <span class='ocrx_word' id='word_1_160' title='bbox 1624 2273 1654 2311; x_wconf 90' lang='lat' dir='ltr'><strong>a</strong></span> <span class='ocrx_word' id='word_1_161' title='bbox 1682 2271 1832 2311; x_wconf 76' lang='lat' dir='ltr'><strong>com-</strong></span> 
     </span>
    </p>
   </div>
   <div class='ocr_carea' id='block_1_23' title="bbox 225 2345 1832 2418">
    <p class='ocr_par' dir='ltr' id='par_1_23' title="bbox 225 2345 1832 2418">
     <span class='ocr_line' id='line_1_23' title="bbox 225 2345 1832 2418; baseline 0.001 -18"><span class='ocrx_word' id='word_1_162' title='bbox 225 2347 482 2400; x_wconf 78' lang='lat' dir='ltr'><strong>mixtione</strong></span> <span class='ocrx_word' id='word_1_163' title='bbox 509 2345 793 2413; x_wconf 81' lang='lat' dir='ltr'><strong>solveret,</strong></span> <span class='ocrx_word' id='word_1_164' title='bbox 831 2355 884 2400; x_wconf 91' lang='lat' dir='ltr'><strong>et</strong></span> <span class='ocrx_word' id='word_1_165' title='bbox 921 2361 952 2400; x_wconf 89' lang='lat' dir='ltr'><strong>a</strong></span> <span class='ocrx_word' id='word_1_166' title='bbox 983 2347 1238 2401; x_wconf 88' lang='lat' dir='ltr'><strong>servitute</strong></span> <span class='ocrx_word' id='word_1_167' title='bbox 1280 2347 1548 2402; x_wconf 89' lang='lat' dir='ltr'><strong>liberaret.</strong></span> <span class='ocrx_word' id='word_1_168' title='bbox 1592 2347 1704 2401; x_wconf 88' lang='lat' dir='ltr'><strong>lloc</strong></span> <span class='ocrx_word' id='word_1_169' title='bbox 1733 2363 1832 2418; x_wconf 85' lang='lat' dir='ltr'><strong>ego</strong></span> 
     </span>
    </p>
   </div>
   <div class='ocr_carea' id='block_1_24' title="bbox 223 2438 1832 2510">
    <p class='ocr_par' dir='ltr' id='par_1_24' title="bbox 223 2438 1832 2510">
     <span class='ocr_line' id='line_1_24' title="bbox 223 2438 1832 2510; baseline 0.002 -18"><span class='ocrx_word' id='word_1_170' title='bbox 223 2438 368 2494; x_wconf 80' lang='lat' dir='ltr'><strong>nefas</strong></span> <span class='ocrx_word' id='word_1_171' title='bbox 418 2448 554 2508; x_wconf 91' lang='lat' dir='ltr'><strong>puto</strong></span> <span class='ocrx_word' id='word_1_172' title='bbox 603 2438 862 2504; x_wconf 91' lang='lat' dir='ltr'><strong>credere,</strong></span> <span class='ocrx_word' id='word_1_173' title='bbox 909 2438 1075 2494; x_wconf 89' lang='lat' dir='ltr'><strong>Deum</strong></span> <span class='ocrx_word' id='word_1_174' title='bbox 1123 2440 1538 2510; x_wconf 89' lang='lat' dir='ltr'><strong>omnipotentem</strong></span> <span class='ocrx_word' id='word_1_175' title='bbox 1599 2441 1832 2510; x_wconf 87' lang='lat' dir='ltr'><strong>aliquam</strong></span> 
     </span>
    </p>
   </div>
   <div class='ocr_carea' id='block_1_25' title="bbox 224 2529 1833 2600">
    <p class='ocr_par' dir='ltr' id='par_1_25' title="bbox 224 2529 1833 2600">
     <span class='ocr_line' id='line_1_25' title="bbox 224 2529 1833 2600; baseline 0.004 -18"><span class='ocrx_word' id='word_1_176' title='bbox 224 2529 513 2583; x_wconf 81' lang='lat' dir='ltr'><strong>adversam</strong></span> <span class='ocrx_word' id='word_1_177' title='bbox 562 2540 779 2600; x_wconf 85' lang='lat' dir='ltr'><strong>gentem</strong></span> <span class='ocrx_word' id='word_1_178' title='bbox 831 2530 1105 2594; x_wconf 88' lang='lat' dir='ltr'><strong>timuisse,</strong></span> <span class='ocrx_word' id='word_1_179' title='bbox 1154 2540 1246 2586; x_wconf 92' lang='lat' dir='ltr'><strong>aut</strong></span> <span class='ocrx_word' id='word_1_180' title='bbox 1290 2532 1660 2588; x_wconf 89' lang='lat' dir='ltr'><strong>necessitatem</strong></span> <span class='ocrx_word' id='word_1_181' title='bbox 1712 2547 1833 2588; x_wconf 91' lang='lat' dir='ltr'><strong>esse</strong></span> 
     </span>
    </p>
   </div>
   <div class='ocr_carea' id='block_1_26' title="bbox 229 2624 1473 2696">
    <p class='ocr_par' dir='ltr' id='par_1_26' title="bbox 229 2624 1473 2696">
     <span class='ocr_line' id='line_1_26' title="bbox 229 2624 1473 2696; baseline 0.003 -20"><span class='ocrx_word' id='word_1_182' title='bbox 229 2638 467 2692; x_wconf 79' lang='lat' dir='ltr'><strong>passum,</strong></span> <span class='ocrx_word' id='word_1_183' title='bbox 499 2632 564 2678; x_wconf 92' lang='lat' dir='ltr'><strong>ut</strong></span> <span class='ocrx_word' id='word_1_184' title='bbox 590 2639 689 2679; x_wconf 91' lang='lat' dir='ltr'><strong>nos</strong></span> <span class='ocrx_word' id='word_1_185' title='bbox 719 2624 773 2678; x_wconf 91' lang='lat' dir='ltr'><strong>in</strong></span> <span class='ocrx_word' id='word_1_186' title='bbox 801 2639 1066 2679; x_wconf 72' lang='lat' dir='ltr'><strong>aerumnas</strong></span> <span class='ocrx_word' id='word_1_187' title='bbox 1098 2625 1473 2696; x_wconf 83' lang='lat' dir='ltr'><strong>praecipitaret.</strong></span> 
     </span>
    </p>
   </div>
   <div class='ocr_carea' id='block_1_27' title="bbox 291 2714 1830 2784">
    <p class='ocr_par' dir='ltr' id='par_1_27' title="bbox 291 2714 1830 2784">
     <span class='ocr_line' id='line_1_27' title="bbox 291 2714 1830 2784; baseline 0.001 -15"><span class='ocrx_word' id='word_1_188' title='bbox 291 2714 670 2770; x_wconf 66' lang='lat' dir='ltr'><strong>Fort-nmmos</strong></span> <span class='ocrx_word' id='word_1_189' title='bbox 716 2715 848 2770; x_wconf 81' lang='lat' dir='ltr'><strong>dixit</strong></span> <span class='ocrx_word' id='word_1_190' title='bbox 895 2734 908 2769; x_wconf 93' lang='lat'><strong>:</strong></span> <span class='ocrx_word' id='word_1_191' title='bbox 955 2716 1087 2784; x_wconf 88' lang='lat' dir='ltr'><strong>Quia</strong></span> <span class='ocrx_word' id='word_1_192' title='bbox 1140 2726 1191 2771; x_wconf 90' lang='lat' dir='ltr'><strong>te</strong></span> <span class='ocrx_word' id='word_1_193' title='bbox 1238 2715 1470 2770; x_wconf 91' lang='lat' dir='ltr'><strong>medium</strong></span> <span class='ocrx_word' id='word_1_194' title='bbox 1519 2716 1683 2771; x_wconf 89' lang='lat' dir='ltr'><strong>fuisse</strong></span> <span class='ocrx_word' id='word_1_195' title='bbox 1728 2731 1830 2771; x_wconf 84' lang='lat' dir='ltr'><strong>no-</strong></span> 
     </span>
    </p>
   </div>
   <div class='ocr_carea' id='block_1_28' title="bbox 224 2806 1826 2879">
    <p class='ocr_par' dir='ltr' id='par_1_28' title="bbox 224 2806 1826 2879">
     <span class='ocr_line' id='line_1_28' title="bbox 224 2806 1826 2879; baseline 0.001 -17"><span class='ocrx_word' id='word_1_196' title='bbox 224 2816 386 2862; x_wconf 88' lang='lat' dir='ltr'><strong>strum</strong></span> <span class='ocrx_word' id='word_1_197' title='bbox 421 2808 545 2862; x_wconf 86' lang='lat' dir='ltr'><strong>scio</strong></span> <span class='ocrx_word' id='word_1_198' title='bbox 567 2847 584 2874; x_wconf 94' lang='lat'><strong>,</strong></span> <span class='ocrx_word' id='word_1_199' title='bbox 632 2806 684 2862; x_wconf 91' lang='lat' dir='ltr'><strong>id</strong></span> <span class='ocrx_word' id='word_1_200' title='bbox 717 2817 837 2872; x_wconf 91' lang='lat' dir='ltr'><strong>est,</strong></span> <span class='ocrx_word' id='word_1_201' title='bbox 872 2808 1011 2863; x_wconf 91' lang='lat' dir='ltr'><strong>inter</strong></span> <span class='ocrx_word' id='word_1_202' title='bbox 1041 2808 1363 2863; x_wconf 72' lang='lat' dir='ltr'><strong>Manichreos</strong></span> <span class='ocrx_word' id='word_1_203' title='bbox 1403 2809 1826 2879; x_wconf 87' lang='lat' dir='ltr'><strong>administrasse,</strong></span> 
     </span>
    </p>
   </div>
   <div class='ocr_carea' id='block_1_29' title="bbox 222 2901 1830 2970">
    <p class='ocr_par' dir='ltr' id='par_1_29' title="bbox 222 2901 1830 2970">
     <span class='ocr_line' id='line_1_29' title="bbox 222 2901 1830 2970; baseline 0 -13"><span class='ocrx_word' id='word_1_204' title='bbox 222 2901 315 2956; x_wconf 83' lang='lat' dir='ltr'><strong>ista</strong></span> <span class='ocrx_word' id='word_1_205' title='bbox 347 2910 481 2956; x_wconf 89' lang='lat' dir='ltr'><strong>sunt</strong></span> <span class='ocrx_word' id='word_1_206' title='bbox 513 2901 834 2970; x_wconf 86' lang='lat' dir='ltr'><strong>principalia</strong></span> <span class='ocrx_word' id='word_1_207' title='bbox 879 2901 1000 2956; x_wconf 83' lang='lat' dir='ltr'><strong>fidei</strong></span> <span class='ocrx_word' id='word_1_208' title='bbox 1031 2911 1252 2956; x_wconf 85' lang='lat' dir='ltr'><strong>nostrae.</strong></span> <span class='ocrx_word' id='word_1_209' title='bbox 1305 2902 1380 2956; x_wconf 91' lang='lat' dir='ltr'><strong>De</strong></span> <span class='ocrx_word' id='word_1_210' title='bbox 1420 2902 1830 2957; x_wconf 89' lang='lat' dir='ltr'><strong>conversatione</strong></span> 
     </span>
    </p>
   </div>
   <div class='ocr_carea' id='block_1_30' title="bbox 225 2994 1823 3066">
    <p class='ocr_par' dir='ltr' id='par_1_30' title="bbox 225 2994 1823 3066">
     <span class='ocr_line' id='line_1_30' title="bbox 225 2994 1823 3066; baseline -0.001 -16"><span class='ocrx_word' id='word_1_211' title='bbox 225 2997 308 3051; x_wconf 86' lang='lat' dir='ltr'><strong>hic</strong></span> <span class='ocrx_word' id='word_1_212' title='bbox 349 2995 572 3066; x_wconf 80' lang='lat' dir='ltr'><strong>agitur,</strong></span> <span class='ocrx_word' id='word_1_213' title='bbox 617 2995 687 3049; x_wconf 92' lang='lat' dir='ltr'><strong>de</strong></span> <span class='ocrx_word' id='word_1_214' title='bbox 733 2994 925 3065; x_wconf 85' lang='lat' dir='ltr'><strong>quibus</strong></span> <span class='ocrx_word' id='word_1_215' title='bbox 975 2995 1124 3050; x_wconf 85' lang='lat' dir='ltr'><strong>falsis</strong></span> <span class='ocrx_word' id='word_1_216' title='bbox 1175 2995 1487 3050; x_wconf 90' lang='lat' dir='ltr'><strong>criminibus</strong></span> <span class='ocrx_word' id='word_1_217' title='bbox 1532 2995 1823 3066; x_wconf 90' lang='lat' dir='ltr'><strong>pulsamur.</strong></span> 
     </span>
    </p>
   </div>
   <div class='ocr_carea' id='block_1_31' title="bbox 227 3087 1831 3159">
    <p class='ocr_par' dir='ltr' id='par_1_31' title="bbox 227 3087 1831 3159">
     <span class='ocr_line' id='line_1_31' title="bbox 227 3087 1831 3159; baseline 0.001 -17"><span class='ocrx_word' id='word_1_218' title='bbox 227 3087 302 3143; x_wconf 80' lang='lat' dir='ltr'><strong>Ex</strong></span> <span class='ocrx_word' id='word_1_219' title='bbox 333 3098 386 3143; x_wconf 90' lang='lat' dir='ltr'><strong>te</strong></span> <span class='ocrx_word' id='word_1_220' title='bbox 418 3103 555 3159; x_wconf 83' lang='lat' dir='ltr'><strong>ergo</strong></span> <span class='ocrx_word' id='word_1_221' title='bbox 585 3095 880 3157; x_wconf 69' lang='lat' dir='ltr'><strong>prmseutes</strong></span> <span class='ocrx_word' id='word_1_222' title='bbox 927 3088 1144 3142; x_wconf 88' lang='lat' dir='ltr'><strong>audiant</strong></span> <span class='ocrx_word' id='word_1_223' title='bbox 1183 3088 1306 3142; x_wconf 90' lang='lat' dir='ltr'><strong>boni</strong></span> <span class='ocrx_word' id='word_1_224' title='bbox 1336 3087 1470 3152; x_wconf 90' lang='lat' dir='ltr'><strong>viri,</strong></span> <span class='ocrx_word' id='word_1_225' title='bbox 1503 3096 1680 3142; x_wconf 92' lang='lat' dir='ltr'><strong>utrum</strong></span> <span class='ocrx_word' id='word_1_226' title='bbox 1721 3088 1831 3143; x_wconf 92' lang='lat' dir='ltr'><strong>sint</strong></span> 
     </span>
    </p>
   </div>
   <div class='ocr_carea' id='block_1_32' title="bbox 222 3179 1831 3251">
    <p class='ocr_par' dir='ltr' id='par_1_32' title="bbox 222 3179 1831 3251">
     <span class='ocr_line' id='line_1_32' title="bbox 222 3179 1831 3251; baseline 0 -17"><span class='ocrx_word' id='word_1_227' title='bbox 222 3195 342 3235; x_wconf 85' lang='lat' dir='ltr'><strong>vera</strong></span> <span class='ocrx_word' id='word_1_228' title='bbox 371 3195 544 3250; x_wconf 87' lang='lat' dir='ltr'><strong>super</strong></span> <span class='ocrx_word' id='word_1_229' title='bbox 572 3179 768 3249; x_wconf 90' lang='lat' dir='ltr'><strong>quibus</strong></span> <span class='ocrx_word' id='word_1_230' title='bbox 797 3179 1145 3234; x_wconf 75' lang='lat' dir='ltr'><strong>criminantur</strong></span> <span class='ocrx_word' id='word_1_231' title='bbox 1173 3187 1228 3235; x_wconf 91' lang='lat' dir='ltr'><strong>et</strong></span> <span class='ocrx_word' id='word_1_232' title='bbox 1258 3179 1592 3251; x_wconf 88' lang='lat' dir='ltr'><strong>appetimur,</strong></span> <span class='ocrx_word' id='word_1_233' title='bbox 1624 3193 1693 3234; x_wconf 90' lang='lat' dir='ltr'><strong>an</strong></span> <span class='ocrx_word' id='word_1_234' title='bbox 1723 3179 1831 3234; x_wconf 91' lang='lat' dir='ltr'><strong>sint</strong></span> 
     </span>
    </p>
   </div>
   <div class='ocr_carea' id='block_1_33' title="bbox 220 3269 1826 3341">
    <p class='ocr_par' dir='ltr' id='par_1_33' title="bbox 220 3269 1826 3341">
     <span class='ocr_line' id='line_1_33' title="bbox 220 3269 1826 3341; baseline 0.002 -18"><span class='ocrx_word' id='word_1_235' title='bbox 220 3271 372 3326; x_wconf 89' lang='lat' dir='ltr'><strong>falsa.</strong></span> <span class='ocrx_word' id='word_1_236' title='bbox 411 3272 634 3326; x_wconf 84' lang='lat' dir='ltr'><strong>Etenim</strong></span> <span class='ocrx_word' id='word_1_237' title='bbox 664 3286 728 3325; x_wconf 87' lang='lat' dir='ltr'><strong>ex</strong></span> <span class='ocrx_word' id='word_1_238' title='bbox 759 3279 846 3324; x_wconf 89' lang='lat' dir='ltr'><strong>tua</strong></span> <span class='ocrx_word' id='word_1_239' title='bbox 884 3270 1149 3339; x_wconf 88' lang='lat' dir='ltr'><strong>doctrina,</strong></span> <span class='ocrx_word' id='word_1_240' title='bbox 1180 3279 1233 3326; x_wconf 91' lang='lat' dir='ltr'><strong>et</strong></span> <span class='ocrx_word' id='word_1_241' title='bbox 1260 3287 1328 3326; x_wconf 86' lang='lat' dir='ltr'><strong>ex</strong></span> <span class='ocrx_word' id='word_1_242' title='bbox 1363 3279 1452 3326; x_wconf 89' lang='lat' dir='ltr'><strong>tua</strong></span> <span class='ocrx_word' id='word_1_243' title='bbox 1491 3269 1826 3341; x_wconf 82' lang='lat' dir='ltr'><strong>expositione</strong></span> 
     </span>
    </p>
   </div>
   <div class='ocr_carea' id='block_1_34' title="bbox 223 3364 1824 3434">
    <p class='ocr_par' dir='ltr' id='par_1_34' title="bbox 223 3364 1824 3434">
     <span class='ocr_line' id='line_1_34' title="bbox 223 3364 1824 3434; baseline 0.001 -16"><span class='ocrx_word' id='word_1_244' title='bbox 223 3372 279 3418; x_wconf 88' lang='lat' dir='ltr'><strong>et</strong></span> <span class='ocrx_word' id='word_1_245' title='bbox 305 3364 620 3418; x_wconf 88' lang='lat' dir='ltr'><strong>ostensione</strong></span> <span class='ocrx_word' id='word_1_246' title='bbox 649 3371 900 3434; x_wconf 91' lang='lat' dir='ltr'><strong>poterunt</strong></span> <span class='ocrx_word' id='word_1_247' title='bbox 925 3365 1103 3419; x_wconf 89' lang='lat' dir='ltr'><strong>verius</strong></span> <span class='ocrx_word' id='word_1_248' title='bbox 1144 3364 1285 3420; x_wconf 90' lang='lat' dir='ltr'><strong>scire</strong></span> <span class='ocrx_word' id='word_1_249' title='bbox 1327 3373 1570 3419; x_wconf 91' lang='lat' dir='ltr'><strong>nostram</strong></span> <span class='ocrx_word' id='word_1_250' title='bbox 1597 3379 1824 3420; x_wconf 89' lang='lat' dir='ltr'><strong>conver-</strong></span> 
     </span>
    </p>
   </div>
   <div class='ocr_carea' id='block_1_35' title="bbox 221 3454 1820 3526">
    <p class='ocr_par' dir='ltr' id='par_1_35' title="bbox 221 3454 1820 3526">
     <span class='ocr_line' id='line_1_35' title="bbox 221 3454 1820 3526; baseline 0.001 -16"><span class='ocrx_word' id='word_1_251' title='bbox 221 3455 486 3512; x_wconf 75' lang='lat' dir='ltr'><strong>sationem</strong></span> <span class='ocrx_word' id='word_1_252' title='bbox 514 3497 531 3523; x_wconf 91' lang='lat'><strong>,</strong></span> <span class='ocrx_word' id='word_1_253' title='bbox 585 3454 631 3510; x_wconf 88' lang='lat' dir='ltr'><strong>si</strong></span> <span class='ocrx_word' id='word_1_254' title='bbox 674 3470 705 3509; x_wconf 90' lang='lat' dir='ltr'><strong>a</strong></span> <span class='ocrx_word' id='word_1_255' title='bbox 757 3463 808 3511; x_wconf 91' lang='lat' dir='ltr'><strong>te</strong></span> <span class='ocrx_word' id='word_1_256' title='bbox 855 3454 1016 3510; x_wconf 92' lang='lat' dir='ltr'><strong>fuerit</strong></span> <span class='ocrx_word' id='word_1_257' title='bbox 1069 3455 1299 3526; x_wconf 85' lang='lat' dir='ltr'><strong>prodita.</strong></span> <span class='ocrx_word' id='word_1_258' title='bbox 1358 3455 1652 3511; x_wconf 89' lang='lat' dir='ltr'><strong>lnterfuisti</strong></span> <span class='ocrx_word' id='word_1_259' title='bbox 1700 3471 1820 3512; x_wconf 87' lang='lat' dir='ltr'><strong>ora-</strong></span> 
     </span>
    </p>
   </div>
   <div class='ocr_carea' id='block_1_36' title="bbox 223 3548 368 3604">
    <p class='ocr_par' dir='ltr' id='par_1_36' title="bbox 223 3548 368 3604">
     <span class='ocr_line' id='line_1_36' title="bbox 223 3548 368 3604; baseline 0 -2"><span class='ocrx_word' id='word_1_260' title='bbox 223 3548 368 3604; x_wconf 85' lang='lat' dir='ltr'><strong>tioni.</strong></span> 
     </span>
    </p>
   </div>
   <div class='ocr_carea' id='block_1_37' title="bbox 285 3639 1824 3711">
    <p class='ocr_par' dir='ltr' id='par_1_37' title="bbox 285 3639 1824 3711">
     <span class='ocr_line' id='line_1_37' title="bbox 285 3639 1824 3711; baseline 0.001 -16"><span class='ocrx_word' id='word_1_261' title='bbox 285 3642 342 3695; x_wconf 71' lang='grc'><strong>2.</strong></span> <span class='ocrx_word' id='word_1_262' title='bbox 377 3641 522 3697; x_wconf 76' lang='lat' dir='ltr'><strong>Anc.</strong></span> <span class='ocrx_word' id='word_1_263' title='bbox 557 3639 693 3694; x_wconf 86' lang='lat' dir='ltr'><strong>dixit</strong></span> <span class='ocrx_word' id='word_1_264' title='bbox 726 3658 742 3695; x_wconf 88' lang='lat'><strong>:</strong></span> <span class='ocrx_word' id='word_1_265' title='bbox 775 3639 1012 3696; x_wconf 85' lang='lat' dir='ltr'><strong>Interfui.</strong></span> <span class='ocrx_word' id='word_1_266' title='bbox 1059 3639 1164 3695; x_wconf 90' lang='lat' dir='ltr'><strong>Sed</strong></span> <span class='ocrx_word' id='word_1_267' title='bbox 1210 3640 1313 3695; x_wconf 88' lang='lat' dir='ltr'><strong>alia</strong></span> <span class='ocrx_word' id='word_1_268' title='bbox 1359 3641 1584 3711; x_wconf 66' lang='lat' dir='ltr'><strong>quarstio</strong></span> <span class='ocrx_word' id='word_1_269' title='bbox 1631 3649 1714 3696; x_wconf 92' lang='lat' dir='ltr'><strong>est</strong></span> <span class='ocrx_word' id='word_1_270' title='bbox 1758 3639 1824 3697; x_wconf 92' lang='lat' dir='ltr'><strong>de</strong></span> 
     </span>
    </p>
   </div>
   <div class='ocr_carea' id='block_1_38' title="bbox 226 3731 1820 3804">
    <p class='ocr_par' dir='ltr' id='par_1_38' title="bbox 226 3731 1820 3804">
     <span class='ocr_line' id='line_1_38' title="bbox 226 3731 1820 3804; baseline 0.001 -17"><span class='ocrx_word' id='word_1_271' title='bbox 226 3732 347 3800; x_wconf 77' lang='lat' dir='ltr'><strong>fide,</strong></span> <span class='ocrx_word' id='word_1_272' title='bbox 379 3733 488 3787; x_wconf 87' lang='lat' dir='ltr'><strong>alia</strong></span> <span class='ocrx_word' id='word_1_273' title='bbox 516 3732 587 3788; x_wconf 89' lang='lat' dir='ltr'><strong>de</strong></span> <span class='ocrx_word' id='word_1_274' title='bbox 626 3731 868 3787; x_wconf 90' lang='lat' dir='ltr'><strong>moribus</strong></span> <span class='ocrx_word' id='word_1_275' title='bbox 903 3751 916 3787; x_wconf 90' lang='lat'><strong>:</strong></span> <span class='ocrx_word' id='word_1_276' title='bbox 949 3748 1048 3804; x_wconf 87' lang='lat' dir='ltr'><strong>ego</strong></span> <span class='ocrx_word' id='word_1_277' title='bbox 1088 3731 1156 3787; x_wconf 90' lang='lat' dir='ltr'><strong>de</strong></span> <span class='ocrx_word' id='word_1_278' title='bbox 1199 3732 1304 3787; x_wconf 83' lang='lat' dir='ltr'><strong>fide</strong></span> <span class='ocrx_word' id='word_1_279' title='bbox 1333 3733 1607 3803; x_wconf 87' lang='lat' dir='ltr'><strong>pr0posui.</strong></span> <span class='ocrx_word' id='word_1_280' title='bbox 1639 3731 1744 3788; x_wconf 89' lang='lat' dir='ltr'><strong>Sed</strong></span> <span class='ocrx_word' id='word_1_281' title='bbox 1775 3734 1820 3788; x_wconf 91' lang='lat' dir='ltr'><strong>si</strong></span> 
     </span>
    </p>
   </div>
   <div class='ocr_carea' id='block_1_39' title="bbox 225 3823 1820 3897">
    <p class='ocr_par' dir='ltr' id='par_1_39' title="bbox 225 3823 1820 3897">
     <span class='ocr_line' id='line_1_39' title="bbox 225 3823 1820 3897; baseline -0.001 -17"><span class='ocrx_word' id='word_1_282' title='bbox 225 3827 297 3881; x_wconf 92' lang='lat' dir='ltr'><strong>illi</strong></span> <span class='ocrx_word' id='word_1_283' title='bbox 325 3828 415 3897; x_wconf 89' lang='lat' dir='ltr'><strong>qui</strong></span> <span class='ocrx_word' id='word_1_284' title='bbox 450 3825 668 3892; x_wconf 86' lang='lat' dir='ltr'><strong>adsunt,</strong></span> <span class='ocrx_word' id='word_1_285' title='bbox 703 3825 906 3880; x_wconf 92' lang='lat' dir='ltr'><strong>malunt</strong></span> <span class='ocrx_word' id='word_1_286' title='bbox 933 3824 1119 3880; x_wconf 90' lang='lat' dir='ltr'><strong>audire</strong></span> <span class='ocrx_word' id='word_1_287' title='bbox 1147 3824 1216 3880; x_wconf 90' lang='lat' dir='ltr'><strong>de</strong></span> <span class='ocrx_word' id='word_1_288' title='bbox 1241 3823 1500 3889; x_wconf 89' lang='lat' dir='ltr'><strong>moribus,</strong></span> <span class='ocrx_word' id='word_1_289' title='bbox 1537 3838 1634 3879; x_wconf 91' lang='lat' dir='ltr'><strong>nec</strong></span> <span class='ocrx_word' id='word_1_290' title='bbox 1662 3823 1820 3880; x_wconf 85' lang='lat' dir='ltr'><strong>istam</strong></span> 
     </span>
    </p>
   </div>
   <div class='ocr_carea' id='block_1_40' title="bbox 225 3915 854 3989">
    <p class='ocr_par' dir='ltr' id='par_1_40' title="bbox 225 3915 854 3989">
     <span class='ocr_line' id='line_1_40' title="bbox 225 3915 854 3989; baseline -0.002 -16"><span class='ocrx_word' id='word_1_291' title='bbox 225 3915 579 3989; x_wconf 67' lang='lat' dir='ltr'><strong>qumstionetn</strong></span> <span class='ocrx_word' id='word_1_292' title='bbox 620 3918 854 3988; x_wconf 79' lang='lat' dir='ltr'><strong>defugio.</strong></span> 
     </span>
    </p>
   </div>
   <div class='ocr_carea' id='block_1_41' title="bbox 290 4007 1820 4078">
    <p class='ocr_par' dir='ltr' id='par_1_41' title="bbox 290 4007 1820 4078">
     <span class='ocr_line' id='line_1_41' title="bbox 290 4007 1820 4078; baseline -0.003 -12"><span class='ocrx_word' id='word_1_293' title='bbox 290 4011 464 4067; x_wconf 75' lang='lat' dir='ltr'><strong>Foa-r.</strong></span> <span class='ocrx_word' id='word_1_294' title='bbox 498 4011 674 4066; x_wconf 88' lang='lat' dir='ltr'><strong>dixit:</strong></span> <span class='ocrx_word' id='word_1_295' title='bbox 719 4010 953 4078; x_wconf 86' lang='lat' dir='ltr'><strong>Purgare</strong></span> <span class='ocrx_word' id='word_1_296' title='bbox 993 4024 1078 4064; x_wconf 93' lang='lat' dir='ltr'><strong>me</strong></span> <span class='ocrx_word' id='word_1_297' title='bbox 1121 4008 1268 4078; x_wconf 90' lang='lat' dir='ltr'><strong>prius</strong></span> <span class='ocrx_word' id='word_1_298' title='bbox 1307 4007 1429 4062; x_wconf 89' lang='lat' dir='ltr'><strong>volo</strong></span> <span class='ocrx_word' id='word_1_299' title='bbox 1476 4022 1641 4078; x_wconf 89' lang='lat' dir='ltr'><strong>penes</strong></span> <span class='ocrx_word' id='word_1_300' title='bbox 1689 4021 1820 4062; x_wconf 87' lang='lat' dir='ltr'><strong>con-</strong></span> 
     </span>
    </p>
   </div>
   <div class='ocr_carea' id='block_1_42' title="bbox 226 4097 1822 4170">
    <p class='ocr_par' dir='ltr' id='par_1_42' title="bbox 226 4097 1822 4170">
     <span class='ocr_line' id='line_1_42' title="bbox 226 4097 1822 4170; baseline -0.002 -14"><span class='ocrx_word' id='word_1_301' title='bbox 226 4102 502 4157; x_wconf 87' lang='lat' dir='ltr'><strong>scientiam</strong></span> <span class='ocrx_word' id='word_1_302' title='bbox 560 4109 834 4166; x_wconf 80' lang='lat' dir='ltr'><strong>vestram,</strong></span> <span class='ocrx_word' id='word_1_303' title='bbox 890 4114 1051 4170; x_wconf 88' lang='lat' dir='ltr'><strong>penes</strong></span> <span class='ocrx_word' id='word_1_304' title='bbox 1115 4114 1273 4169; x_wconf 89' lang='lat' dir='ltr'><strong>quam</strong></span> <span class='ocrx_word' id='word_1_305' title='bbox 1330 4097 1704 4168; x_wconf 76' lang='lat' dir='ltr'><strong>‘polluimur,</strong></span> <span class='ocrx_word' id='word_1_306' title='bbox 1755 4112 1822 4153; x_wconf 80' lang='lat' dir='ltr'><strong>ex</strong></span> 
     </span>
    </p>
   </div>
   <div class='ocr_carea' id='block_1_43' title="bbox 227 4190 1821 4261">
    <p class='ocr_par' dir='ltr' id='par_1_43' title="bbox 227 4190 1821 4261">
     <span class='ocr_line' id='line_1_43' title="bbox 227 4190 1821 4261; baseline -0.001 -13"><span class='ocrx_word' id='word_1_307' title='bbox 227 4194 394 4248; x_wconf 89' lang='lat' dir='ltr'><strong>idonei</strong></span> <span class='ocrx_word' id='word_1_308' title='bbox 444 4193 546 4248; x_wconf 86' lang='lat' dir='ltr'><strong>viri</strong></span> <span class='ocrx_word' id='word_1_309' title='bbox 596 4192 933 4258; x_wconf 88' lang='lat' dir='ltr'><strong>testimonio,</strong></span> <span class='ocrx_word' id='word_1_310' title='bbox 986 4191 1073 4261; x_wconf 90' lang='lat' dir='ltr'><strong>qui</strong></span> <span class='ocrx_word' id='word_1_311' title='bbox 1123 4190 1254 4244; x_wconf 90' lang='lat' dir='ltr'><strong>mihi</strong></span> <span class='ocrx_word' id='word_1_312' title='bbox 1299 4196 1354 4246; x_wconf 86' lang='lat' dir='ltr'><strong>et</strong></span> <span class='ocrx_word' id='word_1_313' title='bbox 1402 4206 1541 4245; x_wconf 91' lang='lat' dir='ltr'><strong>nunc</strong></span> <span class='ocrx_word' id='word_1_314' title='bbox 1593 4190 1821 4246; x_wconf 86' lang='lat' dir='ltr'><strong>idoneus</strong></span> 
     </span>
    </p>
   </div>
   <div class='ocr_carea' id='block_1_44' title="bbox 226 4281 1815 4354">
    <p class='ocr_par' dir='ltr' id='par_1_44' title="bbox 226 4281 1815 4354">
     <span class='ocr_line' id='line_1_44' title="bbox 226 4281 1815 4354; baseline -0.003 -13"><span class='ocrx_word' id='word_1_315' title='bbox 226 4296 336 4354; x_wconf 88' lang='lat' dir='ltr'><strong>est,</strong></span> <span class='ocrx_word' id='word_1_316' title='bbox 377 4296 434 4340; x_wconf 82' lang='lat' dir='ltr'><strong>et</strong></span> <span class='ocrx_word' id='word_1_317' title='bbox 467 4289 519 4340; x_wconf 93' lang='lat' dir='ltr'><strong>in</strong></span> <span class='ocrx_word' id='word_1_318' title='bbox 556 4286 726 4339; x_wconf 90' lang='lat' dir='ltr'><strong>futura</strong></span> <span class='ocrx_word' id='word_1_319' title='bbox 768 4283 894 4352; x_wconf 89' lang='lat' dir='ltr'><strong>justi</strong></span> <span class='ocrx_word' id='word_1_320' title='bbox 920 4283 1117 4354; x_wconf 88' lang='lat' dir='ltr'><strong>judicis</strong></span> <span class='ocrx_word' id='word_1_321' title='bbox 1144 4281 1342 4337; x_wconf 88' lang='lat' dir='ltr'><strong>Christi</strong></span> <span class='ocrx_word' id='word_1_322' title='bbox 1385 4282 1815 4350; x_wconf 87' lang='lat' dir='ltr'><strong>examinatione,</strong></span> 
     </span>
    </p>
   </div>
   <div class='ocr_carea' id='block_1_45' title="bbox 227 4374 1819 4448">
    <p class='ocr_par' dir='ltr' id='par_1_45' title="bbox 227 4374 1819 4448">
     <span class='ocr_line' id='line_1_45' title="bbox 227 4374 1819 4448; baseline -0.005 -12"><span class='ocrx_word' id='word_1_323' title='bbox 227 4379 266 4436; x_wconf 84' lang='lat' dir='ltr'><strong>si</strong></span> <span class='ocrx_word' id='word_1_324' title='bbox 304 4394 368 4436; x_wconf 87' lang='lat' dir='ltr'><strong>ea</strong></span> <span class='ocrx_word' id='word_1_325' title='bbox 411 4393 537 4448; x_wconf 76' lang='lat' dir='ltr'><strong>qua:</strong></span> <span class='ocrx_word' id='word_1_326' title='bbox 577 4377 848 4448; x_wconf 88' lang='lat' dir='ltr'><strong>jactantur</strong></span> <span class='ocrx_word' id='word_1_327' title='bbox 875 4376 1006 4430; x_wconf 89' lang='lat' dir='ltr'><strong>vidit</strong></span> <span class='ocrx_word' id='word_1_328' title='bbox 1036 4375 1089 4430; x_wconf 91' lang='lat' dir='ltr'><strong>in</strong></span> <span class='ocrx_word' id='word_1_329' title='bbox 1129 4375 1316 4442; x_wconf 90' lang='lat' dir='ltr'><strong>nobis,</strong></span> <span class='ocrx_word' id='word_1_330' title='bbox 1362 4374 1448 4430; x_wconf 88' lang='lat' dir='ltr'><strong>vel</strong></span> <span class='ocrx_word' id='word_1_331' title='bbox 1497 4383 1819 4430; x_wconf 89' lang='lat' dir='ltr'><strong>consecutus</strong></span> 
     </span>
    </p>
   </div>
   <div class='ocr_carea' id='block_1_46' title="bbox 227 4481 321 4526">
    <p class='ocr_par' dir='ltr' id='par_1_46' title="bbox 227 4481 321 4526">
     <span class='ocr_line' id='line_1_46' title="bbox 227 4481 321 4526; baseline 0.011 -1"><span class='ocrx_word' id='word_1_332' title='bbox 227 4481 321 4526; x_wconf 88' lang='lat' dir='ltr'><strong>est.</strong></span> 
     </span>
    </p>
   </div>
   <div class='ocr_carea' id='block_1_47' title="bbox 289 4557 1818 4628">
    <p class='ocr_par' dir='ltr' id='par_1_47' title="bbox 289 4557 1818 4628">
     <span class='ocr_line' id='line_1_47' title="bbox 289 4557 1818 4628; baseline -0.001 -12"><span class='ocrx_word' id='word_1_333' title='bbox 289 4563 342 4616; x_wconf 84' lang='grc'><strong>5.</strong></span> <span class='ocrx_word' id='word_1_334' title='bbox 374 4564 514 4617; x_wconf 78' lang='lat' dir='ltr'><strong>Anc.</strong></span> <span class='ocrx_word' id='word_1_335' title='bbox 549 4560 728 4616; x_wconf 84' lang='lat' dir='ltr'><strong>dixit:</strong></span> <span class='ocrx_word' id='word_1_336' title='bbox 762 4559 841 4615; x_wconf 89' lang='lat' dir='ltr'><strong>Ad</strong></span> <span class='ocrx_word' id='word_1_337' title='bbox 886 4559 1028 4615; x_wconf 87' lang='lat' dir='ltr'><strong>aliud</strong></span> <span class='ocrx_word' id='word_1_338' title='bbox 1055 4572 1251 4625; x_wconf 89' lang='lat' dir='ltr'><strong>vocas,</strong></span> <span class='ocrx_word' id='word_1_339' title='bbox 1298 4572 1416 4613; x_wconf 89' lang='lat' dir='ltr'><strong>cum</strong></span> <span class='ocrx_word' id='word_1_340' title='bbox 1462 4573 1560 4628; x_wconf 83' lang='lat' dir='ltr'><strong>ego</strong></span> <span class='ocrx_word' id='word_1_341' title='bbox 1603 4558 1671 4612; x_wconf 84' lang='lat' dir='ltr'><strong>de</strong></span> <span class='ocrx_word' id='word_1_342' title='bbox 1716 4557 1818 4614; x_wconf 83' lang='lat' dir='ltr'><strong>fide</strong></span> 
     </span>
    </p>
   </div>
   <div class='ocr_carea' id='block_1_48' title="bbox 227 4651 1819 4727">
    <p class='ocr_par' dir='ltr' id='par_1_48' title="bbox 227 4651 1819 4727">
     <span class='ocr_line' id='line_1_48' title="bbox 227 4651 1819 4727; baseline -0.002 -18"><span class='ocrx_word' id='word_1_343' title='bbox 227 4655 619 4727; x_wconf 83' lang='lat' dir='ltr'><strong>proposuerim.</strong></span> <span class='ocrx_word' id='word_1_344' title='bbox 671 4654 746 4708; x_wconf 88' lang='lat' dir='ltr'><strong>De</strong></span> <span class='ocrx_word' id='word_1_345' title='bbox 784 4653 1022 4708; x_wconf 90' lang='lat' dir='ltr'><strong>moribus</strong></span> <span class='ocrx_word' id='word_1_346' title='bbox 1050 4661 1227 4707; x_wconf 89' lang='lat' dir='ltr'><strong>autem</strong></span> <span class='ocrx_word' id='word_1_347' title='bbox 1255 4651 1449 4706; x_wconf 88' lang='lat' dir='ltr'><strong>vestris</strong></span> <span class='ocrx_word' id='word_1_348' title='bbox 1477 4651 1634 4720; x_wconf 91' lang='lat' dir='ltr'><strong>plene</strong></span> <span class='ocrx_word' id='word_1_349' title='bbox 1681 4651 1819 4706; x_wconf 91' lang='lat' dir='ltr'><strong>scire</strong></span> 
     </span>
    </p>
   </div>
   <div class='ocr_carea' id='block_1_49' title="bbox 225 4742 1816 4817">
    <p class='ocr_par' dir='ltr' id='par_1_49' title="bbox 225 4742 1816 4817">
     <span class='ocr_line' id='line_1_49' title="bbox 225 4742 1816 4817; baseline -0.004 -16"><span class='ocrx_word' id='word_1_350' title='bbox 225 4756 448 4815; x_wconf 73' lang='lat' dir='ltr'><strong>possunt</strong></span> <span class='ocrx_word' id='word_1_351' title='bbox 473 4746 566 4817; x_wconf 90' lang='lat' dir='ltr'><strong>qui</strong></span> <span class='ocrx_word' id='word_1_352' title='bbox 595 4745 764 4800; x_wconf 84' lang='lat' dir='ltr'><strong>Electi</strong></span> <span class='ocrx_word' id='word_1_353' title='bbox 792 4745 955 4799; x_wconf 90' lang='lat' dir='ltr'><strong>vestri</strong></span> <span class='ocrx_word' id='word_1_354' title='bbox 988 4751 1131 4798; x_wconf 90' lang='lat' dir='ltr'><strong>sunt.</strong></span> <span class='ocrx_word' id='word_1_355' title='bbox 1164 4742 1341 4797; x_wconf 85' lang='lat' dir='ltr'><strong>Nostis</strong></span> <span class='ocrx_word' id='word_1_356' title='bbox 1368 4749 1546 4796; x_wconf 92' lang='lat' dir='ltr'><strong>autem</strong></span> <span class='ocrx_word' id='word_1_357' title='bbox 1587 4755 1674 4797; x_wconf 93' lang='lat' dir='ltr'><strong>me</strong></span> <span class='ocrx_word' id='word_1_358' title='bbox 1712 4756 1816 4796; x_wconf 93' lang='lat' dir='ltr'><strong>non</strong></span> 
     </span>
    </p>
   </div>
   <div class='ocr_carea' id='block_1_50' title="bbox 220 4833 1816 4902">
    <p class='ocr_par' dir='ltr' id='par_1_50' title="bbox 220 4833 1816 4902">
     <span class='ocr_line' id='line_1_50' title="bbox 220 4833 1816 4902; baseline -0.004 -10"><span class='ocrx_word' id='word_1_359' title='bbox 220 4837 465 4894; x_wconf 81' lang='lat' dir='ltr'><strong>Electum</strong></span> <span class='ocrx_word' id='word_1_360' title='bbox 514 4846 751 4892; x_wconf 92' lang='lat' dir='ltr'><strong>vestrum</strong></span> <span class='ocrx_word' id='word_1_361' title='bbox 783 4878 797 4902; x_wconf 91' lang='lat'><strong>,</strong></span> <span class='ocrx_word' id='word_1_362' title='bbox 846 4835 942 4891; x_wconf 90' lang='lat' dir='ltr'><strong>sed</strong></span> <span class='ocrx_word' id='word_1_363' title='bbox 972 4835 1280 4890; x_wconf 85' lang='lat' dir='ltr'><strong>Auditorem</strong></span> <span class='ocrx_word' id='word_1_364' title='bbox 1337 4833 1523 4889; x_wconf 92' lang='lat' dir='ltr'><strong>fuisse.</strong></span> <span class='ocrx_word' id='word_1_365' title='bbox 1594 4833 1816 4902; x_wconf 87' lang='lat' dir='ltr'><strong>Itaque,</strong></span> 
     </span>
    </p>
   </div>
   <div class='ocr_carea' id='block_1_51' title="bbox 220 4924 1818 4999">
    <p class='ocr_par' dir='ltr' id='par_1_51' title="bbox 220 4924 1818 4999">
     <span class='ocr_line' id='line_1_51' title="bbox 220 4924 1818 4999; baseline -0.004 -15"><span class='ocrx_word' id='word_1_366' title='bbox 220 4930 468 4999; x_wconf 84' lang='lat' dir='ltr'><strong>quamvis</strong></span> <span class='ocrx_word' id='word_1_367' title='bbox 497 4938 554 4984; x_wconf 91' lang='lat' dir='ltr'><strong>et</strong></span> <span class='ocrx_word' id='word_1_368' title='bbox 581 4927 810 4983; x_wconf 91' lang='lat' dir='ltr'><strong>orationi</strong></span> <span class='ocrx_word' id='word_1_369' title='bbox 841 4935 1036 4982; x_wconf 84' lang='lat' dir='ltr'><strong>vestrae</strong></span> <span class='ocrx_word' id='word_1_370' title='bbox 1079 4924 1411 4981; x_wconf 89' lang='lat' dir='ltr'><strong>interfuerim</strong></span> <span class='ocrx_word' id='word_1_371' title='bbox 1438 4966 1454 4991; x_wconf 90' lang='lat'><strong>,</strong></span> <span class='ocrx_word' id='word_1_372' title='bbox 1486 4933 1544 4979; x_wconf 91' lang='lat' dir='ltr'><strong>ut</strong></span> <span class='ocrx_word' id='word_1_373' title='bbox 1587 4924 1818 4979; x_wconf 89' lang='lat' dir='ltr'><strong>interro-</strong></span> 
     </span>
    </p>
   </div>
   <div class='ocr_carea' id='block_1_52' title="bbox 218 5016 1816 5091">
    <p class='ocr_par' dir='ltr' id='par_1_52' title="bbox 218 5016 1816 5091">
     <span class='ocr_line' id='line_1_52' title="bbox 218 5016 1816 5091; baseline -0.003 -17"><span class='ocrx_word' id='word_1_374' title='bbox 218 5023 393 5091; x_wconf 83' lang='lat' dir='ltr'><strong>gasti;</strong></span> <span class='ocrx_word' id='word_1_375' title='bbox 445 5029 626 5076; x_wconf 87' lang='lat' dir='ltr'><strong>utrum</strong></span> <span class='ocrx_word' id='word_1_376' title='bbox 671 5019 960 5090; x_wconf 91' lang='lat' dir='ltr'><strong>separatim</strong></span> <span class='ocrx_word' id='word_1_377' title='bbox 992 5017 1266 5072; x_wconf 87' lang='lat' dir='ltr'><strong>vobiscum</strong></span> <span class='ocrx_word' id='word_1_378' title='bbox 1314 5016 1556 5072; x_wconf 88' lang='lat' dir='ltr'><strong>habeatis</strong></span> <span class='ocrx_word' id='word_1_379' title='bbox 1586 5016 1816 5087; x_wconf 89' lang='lat' dir='ltr'><strong>aliquam</strong></span> 
     </span>
    </p>
   </div>
   <div class='ocr_carea' id='block_1_53' title="bbox 217 5108 1819 5181">
    <p class='ocr_par' dir='ltr' id='par_1_53' title="bbox 217 5108 1819 5181">
     <span class='ocr_line' id='line_1_53' title="bbox 217 5108 1819 5181; baseline -0.003 -13"><span class='ocrx_word' id='word_1_380' title='bbox 217 5116 555 5180; x_wconf 86' lang='lat' dir='ltr'><strong>orationem,</strong></span> <span class='ocrx_word' id='word_1_381' title='bbox 605 5113 747 5167; x_wconf 88' lang='lat' dir='ltr'><strong>Deus</strong></span> <span class='ocrx_word' id='word_1_382' title='bbox 797 5111 947 5167; x_wconf 89' lang='lat' dir='ltr'><strong>solus</strong></span> <span class='ocrx_word' id='word_1_383' title='bbox 990 5117 1166 5181; x_wconf 90' lang='lat' dir='ltr'><strong>potest</strong></span> <span class='ocrx_word' id='word_1_384' title='bbox 1210 5122 1409 5175; x_wconf 88' lang='lat' dir='ltr'><strong>nosse,</strong></span> <span class='ocrx_word' id='word_1_385' title='bbox 1455 5116 1511 5162; x_wconf 88' lang='lat' dir='ltr'><strong>et</strong></span> <span class='ocrx_word' id='word_1_386' title='bbox 1537 5123 1652 5163; x_wconf 90' lang='lat' dir='ltr'><strong>vos.</strong></span> <span class='ocrx_word' id='word_1_387' title='bbox 1706 5108 1819 5179; x_wconf 89' lang='lat' dir='ltr'><strong>Ego</strong></span> 
     </span>
    </p>
   </div>
   <div class='ocr_carea' id='block_1_54' title="bbox 217 5200 1817 5273">
    <p class='ocr_par' dir='ltr' id='par_1_54' title="bbox 217 5200 1817 5273">
     <span class='ocr_line' id='line_1_54' title="bbox 217 5200 1817 5273; baseline -0.003 -12"><span class='ocrx_word' id='word_1_388' title='bbox 217 5215 398 5261; x_wconf 85' lang='lat' dir='ltr'><strong>tamen</strong></span> <span class='ocrx_word' id='word_1_389' title='bbox 447 5206 499 5260; x_wconf 89' lang='lat' dir='ltr'><strong>in</strong></span> <span class='ocrx_word' id='word_1_390' title='bbox 529 5205 772 5259; x_wconf 90' lang='lat' dir='ltr'><strong>oratione</strong></span> <span class='ocrx_word' id='word_1_391' title='bbox 815 5203 868 5258; x_wconf 90' lang='lat' dir='ltr'><strong>in</strong></span> <span class='ocrx_word' id='word_1_392' title='bbox 909 5217 1013 5273; x_wconf 90' lang='lat' dir='ltr'><strong>qua</strong></span> <span class='ocrx_word' id='word_1_393' title='bbox 1054 5200 1309 5268; x_wconf 90' lang='lat' dir='ltr'><strong>interfui,</strong></span> <span class='ocrx_word' id='word_1_394' title='bbox 1342 5200 1473 5255; x_wconf 90' lang='lat' dir='ltr'><strong>nihil</strong></span> <span class='ocrx_word' id='word_1_395' title='bbox 1516 5209 1673 5272; x_wconf 87' lang='lat' dir='ltr'><strong>turpe</strong></span> <span class='ocrx_word' id='word_1_396' title='bbox 1701 5202 1817 5257; x_wconf 86' lang='lat' dir='ltr'><strong>fieri</strong></span> 
     </span>
    </p>
   </div>
   <div class='ocr_carea' id='block_1_55' title="bbox 215 5294 1815 5364">
    <p class='ocr_par' dir='ltr' id='par_1_55' title="bbox 215 5294 1815 5364">
     <span class='ocr_line' id='line_1_55' title="bbox 215 5294 1815 5364; baseline -0.001 -13"><span class='ocrx_word' id='word_1_397' title='bbox 215 5300 322 5354; x_wconf 85' lang='lat' dir='ltr'><strong>vidi</strong></span> <span class='ocrx_word' id='word_1_398' title='bbox 374 5317 387 5352; x_wconf 92' lang='lat'>:</span> <span class='ocrx_word' id='word_1_399' title='bbox 437 5297 534 5353; x_wconf 89' lang='lat' dir='ltr'><strong>sed</strong></span> <span class='ocrx_word' id='word_1_400' title='bbox 579 5298 752 5352; x_wconf 88' lang='lat' dir='ltr'><strong>solum</strong></span> <span class='ocrx_word' id='word_1_401' title='bbox 798 5295 985 5352; x_wconf 87' lang='lat' dir='ltr'><strong>contra</strong></span> <span class='ocrx_word' id='word_1_402' title='bbox 1034 5296 1194 5351; x_wconf 87' lang='lat' dir='ltr'><strong>fidem</strong></span> <span class='ocrx_word' id='word_1_403' title='bbox 1221 5294 1570 5351; x_wconf 80' lang='lat' dir='ltr'><strong>animadverti</strong></span> <span class='ocrx_word' id='word_1_404' title='bbox 1597 5337 1612 5363; x_wconf 95' lang='lat'><strong>,</strong></span> <span class='ocrx_word' id='word_1_405' title='bbox 1659 5309 1815 5364; x_wconf 88' lang='lat' dir='ltr'><strong>quam</strong></span> 
     </span>
    </p>
   </div>
   <div class='ocr_carea' id='block_1_56' title="bbox 215 5388 1817 5462">
    <p class='ocr_par' dir='ltr' id='par_1_56' title="bbox 215 5388 1817 5462">
     <span class='ocr_line' id='line_1_56' title="bbox 215 5388 1817 5462; baseline -0.001 -17"><span class='ocrx_word' id='word_1_406' title='bbox 215 5401 398 5462; x_wconf 88' lang='lat' dir='ltr'><strong>postea</strong></span> <span class='ocrx_word' id='word_1_407' title='bbox 448 5390 606 5447; x_wconf 88' lang='lat' dir='ltr'><strong>didici</strong></span> <span class='ocrx_word' id='word_1_408' title='bbox 647 5399 704 5446; x_wconf 90' lang='lat' dir='ltr'><strong>et</strong></span> <span class='ocrx_word' id='word_1_409' title='bbox 741 5390 984 5460; x_wconf 88' lang='lat' dir='ltr'><strong>probavi,</strong></span> <span class='ocrx_word' id='word_1_410' title='bbox 1032 5389 1175 5460; x_wconf 91' lang='lat' dir='ltr'><strong>quod</strong></span> <span class='ocrx_word' id='word_1_411' title='bbox 1205 5398 1390 5444; x_wconf 91' lang='lat' dir='ltr'><strong>contra</strong></span> <span class='ocrx_word' id='word_1_412' title='bbox 1437 5391 1605 5444; x_wconf 90' lang='lat' dir='ltr'><strong>solem</strong></span> <span class='ocrx_word' id='word_1_413' title='bbox 1645 5388 1817 5444; x_wconf 82' lang='lat' dir='ltr'><strong>facitis</strong></span> 
     </span>
    </p>
   </div>
   <div class='ocr_carea' id='block_1_57' title="bbox 279 5524 1816 5590">
    <p class='ocr_par' dir='ltr' id='par_1_57' title="bbox 279 5524 1816 5590">
     <span class='ocr_line' id='line_1_57' title="bbox 279 5524 1816 5590; baseline 0.001 -14"><span class='ocrx_word' id='word_1_414' title='bbox 279 5532 292 5559; x_wconf 80' lang='grc'>³</span> <span class='ocrx_word' id='word_1_415' title='bbox 316 5533 451 5590; x_wconf 87' lang='lat' dir='ltr'><strong>_Post,</strong></span> <span class='ocrx_word' id='word_1_416' title='bbox 475 5525 648 5576; x_wconf 79' lang='lat' dir='ltr'><strong>audire</strong></span> <span class='ocrx_word' id='word_1_417' title='bbox 662 5524 823 5590; x_wconf 80' lang='lat' dir='ltr'><strong>cupio,</strong></span> <span class='ocrx_word' id='word_1_418' title='bbox 847 5526 1100 5575; x_wconf 80' lang='lat' dir='ltr'><strong>Vaticanus</strong></span> <span class='ocrx_word' id='word_1_419' title='bbox 1128 5525 1285 5575; x_wconf 86' lang='lat' dir='ltr'><strong>codex</strong></span> <span class='ocrx_word' id='word_1_420' title='bbox 1320 5525 1480 5590; x_wconf 83' lang='lat' dir='ltr'><strong>addit;</strong></span> <span class='ocrx_word' id='word_1_421' title='bbox 1507 5533 1816 5590; x_wconf 68' lang='lat' dir='ltr'><strong>Eonms&#39;rus</strong></span> 
     </span>
    </p>
   </div>
   <div class='ocr_carea' id='block_1_58' title="bbox 217 5587 1813 5658">
    <p class='ocr_par' dir='ltr' id='par_1_58' title="bbox 217 5587 1813 5658">
     <span class='ocr_line' id='line_1_58' title="bbox 217 5587 1813 5658; baseline 0.001 -21"><span class='ocrx_word' id='word_1_422' title='bbox 217 5587 345 5658; x_wconf 45' lang='lat' dir='ltr'><strong>didit</strong></span> <span class='ocrx_word' id='word_1_423' title='bbox 373 5602 390 5639; x_wconf 90' lang='lat'><em>:</em></span> <span class='ocrx_word' id='word_1_424' title='bbox 423 5594 564 5639; x_wconf 81' lang='lat' dir='ltr'><strong>Certa</strong></span> <span class='ocrx_word' id='word_1_425' title='bbox 583 5587 802 5639; x_wconf 74' lang='lat' dir='ltr'><strong>errorem</strong></span> <span class='ocrx_word' id='word_1_426' title='bbox 815 5600 1070 5650; x_wconf 73' lang='lat' dir='ltr'><strong>exponere.</strong></span> <span class='ocrx_word' id='word_1_427' title='bbox 1097 5591 1404 5638; x_wconf 72' lang='lat' dir='ltr'><strong>&#39;Aueusrnvus</strong></span> <span class='ocrx_word' id='word_1_428' title='bbox 1427 5587 1552 5638; x_wconf 73' lang='lat' dir='ltr'><strong>dixit</strong></span> <span class='ocrx_word' id='word_1_429' title='bbox 1574 5601 1590 5637; x_wconf 89' lang='lat'><strong><em>:</em></strong></span> <span class='ocrx_word' id='word_1_430' title='bbox 1614 5597 1667 5637; x_wconf 86' lang='lat' dir='ltr'><strong>In</strong></span> <span class='ocrx_word' id='word_1_431' title='bbox 1710 5587 1813 5652; x_wconf 81' lang='lat' dir='ltr'><strong>pri-</strong></span> 
     </span>
    </p>
   </div>
   <div class='ocr_carea' id='block_1_59' title="bbox 214 5659 1536 5774">
    <p class='ocr_par' dir='ltr' id='par_1_59' title="bbox 214 5659 1536 5774">
     <span class='ocr_line' id='line_1_59' title="bbox 214 5659 1536 5774; baseline 0 -14"><span class='ocrx_word' id='word_1_432' title='bbox 214 5659 584 5764; x_wconf 43' lang='grc' dir='ltr'><strong>ωξίβέδὲληιιε</strong></span> <span class='ocrx_word' id='word_1_433' title='bbox 615 5712 793 5771; x_wconf 83' lang='lat' dir='ltr'><strong>codex,</strong></span> <span class='ocrx_word' id='word_1_434' title='bbox 820 5709 977 5774; x_wconf 77' lang='lat' dir='ltr'><strong>regnis</strong></span> <span class='ocrx_word' id='word_1_435' title='bbox 999 5710 1115 5774; x_wconf 79' lang='lat' dir='ltr'><strong>suis,</strong></span> <span class='ocrx_word' id='word_1_436' title='bbox 1140 5709 1418 5774; x_wconf 76' lang='lat' dir='ltr'><strong>utaliquid,</strong></span> <span class='ocrx_word' id='word_1_437' title='bbox 1441 5719 1536 5763; x_wconf 87' lang='lat' dir='ltr'><strong>etc.</strong></span> 
     </span>
    </p>
   </div>
   <div class='ocr_carea' id='block_1_60' title="bbox 279 5768 1378 5834">
    <p class='ocr_par' dir='ltr' id='par_1_60' title="bbox 279 5768 1378 5834">
     <span class='ocr_line' id='line_1_60' title="bbox 279 5768 1378 5834; baseline -0.001 -9"><span class='ocrx_word' id='word_1_438' title='bbox 279 5777 302 5834; x_wconf 61' lang='grc' dir='ltr'><em>Ρ</em></span> <span class='ocrx_word' id='word_1_439' title='bbox 334 5776 461 5826; x_wconf 87' lang='lat' dir='ltr'><strong>Idem</strong></span> <span class='ocrx_word' id='word_1_440' title='bbox 486 5777 647 5825; x_wconf 78' lang='lat' dir='ltr'><strong>codex</strong></span> <span class='ocrx_word' id='word_1_441' title='bbox 667 5803 684 5834; x_wconf 84' lang='lat'><strong>,</strong></span> <span class='ocrx_word' id='word_1_442' title='bbox 729 5768 787 5822; x_wconf 77' lang='lat' dir='ltr'><strong>et</strong></span> <span class='ocrx_word' id='word_1_443' title='bbox 820 5768 1143 5826; x_wconf 48' lang='lat' dir='ltr'><strong>necessarium</strong></span> <span class='ocrx_word' id='word_1_444' title='bbox 1191 5768 1378 5825; x_wconf 70' lang='lat' dir='ltr'><strong>habent.</strong></span> 
     </span>
    </p>
   </div>
   <div class='ocr_carea' id='block_1_61' title="bbox 278 5832 850 5900">
    <p class='ocr_par' dir='ltr' id='par_1_61' title="bbox 278 5832 850 5900">
     <span class='ocr_line' id='line_1_61' title="bbox 278 5832 850 5900; baseline -0.007 -14"><span class='ocrx_word' id='word_1_445' title='bbox 278 5832 303 5868; x_wconf 70' lang='grc'>⁸</span> <span class='ocrx_word' id='word_1_446' title='bbox 333 5832 694 5900; x_wconf 59' lang='lat' dir='ltr'><strong>tamquam</strong></span> <span class='ocrx_word' id='word_1_447' title='bbox 719 5839 850 5894; x_wconf 67' lang='lat' dir='ltr'><strong>oms.</strong></span> 
     </span>
    </p>
   </div>
   <div class='ocr_carea' id='block_1_62' title="bbox 1546 301 2221 366">
    <p class='ocr_par' dir='ltr' id='par_1_62' title="bbox 1546 301 2221 366">
     <span class='ocr_line' id='line_1_62' title="bbox 1546 301 2221 366; baseline 0.009 -9"><span class='ocrx_word' id='word_1_448' title='bbox 1546 301 1738 362; x_wconf 83' lang='lat' dir='ltr'><strong>DISPU</strong></span> <span class='ocrx_word' id='word_1_449' title='bbox 1746 301 1952 363; x_wconf 83' lang='lat' dir='ltr'><strong>TATIO</strong></span> <span class='ocrx_word' id='word_1_450' title='bbox 1989 306 2221 366; x_wconf 81' lang='lat' dir='ltr'><strong>PRIMA.</strong></span> 
     </span>
    </p>
   </div>
   <div class='ocr_carea' id='block_1_63' title="bbox 2351 226 2424 237">
    <p class='ocr_par' dir='ltr' id='par_1_63' title="bbox 2351 226 2424 237">
     <span class='ocr_line' id='line_1_63' title="bbox 2351 226 2424 237; baseline 0 0"><span class='ocrx_word' id='word_1_451' title='bbox 2351 226 2424 237; x_wconf 62' lang='lat' dir='ltr'><strong>&#39;-~l</strong></span> 
     </span>
    </p>
   </div>
   <div class='ocr_carea' id='block_1_64' title="bbox 1953 423 3540 506">
    <p class='ocr_par' dir='ltr' id='par_1_64' title="bbox 1953 423 3540 506">
     <span class='ocr_line' id='line_1_64' title="bbox 1953 423 3540 506; baseline 0.018 -31"><span class='ocrx_word' id='word_1_452' title='bbox 1953 423 2273 480; x_wconf 91' lang='lat' dir='ltr'><strong>orationem.</strong></span> <span class='ocrx_word' id='word_1_453' title='bbox 2305 425 2508 485; x_wconf 86' lang='lat' dir='ltr'><strong>Praeter</strong></span> <span class='ocrx_word' id='word_1_454' title='bbox 2548 430 2648 487; x_wconf 90' lang='lat' dir='ltr'><strong>hoc</strong></span> <span class='ocrx_word' id='word_1_455' title='bbox 2694 433 2748 488; x_wconf 85' lang='lat' dir='ltr'><strong>in</strong></span> <span class='ocrx_word' id='word_1_456' title='bbox 2793 434 2880 491; x_wconf 89' lang='lat' dir='ltr'><strong>illa</strong></span> <span class='ocrx_word' id='word_1_457' title='bbox 2909 439 3152 496; x_wconf 89' lang='lat' dir='ltr'><strong>oratione</strong></span> <span class='ocrx_word' id='word_1_458' title='bbox 3183 450 3358 500; x_wconf 89' lang='lat' dir='ltr'><strong>vestra</strong></span> <span class='ocrx_word' id='word_1_459' title='bbox 3403 447 3540 506; x_wconf 84' lang='lat' dir='ltr'><strong>nihil</strong></span> 
     </span>
    </p>
   </div>
   <div class='ocr_carea' id='block_1_65' title="bbox 1951 516 3541 610">
    <p class='ocr_par' dir='ltr' id='par_1_65' title="bbox 1951 516 3541 610">
     <span class='ocr_line' id='line_1_65' title="bbox 1951 516 3541 610; baseline 0.018 -42"><span class='ocrx_word' id='word_1_460' title='bbox 1951 516 2077 570; x_wconf 87' lang='lat' dir='ltr'><strong>novi</strong></span> <span class='ocrx_word' id='word_1_461' title='bbox 2117 520 2372 588; x_wconf 90' lang='lat' dir='ltr'><strong>comperi.</strong></span> <span class='ocrx_word' id='word_1_462' title='bbox 2424 520 2676 595; x_wconf 84' lang='lat' dir='ltr'><strong>Quisquis</strong></span> <span class='ocrx_word' id='word_1_463' title='bbox 2703 536 2881 584; x_wconf 88' lang='lat' dir='ltr'><strong>autem</strong></span> <span class='ocrx_word' id='word_1_464' title='bbox 2929 531 3079 587; x_wconf 89' lang='lat' dir='ltr'><strong>vobis</strong></span> <span class='ocrx_word' id='word_1_465' title='bbox 3123 538 3348 605; x_wconf 88' lang='lat' dir='ltr'><strong>opponit</strong></span> <span class='ocrx_word' id='word_1_466' title='bbox 3391 554 3541 610; x_wconf 74' lang='lat' dir='ltr'><strong>qua:-</strong></span> 
     </span>
    </p>
   </div>
   <div class='ocr_carea' id='block_1_66' title="bbox 1951 612 3542 702">
    <p class='ocr_par' dir='ltr' id='par_1_66' title="bbox 1951 612 3542 702">
     <span class='ocr_line' id='line_1_66' title="bbox 1951 612 3542 702; baseline 0.014 -37"><span class='ocrx_word' id='word_1_467' title='bbox 1951 612 2180 668; x_wconf 92' lang='lat' dir='ltr'><strong>stiouem</strong></span> <span class='ocrx_word' id='word_1_468' title='bbox 2221 614 2450 685; x_wconf 88' lang='lat' dir='ltr'><strong>aliquam</strong></span> <span class='ocrx_word' id='word_1_469' title='bbox 2495 617 2563 673; x_wconf 92' lang='lat' dir='ltr'><strong>de</strong></span> <span class='ocrx_word' id='word_1_470' title='bbox 2607 621 2879 691; x_wconf 89' lang='lat' dir='ltr'><strong>moribus,</strong></span> <span class='ocrx_word' id='word_1_471' title='bbox 2912 625 3111 682; x_wconf 86' lang='lat' dir='ltr'><strong>Electis</strong></span> <span class='ocrx_word' id='word_1_472' title='bbox 3141 630 3334 686; x_wconf 85' lang='lat' dir='ltr'><strong>vestris</strong></span> <span class='ocrx_word' id='word_1_473' title='bbox 3369 645 3542 702; x_wconf 83' lang='lat' dir='ltr'><strong>oppo-</strong></span> 
     </span>
    </p>
   </div>
   <div class='ocr_carea' id='block_1_67' title="bbox 1951 703 3540 794">
    <p class='ocr_par' dir='ltr' id='par_1_67' title="bbox 1951 703 3540 794">
     <span class='ocr_line' id='line_1_67' title="bbox 1951 703 3540 794; baseline 0.015 -38"><span class='ocrx_word' id='word_1_474' title='bbox 1951 703 2030 757; x_wconf 89' lang='lat' dir='ltr'><strong>nit</strong></span> <span class='ocrx_word' id='word_1_475' title='bbox 2055 705 2095 736; x_wconf 78' lang='grc' dir='ltr'><strong>¹ο</strong></span> <span class='ocrx_word' id='word_1_476' title='bbox 2142 704 2280 772; x_wconf 86' lang='lat' dir='ltr'><strong>Quid</strong></span> <span class='ocrx_word' id='word_1_477' title='bbox 2317 716 2497 765; x_wconf 91' lang='lat' dir='ltr'><strong>autem</strong></span> <span class='ocrx_word' id='word_1_478' title='bbox 2527 709 2666 767; x_wconf 89' lang='lat' dir='ltr'><strong>inter</strong></span> <span class='ocrx_word' id='word_1_479' title='bbox 2691 729 2784 770; x_wconf 92' lang='lat' dir='ltr'><strong>vos</strong></span> <span class='ocrx_word' id='word_1_480' title='bbox 2813 717 2981 785; x_wconf 85' lang='lat' dir='ltr'><strong>agatis</strong></span> <span class='ocrx_word' id='word_1_481' title='bbox 3005 760 3018 785; x_wconf 92' lang='lat'><strong>,</strong></span> <span class='ocrx_word' id='word_1_482' title='bbox 3049 720 3138 789; x_wconf 91' lang='lat' dir='ltr'><strong>qui</strong></span> <span class='ocrx_word' id='word_1_483' title='bbox 3185 721 3351 778; x_wconf 91' lang='lat' dir='ltr'><strong>Eleeti</strong></span> <span class='ocrx_word' id='word_1_484' title='bbox 3387 725 3540 794; x_wconf 89' lang='lat' dir='ltr'><strong>estis,</strong></span> 
     </span>
    </p>
   </div>
   <div class='ocr_carea' id='block_1_68' title="bbox 1952 799 3538 873">
    <p class='ocr_par' dir='ltr' id='par_1_68' title="bbox 1952 799 3538 873">
     <span class='ocr_line' id='line_1_68' title="bbox 1952 799 3538 873; baseline 0.014 -22"><span class='ocrx_word' id='word_1_485' title='bbox 1952 812 2051 868; x_wconf 87' lang='lat' dir='ltr'><strong>ego</strong></span> <span class='ocrx_word' id='word_1_486' title='bbox 2077 799 2217 855; x_wconf 90' lang='lat' dir='ltr'><strong>scire</strong></span> <span class='ocrx_word' id='word_1_487' title='bbox 2258 816 2362 856; x_wconf 92' lang='lat' dir='ltr'><strong>non</strong></span> <span class='ocrx_word' id='word_1_488' title='bbox 2407 818 2645 873; x_wconf 90' lang='lat' dir='ltr'><strong>possum.</strong></span> <span class='ocrx_word' id='word_1_489' title='bbox 2675 806 2817 862; x_wconf 87' lang='lat' dir='ltr'><strong>&#39;Nam</strong></span> <span class='ocrx_word' id='word_1_490' title='bbox 2857 817 2912 864; x_wconf 92' lang='lat' dir='ltr'><strong>et</strong></span> <span class='ocrx_word' id='word_1_491' title='bbox 2939 810 3326 869; x_wconf 87' lang='lat' dir='ltr'><strong>Eucharistiam</strong></span> <span class='ocrx_word' id='word_1_492' title='bbox 3359 817 3538 873; x_wconf 84' lang='lat' dir='ltr'><strong>audivi</strong></span> 
     </span>
    </p>
   </div>
   <div class='ocr_carea' id='block_1_69' title="bbox 1949 879 3540 974">
    <p class='ocr_par' dir='ltr' id='par_1_69' title="bbox 1949 879 3540 974">
     <span class='ocr_line' id='line_1_69' title="bbox 1949 879 3540 974; baseline 0.014 -30"><span class='ocrx_word' id='word_1_493' title='bbox 1949 904 1979 944; x_wconf 88' lang='lat' dir='ltr'><strong>a</strong></span> <span class='ocrx_word' id='word_1_494' title='bbox 2006 891 2157 947; x_wconf 90' lang='lat' dir='ltr'><strong>vobis</strong></span> <span class='ocrx_word' id='word_1_495' title='bbox 2203 908 2346 964; x_wconf 65' lang='lat' dir='ltr'><strong>saepe</strong></span> <span class='ocrx_word' id='word_1_496' title='bbox 2384 896 2525 965; x_wconf 91' lang='lat' dir='ltr'><strong>quod</strong></span> <span class='ocrx_word' id='word_1_497' title='bbox 2567 899 2880 970; x_wconf 89' lang='lat' dir='ltr'><strong>accipiatis:</strong></span> <span class='ocrx_word' id='word_1_498' title='bbox 2916 900 3126 974; x_wconf 83' lang='lat' dir='ltr'><strong>tempus</strong></span> <span class='ocrx_word' id='word_1_499' title='bbox 3170 915 3350 963; x_wconf 92' lang='lat' dir='ltr'><strong>autem</strong></span> <span class='ocrx_word' id='word_1_500' title='bbox 3391 879 3540 966; x_wconf 65' lang='lat' dir='ltr'><strong>acci~</strong></span> 
     </span>
    </p>
   </div>
   <div class='ocr_carea' id='block_1_70' title="bbox 1948 982 3543 1064">
    <p class='ocr_par' dir='ltr' id='par_1_70' title="bbox 1948 982 3543 1064">
     <span class='ocr_line' id='line_1_70' title="bbox 1948 982 3543 1064; baseline 0.015 -29"><span class='ocrx_word' id='word_1_501' title='bbox 1948 982 2127 1053; x_wconf 92' lang='lat' dir='ltr'><strong>piendi</strong></span> <span class='ocrx_word' id='word_1_502' title='bbox 2169 999 2292 1039; x_wconf 90' lang='lat' dir='ltr'><strong>cum</strong></span> <span class='ocrx_word' id='word_1_503' title='bbox 2335 1000 2421 1040; x_wconf 92' lang='lat' dir='ltr'><strong>me</strong></span> <span class='ocrx_word' id='word_1_504' title='bbox 2450 986 2674 1056; x_wconf 92' lang='lat' dir='ltr'><strong>lateret,</strong></span> <span class='ocrx_word' id='word_1_505' title='bbox 2707 990 2835 1061; x_wconf 91' lang='lat' dir='ltr'><strong>quid</strong></span> <span class='ocrx_word' id='word_1_506' title='bbox 2873 993 3146 1064; x_wconf 91' lang='lat' dir='ltr'><strong>accipiatis</strong></span> <span class='ocrx_word' id='word_1_507' title='bbox 3167 1039 3181 1062; x_wconf 90' lang='lat'><strong>,</strong></span> <span class='ocrx_word' id='word_1_508' title='bbox 3212 997 3351 1054; x_wconf 90' lang='lat' dir='ltr'><strong>unde</strong></span> <span class='ocrx_word' id='word_1_509' title='bbox 3380 1015 3543 1059; x_wconf 88' lang='lat' dir='ltr'><strong>nosse</strong></span> 
     </span>
    </p>
   </div>
   <div class='ocr_carea' id='block_1_71' title="bbox 1949 1074 3539 1155">
    <p class='ocr_par' dir='ltr' id='par_1_71' title="bbox 1949 1074 3539 1155">
     <span class='ocr_line' id='line_1_71' title="bbox 1949 1074 3539 1155; baseline 0.013 -29"><span class='ocrx_word' id='word_1_510' title='bbox 1949 1074 2140 1144; x_wconf 88' lang='lat' dir='ltr'><strong>potui?</strong></span> <span class='ocrx_word' id='word_1_511' title='bbox 2180 1075 2364 1147; x_wconf 83' lang='lat' dir='ltr'><strong>Itaque</strong></span> <span class='ocrx_word' id='word_1_512' title='bbox 2389 1092 2564 1144; x_wconf 87' lang='lat' dir='ltr'><strong>serva,</strong></span> <span class='ocrx_word' id='word_1_513' title='bbox 2597 1080 2642 1134; x_wconf 92' lang='lat' dir='ltr'><strong>si</strong></span> <span class='ocrx_word' id='word_1_514' title='bbox 2673 1081 2864 1150; x_wconf 90' lang='lat' dir='ltr'><strong>placet,</strong></span> <span class='ocrx_word' id='word_1_515' title='bbox 2893 1086 3244 1155; x_wconf 68' lang='lat' dir='ltr'><strong>quaestionem</strong></span> <span class='ocrx_word' id='word_1_516' title='bbox 3271 1088 3340 1144; x_wconf 92' lang='lat' dir='ltr'><strong>de</strong></span> <span class='ocrx_word' id='word_1_517' title='bbox 3370 1079 3539 1146; x_wconf 89' lang='lat' dir='ltr'><strong>mori-</strong></span> 
     </span>
    </p>
   </div>
   <div class='ocr_carea' id='block_1_72' title="bbox 1945 1165 3542 1245">
    <p class='ocr_par' dir='ltr' id='par_1_72' title="bbox 1945 1165 3542 1245">
     <span class='ocr_line' id='line_1_72' title="bbox 1945 1165 3542 1245; baseline 0.013 -26"><span class='ocrx_word' id='word_1_518' title='bbox 1945 1165 2079 1234; x_wconf 88' lang='lat' dir='ltr'><strong>bus,</strong></span> <span class='ocrx_word' id='word_1_519' title='bbox 2112 1175 2170 1222; x_wconf 93' lang='lat' dir='ltr'><strong>ut</strong></span> <span class='ocrx_word' id='word_1_520' title='bbox 2215 1168 2353 1224; x_wconf 92' lang='lat' dir='ltr'><strong>inter</strong></span> <span class='ocrx_word' id='word_1_521' title='bbox 2391 1170 2603 1226; x_wconf 83' lang='lat' dir='ltr'><strong>Electus</strong></span> <span class='ocrx_word' id='word_1_522' title='bbox 2630 1181 2840 1228; x_wconf 89' lang='lat' dir='ltr'><strong>vestros</strong></span> <span class='ocrx_word' id='word_1_523' title='bbox 2881 1175 3197 1233; x_wconf 88' lang='lat' dir='ltr'><strong>discutiatur</strong></span> <span class='ocrx_word' id='word_1_524' title='bbox 3218 1221 3232 1245; x_wconf 92' lang='lat'><strong>,</strong></span> <span class='ocrx_word' id='word_1_525' title='bbox 3261 1181 3307 1236; x_wconf 91' lang='lat' dir='ltr'><strong>si</strong></span> <span class='ocrx_word' id='word_1_526' title='bbox 3347 1181 3542 1240; x_wconf 89' lang='lat' dir='ltr'><strong>discuti</strong></span> 
     </span>
    </p>
   </div>
   <div class='ocr_carea' id='block_1_73' title="bbox 1945 1258 3592 1339">
    <p class='ocr_par' dir='ltr' id='par_1_73' title="bbox 1945 1258 3592 1339">
     <span class='ocr_line' id='line_1_73' title="bbox 1945 1258 3592 1339; baseline 0.015 -30"><span class='ocrx_word' id='word_1_527' title='bbox 1945 1266 2140 1326; x_wconf 90' lang='lat' dir='ltr'><strong>potest.</strong></span> <span class='ocrx_word' id='word_1_528' title='bbox 2173 1258 2301 1314; x_wconf 85' lang='lat' dir='ltr'><strong>Mihi</strong></span> <span class='ocrx_word' id='word_1_529' title='bbox 2331 1259 2463 1315; x_wconf 87' lang='lat' dir='ltr'><strong>fides</strong></span> <span class='ocrx_word' id='word_1_530' title='bbox 2487 1261 2610 1317; x_wconf 91' lang='lat' dir='ltr'><strong>data</strong></span> <span class='ocrx_word' id='word_1_531' title='bbox 2655 1273 2737 1317; x_wconf 90' lang='lat' dir='ltr'><strong>est</strong></span> <span class='ocrx_word' id='word_1_532' title='bbox 2776 1280 2806 1318; x_wconf 89' lang='lat' dir='ltr'><strong>a</strong></span> <span class='ocrx_word' id='word_1_533' title='bbox 2829 1265 2980 1321; x_wconf 89' lang='lat' dir='ltr'><strong>vobis</strong></span> <span class='ocrx_word' id='word_1_534' title='bbox 3001 1310 3014 1333; x_wconf 93' lang='lat'><strong>,</strong></span> <span class='ocrx_word' id='word_1_535' title='bbox 3049 1285 3208 1339; x_wconf 91' lang='lat' dir='ltr'><strong>quam</strong></span> <span class='ocrx_word' id='word_1_536' title='bbox 3237 1271 3394 1328; x_wconf 91' lang='lat' dir='ltr'><strong>hodie</strong></span> <span class='ocrx_word' id='word_1_537' title='bbox 3433 1275 3540 1330; x_wconf 87' lang='lat' dir='ltr'><strong>im-</strong></span> <span class='ocrx_word' id='word_1_538' title='bbox 3579 1278 3592 1334; x_wconf 59' lang='grc' dir='ltr'><strong>ξι</strong></span> 
     </span>
    </p>
   </div>
   <div class='ocr_carea' id='block_1_74' title="bbox 1948 1341 3580 1428">
    <p class='ocr_par' dir='ltr' id='par_1_74' title="bbox 1948 1341 3580 1428">
     <span class='ocr_line' id='line_1_74' title="bbox 1948 1341 3580 1428; baseline 0.015 -29"><span class='ocrx_word' id='word_1_539' title='bbox 1948 1349 2136 1418; x_wconf 88' lang='lat' dir='ltr'><strong>proho.</strong></span> <span class='ocrx_word' id='word_1_540' title='bbox 2175 1351 2248 1406; x_wconf 92' lang='lat' dir='ltr'><strong>De</strong></span> <span class='ocrx_word' id='word_1_541' title='bbox 2275 1351 2386 1420; x_wconf 88' lang='lat' dir='ltr'><strong>ipsa</strong></span> <span class='ocrx_word' id='word_1_542' title='bbox 2416 1355 2666 1425; x_wconf 91' lang='lat' dir='ltr'><strong>proposui</strong></span> <span class='ocrx_word' id='word_1_543' title='bbox 2699 1373 2711 1408; x_wconf 94' lang='lat'>:</span> <span class='ocrx_word' id='word_1_544' title='bbox 2744 1355 2810 1410; x_wconf 89' lang='lat' dir='ltr'><strong>ad</strong></span> <span class='ocrx_word' id='word_1_545' title='bbox 2839 1361 3169 1428; x_wconf 92' lang='lat' dir='ltr'><strong>propositum</strong></span> <span class='ocrx_word' id='word_1_546' title='bbox 3197 1378 3375 1420; x_wconf 91' lang='lat' dir='ltr'><strong>meum</strong></span> <span class='ocrx_word' id='word_1_547' title='bbox 3401 1366 3537 1422; x_wconf 86' lang='lat' dir='ltr'><strong>mihi</strong></span> <span class='ocrx_word' id='word_1_548' title='bbox 3571 1341 3580 1348; x_wconf 37' lang='grc'><strong>’</strong></span> 
     </span>
    </p>
   </div>
   <div class='ocr_carea' id='block_1_75' title="bbox 1945 1442 3574 1512">
    <p class='ocr_par' dir='ltr' id='par_1_75' title="bbox 1945 1442 3574 1512">
     <span class='ocr_line' id='line_1_75' title="bbox 1945 1442 3574 1512; baseline 0.007 -18"><span class='ocrx_word' id='word_1_549' title='bbox 1945 1442 2353 1510; x_wconf 87' lang='lat' dir='ltr'><strong>respondeatur.</strong></span> <span class='ocrx_word' id='word_1_550' title='bbox 3569 1467 3574 1512; x_wconf 84' lang='lat'>:</span> 
     </span>
    </p>
   </div>
   <div class='ocr_carea' id='block_1_76' title="bbox 2019 1531 3540 1619">
    <p class='ocr_par' dir='ltr' id='par_1_76' title="bbox 2019 1531 3540 1619">
     <span class='ocr_line' id='line_1_76' title="bbox 2019 1531 3540 1619; baseline 0.012 -34"><span class='ocrx_word' id='word_1_551' title='bbox 2019 1531 2182 1587; x_wconf 84' lang='lat' dir='ltr'><strong>Fonr.</strong></span> <span class='ocrx_word' id='word_1_552' title='bbox 2216 1534 2350 1589; x_wconf 83' lang='lat' dir='ltr'><strong>dixit</strong></span> <span class='ocrx_word' id='word_1_553' title='bbox 2384 1553 2396 1590; x_wconf 90' lang='lat'><strong>:</strong></span> <span class='ocrx_word' id='word_1_554' title='bbox 2439 1537 2506 1591; x_wconf 87' lang='lat' dir='ltr'><strong>Et</strong></span> <span class='ocrx_word' id='word_1_555' title='bbox 2535 1546 2718 1593; x_wconf 88' lang='lat' dir='ltr'><strong>nostra</strong></span> <span class='ocrx_word' id='word_1_556' title='bbox 2764 1539 3028 1610; x_wconf 88' lang='lat' dir='ltr'><strong>professio</strong></span> <span class='ocrx_word' id='word_1_557' title='bbox 3071 1542 3182 1614; x_wconf 89' lang='lat' dir='ltr'><strong>ipsa</strong></span> <span class='ocrx_word' id='word_1_558' title='bbox 3213 1539 3349 1614; x_wconf 87' lang='lat' dir='ltr'><strong>est,</strong></span> <span class='ocrx_word' id='word_1_559' title='bbox 3393 1549 3540 1619; x_wconf 89' lang='lat' dir='ltr'><strong>quod</strong></span> 
     </span>
    </p>
   </div>
   <div class='ocr_carea' id='block_1_77' title="bbox 1946 1624 3538 1708">
    <p class='ocr_par' dir='ltr' id='par_1_77' title="bbox 1946 1624 3538 1708">
     <span class='ocr_line' id='line_1_77' title="bbox 1946 1624 3538 1708; baseline 0.012 -30"><span class='ocrx_word' id='word_1_560' title='bbox 1946 1624 2368 1696; x_wconf 89' lang='lat' dir='ltr'><strong>incorruptibilis</strong></span> <span class='ocrx_word' id='word_1_561' title='bbox 2395 1629 2463 1683; x_wconf 91' lang='lat' dir='ltr'><strong>sit</strong></span> <span class='ocrx_word' id='word_1_562' title='bbox 2490 1630 2635 1686; x_wconf 87' lang='lat' dir='ltr'><strong>Deus</strong></span> <span class='ocrx_word' id='word_1_563' title='bbox 2655 1673 2667 1696; x_wconf 91' lang='lat'><strong>,</strong></span> <span class='ocrx_word' id='word_1_564' title='bbox 2696 1634 2838 1703; x_wconf 86' lang='lat' dir='ltr'><strong>quod</strong></span> <span class='ocrx_word' id='word_1_565' title='bbox 2871 1635 3108 1704; x_wconf 87' lang='lat' dir='ltr'><strong>lucidus,</strong></span> <span class='ocrx_word' id='word_1_566' title='bbox 3141 1639 3280 1708; x_wconf 91' lang='lat' dir='ltr'><strong>quod</strong></span> <span class='ocrx_word' id='word_1_567' title='bbox 3306 1641 3538 1697; x_wconf 84' lang='lat' dir='ltr'><strong>inadibi-</strong></span> 
     </span>
    </p>
   </div>
   <div class='ocr_carea' id='block_1_78' title="bbox 1944 1715 3541 1796">
    <p class='ocr_par' dir='ltr' id='par_1_78' title="bbox 1944 1715 3541 1796">
     <span class='ocr_line' id='line_1_78' title="bbox 1944 1715 3541 1796; baseline 0.013 -28"><span class='ocrx_word' id='word_1_568' title='bbox 1944 1715 2032 1781; x_wconf 91' lang='lat' dir='ltr'><strong>lis,</strong></span> <span class='ocrx_word' id='word_1_569' title='bbox 2068 1718 2378 1786; x_wconf 89' lang='lat' dir='ltr'><strong>iutenibilis,</strong></span> <span class='ocrx_word' id='word_1_570' title='bbox 2419 1721 2760 1791; x_wconf 87' lang='lat' dir='ltr'><strong>impassibilis</strong></span> <span class='ocrx_word' id='word_1_571' title='bbox 2780 1766 2793 1791; x_wconf 93' lang='lat'><strong>,</strong></span> <span class='ocrx_word' id='word_1_572' title='bbox 2824 1727 2968 1796; x_wconf 91' lang='lat' dir='ltr'><strong>quod</strong></span> <span class='ocrx_word' id='word_1_573' title='bbox 2993 1739 3247 1784; x_wconf 68' lang='lat' dir='ltr'><strong>aeternam</strong></span> <span class='ocrx_word' id='word_1_574' title='bbox 3277 1731 3450 1787; x_wconf 89' lang='lat' dir='ltr'><strong>lucem</strong></span> <span class='ocrx_word' id='word_1_575' title='bbox 3483 1741 3541 1789; x_wconf 90' lang='lat' dir='ltr'><strong>et</strong></span> 
     </span>
    </p>
   </div>
   <div class='ocr_carea' id='block_1_79' title="bbox 1944 1811 3538 1894">
    <p class='ocr_par' dir='ltr' id='par_1_79' title="bbox 1944 1811 3538 1894">
     <span class='ocr_line' id='line_1_79' title="bbox 1944 1811 3538 1894; baseline 0.013 -34"><span class='ocrx_word' id='word_1_576' title='bbox 1944 1811 2214 1878; x_wconf 86' lang='lat' dir='ltr'><strong>propriam</strong></span> <span class='ocrx_word' id='word_1_577' title='bbox 2243 1811 2500 1867; x_wconf 89' lang='lat' dir='ltr'><strong>inhabitet</strong></span> <span class='ocrx_word' id='word_1_578' title='bbox 2521 1817 2540 1846; x_wconf 82' lang='grc'>³</span> <span class='ocrx_word' id='word_1_579' title='bbox 2566 1832 2578 1868; x_wconf 91' lang='lat'><strong>:</strong></span> <span class='ocrx_word' id='word_1_580' title='bbox 2612 1817 2753 1885; x_wconf 89' lang='lat' dir='ltr'><strong>quod</strong></span> <span class='ocrx_word' id='word_1_581' title='bbox 2783 1819 2912 1872; x_wconf 88' lang='lat' dir='ltr'><strong>nihil</strong></span> <span class='ocrx_word' id='word_1_582' title='bbox 2941 1836 3004 1873; x_wconf 78' lang='lat' dir='ltr'><strong>ex</strong></span> <span class='ocrx_word' id='word_1_583' title='bbox 3039 1836 3161 1876; x_wconf 88' lang='lat' dir='ltr'><strong>sese</strong></span> <span class='ocrx_word' id='word_1_584' title='bbox 3189 1826 3538 1894; x_wconf 87' lang='lat' dir='ltr'><strong>corruptibile</strong></span> 
     </span>
    </p>
   </div>
   <div class='ocr_carea' id='block_1_80' title="bbox 1941 1900 3535 1982">
    <p class='ocr_par' dir='ltr' id='par_1_80' title="bbox 1941 1900 3535 1982">
     <span class='ocr_line' id='line_1_80' title="bbox 1941 1900 3535 1982; baseline 0.012 -30"><span class='ocrx_word' id='word_1_585' title='bbox 1941 1900 2178 1970; x_wconf 84' lang='lat' dir='ltr'><strong>proferat</strong></span> <span class='ocrx_word' id='word_1_586' title='bbox 2198 1943 2214 1968; x_wconf 92' lang='lat'><strong>,</strong></span> <span class='ocrx_word' id='word_1_587' title='bbox 2244 1919 2343 1958; x_wconf 91' lang='lat' dir='ltr'><strong>nec</strong></span> <span class='ocrx_word' id='word_1_588' title='bbox 2375 1905 2653 1973; x_wconf 88' lang='lat' dir='ltr'><strong>tenebras,</strong></span> <span class='ocrx_word' id='word_1_589' title='bbox 2683 1923 2783 1962; x_wconf 92' lang='lat' dir='ltr'><strong>nec</strong></span> <span class='ocrx_word' id='word_1_590' title='bbox 2807 1908 3080 1965; x_wconf 79' lang='lat' dir='ltr'><strong>daemones</strong></span> <span class='ocrx_word' id='word_1_591' title='bbox 3106 1953 3121 1979; x_wconf 97' lang='lat'><strong>,</strong></span> <span class='ocrx_word' id='word_1_592' title='bbox 3150 1928 3250 1967; x_wconf 91' lang='lat' dir='ltr'><strong>nec</strong></span> <span class='ocrx_word' id='word_1_593' title='bbox 3271 1924 3535 1982; x_wconf 87' lang='lat' dir='ltr'><strong>satanam,</strong></span> 
     </span>
    </p>
   </div>
   <div class='ocr_carea' id='block_1_81' title="bbox 1942 1993 3534 2076">
    <p class='ocr_par' dir='ltr' id='par_1_81' title="bbox 1942 1993 3534 2076">
     <span class='ocr_line' id='line_1_81' title="bbox 1942 1993 3534 2076; baseline 0.011 -31"><span class='ocrx_word' id='word_1_594' title='bbox 1942 2007 2042 2047; x_wconf 88' lang='lat' dir='ltr'><strong>nec</strong></span> <span class='ocrx_word' id='word_1_595' title='bbox 2067 1993 2266 2064; x_wconf 90' lang='lat' dir='ltr'><strong>aliquid</strong></span> <span class='ocrx_word' id='word_1_596' title='bbox 2294 1996 2576 2052; x_wconf 89' lang='lat' dir='ltr'><strong>adversum</strong></span> <span class='ocrx_word' id='word_1_597' title='bbox 2617 1999 2668 2053; x_wconf 91' lang='lat' dir='ltr'><strong>in</strong></span> <span class='ocrx_word' id='word_1_598' title='bbox 2710 2015 2875 2069; x_wconf 88' lang='lat' dir='ltr'><strong>regno</strong></span> <span class='ocrx_word' id='word_1_599' title='bbox 2916 2003 3033 2072; x_wconf 90' lang='lat' dir='ltr'><strong>ejus</strong></span> <span class='ocrx_word' id='word_1_600' title='bbox 3077 2006 3300 2074; x_wconf 90' lang='lat' dir='ltr'><strong>reperiri</strong></span> <span class='ocrx_word' id='word_1_601' title='bbox 3344 2008 3534 2076; x_wconf 88' lang='lat' dir='ltr'><strong>possit.</strong></span> 
     </span>
    </p>
   </div>
   <div class='ocr_carea' id='block_1_82' title="bbox 1942 2084 3538 2154">
    <p class='ocr_par' dir='ltr' id='par_1_82' title="bbox 1942 2084 3538 2154">
     <span class='ocr_line' id='line_1_82' title="bbox 1942 2084 3538 2154; baseline 0.009 -15"><span class='ocrx_word' id='word_1_602' title='bbox 1942 2084 2035 2140; x_wconf 85' lang='lat' dir='ltr'><strong>Sui</strong></span> <span class='ocrx_word' id='word_1_603' title='bbox 2077 2095 2256 2142; x_wconf 90' lang='lat' dir='ltr'><strong>autem</strong></span> <span class='ocrx_word' id='word_1_604' title='bbox 2302 2088 2530 2143; x_wconf 87' lang='lat' dir='ltr'><strong>similem</strong></span> <span class='ocrx_word' id='word_1_605' title='bbox 2579 2090 2913 2148; x_wconf 89' lang='lat' dir='ltr'><strong>Salvatorem</strong></span> <span class='ocrx_word' id='word_1_606' title='bbox 2963 2094 3270 2151; x_wconf 79' lang='lat' dir='ltr'><strong>direxisse:</strong></span> <span class='ocrx_word' id='word_1_607' title='bbox 3301 2097 3538 2154; x_wconf 81' lang='lat' dir='ltr'><strong>Verbum</strong></span> 
     </span>
    </p>
   </div>
   <div class='ocr_carea' id='block_1_83' title="bbox 1940 2183 3537 2246">
    <p class='ocr_par' dir='ltr' id='par_1_83' title="bbox 1940 2183 3537 2246">
     <span class='ocr_line' id='line_1_83' title="bbox 1940 2183 3537 2246; baseline 0.009 -14"><span class='ocrx_word' id='word_1_608' title='bbox 1940 2189 2121 2234; x_wconf 88' lang='lat' dir='ltr'><strong>natum</strong></span> <span class='ocrx_word' id='word_1_609' title='bbox 2151 2196 2181 2235; x_wconf 91' lang='lat' dir='ltr'><strong>a</strong></span> <span class='ocrx_word' id='word_1_610' title='bbox 2207 2183 2588 2239; x_wconf 90' lang='lat' dir='ltr'><strong>constitutione</strong></span> <span class='ocrx_word' id='word_1_611' title='bbox 2629 2185 2811 2239; x_wconf 94' lang='lat' dir='ltr'><strong>mundi</strong></span> <span class='ocrx_word' id='word_1_612' title='bbox 2842 2201 2961 2242; x_wconf 91' lang='lat' dir='ltr'><strong>cum</strong></span> <span class='ocrx_word' id='word_1_613' title='bbox 3008 2189 3263 2244; x_wconf 91' lang='lat' dir='ltr'><strong>mundum</strong></span> <span class='ocrx_word' id='word_1_614' title='bbox 3307 2191 3537 2246; x_wconf 89' lang='lat' dir='ltr'><strong>fabrica-</strong></span> 
     </span>
    </p>
   </div>
   <div class='ocr_carea' id='block_1_84' title="bbox 1939 2271 3536 2343">
    <p class='ocr_par' dir='ltr' id='par_1_84' title="bbox 1939 2271 3536 2343">
     <span class='ocr_line' id='line_1_84' title="bbox 1939 2271 3536 2343; baseline 0.01 -18"><span class='ocrx_word' id='word_1_615' title='bbox 1939 2271 2064 2325; x_wconf 68' lang='lat' dir='ltr'><strong>ret3</strong></span> <span class='ocrx_word' id='word_1_616' title='bbox 2087 2314 2101 2339; x_wconf 95' lang='lat'><strong>,</strong></span> <span class='ocrx_word' id='word_1_617' title='bbox 2133 2282 2255 2343; x_wconf 89' lang='lat' dir='ltr'><strong>post</strong></span> <span class='ocrx_word' id='word_1_618' title='bbox 2297 2275 2481 2328; x_wconf 90' lang='lat' dir='ltr'><strong>mundi</strong></span> <span class='ocrx_word' id='word_1_619' title='bbox 2527 2275 2781 2331; x_wconf 86' lang='lat' dir='ltr'><strong>fabricam</strong></span> <span class='ocrx_word' id='word_1_620' title='bbox 2831 2279 2971 2334; x_wconf 92' lang='lat' dir='ltr'><strong>inter</strong></span> <span class='ocrx_word' id='word_1_621' title='bbox 3009 2280 3251 2337; x_wconf 89' lang='lat' dir='ltr'><strong>homines</strong></span> <span class='ocrx_word' id='word_1_622' title='bbox 3277 2284 3488 2340; x_wconf 90' lang='lat' dir='ltr'><strong>venisse</strong></span> <span class='ocrx_word' id='word_1_623' title='bbox 3521 2303 3536 2340; x_wconf 89' lang='lat'><strong>:</strong></span> 
     </span>
    </p>
   </div>
   <div class='ocr_carea' id='block_1_85' title="bbox 1939 2360 3532 2443">
    <p class='ocr_par' dir='ltr' id='par_1_85' title="bbox 1939 2360 3532 2443">
     <span class='ocr_line' id='line_1_85' title="bbox 1939 2360 3532 2443; baseline 0.009 -29"><span class='ocrx_word' id='word_1_624' title='bbox 1939 2360 2126 2432; x_wconf 88' lang='lat' dir='ltr'><strong>dignas</strong></span> <span class='ocrx_word' id='word_1_625' title='bbox 2173 2363 2273 2417; x_wconf 90' lang='lat' dir='ltr'><strong>sibi</strong></span> <span class='ocrx_word' id='word_1_626' title='bbox 2324 2365 2530 2421; x_wconf 91' lang='lat' dir='ltr'><strong>animas</strong></span> <span class='ocrx_word' id='word_1_627' title='bbox 2577 2366 2804 2438; x_wconf 87' lang='lat' dir='ltr'><strong>elegisse</strong></span> <span class='ocrx_word' id='word_1_628' title='bbox 2832 2367 2853 2399; x_wconf 67' lang='grc'><strong>⁵</strong></span> <span class='ocrx_word' id='word_1_629' title='bbox 2879 2378 3078 2424; x_wconf 71' lang='lat' dir='ltr'><strong>sancta:</strong></span> <span class='ocrx_word' id='word_1_630' title='bbox 3108 2387 3219 2426; x_wconf 75' lang='lat' dir='ltr'><strong>sum</strong></span> <span class='ocrx_word' id='word_1_631' title='bbox 3247 2373 3532 2443; x_wconf 88' lang='lat' dir='ltr'><strong>voluntati,</strong></span> 
     </span>
    </p>
   </div>
   <div class='ocr_carea' id='block_1_86' title="bbox 1923 2449 3538 2529">
    <p class='ocr_par' dir='ltr' id='par_1_86' title="bbox 1923 2449 3538 2529">
     <span class='ocr_line' id='line_1_86' title="bbox 1923 2449 3538 2529; baseline 0.009 -21"><span class='ocrx_word' id='word_1_632' title='bbox 1923 2449 2204 2509; x_wconf 87' lang='lat' dir='ltr'><strong>mandatis</strong></span> <span class='ocrx_word' id='word_1_633' title='bbox 2229 2456 2338 2510; x_wconf 93' lang='lat' dir='ltr'><strong>suis</strong></span> <span class='ocrx_word' id='word_1_634' title='bbox 2364 2458 2674 2514; x_wconf 76' lang='lat' dir='ltr'><strong>cmlestibus</strong></span> <span class='ocrx_word' id='word_1_635' title='bbox 2700 2461 3086 2529; x_wconf 87' lang='lat' dir='ltr'><strong>sanctificatas,</strong></span> <span class='ocrx_word' id='word_1_636' title='bbox 3114 2463 3217 2519; x_wconf 87' lang='lat' dir='ltr'><strong>fide</strong></span> <span class='ocrx_word' id='word_1_637' title='bbox 3242 2479 3303 2519; x_wconf 88' lang='lat' dir='ltr'><strong>ac</strong></span> <span class='ocrx_word' id='word_1_638' title='bbox 3328 2465 3538 2523; x_wconf 89' lang='lat' dir='ltr'><strong>ratione</strong></span> 
     </span>
    </p>
   </div>
   <div class='ocr_carea' id='block_1_87' title="bbox 1937 2538 3536 2622">
    <p class='ocr_par' dir='ltr' id='par_1_87' title="bbox 1937 2538 3536 2622">
     <span class='ocr_line' id='line_1_87' title="bbox 1937 2538 3536 2622; baseline 0.009 -23"><span class='ocrx_word' id='word_1_639' title='bbox 1937 2545 2169 2601; x_wconf 88' lang='lat' dir='ltr'><strong>imbutas</strong></span> <span class='ocrx_word' id='word_1_640' title='bbox 2195 2548 2494 2604; x_wconf 69' lang='lat' dir='ltr'><strong>caelestium</strong></span> <span class='ocrx_word' id='word_1_641' title='bbox 2519 2538 2696 2606; x_wconf 77' lang='lat' dir='ltr'><strong>rerum</strong></span> <span class='ocrx_word' id='word_1_642' title='bbox 2720 2570 2733 2617; x_wconf 90' lang='lat'><strong>;</strong></span> <span class='ocrx_word' id='word_1_643' title='bbox 2766 2553 2883 2622; x_wconf 88' lang='lat' dir='ltr'><strong>ipso</strong></span> <span class='ocrx_word' id='word_1_644' title='bbox 2907 2553 3128 2609; x_wconf 89' lang='lat' dir='ltr'><strong>ductore</strong></span> <span class='ocrx_word' id='word_1_645' title='bbox 3153 2555 3277 2610; x_wconf 93' lang='lat' dir='ltr'><strong>hinc</strong></span> <span class='ocrx_word' id='word_1_646' title='bbox 3306 2557 3496 2612; x_wconf 89' lang='lat' dir='ltr'><strong>iterum</strong></span> <span class='ocrx_word' id='word_1_647' title='bbox 3514 2559 3536 2590; x_wconf 83' lang='lat'><strong>&#39;</strong></span> 
     </span>
    </p>
   </div>
   <div class='ocr_carea' id='block_1_88' title="bbox 1938 2640 3533 2717">
    <p class='ocr_par' dir='ltr' id='par_1_88' title="bbox 1938 2640 3533 2717">
     <span class='ocr_line' id='line_1_88' title="bbox 1938 2640 3533 2717; baseline 0.009 -26"><span class='ocrx_word' id='word_1_648' title='bbox 1938 2640 2152 2693; x_wconf 88' lang='lat' dir='ltr'><strong>easdem</strong></span> <span class='ocrx_word' id='word_1_649' title='bbox 2184 2641 2389 2695; x_wconf 90' lang='lat' dir='ltr'><strong>animas</strong></span> <span class='ocrx_word' id='word_1_650' title='bbox 2418 2642 2483 2696; x_wconf 88' lang='lat' dir='ltr'><strong>ad</strong></span> <span class='ocrx_word' id='word_1_651' title='bbox 2528 2659 2750 2712; x_wconf 85' lang='lat' dir='ltr'><strong>regnum</strong></span> <span class='ocrx_word' id='word_1_652' title='bbox 2781 2645 2875 2701; x_wconf 92' lang='lat' dir='ltr'><strong>Dei</strong></span> <span class='ocrx_word' id='word_1_653' title='bbox 2919 2663 3229 2703; x_wconf 81' lang='lat' dir='ltr'><strong>reversurus</strong></span> <span class='ocrx_word' id='word_1_654' title='bbox 3257 2664 3408 2717; x_wconf 87' lang='lat' dir='ltr'><strong>esse,</strong></span> <span class='ocrx_word' id='word_1_655' title='bbox 3441 2665 3533 2706; x_wconf 87' lang='lat' dir='ltr'><strong>se-</strong></span> 
     </span>
    </p>
   </div>
   <div class='ocr_carea' id='block_1_89' title="bbox 1936 2732 3532 2812">
    <p class='ocr_par' dir='ltr' id='par_1_89' title="bbox 1936 2732 3532 2812">
     <span class='ocr_line' id='line_1_89' title="bbox 1936 2732 3532 2812; baseline 0.008 -27"><span class='ocrx_word' id='word_1_656' title='bbox 1936 2732 2169 2786; x_wconf 90' lang='lat' dir='ltr'><strong>cundum</strong></span> <span class='ocrx_word' id='word_1_657' title='bbox 2207 2744 2449 2790; x_wconf 85' lang='lat' dir='ltr'><strong>sanetam</strong></span> <span class='ocrx_word' id='word_1_658' title='bbox 2497 2736 2662 2804; x_wconf 89' lang='lat' dir='ltr'><strong>ipsius</strong></span> <span class='ocrx_word' id='word_1_659' title='bbox 2709 2739 3170 2808; x_wconf 89' lang='lat' dir='ltr'><strong>pollicitationem,</strong></span> <span class='ocrx_word' id='word_1_660' title='bbox 3215 2743 3303 2812; x_wconf 91' lang='lat' dir='ltr'><strong>qui</strong></span> <span class='ocrx_word' id='word_1_661' title='bbox 3352 2743 3532 2798; x_wconf 81' lang='lat' dir='ltr'><strong>dixit:</strong></span> 
     </span>
    </p>
   </div>
   <div class='ocr_carea' id='block_1_90' title="bbox 1936 2822 3537 2903">
    <p class='ocr_par' dir='ltr' id='par_1_90' title="bbox 1936 2822 3537 2903">
     <span class='ocr_line' id='line_1_90' title="bbox 1936 2822 3537 2903; baseline 0.007 -26"><span class='ocrx_word' id='word_1_662' title='bbox 1936 2822 2050 2895; x_wconf 84' lang='lat' dir='ltr'><strong>Ego</strong></span> <span class='ocrx_word' id='word_1_663' title='bbox 2077 2841 2189 2878; x_wconf 90' lang='lat' dir='ltr'><strong>sum</strong></span> <span class='ocrx_word' id='word_1_664' title='bbox 2231 2826 2311 2879; x_wconf 80' lang='lat' dir='ltr'><strong>via</strong></span> <span class='ocrx_word' id='word_1_665' title='bbox 2330 2867 2345 2892; x_wconf 88' lang='lat'><strong>,</strong></span> <span class='ocrx_word' id='word_1_666' title='bbox 2375 2829 2558 2882; x_wconf 85' lang='lat' dir='ltr'><strong>veritas</strong></span> <span class='ocrx_word' id='word_1_667' title='bbox 2579 2870 2592 2891; x_wconf 86' lang='lat'><strong>,</strong></span> <span class='ocrx_word' id='word_1_668' title='bbox 2625 2839 2670 2882; x_wconf 86' lang='lat' dir='ltr'><strong>et</strong></span> <span class='ocrx_word' id='word_1_669' title='bbox 2699 2830 2908 2899; x_wconf 85' lang='lat' dir='ltr'><strong>janua;</strong></span> <span class='ocrx_word' id='word_1_670' title='bbox 2948 2839 3037 2896; x_wconf 89' lang='lat' dir='ltr'><strong>et,</strong></span> <span class='ocrx_word' id='word_1_671' title='bbox 3068 2831 3234 2885; x_wconf 82' lang='lat' dir='ltr'><strong>Nemo</strong></span> <span class='ocrx_word' id='word_1_672' title='bbox 3279 2844 3441 2903; x_wconf 78' lang='lat' dir='ltr'><strong>potest</strong></span> <span class='ocrx_word' id='word_1_673' title='bbox 3469 2835 3537 2888; x_wconf 86' lang='lat' dir='ltr'><strong>ad</strong></span> 
     </span>
    </p>
   </div>
   <div class='ocr_carea' id='block_1_91' title="bbox 1937 2915 3534 2991">
    <p class='ocr_par' dir='ltr' id='par_1_91' title="bbox 1937 2915 3534 2991">
     <span class='ocr_line' id='line_1_91' title="bbox 1937 2915 3534 2991; baseline 0.007 -21"><span class='ocrx_word' id='word_1_674' title='bbox 1937 2915 2146 2972; x_wconf 86' lang='lat' dir='ltr'><strong>Patrem</strong></span> <span class='ocrx_word' id='word_1_675' title='bbox 2187 2921 2445 2989; x_wconf 78' lang='lat' dir='ltr'><strong>pervenire</strong></span> <span class='ocrx_word' id='word_1_676' title='bbox 2466 2963 2480 2985; x_wconf 90' lang='lat'><strong>,</strong></span> <span class='ocrx_word' id='word_1_677' title='bbox 2511 2922 2611 2974; x_wconf 83' lang='lat' dir='ltr'><strong>nisi</strong></span> <span class='ocrx_word' id='word_1_678' title='bbox 2653 2939 2741 2991; x_wconf 82' lang='lat' dir='ltr'><strong>per</strong></span> <span class='ocrx_word' id='word_1_679' title='bbox 2772 2940 2868 2976; x_wconf 88' lang='lat' dir='ltr'><strong>me.</strong></span> <span class='ocrx_word' id='word_1_680' title='bbox 2912 2922 3006 2977; x_wconf 84' lang='lat' dir='ltr'><strong>His</strong></span> <span class='ocrx_word' id='word_1_681' title='bbox 3039 2923 3199 2978; x_wconf 86' lang='lat' dir='ltr'><strong>rebus</strong></span> <span class='ocrx_word' id='word_1_682' title='bbox 3230 2940 3328 2979; x_wconf 91' lang='lat' dir='ltr'><strong>nos</strong></span> <span class='ocrx_word' id='word_1_683' title='bbox 3355 2926 3534 2982; x_wconf 88' lang='lat' dir='ltr'><strong>credi-</strong></span> 
     </span>
    </p>
   </div>
   <div class='ocr_carea' id='block_1_92' title="bbox 1935 3013 3531 3081">
    <p class='ocr_par' dir='ltr' id='par_1_92' title="bbox 1935 3013 3531 3081">
     <span class='ocr_line' id='line_1_92' title="bbox 1935 3013 3531 3081; baseline 0.004 -15"><span class='ocrx_word' id='word_1_684' title='bbox 1935 3026 2074 3078; x_wconf 91' lang='lat' dir='ltr'><strong>mus,</strong></span> <span class='ocrx_word' id='word_1_685' title='bbox 2121 3013 2241 3081; x_wconf 87' lang='lat' dir='ltr'><strong>quia</strong></span> <span class='ocrx_word' id='word_1_686' title='bbox 2273 3013 2404 3067; x_wconf 91' lang='lat' dir='ltr'><strong>alias</strong></span> <span class='ocrx_word' id='word_1_687' title='bbox 2433 3015 2623 3067; x_wconf 81' lang='lat' dir='ltr'><strong>animae</strong></span> <span class='ocrx_word' id='word_1_688' title='bbox 2651 3014 2695 3079; x_wconf 81' lang='grc'><strong>⁸,</strong></span> <span class='ocrx_word' id='word_1_689' title='bbox 2725 3015 2776 3068; x_wconf 92' lang='lat' dir='ltr'><strong>id</strong></span> <span class='ocrx_word' id='word_1_690' title='bbox 2807 3023 2924 3079; x_wconf 91' lang='lat' dir='ltr'><strong>est,</strong></span> <span class='ocrx_word' id='word_1_691' title='bbox 2971 3016 3076 3070; x_wconf 90' lang='lat' dir='ltr'><strong>alio</strong></span> <span class='ocrx_word' id='word_1_692' title='bbox 3106 3017 3380 3073; x_wconf 87' lang='lat' dir='ltr'><strong>mediante</strong></span> <span class='ocrx_word' id='word_1_693' title='bbox 3423 3034 3531 3074; x_wconf 91' lang='lat' dir='ltr'><strong>non</strong></span> 
     </span>
    </p>
   </div>
   <div class='ocr_carea' id='block_1_93' title="bbox 1934 3105 3527 3180">
    <p class='ocr_par' dir='ltr' id='par_1_93' title="bbox 1934 3105 3527 3180">
     <span class='ocr_line' id='line_1_93' title="bbox 1934 3105 3527 3180; baseline 0.005 -22"><span class='ocrx_word' id='word_1_694' title='bbox 1934 3111 2186 3174; x_wconf 89' lang='lat' dir='ltr'><strong>poterunt</strong></span> <span class='ocrx_word' id='word_1_695' title='bbox 2223 3105 2289 3160; x_wconf 90' lang='lat' dir='ltr'><strong>ad</strong></span> <span class='ocrx_word' id='word_1_696' title='bbox 2319 3121 2539 3175; x_wconf 87' lang='lat' dir='ltr'><strong>regnum</strong></span> <span class='ocrx_word' id='word_1_697' title='bbox 2569 3107 2659 3161; x_wconf 93' lang='lat' dir='ltr'><strong>Dei</strong></span> <span class='ocrx_word' id='word_1_698' title='bbox 2688 3108 2918 3174; x_wconf 83' lang='lat' dir='ltr'><strong>reverti,</strong></span> <span class='ocrx_word' id='word_1_699' title='bbox 2952 3107 3053 3162; x_wconf 92' lang='lat' dir='ltr'><strong>nisi</strong></span> <span class='ocrx_word' id='word_1_700' title='bbox 3098 3109 3270 3179; x_wconf 92' lang='lat' dir='ltr'><strong>ipsum</strong></span> <span class='ocrx_word' id='word_1_701' title='bbox 3300 3125 3527 3180; x_wconf 88' lang='lat' dir='ltr'><strong>repere-</strong></span> 
     </span>
    </p>
   </div>
   <div class='ocr_carea' id='block_1_94' title="bbox 1932 3195 3530 3271">
    <p class='ocr_par' dir='ltr' id='par_1_94' title="bbox 1932 3195 3530 3271">
     <span class='ocr_line' id='line_1_94' title="bbox 1932 3195 3530 3271; baseline 0.006 -21"><span class='ocrx_word' id='word_1_702' title='bbox 1932 3195 2042 3250; x_wconf 93' lang='lat' dir='ltr'><strong>rint</strong></span> <span class='ocrx_word' id='word_1_703' title='bbox 2069 3195 2208 3252; x_wconf 90' lang='lat' dir='ltr'><strong>viam</strong></span> <span class='ocrx_word' id='word_1_704' title='bbox 2232 3240 2246 3264; x_wconf 91' lang='lat'><strong>,</strong></span> <span class='ocrx_word' id='word_1_705' title='bbox 2279 3199 2558 3253; x_wconf 84' lang='lat' dir='ltr'><strong>veritatem</strong></span> <span class='ocrx_word' id='word_1_706' title='bbox 2585 3241 2598 3264; x_wconf 93' lang='lat'><strong>,</strong></span> <span class='ocrx_word' id='word_1_707' title='bbox 2633 3208 2687 3252; x_wconf 90' lang='lat' dir='ltr'><strong>ct</strong></span> <span class='ocrx_word' id='word_1_708' title='bbox 2727 3199 2966 3269; x_wconf 88' lang='lat' dir='ltr'><strong>januam.</strong></span> <span class='ocrx_word' id='word_1_709' title='bbox 3019 3201 3136 3271; x_wconf 89' lang='lat' dir='ltr'><strong>Ipse</strong></span> <span class='ocrx_word' id='word_1_710' title='bbox 3166 3202 3308 3257; x_wconf 90' lang='lat' dir='ltr'><strong>enim</strong></span> <span class='ocrx_word' id='word_1_711' title='bbox 3348 3202 3484 3258; x_wconf 88' lang='lat' dir='ltr'><strong>dixit</strong></span> <span class='ocrx_word' id='word_1_712' title='bbox 3515 3223 3530 3259; x_wconf 89' lang='lat'><strong>:</strong></span> 
     </span>
    </p>
   </div>
   <div class='ocr_carea' id='block_1_95' title="bbox 1936 3290 3530 3365">
    <p class='ocr_par' dir='ltr' id='par_1_95' title="bbox 1936 3290 3530 3365">
     <span class='ocr_line' id='line_1_95' title="bbox 1936 3290 3530 3365; baseline 0.004 -22"><span class='ocrx_word' id='word_1_713' title='bbox 1936 3290 2037 3358; x_wconf 79' lang='lat' dir='ltr'><strong>Qui</strong></span> <span class='ocrx_word' id='word_1_714' title='bbox 2066 3307 2145 3344; x_wconf 91' lang='lat' dir='ltr'><strong>me</strong></span> <span class='ocrx_word' id='word_1_715' title='bbox 2167 3290 2310 3357; x_wconf 76' lang='lat' dir='ltr'><strong>vidit,</strong></span> <span class='ocrx_word' id='word_1_716' title='bbox 2342 3293 2461 3344; x_wconf 87' lang='lat' dir='ltr'><strong>vidit</strong></span> <span class='ocrx_word' id='word_1_717' title='bbox 2489 3301 2536 3345; x_wconf 85' lang='lat' dir='ltr'><strong>et</strong></span> <span class='ocrx_word' id='word_1_718' title='bbox 2565 3291 2772 3345; x_wconf 87' lang='lat' dir='ltr'><strong>Patrem</strong></span> <span class='ocrx_word' id='word_1_719' title='bbox 2795 3309 2959 3347; x_wconf 87' lang='lat' dir='ltr'><strong>meum</strong></span> <span class='ocrx_word' id='word_1_720' title='bbox 2992 3291 3170 3365; x_wconf 76' lang='lat' dir='ltr'><strong>(Ioan.</strong></span> <span class='ocrx_word' id='word_1_721' title='bbox 3201 3309 3315 3359; x_wconf 78' lang='lat' dir='ltr'><strong>xw,</strong></span> <span class='ocrx_word' id='word_1_722' title='bbox 3349 3292 3403 3360; x_wconf 84' lang='lat'><strong>6,</strong></span> <span class='ocrx_word' id='word_1_723' title='bbox 3432 3295 3530 3365; x_wconf 90' lang='lat'><strong>9);</strong></span> 
     </span>
    </p>
   </div>
   <div class='ocr_carea' id='block_1_96' title="bbox 1931 3381 3531 3456">
    <p class='ocr_par' dir='ltr' id='par_1_96' title="bbox 1931 3381 3531 3456">
     <span class='ocr_line' id='line_1_96' title="bbox 1931 3381 3531 3456; baseline 0.003 -19"><span class='ocrx_word' id='word_1_724' title='bbox 1931 3392 2004 3447; x_wconf 90' lang='lat' dir='ltr'><strong>et,</strong></span> <span class='ocrx_word' id='word_1_725' title='bbox 2044 3381 2143 3449; x_wconf 84' lang='lat' dir='ltr'><strong>Qui</strong></span> <span class='ocrx_word' id='word_1_726' title='bbox 2172 3385 2221 3436; x_wconf 87' lang='lat' dir='ltr'><strong>in</strong></span> <span class='ocrx_word' id='word_1_727' title='bbox 2254 3400 2331 3436; x_wconf 87' lang='lat' dir='ltr'><strong>me</strong></span> <span class='ocrx_word' id='word_1_728' title='bbox 2359 3384 2652 3452; x_wconf 78' lang='lat' dir='ltr'><strong>crediderit,</strong></span> <span class='ocrx_word' id='word_1_729' title='bbox 2682 3393 2891 3437; x_wconf 77' lang='lat' dir='ltr'><strong>mortem</strong></span> <span class='ocrx_word' id='word_1_730' title='bbox 2921 3402 3022 3438; x_wconf 89' lang='lat' dir='ltr'><strong>non</strong></span> <span class='ocrx_word' id='word_1_731' title='bbox 3054 3385 3276 3456; x_wconf 77' lang='lat' dir='ltr'><strong>gustabit</strong></span> <span class='ocrx_word' id='word_1_732' title='bbox 3304 3387 3356 3440; x_wconf 87' lang='lat' dir='ltr'><strong>in</strong></span> <span class='ocrx_word' id='word_1_733' title='bbox 3383 3397 3531 3441; x_wconf 64' lang='lat' dir='ltr'><strong>arter-</strong></span> 
     </span>
    </p>
   </div>
   <div class='ocr_carea' id='block_1_97' title="bbox 1930 3477 3532 3553">
    <p class='ocr_par' dir='ltr' id='par_1_97' title="bbox 1930 3477 3532 3553">
     <span class='ocr_line' id='line_1_97' title="bbox 1930 3477 3532 3553; baseline 0.004 -24"><span class='ocrx_word' id='word_1_734' title='bbox 1930 3491 2076 3543; x_wconf 83' lang='lat' dir='ltr'><strong>num,</strong></span> <span class='ocrx_word' id='word_1_735' title='bbox 2097 3477 2187 3530; x_wconf 80' lang='lat' dir='ltr'><strong>sed</strong></span> <span class='ocrx_word' id='word_1_736' title='bbox 2215 3478 2642 3547; x_wconf 61' lang='lat' dir='ltr'><strong>transitum‘facit</strong></span> <span class='ocrx_word' id='word_1_737' title='bbox 2667 3477 2731 3532; x_wconf 88' lang='lat' dir='ltr'><strong>de</strong></span> <span class='ocrx_word' id='word_1_738' title='bbox 2755 3487 2914 3532; x_wconf 86' lang='lat' dir='ltr'><strong>morte</strong></span> <span class='ocrx_word' id='word_1_739' title='bbox 2939 3477 3007 3530; x_wconf 86' lang='lat' dir='ltr'><strong>ad</strong></span> <span class='ocrx_word' id='word_1_740' title='bbox 3033 3481 3208 3543; x_wconf 82' lang='lat' dir='ltr'><strong>vitam,</strong></span> <span class='ocrx_word' id='word_1_741' title='bbox 3237 3488 3286 3533; x_wconf 88' lang='lat' dir='ltr'><strong>et</strong></span> <span class='ocrx_word' id='word_1_742' title='bbox 3311 3481 3364 3534; x_wconf 90' lang='lat' dir='ltr'><strong>in</strong></span> <span class='ocrx_word' id='word_1_743' title='bbox 3381 3481 3532 3553; x_wconf 84' lang='lat' dir='ltr'><strong>judi-</strong></span> 
     </span>
    </p>
   </div>
   <div class='ocr_carea' id='block_1_98' title="bbox 1929 3567 3531 3641">
    <p class='ocr_par' dir='ltr' id='par_1_98' title="bbox 1929 3567 3531 3641">
     <span class='ocr_line' id='line_1_98' title="bbox 1929 3567 3531 3641; baseline 0.006 -22"><span class='ocrx_word' id='word_1_744' title='bbox 1929 3567 2064 3620; x_wconf 85' lang='lat' dir='ltr'><strong>cium</strong></span> <span class='ocrx_word' id='word_1_745' title='bbox 2104 3584 2202 3621; x_wconf 90' lang='lat' dir='ltr'><strong>non</strong></span> <span class='ocrx_word' id='word_1_746' title='bbox 2243 3569 2404 3622; x_wconf 83' lang='lat' dir='ltr'><strong>ueniet</strong></span> <span class='ocrx_word' id='word_1_747' title='bbox 2435 3568 2546 3639; x_wconf 87' lang='lat' dir='ltr'><strong>(Id.</strong></span> <span class='ocrx_word' id='word_1_748' title='bbox 2578 3585 2629 3634; x_wconf 90' lang='lat' dir='ltr'><strong>v,</strong></span> <span class='ocrx_word' id='word_1_749' title='bbox 2662 3568 2776 3641; x_wconf 69' lang='lat'><strong>9.4).</strong></span> <span class='ocrx_word' id='word_1_750' title='bbox 2809 3569 2903 3624; x_wconf 84' lang='lat' dir='ltr'><strong>His</strong></span> <span class='ocrx_word' id='word_1_751' title='bbox 2943 3570 3103 3625; x_wconf 89' lang='lat' dir='ltr'><strong>rebus</strong></span> <span class='ocrx_word' id='word_1_752' title='bbox 3141 3571 3441 3638; x_wconf 89' lang='lat' dir='ltr'><strong>credimus,</strong></span> <span class='ocrx_word' id='word_1_753' title='bbox 3474 3581 3531 3628; x_wconf 88' lang='lat' dir='ltr'><strong>et</strong></span> 
     </span>
    </p>
   </div>
   <div class='ocr_carea' id='block_1_99' title="bbox 1929 3658 3527 3730">
    <p class='ocr_par' dir='ltr' id='par_1_99' title="bbox 1929 3658 3527 3730">
     <span class='ocr_line' id='line_1_99' title="bbox 1929 3658 3527 3730; baseline 0.004 -18"><span class='ocrx_word' id='word_1_754' title='bbox 1929 3658 2045 3714; x_wconf 64' lang='lat' dir='ltr'><strong>haec</strong></span> <span class='ocrx_word' id='word_1_755' title='bbox 2088 3669 2172 3714; x_wconf 92' lang='lat' dir='ltr'><strong>est</strong></span> <span class='ocrx_word' id='word_1_756' title='bbox 2214 3660 2352 3714; x_wconf 90' lang='lat' dir='ltr'><strong>ratio</strong></span> <span class='ocrx_word' id='word_1_757' title='bbox 2402 3659 2523 3715; x_wconf 83' lang='lat' dir='ltr'><strong>fidei</strong></span> <span class='ocrx_word' id='word_1_758' title='bbox 2576 3669 2812 3727; x_wconf 57' lang='lat' dir='ltr'><strong>nostra},</strong></span> <span class='ocrx_word' id='word_1_759' title='bbox 2861 3670 2916 3714; x_wconf 92' lang='lat' dir='ltr'><strong>et</strong></span> <span class='ocrx_word' id='word_1_760' title='bbox 2963 3676 3058 3730; x_wconf 91' lang='lat' dir='ltr'><strong>pro</strong></span> <span class='ocrx_word' id='word_1_761' title='bbox 3103 3662 3307 3717; x_wconf 91' lang='lat' dir='ltr'><strong>viribus</strong></span> <span class='ocrx_word' id='word_1_762' title='bbox 3360 3665 3527 3718; x_wconf 90' lang='lat' dir='ltr'><strong>animi</strong></span> 
     </span>
    </p>
   </div>
   <div class='ocr_carea' id='block_1_100' title="bbox 1929 3751 3526 3821">
    <p class='ocr_par' dir='ltr' id='par_1_100' title="bbox 1929 3751 3526 3821">
     <span class='ocr_line' id='line_1_100' title="bbox 1929 3751 3526 3821; baseline 0.002 -16"><span class='ocrx_word' id='word_1_763' title='bbox 1929 3751 2098 3806; x_wconf 91' lang='lat' dir='ltr'><strong>nostri</strong></span> <span class='ocrx_word' id='word_1_764' title='bbox 2127 3751 2391 3805; x_wconf 92' lang='lat' dir='ltr'><strong>mandatis</strong></span> <span class='ocrx_word' id='word_1_765' title='bbox 2436 3751 2552 3821; x_wconf 88' lang='lat' dir='ltr'><strong>ejus</strong></span> <span class='ocrx_word' id='word_1_766' title='bbox 2591 3751 3002 3821; x_wconf 83' lang='lat' dir='ltr'><strong>obtemperare,</strong></span> <span class='ocrx_word' id='word_1_767' title='bbox 3037 3766 3200 3805; x_wconf 89' lang='lat' dir='ltr'><strong>unam</strong></span> <span class='ocrx_word' id='word_1_768' title='bbox 3242 3752 3400 3807; x_wconf 86' lang='lat' dir='ltr'><strong>fidem</strong></span> <span class='ocrx_word' id='word_1_769' title='bbox 3439 3768 3526 3808; x_wconf 90' lang='lat' dir='ltr'><strong>se-</strong></span> 
     </span>
    </p>
   </div>
   <div class='ocr_carea' id='block_1_101' title="bbox 1926 3841 3526 3914">
    <p class='ocr_par' dir='ltr' id='par_1_101' title="bbox 1926 3841 3526 3914">
     <span class='ocr_line' id='line_1_101' title="bbox 1926 3841 3526 3914; baseline 0.002 -17"><span class='ocrx_word' id='word_1_770' title='bbox 1926 3850 2134 3898; x_wconf 90' lang='lat' dir='ltr'><strong>ctantes</strong></span> <span class='ocrx_word' id='word_1_771' title='bbox 2179 3841 2334 3912; x_wconf 88' lang='lat' dir='ltr'><strong>hujus</strong></span> <span class='ocrx_word' id='word_1_772' title='bbox 2377 3842 2681 3910; x_wconf 91' lang='lat' dir='ltr'><strong>Trinitatis,</strong></span> <span class='ocrx_word' id='word_1_773' title='bbox 2735 3842 2908 3896; x_wconf 84' lang='lat' dir='ltr'><strong>Patris</strong></span> <span class='ocrx_word' id='word_1_774' title='bbox 2939 3851 2992 3897; x_wconf 93' lang='lat' dir='ltr'><strong>et</strong></span> <span class='ocrx_word' id='word_1_775' title='bbox 3038 3842 3160 3897; x_wconf 89' lang='lat' dir='ltr'><strong>Filii</strong></span> <span class='ocrx_word' id='word_1_776' title='bbox 3200 3852 3255 3898; x_wconf 90' lang='lat' dir='ltr'><strong>et</strong></span> <span class='ocrx_word' id='word_1_777' title='bbox 3295 3843 3526 3914; x_wconf 88' lang='lat' dir='ltr'><strong>Spiritus</strong></span> 
     </span>
    </p>
   </div>
   <div class='ocr_carea' id='block_1_102' title="bbox 1927 3935 2118 3989">
    <p class='ocr_par' dir='ltr' id='par_1_102' title="bbox 1927 3935 2118 3989">
     <span class='ocr_line' id='line_1_102' title="bbox 1927 3935 2118 3989; baseline -0.016 0"><span class='ocrx_word' id='word_1_778' title='bbox 1927 3935 2118 3989; x_wconf 90' lang='lat' dir='ltr'><strong>sancti.</strong></span> 
     </span>
    </p>
   </div>
   <div class='ocr_carea' id='block_1_103' title="bbox 1997 4024 3522 4095">
    <p class='ocr_par' dir='ltr' id='par_1_103' title="bbox 1997 4024 3522 4095">
     <span class='ocr_line' id='line_1_103' title="bbox 1997 4024 3522 4095; baseline -0.001 -13"><span class='ocrx_word' id='word_1_779' title='bbox 1997 4027 2049 4082; x_wconf 75' lang='grc'><strong>4.</strong></span> <span class='ocrx_word' id='word_1_780' title='bbox 2079 4027 2214 4082; x_wconf 80' lang='lat' dir='ltr'><strong>Ave.</strong></span> <span class='ocrx_word' id='word_1_781' title='bbox 2245 4025 2377 4080; x_wconf 89' lang='lat' dir='ltr'><strong>dixit</strong></span> <span class='ocrx_word' id='word_1_782' title='bbox 2409 4043 2420 4078; x_wconf 92' lang='lat'><strong>:</strong></span> <span class='ocrx_word' id='word_1_783' title='bbox 2453 4025 2562 4081; x_wconf 84' lang='lat' dir='ltr'><strong>Has</strong></span> <span class='ocrx_word' id='word_1_784' title='bbox 2598 4025 2805 4080; x_wconf 90' lang='lat' dir='ltr'><strong>animas</strong></span> <span class='ocrx_word' id='word_1_785' title='bbox 2826 4068 2840 4092; x_wconf 92' lang='lat'><strong>,</strong></span> <span class='ocrx_word' id='word_1_786' title='bbox 2871 4039 3004 4095; x_wconf 91' lang='lat' dir='ltr'><strong>quas</strong></span> <span class='ocrx_word' id='word_1_787' title='bbox 3035 4024 3101 4079; x_wconf 93' lang='lat' dir='ltr'><strong>de</strong></span> <span class='ocrx_word' id='word_1_788' title='bbox 3130 4033 3304 4080; x_wconf 90' lang='lat' dir='ltr'><strong>morte</strong></span> <span class='ocrx_word' id='word_1_789' title='bbox 3346 4025 3413 4080; x_wconf 92' lang='lat' dir='ltr'><strong>ad</strong></span> <span class='ocrx_word' id='word_1_790' title='bbox 3439 4026 3522 4081; x_wconf 91' lang='lat' dir='ltr'><strong>vi-</strong></span> 
     </span>
    </p>
   </div>
   <div class='ocr_carea' id='block_1_104' title="bbox 1927 4117 3519 4190">
    <p class='ocr_par' dir='ltr' id='par_1_104' title="bbox 1927 4117 3519 4190">
     <span class='ocr_line' id='line_1_104' title="bbox 1927 4117 3519 4190; baseline 0 -16"><span class='ocrx_word' id='word_1_791' title='bbox 1927 4127 2036 4174; x_wconf 89' lang='lat' dir='ltr'><strong>tam</strong></span> <span class='ocrx_word' id='word_1_792' title='bbox 2066 4134 2161 4190; x_wconf 91' lang='lat' dir='ltr'><strong>per</strong></span> <span class='ocrx_word' id='word_1_793' title='bbox 2190 4118 2460 4174; x_wconf 90' lang='lat' dir='ltr'><strong>Christum</strong></span> <span class='ocrx_word' id='word_1_794' title='bbox 2493 4119 2675 4174; x_wconf 92' lang='lat' dir='ltr'><strong>venire</strong></span> <span class='ocrx_word' id='word_1_795' title='bbox 2715 4117 2993 4185; x_wconf 89' lang='lat' dir='ltr'><strong>fatemini,</strong></span> <span class='ocrx_word' id='word_1_796' title='bbox 3039 4132 3159 4188; x_wconf 71' lang='lat' dir='ltr'><strong>qua:</strong></span> <span class='ocrx_word' id='word_1_797' title='bbox 3188 4131 3346 4173; x_wconf 87' lang='lat' dir='ltr'><strong>causa</strong></span> <span class='ocrx_word' id='word_1_798' title='bbox 3379 4134 3519 4188; x_wconf 67' lang='lat' dir='ltr'><strong>prte-</strong></span> 
     </span>
    </p>
   </div>
   <div class='ocr_carea' id='block_1_105' title="bbox 1925 4202 3389 4282">
    <p class='ocr_par' dir='ltr' id='par_1_105' title="bbox 1925 4202 3389 4282">
     <span class='ocr_line' id='line_1_105' title="bbox 1925 4202 3389 4282; baseline -0.005 -16"><span class='ocrx_word' id='word_1_799' title='bbox 1925 4212 2160 4282; x_wconf 88' lang='lat' dir='ltr'><strong>cipitavit</strong></span> <span class='ocrx_word' id='word_1_800' title='bbox 2191 4212 2245 4265; x_wconf 91' lang='lat' dir='ltr'><strong>in</strong></span> <span class='ocrx_word' id='word_1_801' title='bbox 2276 4220 2502 4268; x_wconf 86' lang='lat' dir='ltr'><strong>mortem</strong></span> <span class='ocrx_word' id='word_1_802' title='bbox 2528 4209 2552 4263; x_wconf 91' lang='lat'><strong>?</strong></span> <span class='ocrx_word' id='word_1_803' title='bbox 3385 4202 3389 4206; x_wconf 33' lang='grc' dir='ltr'><strong><em>ί</em></strong></span> 
     </span>
    </p>
   </div>
   <div class='ocr_carea' id='block_1_106' title="bbox 1996 4302 3518 4373">
    <p class='ocr_par' dir='ltr' id='par_1_106' title="bbox 1996 4302 3518 4373">
     <span class='ocr_line' id='line_1_106' title="bbox 1996 4302 3518 4373; baseline -0.001 -15"><span class='ocrx_word' id='word_1_804' title='bbox 1996 4304 2160 4359; x_wconf 80' lang='lat' dir='ltr'><strong>Fonr.</strong></span> <span class='ocrx_word' id='word_1_805' title='bbox 2193 4304 2326 4358; x_wconf 83' lang='lat' dir='ltr'><strong>dixit</strong></span> <span class='ocrx_word' id='word_1_806' title='bbox 2361 4323 2373 4358; x_wconf 93' lang='lat'>:</span> <span class='ocrx_word' id='word_1_807' title='bbox 2416 4303 2548 4359; x_wconf 85' lang='lat' dir='ltr'><strong>Hine</strong></span> <span class='ocrx_word' id='word_1_808' title='bbox 2589 4303 2698 4373; x_wconf 88' lang='lat' dir='ltr'><strong>jam</strong></span> <span class='ocrx_word' id='word_1_809' title='bbox 2729 4302 2952 4372; x_wconf 90' lang='lat' dir='ltr'><strong>dignare</strong></span> <span class='ocrx_word' id='word_1_810' title='bbox 2991 4302 3244 4372; x_wconf 88' lang='lat' dir='ltr'><strong>prosequi</strong></span> <span class='ocrx_word' id='word_1_811' title='bbox 3289 4310 3345 4357; x_wconf 91' lang='lat' dir='ltr'><strong>et</strong></span> <span class='ocrx_word' id='word_1_812' title='bbox 3384 4316 3518 4357; x_wconf 87' lang='lat' dir='ltr'><strong>con-</strong></span> 
     </span>
    </p>
   </div>
   <div class='ocr_carea' id='block_1_107' title="bbox 1926 4395 3437 4466">
    <p class='ocr_par' dir='ltr' id='par_1_107' title="bbox 1926 4395 3437 4466">
     <span class='ocr_line' id='line_1_107' title="bbox 1926 4395 3437 4466; baseline -0.004 -15"><span class='ocrx_word' id='word_1_813' title='bbox 1926 4396 2118 4462; x_wconf 85' lang='lat' dir='ltr'><strong>traire,</strong></span> <span class='ocrx_word' id='word_1_814' title='bbox 2153 4397 2196 4450; x_wconf 88' lang='lat' dir='ltr'><strong>si</strong></span> <span class='ocrx_word' id='word_1_815' title='bbox 2226 4395 2359 4450; x_wconf 91' lang='lat' dir='ltr'><strong>nihil</strong></span> <span class='ocrx_word' id='word_1_816' title='bbox 2390 4406 2584 4466; x_wconf 72' lang='lat' dir='ltr'><strong>prteter</strong></span> <span class='ocrx_word' id='word_1_817' title='bbox 2611 4395 2798 4449; x_wconf 89' lang='lat' dir='ltr'><strong>Deum.</strong></span> <span class='ocrx_word' id='word_1_818' title='bbox 3433 4409 3437 4413; x_wconf 51' lang='grc' dir='ltr'><strong><em>ν</em></strong></span> 
     </span>
    </p>
   </div>
   <div class='ocr_carea' id='block_1_108' title="bbox 1996 4483 3519 4555">
    <p class='ocr_par' dir='ltr' id='par_1_108' title="bbox 1996 4483 3519 4555">
     <span class='ocr_line' id='line_1_108' title="bbox 1996 4483 3519 4555; baseline -0.002 -12"><span class='ocrx_word' id='word_1_819' title='bbox 1996 4489 2049 4543; x_wconf 84' lang='lat'><strong>5.</strong></span> <span class='ocrx_word' id='word_1_820' title='bbox 2101 4489 2234 4542; x_wconf 81' lang='lat' dir='ltr'><strong>Auc.</strong></span> <span class='ocrx_word' id='word_1_821' title='bbox 2277 4487 2410 4540; x_wconf 83' lang='lat' dir='ltr'><strong>dixit</strong></span> <span class='ocrx_word' id='word_1_822' title='bbox 2463 4503 2476 4540; x_wconf 93' lang='lat'>:</span> <span class='ocrx_word' id='word_1_823' title='bbox 2529 4484 2642 4539; x_wconf 91' lang='lat' dir='ltr'><strong>lmo</strong></span> <span class='ocrx_word' id='word_1_824' title='bbox 2694 4493 2750 4538; x_wconf 93' lang='lat' dir='ltr'><strong>tu</strong></span> <span class='ocrx_word' id='word_1_825' title='bbox 2802 4484 3026 4555; x_wconf 84' lang='lat' dir='ltr'><strong>dignare</strong></span> <span class='ocrx_word' id='word_1_826' title='bbox 3077 4483 3410 4554; x_wconf 91' lang='lat' dir='ltr'><strong>respondere</strong></span> <span class='ocrx_word' id='word_1_827' title='bbox 3464 4484 3519 4540; x_wconf 91' lang='lat' dir='ltr'><strong>id</strong></span> 
     </span>
    </p>
   </div>
   <div class='ocr_carea' id='block_1_109' title="bbox 1924 4574 3518 4648">
    <p class='ocr_par' dir='ltr' id='par_1_109' title="bbox 1924 4574 3518 4648">
     <span class='ocr_line' id='line_1_109' title="bbox 1924 4574 3518 4648; baseline -0.001 -16"><span class='ocrx_word' id='word_1_828' title='bbox 1924 4577 2068 4648; x_wconf 87' lang='lat' dir='ltr'><strong>quod</strong></span> <span class='ocrx_word' id='word_1_829' title='bbox 2122 4575 2505 4646; x_wconf 86' lang='lat' dir='ltr'><strong>interrogaris,</strong></span> <span class='ocrx_word' id='word_1_830' title='bbox 2559 4576 2655 4629; x_wconf 86' lang='lat' dir='ltr'><strong>has</strong></span> <span class='ocrx_word' id='word_1_831' title='bbox 2710 4574 2916 4629; x_wconf 88' lang='lat' dir='ltr'><strong>animas</strong></span> <span class='ocrx_word' id='word_1_832' title='bbox 2971 4589 3092 4646; x_wconf 64' lang='lat' dir='ltr'><strong>quae</strong></span> <span class='ocrx_word' id='word_1_833' title='bbox 3142 4585 3332 4631; x_wconf 80' lang='lat' dir='ltr'><strong>causa’</strong></span> <span class='ocrx_word' id='word_1_834' title='bbox 3356 4576 3518 4632; x_wconf 91' lang='lat' dir='ltr'><strong>morti</strong></span> 
     </span>
    </p>
   </div>
   <div class='ocr_carea' id='block_1_110' title="bbox 1923 4669 2150 4726">
    <p class='ocr_par' dir='ltr' id='par_1_110' title="bbox 1923 4669 2150 4726">
     <span class='ocr_line' id='line_1_110' title="bbox 1923 4669 2150 4726; baseline -0.009 -2"><span class='ocrx_word' id='word_1_835' title='bbox 1923 4669 2150 4726; x_wconf 91' lang='lat' dir='ltr'><strong>dederit.</strong></span> 
     </span>
    </p>
   </div>
   <div class='ocr_carea' id='block_1_111' title="bbox 1997 4759 3515 4831">
    <p class='ocr_par' dir='ltr' id='par_1_111' title="bbox 1997 4759 3515 4831">
     <span class='ocr_line' id='line_1_111' title="bbox 1997 4759 3515 4831; baseline -0.003 -13"><span class='ocrx_word' id='word_1_836' title='bbox 1997 4763 2164 4820; x_wconf 80' lang='lat' dir='ltr'><strong>Fon&#39;r.</strong></span> <span class='ocrx_word' id='word_1_837' title='bbox 2193 4761 2326 4817; x_wconf 89' lang='lat' dir='ltr'><strong>dixit</strong></span> <span class='ocrx_word' id='word_1_838' title='bbox 2357 4780 2370 4816; x_wconf 90' lang='lat'>:</span> <span class='ocrx_word' id='word_1_839' title='bbox 2404 4760 2516 4816; x_wconf 94' lang='lat' dir='ltr'><strong>lmo</strong></span> <span class='ocrx_word' id='word_1_840' title='bbox 2543 4769 2598 4814; x_wconf 93' lang='lat' dir='ltr'><strong>tu</strong></span> <span class='ocrx_word' id='word_1_841' title='bbox 2630 4759 2851 4831; x_wconf 89' lang='lat' dir='ltr'><strong>dignare</strong></span> <span class='ocrx_word' id='word_1_842' title='bbox 2877 4759 3078 4826; x_wconf 89' lang='lat' dir='ltr'><strong>dicere,</strong></span> <span class='ocrx_word' id='word_1_843' title='bbox 3109 4771 3288 4816; x_wconf 87' lang='lat' dir='ltr'><strong>utrum</strong></span> <span class='ocrx_word' id='word_1_844' title='bbox 3317 4759 3515 4830; x_wconf 88' lang='lat' dir='ltr'><strong>aliquid</strong></span> 
     </span>
    </p>
   </div>
   <div class='ocr_carea' id='block_1_112' title="bbox 1923 4851 3133 4927">
    <p class='ocr_par' dir='ltr' id='par_1_112' title="bbox 1923 4851 3133 4927">
     <span class='ocr_line' id='line_1_112' title="bbox 1923 4851 3133 4927; baseline -0.007 -14"><span class='ocrx_word' id='word_1_845' title='bbox 1923 4858 1993 4913; x_wconf 91' lang='lat' dir='ltr'><strong>sit</strong></span> <span class='ocrx_word' id='word_1_846' title='bbox 2020 4864 2212 4927; x_wconf 63' lang='lat' dir='ltr'><strong>praeter</strong></span> <span class='ocrx_word' id='word_1_847' title='bbox 2243 4855 2406 4908; x_wconf 92' lang='lat' dir='ltr'><strong>Deum</strong></span> <span class='ocrx_word' id='word_1_848' title='bbox 2429 4894 2442 4918; x_wconf 92' lang='lat'><strong>,</strong></span> <span class='ocrx_word' id='word_1_849' title='bbox 2471 4868 2538 4906; x_wconf 90' lang='lat' dir='ltr'><strong>an</strong></span> <span class='ocrx_word' id='word_1_850' title='bbox 2567 4853 2746 4907; x_wconf 90' lang='lat' dir='ltr'><strong>omnia</strong></span> <span class='ocrx_word' id='word_1_851' title='bbox 2775 4853 2827 4907; x_wconf 93' lang='lat' dir='ltr'><strong>in</strong></span> <span class='ocrx_word' id='word_1_852' title='bbox 2862 4851 2974 4907; x_wconf 91' lang='lat' dir='ltr'><strong>Deo</strong></span> <span class='ocrx_word' id='word_1_853' title='bbox 3005 4853 3133 4907; x_wconf 90' lang='lat' dir='ltr'><strong>sint.</strong></span> 
     </span>
    </p>
   </div>
   <div class='ocr_carea' id='block_1_113' title="bbox 1995 4940 3513 5014">
    <p class='ocr_par' dir='ltr' id='par_1_113' title="bbox 1995 4940 3513 5014">
     <span class='ocr_line' id='line_1_113' title="bbox 1995 4940 3513 5014; baseline -0.005 -10"><span class='ocrx_word' id='word_1_854' title='bbox 1995 4949 2048 5004; x_wconf 90' lang='lat'><strong>6.</strong></span> <span class='ocrx_word' id='word_1_855' title='bbox 2082 4949 2213 5002; x_wconf 83' lang='lat' dir='ltr'><strong>Auc.</strong></span> <span class='ocrx_word' id='word_1_856' title='bbox 2239 4945 2372 5000; x_wconf 79' lang='lat' dir='ltr'><strong>dixit</strong></span> <span class='ocrx_word' id='word_1_857' title='bbox 2403 4962 2414 4998; x_wconf 93' lang='lat'><strong>:</strong></span> <span class='ocrx_word' id='word_1_858' title='bbox 2448 4943 2584 4998; x_wconf 91' lang='lat' dir='ltr'><strong>lllud</strong></span> <span class='ocrx_word' id='word_1_859' title='bbox 2611 4959 2712 5014; x_wconf 87' lang='lat' dir='ltr'><strong>ego</strong></span> <span class='ocrx_word' id='word_1_860' title='bbox 2739 4942 3071 5013; x_wconf 84' lang='lat' dir='ltr'><strong>respondere</strong></span> <span class='ocrx_word' id='word_1_861' title='bbox 3097 4956 3340 5013; x_wconf 87' lang='lat' dir='ltr'><strong>possum,</strong></span> <span class='ocrx_word' id='word_1_862' title='bbox 3369 4940 3513 5011; x_wconf 91' lang='lat' dir='ltr'><strong>quod</strong></span> 
     </span>
    </p>
   </div>
   <div class='ocr_carea' id='block_1_114' title="bbox 1988 5077 3470 5153">
    <p class='ocr_par' dir='ltr' id='par_1_114' title="bbox 1988 5077 3470 5153">
     <span class='ocr_line' id='line_1_114' title="bbox 1988 5077 3470 5153; baseline 0.011 -10"><span class='ocrx_word' id='word_1_863' title='bbox 1988 5087 2003 5153; x_wconf 65' lang='grc' dir='ltr'><strong>ξ</strong></span> <span class='ocrx_word' id='word_1_864' title='bbox 2039 5084 2176 5143; x_wconf 71' lang='lat' dir='ltr'><strong>mni.</strong></span> <span class='ocrx_word' id='word_1_865' title='bbox 2199 5087 2421 5153; x_wconf 57' lang='lat' dir='ltr'><strong>opponat;</strong></span> <span class='ocrx_word' id='word_1_866' title='bbox 2445 5083 2732 5153; x_wconf 52' lang='lat' dir='ltr'><strong>cessemus</strong></span> <span class='ocrx_word' id='word_1_867' title='bbox 2757 5089 2884 5153; x_wconf 60' lang='lat' dir='ltr'><strong>Mss-2</strong></span> <span class='ocrx_word' id='word_1_868' title='bbox 2908 5077 3117 5153; x_wconf 65' lang='lat' dir='ltr'><strong>Ws-</strong></span> <span class='ocrx_word' id='word_1_869' title='bbox 3189 5138 3243 5153; x_wconf 52' lang='grc' dir='ltr'>η</span> 
     </span>
    </p>
   </div>
   <div class='ocr_carea' id='block_1_115' title="bbox 1986 5138 3511 5212">
    <p class='ocr_par' dir='ltr' id='par_1_115' title="bbox 1986 5138 3511 5212">
     <span class='ocr_line' id='line_1_115' title="bbox 1986 5138 3511 5212; baseline -0.003 -18"><span class='ocrx_word' id='word_1_870' title='bbox 1986 5150 2007 5178; x_wconf 84' lang='grc'><strong><em>²</em></strong></span> <span class='ocrx_word' id='word_1_871' title='bbox 2041 5155 2092 5196; x_wconf 88' lang='lat' dir='ltr'><strong>In</strong></span> <span class='ocrx_word' id='word_1_872' title='bbox 2115 5138 2182 5206; x_wconf 77' lang='lat'><strong>8.,</strong></span> <span class='ocrx_word' id='word_1_873' title='bbox 2210 5138 2354 5212; x_wconf 61' lang='lat' dir='ltr'><strong>_f]flOd</strong></span> <span class='ocrx_word' id='word_1_874' title='bbox 2392 5143 2655 5212; x_wconf 72' lang='lat' dir='ltr'><strong>inadibilis,</strong></span> <span class='ocrx_word' id='word_1_875' title='bbox 2693 5144 2821 5212; x_wconf 75' lang='lat' dir='ltr'><strong>quod</strong></span> <span class='ocrx_word' id='word_1_876' title='bbox 2861 5138 3136 5212; x_wconf 67' lang='lat' dir='ltr'><strong>iutenibilis,</strong></span> <span class='ocrx_word' id='word_1_877' title='bbox 3181 5138 3511 5212; x_wconf 72' lang='lat' dir='ltr'><strong>impossibilia,</strong></span> 
     </span>
    </p>
   </div>
   <div class='ocr_carea' id='block_1_116' title="bbox 1920 5206 3511 5270">
    <p class='ocr_par' dir='ltr' id='par_1_116' title="bbox 1920 5206 3511 5270">
     <span class='ocr_line' id='line_1_116' title="bbox 1920 5206 3511 5270; baseline -0.006 -8"><span class='ocrx_word' id='word_1_878' title='bbox 1920 5218 2153 5262; x_wconf 71' lang='lat' dir='ltr'><strong>aeternam</strong></span> <span class='ocrx_word' id='word_1_879' title='bbox 2203 5206 2358 5257; x_wconf 80' lang='lat' dir='ltr'><strong>lucem</strong></span> <span class='ocrx_word' id='word_1_880' title='bbox 2400 5206 2646 5257; x_wconf 85' lang='lat' dir='ltr'><strong>inhabitet.</strong></span> <span class='ocrx_word' id='word_1_881' title='bbox 2693 5206 2840 5270; x_wconf 76' lang='lat' dir='ltr'><strong>Lugd.</strong></span> <span class='ocrx_word' id='word_1_882' title='bbox 2889 5212 3010 5252; x_wconf 82' lang='lat' dir='ltr'><strong>Ven.</strong></span> <span class='ocrx_word' id='word_1_883' title='bbox 3058 5209 3168 5250; x_wconf 86' lang='lat' dir='ltr'><strong>Lov.</strong></span> <span class='ocrx_word' id='word_1_884' title='bbox 3223 5206 3381 5252; x_wconf 88' lang='lat' dir='ltr'><strong>secuti</strong></span> <span class='ocrx_word' id='word_1_885' title='bbox 3426 5216 3511 5252; x_wconf 83' lang='lat' dir='ltr'><strong>su-</strong></span> 
     </span>
    </p>
   </div>
   <div class='ocr_carea' id='block_1_117' title="bbox 1922 5278 3313 5400">
    <p class='ocr_par' dir='ltr' id='par_1_117' title="bbox 1922 5278 3313 5400">
     <span class='ocr_line' id='line_1_117' title="bbox 1922 5278 3313 5400; baseline 0.024 -25"><span class='ocrx_word' id='word_1_886' title='bbox 1922 5287 2087 5384; x_wconf 47' lang='lat' dir='ltr'><strong>mgsin</strong></span> <span class='ocrx_word' id='word_1_887' title='bbox 2112 5278 2332 5400; x_wconf 46' lang='lat' dir='ltr'><strong>vgificsno</strong></span> <span class='ocrx_word' id='word_1_888' title='bbox 2355 5333 2540 5400; x_wconf 71' lang='lat' dir='ltr'><strong>codice.</strong></span> <span class='ocrx_word' id='word_1_889' title='bbox 2574 5331 2882 5400; x_wconf 72' lang='grc' dir='ltr'><strong>[αῡνίεονενξεο</strong></span> <span class='ocrx_word' id='word_1_890' title='bbox 2914 5386 2924 5398; x_wconf 94' lang='grc'><strong>.</strong></span> <span class='ocrx_word' id='word_1_891' title='bbox 2987 5399 2993 5400; x_wconf 63' lang='lat'><strong><em>,</em></strong></span> <span class='ocrx_word' id='word_1_892' title='bbox 3054 5394 3099 5400; x_wconf 92' lang='lat'><strong>_.</strong></span> <span class='ocrx_word' id='word_1_893' title='bbox 3130 5389 3140 5400; x_wconf 92' lang='lat'><strong>.</strong></span> <span class='ocrx_word' id='word_1_894' title='bbox 3182 5387 3204 5400; x_wconf 76' lang='grc' dir='ltr'><em>ι.</em></span> <span class='ocrx_word' id='word_1_895' title='bbox 3302 5388 3313 5400; x_wconf 77' lang='grc' dir='ltr'><strong><em>ο</em></strong></span> 
     </span>
    </p>
   </div>
   <div class='ocr_carea' id='block_1_118' title="bbox 1984 5387 3512 5458">
    <p class='ocr_par' dir='ltr' id='par_1_118' title="bbox 1984 5387 3512 5458">
     <span class='ocr_line' id='line_1_118' title="bbox 1984 5387 3512 5458; baseline -0.002 -13"><span class='ocrx_word' id='word_1_896' title='bbox 1984 5399 2007 5430; x_wconf 72' lang='grc'><strong>⁸</strong></span> <span class='ocrx_word' id='word_1_897' title='bbox 2044 5398 2294 5446; x_wconf 73' lang='lat' dir='ltr'><strong>Vaticanus</strong></span> <span class='ocrx_word' id='word_1_898' title='bbox 2316 5395 2492 5458; x_wconf 80' lang='lat' dir='ltr'><strong>codex,</strong></span> <span class='ocrx_word' id='word_1_899' title='bbox 2737 5387 3017 5452; x_wconf 68' lang='lat' dir='ltr'><strong>exetegisse.</strong></span> <span class='ocrx_word' id='word_1_900' title='bbox 3054 5394 3109 5439; x_wconf 83' lang='lat' dir='ltr'><strong>Et</strong></span> <span class='ocrx_word' id='word_1_901' title='bbox 3127 5387 3270 5452; x_wconf 85' lang='lat' dir='ltr'><strong>infra,</strong></span> <span class='ocrx_word' id='word_1_902' title='bbox 3294 5388 3400 5454; x_wconf 84' lang='lat' dir='ltr'><strong>ipso</strong></span> <span class='ocrx_word' id='word_1_903' title='bbox 3423 5390 3512 5441; x_wconf 85' lang='lat' dir='ltr'><strong>du-</strong></span> 
     </span>
    </p>
   </div>
   <div class='ocr_carea' id='block_1_119' title="bbox 1921 5465 3512 5579">
    <p class='ocr_par' dir='ltr' id='par_1_119' title="bbox 1921 5465 3512 5579">
     <span class='ocr_line' id='line_1_119' title="bbox 1921 5465 3512 5579; baseline -0.001 -11"><span class='ocrx_word' id='word_1_904' title='bbox 1921 5465 2233 5579; x_wconf 38' lang='lat' dir='ltr'><strong>“gabinae,</strong></span> <span class='ocrx_word' id='word_1_905' title='bbox 2253 5533 2310 5570; x_wconf 87' lang='lat' dir='ltr'><strong>ac</strong></span> <span class='ocrx_word' id='word_1_906' title='bbox 2334 5519 2518 5570; x_wconf 85' lang='lat' dir='ltr'><strong>ratione</strong></span> <span class='ocrx_word' id='word_1_907' title='bbox 2539 5515 2748 5568; x_wconf 85' lang='lat' dir='ltr'><strong>imbutas</strong></span> <span class='ocrx_word' id='word_1_908' title='bbox 2768 5510 3030 5564; x_wconf 71' lang='lat' dir='ltr'><strong>cwtestitun</strong></span> <span class='ocrx_word' id='word_1_909' title='bbox 3050 5526 3217 5566; x_wconf 83' lang='lat' dir='ltr'><strong>rerum</strong></span> <span class='ocrx_word' id='word_1_910' title='bbox 3236 5513 3340 5579; x_wconf 82' lang='lat' dir='ltr'><strong>ipse</strong></span> <span class='ocrx_word' id='word_1_911' title='bbox 3357 5515 3512 5566; x_wconf 78' lang='lat' dir='ltr'><strong>dorm-</strong></span> 
     </span>
    </p>
   </div>
   <div class='ocr_carea' id='block_1_120' title="bbox 1918 5585 3380 5652">
    <p class='ocr_par' dir='ltr' id='par_1_120' title="bbox 1918 5585 3380 5652">
     <span class='ocr_line' id='line_1_120' title="bbox 1918 5585 3380 5652; baseline -0.005 -18"><span class='ocrx_word' id='word_1_912' title='bbox 1918 5590 2147 5652; x_wconf 54' lang='grc' dir='ltr'><strong>πᾶξαι-,μ</strong></span> <span class='ocrx_word' id='word_1_913' title='bbox 2165 5585 2610 5652; x_wconf 51' lang='grc' dir='ltr'><strong>Ιιηξσιιεηιηιμξιο.</strong></span> <span class='ocrx_word' id='word_1_914' title='bbox 2697 5645 2727 5652; x_wconf 84' lang='lat'>_</span> <span class='ocrx_word' id='word_1_915' title='bbox 2794 5651 2801 5652; x_wconf 11' lang='grc' dir='ltr'>ί</span> <span class='ocrx_word' id='word_1_916' title='bbox 2860 5637 2875 5652; x_wconf 52' lang='lat'><strong><em>‘</em></strong></span> <span class='ocrx_word' id='word_1_917' title='bbox 3061 5640 3109 5652; x_wconf 50' lang='grc' dir='ltr'><em>Π</em></span> <span class='ocrx_word' id='word_1_918' title='bbox 3281 5646 3314 5652; x_wconf 41' lang='grc' dir='ltr'>Μ</span> <span class='ocrx_word' id='word_1_919' title='bbox 3350 5641 3380 5652; x_wconf 40' lang='grc' dir='ltr'><em>Α</em></span> 
     </span>
    </p>
   </div>
   <div class='ocr_carea' id='block_1_121' title="bbox 1983 5637 3508 5706">
    <p class='ocr_par' dir='ltr' id='par_1_121' title="bbox 1983 5637 3508 5706">
     <span class='ocr_line' id='line_1_121' title="bbox 1983 5637 3508 5706; baseline -0.004 -12"><span class='ocrx_word' id='word_1_920' title='bbox 1983 5648 2005 5678; x_wconf 77' lang='grc'>⁸</span> <span class='ocrx_word' id='word_1_921' title='bbox 2033 5637 2170 5706; x_wconf 79' lang='lat' dir='ltr'><strong>Editi,</strong></span> <span class='ocrx_word' id='word_1_922' title='bbox 2195 5647 2307 5695; x_wconf 65' lang='lat' dir='ltr'><strong>alue</strong></span> <span class='ocrx_word' id='word_1_923' title='bbox 2335 5649 2442 5693; x_wconf 84' lang='lat' dir='ltr'><strong>sunt</strong></span> <span class='ocrx_word' id='word_1_924' title='bbox 2697 5637 3022 5706; x_wconf 76' lang='lat' dir='ltr'><strong>Emendantur</strong></span> <span class='ocrx_word' id='word_1_925' title='bbox 3061 5640 3141 5706; x_wconf 82' lang='lat' dir='ltr'><strong>hic</strong></span> <span class='ocrx_word' id='word_1_926' title='bbox 3177 5653 3240 5689; x_wconf 82' lang='lat' dir='ltr'><strong>ex</strong></span> <span class='ocrx_word' id='word_1_927' title='bbox 3281 5641 3508 5706; x_wconf 64' lang='lat' dir='ltr'><strong>Yaticano</strong></span> 
     </span>
    </p>
   </div>
   <div class='ocr_carea' id='block_1_122' title="bbox 1917 5699 3503 5774">
    <p class='ocr_par' dir='ltr' id='par_1_122' title="bbox 1917 5699 3503 5774">
     <span class='ocr_line' id='line_1_122' title="bbox 1917 5699 3503 5774; baseline -0.005 -16"><span class='ocrx_word' id='word_1_928' title='bbox 1917 5708 2100 5774; x_wconf 79' lang='lat' dir='ltr'><strong>codice.</strong></span> <span class='ocrx_word' id='word_1_929' title='bbox 2143 5699 2314 5774; x_wconf 45' lang='lat' dir='ltr'><strong>tiostea</strong></span> <span class='ocrx_word' id='word_1_930' title='bbox 2343 5705 2679 5774; x_wconf 77' lang='lat' dir='ltr'><strong>Levanienses</strong></span> <span class='ocrx_word' id='word_1_931' title='bbox 2703 5716 2821 5774; x_wconf 81' lang='lat' dir='ltr'><strong>pro,</strong></span> <span class='ocrx_word' id='word_1_932' title='bbox 2851 5700 2957 5774; x_wconf 65' lang='lat' dir='ltr'><strong>alio</strong></span> <span class='ocrx_word' id='word_1_933' title='bbox 2991 5702 3258 5774; x_wconf 79' lang='lat' dir='ltr'><strong>mediante,</strong></span> <span class='ocrx_word' id='word_1_934' title='bbox 3280 5699 3394 5774; x_wconf 41' lang='lat' dir='ltr'><strong>.legi</strong></span> <span class='ocrx_word' id='word_1_935' title='bbox 3415 5714 3503 5774; x_wconf 54' lang='lat' dir='ltr'><strong>vo:</strong></span> 
     </span>
    </p>
   </div>
   <div class='ocr_carea' id='block_1_123' title="bbox 1918 5766 3505 5883">
    <p class='ocr_par' dir='ltr' id='par_1_123' title="bbox 1918 5766 3505 5883">
     <span class='ocr_line' id='line_1_123' title="bbox 1918 5766 3505 5881; baseline -0.006 -62"><span class='ocrx_word' id='word_1_936' title='bbox 1918 5772 2148 5881; x_wconf 54' lang='lat' dir='ltr'><strong>:lcﬂml,</strong></span> <span class='ocrx_word' id='word_1_937' title='bbox 2187 5768 2282 5820; x_wconf 74' lang='lat' dir='ltr'><strong>alio</strong></span> <span class='ocrx_word' id='word_1_938' title='bbox 2317 5766 2459 5818; x_wconf 83' lang='lat' dir='ltr'><strong>modo</strong></span> <span class='ocrx_word' id='word_1_939' title='bbox 2494 5770 2622 5817; x_wconf 72' lang='lat' dir='ltr'><strong>mite.</strong></span> <span class='ocrx_word' id='word_1_940' title='bbox 2661 5766 2753 5819; x_wconf 80' lang='lat' dir='ltr'><strong>sed</strong></span> <span class='ocrx_word' id='word_1_941' title='bbox 2790 5766 3093 5820; x_wconf 77' lang='lat' dir='ltr'><strong>reluctantur</strong></span> <span class='ocrx_word' id='word_1_942' title='bbox 3140 5766 3294 5816; x_wconf 83' lang='lat' dir='ltr'><strong>nostri</strong></span> <span class='ocrx_word' id='word_1_943' title='bbox 3331 5767 3505 5812; x_wconf 80' lang='lat' dir='ltr'><strong>omnes</strong></span> 
     </span>
     <span class='ocr_line' id='line_1_124' title="bbox 1959 5845 2024 5883; baseline -0.062 0"><span class='ocrx_word' id='word_1_944' title='bbox 1959 5845 2024 5883; x_wconf 77' lang='lat' dir='ltr'><strong>ss.</strong></span> 
     </span>
    </p>
   </div>
  </div>
