4054 6470
499 340 604 396 115

500 545 609 617 pati
641 560 828 619 posse,
859 561 1036 619 neque
1071 561 1142 605 ex
1166 545 1340 620 aliqua
1367 551 1518 616 parte
1541 540 1731 597 violari
1773 550 1932 612 atque
1959 554 2084 596 cor-

498 642 697 711 rumpi.
746 640 898 713 Quod
943 656 1065 698 cum
1114 649 1170 697 tu
1221 653 1431 712 quoque
1476 634 1710 703 fatearis,
1757 650 1939 707 quaero
1982 649 2085 705 qua

499 734 818 789 necessitate
845 733 951 790 huc
992 731 1201 789 miserit
1237 731 1442 786 animas
1470 742 1601 800 quas
1643 726 1778 784 dicis
1802 741 1899 800 per
1926 726 2085 784 Chri-

499 836 641 884 stum
671 828 866 885 redire.
1018 884 1029 893 ,

571 919 743 976 Fon'r.
772 921 904 976 dixit
934 918 1128 997 :Quod
1160 926 1213 974 tu
1239 915 1454 982 dixisti,
1486 915 1607 989 quia
1651 914 1757 971 huc
1791 929 1961 988 usque
1990 914 2085 972 tibi

495 1013 639 1070 Deus
669 1014 925 1072 revelavit
954 1012 1094 1085 quod
1140 1009 1559 1081 incorruptibilis
1607 1010 1703 1081 sit,
1734 1009 2085 1081 quemadmo-

495 1105 623 1162 dum
653 1108 751 1162 “et
786 1106 951 1171 mihi;
996 1103 1132 1159 ratio
1159 1103 1445 1178 quaerenda
1476 1110 1595 1172 est,
1633 1102 2081 1175 quemadmodum

498 1200 692 1257 anima:
718 1210 772 1257 et
799 1202 867 1256 ob
896 1215 1055 1272 quam
1080 1214 1295 1256 causam
1338 1198 1497 1254 istum
1542 1196 1596 1253 in
1633 1197 1889 1253 mundum
1917 1212 2083 1252 vene-

503 1294 631 1359 rint,
661 1302 718 1348 ut
742 1293 931 1348 merito
952 1307 1093 1347 nunc
1121 1306 1213 1347 eas
1238 1306 1334 1362 per
1356 1290 1687 1363 unigenitum
1708 1287 1899 1344 Filium
1925 1302 2085 1343 suum

499 1398 560 1438 ac
587 1382 668 1439 sui
695 1383 925 1440 similem
953 1381 1021 1439 de
1050 1380 1152 1439 hoc
1180 1382 1380 1439 mundo
1410 1381 1683 1452 liberaret,
1712 1380 1760 1457 si
1783 1379 1915 1436 nihil
1943 1395 2085 1463 prte-

495 1482 578 1531 tcr
607 1475 802 1545 ipsum.

462 1550 472 1569 ’
568 1566 621 1622 7.
654 1568 786 1625 Auc.
817 1566 951 1623 dixit
980 1586 995 1623 :
1023 1566 1140 1624 Non
1189 1567 1447 1624 debemus
1485 1566 1745 1624 frustrare
1790 1573 1968 1622 tantos
1994 1566 2086 1639 qui

496 1670 790 1732 prmsentes
836 1669 993 1731 sunt,
1034 1671 1089 1719 et
1126 1661 1195 1718 de
1238 1663 1533 1736 quaestione
1580 1661 1853 1734 proposita
1895 1661 1975 1717 ire
2018 1660 2085 1717 ad

497 1753 659 1807 aliud.
709 1751 798 1809 Sic
834 1753 1155 1811 confitemur
1196 1757 1390 1823 ambo,
1431 1754 1510 1810 sic
1552 1754 1705 1810 nobis
1743 1753 2086 1810 concedimus

498 1861 619 1902 esse
662 1846 1116 1920 incorruptibilem
1159 1858 1213 1903 et
1243 1847 1606 1904 inviolabilem
1634 1847 1802 1902 Deum
1828 1889 1845 1915 ,
1872 1854 1928 1903 et
1953 1846 2086 1902 nihil

494 1939 604 2013 pati
650 1940 885 2011 potuisse
925 1957 939 1995 :
979 1956 1046 1997 ex
1087 1956 1193 2012 quo
1241 1950 1323 1996 est
1368 1955 1701 2011 consequens
1749 1946 1807 1994 ut
1849 1938 1980 1994 falsa
2018 1938 2089 1994 sit

496 2031 720 2087 haeresis
744 2040 917 2088 vestra
938 2075 952 2098 ,
982 2049 1100 2104 quae
1129 2033 1285 2099 dicit,
1323 2033 1491 2089 Deum
1522 2049 1642 2088 cum
1670 2032 1875 2088 videret
1912 2031 2087 2087 immio

462 2170 473 2176 .
498 2140 629 2179 nere
655 2124 960 2180 vastitatem
987 2140 1051 2180 ac
1094 2125 1267 2180 labem
1298 2126 1477 2198 regnis
1504 2125 1616 2181 suis
1636 2167 1651 2193 ,
1680 2124 1890 2180 misisse
1916 2124 2085 2180 virtu-

497 2224 603 2271 tem
644 2232 764 2297 quae
809 2232 929 2273 cum
974 2217 1315 2289 tenebrarum
1354 2224 1515 2289 gente
1552 2214 1776 2272 bellaret
1799 2257 1815 2283 ,
1845 2224 1900 2271 et
1928 2232 1994 2272 ex
2024 2230 2086 2271 ea

496 2308 881 2366 commixtione
907 2318 1122 2366 nostras
1164 2310 1371 2366 animas
1413 2309 1659 2365 laborare
1684 2309 1729 2361 ¹.
1774 2306 1961 2363 Brevis
2004 2312 2089 2362 est

496 2416 625 2474 ergo
658 2402 794 2458 ratio
820 2418 960 2472 mea,
992 2412 1067 2471 et,
1096 2411 1352 2476 quantum
1377 2402 1657 2469 existimo,
1691 2401 1860 2456 cuivis
1889 2399 2089 2472 planis-

498 2494 654 2550 sima.
688 2494 746 2550 Si
781 2495 921 2551 Deus
951 2495 1084 2551 nihil
1116 2495 1223 2568 pati
1261 2495 1435 2568 potuit
1467 2509 1499 2551 a
1527 2502 1688 2567 gente
1719 2492 2083 2559 tenebrarum,

495 2586 619 2657 quia
658 2586 977 2644 inviolabilis
1019 2595 1140 2654 est;
1186 2587 1303 2644 sine
1343 2602 1505 2643 causa
1548 2585 1655 2642 huc
1696 2600 1793 2641 nos
1821 2583 1987 2651 misit,
2031 2592 2090 2638 ut

496 2693 599 2733 nos
639 2678 727 2735 hic
765 2694 1033 2735 mrumnas
1073 2680 1359 2752 patiamur.
1410 2676 1468 2735 Si
1508 2687 1691 2749 autem
1737 2675 1937 2748 aliquid
1978 2675 2087 2747 pati

496 2771 702 2842 potuit;
749 2787 857 2827 non
888 2781 970 2828 est
1018 2772 1369 2838 inviolabilis,
1398 2779 1456 2827 et
1494 2766 1738 2842 decipitis
1767 2784 1861 2825 eos
1891 2768 2087 2841 quibus

500 2861 693 2939 dicitis
725 2878 845 2918 esse
900 2863 1261 2919 inviolabilem
1311 2864 1501 2920 Deum.
1556 2862 1670 2919 Hoc
1717 2862 1862 2919 enim
1911 2870 2087 2917 vestra

502 2951 728 3009 hzeresis
753 2964 931 3025 negat,
966 2971 1087 3010 cum
1114 2964 1307 3011 caetera
1337 2955 1625 3026 exponitis.

570 3046 742 3104 Fon'r.
771 3048 905 3103 dixit
935 3068 948 3105 :
982 3049 1094 3105 lloc
1122 3050 1401 3117 sentimus,
1431 3047 1575 3120 quod
1601 3062 1699 3103 nos
1725 3045 1938 3101 instruit
1960 3045 2088 3100 bea-

499 3148 584 3195 tus
608 3141 887 3213 apostolus
910 3140 1103 3196 Paulus
1122 3183 1136 3207 ,
1164 3141 1253 3212 qui
1279 3140 1412 3196 dixit
1438 3158 1453 3194 :
1488 3137 1603 3195 Hoc
1632 3141 1810 3195 sentite
1844 3138 1898 3191 in
1928 3137 2085 3204 vobis,

498 3230 634 3302 quod
661 3240 709 3287 et
750 3232 805 3286 in
829 3231 1028 3288 Christo
1056 3231 1181 3287 Jesu
1198 3251 1218 3299 ;
1258 3232 1346 3305 qui
1388 3248 1505 3286 cum
1545 3232 1600 3285 in
1643 3232 1810 3302 {arma
1834 3228 1931 3284 Dei
1962 3239 2089 3285 esset

492 3324 812 3394 constitutus,
840 3342 941 3380 non
966 3325 1198 3395 rapinam
1225 3324 1498 3378 arbitratus
1525 3333 1598 3380 est
1626 3340 1735 3379 esse
1758 3340 1815 3378 se
1838 3321 2085 3396 aequalem

493 3414 644 3482 Deo;
685 3416 776 3471 sed
814 3418 1137 3487 semetipsum
1176 3417 1484 3482 exinanivit,
1524 3415 1743 3486 formam
1783 3415 1913 3472 servi
1951 3416 2086 3470 acci-

493 3509 638 3580 piens
655 3551 668 3575 ,
698 3508 753 3563 in
778 3510 1107 3563 similitudine
1131 3509 1392 3564 hominum
1419 3511 1604 3581 factus.
1634 3519 1680 3565 et
1707 3508 1883 3565 habitu
1909 3510 2084 3590 inven-

495 3608 576 3655 tus
623 3609 677 3654 ut
725 3600 873 3655 homo
914 3617 933 3655 :
976 3601 1258 3655 humiliavit
1302 3601 1661 3672 semetipsum,
1708 3610 1754 3656 et
1799 3605 1966 3674 factus
2014 3612 2086 3658 est

499 3695 734 3751 subditus
761 3713 917 3768 usque
942 3696 1011 3750 ad
1034 3705 1245 3751 mortem
1272 3694 1534 3768 (Philipp.
1563 3712 1619 3762 ιι,
1648 3693 1792 3768 5-8).
1823 3696 1936 3752 Hoc
1959 3712 2087 3769 ergo

501 3790 767 3867 sentimus
797 3789 863 3844 de
892 3789 1067 3858 nobis,
1098 3789 1239 3861 quod
1269 3797 1324 3845 et
1349 3788 1416 3845 de
1441 3785 1696 3857 Christo;
1740 3789 1828 3859 qui
1868 3805 1987 3845 cum
2030 3789 2085 3845 in

502 3881 679 3936 forma
700 3883 793 3937 Dei
819 3892 960 3939 esset
984 3885 1324 3950 constitutus,
1348 3883 1517 3940 factus
1543 3893 1627 3940 est
1650 3882 1892 3939 subditus
1918 3899 2086 3955 usque

500 3973 570 4029 ad
603 3982 867 4041 mortem,
898 3983 957 4029 ut
983 3975 1386 4031 similitudinem
1434 3976 1731 4033 animarum
1775 3985 2083 4032 nostrarum

501 4064 830 4131 ostenderet.
864 4068 931 4125 Et
969 4066 1418 4139 quemadmodum
1446 4066 1499 4120 in
1531 4081 1590 4123 se
1620 4066 1808 4122 mortis
1838 4066 2084 4123 similitu-

496 4158 677 4213 dinem
704 4159 958 4228 ostendit,
987 4168 1043 4215 et
1071 4174 1132 4215 se
1156 4175 1186 4214 a
1212 4158 1373 4215 Patre
1404 4172 1523 4214 esse
1548 4157 1615 4214 de
1641 4156 1817 4212 medio
1845 4169 2087 4214 mortuo-

493 4265 615 4305 rum
654 4251 1065 4318 resuscitatum;
1097 4266 1162 4306 eo
1189 4248 1351 4305 modo
1386 4248 1646 4304 sentimus
1686 4256 1741 4304 et
1780 4247 1846 4303 de
1890 4249 2085 4306 animis

493 4342 696 4398 nostris
729 4342 963 4399 futurum
987 4384 1002 4410 ,
1034 4343 1177 4413 quod
1206 4358 1302 4413 per
1331 4342 1505 4412 ipsum
1548 4341 1837 4411 poterimus
1876 4340 1945 4397 ab
1982 4340 2085 4400 hac

494 4442 672 4489 morte
700 4433 918 4490 liberari
943 4451 957 4487 :
988 4449 1107 4504 qua:
1132 4442 1224 4488 aut
1245 4433 1418 4489 aliena
1444 4439 1526 4488 est
1549 4446 1580 4487 a
1608 4432 1739 4500 Deo,
1772 4441 1862 4488 aut
1887 4433 1932 4488 si
1961 4449 2084 4505 pro-

492 4529 610 4600 pria
636 4537 720 4584 est
742 4528 857 4596 Dei,
882 4537 936 4584 et
956 4527 1321 4584 misericordia
1344 4526 1462 4600 ejus
1483 4534 1680 4596 cessat,
1704 4534 1759 4583 et
1783 4525 2083 4584 liberatoris

492 4606 716 4689 nomen,
748 4630 802 4676 et
824 4635 986 4691 opera
1018 4620 1314 4675 liberantis.

568 4715 621 4773 8.
651 4716 786 4772 Anc.
812 4712 947 4770 dixit
977 4732 992 4770 :
1025 4713 1139 4785 Ego
1166 4728 1351 4785 quaero
1373 4711 1823 4785 quemadmodum
1854 4711 1908 4768 in
1936 4727 2085 4767 mor-

496 4818 603 4864 tem
625 4807 964 4876 venerimus,
991 4813 1047 4862 et
1074 4813 1134 4862 tu
1159 4804 1293 4867 dicis
1328 4803 1775 4878 quemadmodum
1803 4803 1871 4861 de
1911 4812 2083 4861 morte

498 4902 808 4959 liberemur.

569 4995 737 5051 Fonr.
768 4993 903 5049 dixit
930 5009 943 5046 :
976 4991 1051 5048 Ita
1081 4990 1366 5062 Apostolus
1388 4989 1524 5046 dixit
1560 4988 1830 5061 quomodo
1878 4988 2081 5046 sentire

496 5089 787 5147 debeamus
832 5089 901 5147 de
945 5088 1137 5146 animis
1182 5088 1398 5160 nostris,
1446 5085 1589 5159 quod
1634 5084 1881 5142 Christus
1926 5084 2082 5142 nobis

493 5185 747 5241 ostendit.
792 5185 847 5241 Si
886 5184 985 5241 fuit
1023 5182 1268 5239 Christus
1306 5183 1360 5238 in
1406 5182 1655 5253 passione
1694 5189 1750 5236 et
1787 5188 1996 5246 morte,
2028 5187 2084 5235 et

497 5292 599 5331 nos
627 5294 641 5330 :
666 5278 712 5332 si
742 5278 1017 5335 voluntate
1047 5277 1219 5334 Patris
1256 5273 1536 5331 descendit
1583 5273 1636 5329 in
1679 5272 1989 5346 passionem
2024 5279 2081 5328 et

496 5376 744 5435 mortem,
777 5378 832 5425 et
857 5384 974 5425 nos.

555 5545 573 5577 ί
610 5545 694 5594 Hic
713 5542 1000 5594 auctoritate
1021 5543 1457 5606 manusa-iptorum
1478 5538 1698 5591 addimus
1714 5572 1730 5599 ,
1771 5536 2082 5603 quemadmo-

495 5606 906 5738 άηξηὲιιίιιηνιιιεο
924 5664 1077 5738 sele;
1121 5672 1165 5717 ει
1188 5679 1252 5717 επ
1283 5679 1342 5717 ea
1376 5663 1729 5738 ροηιητίφείρηε.
1749 5661 1861 5735 hinc
1896 5668 2083 5738 ηοξιναε

492 5731 684 5795 animus
708 5722 948 5795 liberaret.
974 5722 1227 5795 yatieauus
1250 5742 1369 5795 vero
1395 5737 1474 5778 Ms.
1499 5727 1690 5795 omittit,
1711 5725 1820 5795 hinc
1838 5738 1935 5795 ;_ac
1958 5722 2080 5795 loco,

492 5794 743 5853 liberaret,
768 5790 936 5851 habet,
973 5789 1209 5853 laborare.
1235 5791 1306 5853 sic
1337 5803 1502 5852 supra,
1529 5806 1578 5840 ιι.
1612 5790 1656 5853 i,
1680 5790 1771 5841 col.
1801 5789 1906 5850 11⁸5,
1960 5789 2083 5840 Hinc

497 5868 601 5910 esse
618 5852 746 5920 quod
771 5854 849 5908 hic
872 5853 1045 5907 anima:
1071 5852 1204 5907 bona:
1229 5852 1460 5903 laborant.

1235 333 1507 392 CONTRA
1547 328 2016 391 FORTUNATUM
2052 294 2499 399 MANICII.EUM,
2540 334 2598 390 s.
2637 337 3002 397 AUGUSTINI

499 468 589 510 me
613 465 772 509 nosse
796 450 1054 509 Dominus
1071 448 1256 518 voluit,
1285 449 1455 507 Deum
1485 446 1858 505 necessitatem
1885 445 2106 529 nullam

3677 348 3779 406 HG

2266 445 2301 500 9
2354 449 2488 505 Anc.
2519 448 2653 506 dixit
2684 469 2698 507 :
2733 450 2929 510 Notum
2967 464 3049 511 est
3081 454 3331 515 omnibus
3358 457 3679 520 catholicam
3708 464 3774 520 fi-

2192 538 2313 597 dem
2342 540 2414 598 ita
2440 558 2499 599 se
2524 542 2742 612 habere,
2765 546 2907 619 quod
2927 547 3185 606 Dominus
3206 558 3406 620 noster,
3438 553 3489 608 id
3511 563 3615 623 est,
3649 556 3772 611 Vir-

2194 639 2278 689 tus
2308 645 2361 690 et
2387 634 2656 705 Sapientia
2683 638 2775 695 Dei
2804 637 2848 713 (l
2888 638 3005 696 Cor.
3042 658 3061 697 ι
3084 684 3100 709 ,
3136 641 3229 719 24)
3252 686 3267 713 ,
3311 653 3365 701 et
3404 644 3639 703 Verbum
3683 665 3777 719 per

2191 725 2332 796 quod
2363 726 2498 783 facta
2528 738 2652 785 sunt
2678 731 2890 799 omnia,
2932 740 2987 788 et
3012 734 3127 790 sine
3155 751 3262 808 quo
3291 734 3489 792 factum
3519 748 3603 794 est
3642 741 3774 797 nihil

2193 815 2373 889 (Joan.
2398 835 2447 889 ι,
2476 821 2553 894 ‘5),
2585 822 2651 878 ad
2682 822 3048 881 liberationem
3080 837 3315 883 nostram
3345 826 3617 885 hominem
3654 846 3774 888 sus-

2191 912 2351 984 cepit.
2381 912 2436 969 ln
2481 913 2599 986 ipso
2632 916 2848 973 homine
2887 934 3045 990 quem
3077 921 3348 991 suscepit,
3386 920 3778 981 demonstravit

2190 1002 2279 1059 illa
2307 1022 2425 1077 qua:
2454 1006 2607 1063 dicis.
2635 1008 2743 1067 Nos
2773 1020 2947 1067 autem
2983 1028 3124 1067 nunc
3152 1013 3220 1069 de
3247 1014 3413 1085 ipsius
3438 1014 3531 1071 Dei
3558 1026 3613 1073 et
3642 1016 3779 1073 inef-

2191 1098 2365 1156 fabilis
2397 1101 2688 1174 majestatis
2718 1105 3011 1161 substantia
3039 1108 3362 1178 qurerimus,
3394 1118 3571 1165 utrum
3599 1110 3649 1167 ei
3675 1111 3779 1165 ali-

2189 1193 2315 1264 quid
2342 1210 2535 1251 nocere
2564 1198 2764 1268 possit,
2794 1213 2863 1254 an
2892 1214 2999 1255 non
3032 1200 3216 1270 possit.
3260 1201 3315 1258 Si
3343 1202 3485 1259 enim
3517 1211 3691 1274 potest
3725 1204 3775 1259 ei

2190 1285 2389 1357 aliquid
2415 1303 2645 1356 nocere,
2679 1306 2783 1346 non
2818 1300 2901 1347 est
2927 1291 3269 1350 inviolabilis.
3302 1292 3357 1349 Si
3384 1309 3491 1349 non
3520 1303 3695 1373 potest
3729 1295 3780 1351 ei

2190 1377 2388 1451 aliquid
2420 1395 2634 1448 nocere,
2672 1381 2797 1454 quid
2837 1383 2884 1438 ei
2931 1382 3134 1440 factura
3182 1393 3298 1441 erat
3337 1400 3472 1457 gens
3520 1387 3781 1442 tenebra-

2191 1486 2309 1526 rum
2331 1513 2346 1541 ,
2378 1481 2564 1528 contra
2592 1490 2752 1545 quam
2778 1474 2953 1531 dicitis
2989 1476 3186 1531 bellum
3216 1487 3425 1549 gestum
3452 1493 3574 1533 esse
3603 1494 3635 1533 a
3667 1480 3783 1535 Deo

2190 1572 2314 1619 ante
2337 1566 2777 1623 constitutionem
2805 1567 3026 1635 mundi,
3060 1568 3116 1624 in
3141 1584 3248 1640 quo
3274 1569 3414 1626 bello
3445 1585 3545 1624 nos
3569 1612 3584 1637 ,
3615 1569 3666 1625 id
3693 1580 3785 1627 est.

2190 1656 2432 1725 animas,
2466 1672 2596 1731 quas
2627 1658 2788 1713 modo
2828 1658 3069 1730 indigere
3111 1659 3397 1717 liberatore
3436 1660 3782 1717 manifestum

2190 1755 2304 1812 est,
2334 1749 2650 1805 commixtas
2682 1765 2800 1805 esse
2829 1752 2976 1806 onmi
3001 1752 3179 1819 malo,
3219 1764 3273 1808 et
3301 1753 3460 1807 morti
3493 1753 3785 1823 implicitas

2190 1840 2476 1895 asseritis?
2508 1840 2691 1898 Redeo
2721 1845 2865 1898 enim
2893 1844 2960 1898 ad
2987 1844 3114 1899 illud
3139 1845 3521 1902 brevissimum
3554 1863 3567 1900 :
3597 1844 3653 1901 Si
3684 1860 3786 1915 po-

2194 1937 2333 1983 terat
2361 1929 2409 1984 ei
2442 1932 2646 2001 noceri,
2681 1947 2790 1987 non
2815 1942 2899 1988 est
2924 1934 3278 2003 inviolabilis;
3318 1935 3363 1991 si
3391 1950 3495 1991 non
3523 1945 3735 2007 poterat
3763 1977 3782 2005 ,

2191 2022 2481 2079 crudeliter
2507 2024 2609 2081 huc
2636 2041 2735 2082 nos
2765 2027 2929 2092 misit,
2959 2036 3016 2082 ut
3041 2029 3138 2082 ista
3166 2031 3452 2099 patiamur.

2263 2115 2434 2172 Foa'r.
2466 2117 2600 2174 dixit
2634 2137 2647 2174 :
2679 2119 2871 2175 Anima
2903 2119 2994 2176 Dei
3024 2130 3107 2177 est
3134 2122 3185 2190 ί,
3212 2137 3281 2177 an
3313 2121 3461 2179 non?

2263 2206 2352 2262 10.
2393 2208 2530 2265 Aue.
2562 2208 2697 2266 dixit
2748 2227 2762 2264 :
2810 2210 2867 2267 Si
2911 2210 3114 2280 justum
3169 2221 3251 2268 est
3297 2220 3356 2268 ut
3400 2229 3505 2271 non
3555 2213 3788 2272 interro-

2190 2300 2328 2374 gatis
2357 2303 2492 2359 meis
2520 2303 2912 2376 respondeatur
2932 2346 2949 2375 ,
2982 2314 3037 2365 et
3064 2320 3165 2379 ego
3189 2306 3487 2380 interroger
3509 2349 3525 2377 ,
3553 2322 3786 2379 respon-

2191 2391 2353 2449 debo.

2265 2486 2433 2544 Fon'r.
2460 2486 2598 2545 dixit
2630 2505 2645 2545 :
2674 2488 2732 2546 Si
2770 2489 2824 2547 in
2864 2490 3084 2564 proprio
3127 2490 3237 2565 agit
3275 2491 3496 2550 anima?
3534 2492 3646 2550 Hoc
3669 2508 3698 2549 a
3732 2502 3790 2551 te

2191 2594 2394 2649 quaero.

2266 2672 2354 2727 ll.
2383 2672 2521 2730 Ave.
2550 2673 2687 2735 dixit
2720 2692 2733 2730 :
2767 2676 2880 2747 Ego
2904 2676 3120 2749 quidem
3157 2677 3301 2748 quod
3329 2677 3669 2751 interrogasti
3694 2680 3787 2735 di-

2192 2779 2311 2821 cam
2344 2784 2359 2822 :
2393 2776 2597 2824 tantum
2634 2769 2764 2825 illud
2808 2771 3153 2837 memineris;
3185 2780 3238 2827 te
3278 2772 3518 2831 noluisse
3554 2789 3788 2844 respon-

2193 2856 2322 2914 dere
2349 2859 2693 2932 interrogatis
2718 2861 2892 2931 meis,
2940 2878 3027 2921 me
3066 2869 3247 2919 autem
3287 2864 3391 2920 tuis
3431 2864 3788 2935 respondere.

2072 2996 2079 3001 .
2129 3018 2135 3024 ,
2193 2950 2252 3009 Si
2291 2952 2485 3024 quwris
2524 2962 2704 3009 utrum
2743 2970 2775 3010 a
2814 2954 2924 3012 Deo
2964 2954 3308 3012 descenderit
3344 2958 3521 3013 anima
3544 3000 3561 3025 ,
3591 2973 3789 3028 magna

2192 3045 2405 3116 quidem
2437 3048 2660 3117 quaestio
2686 3055 2770 3103 est
2802 3062 2819 3103 :
2847 3047 2943 3107 sed
2972 3047 3084 3103 sive
3110 3063 3140 3103 a
3169 3049 3278 3105 Deo
3304 3048 3586 3105 descendit
3607 3091 3621 3115 ,
3667 3051 3789 3108 sive

2192 3153 2335 3207 non;
2386 3139 2515 3195 illud
2551 3140 2618 3196 de
2659 3141 2836 3197 anima
2873 3141 3176 3213 respondeo
3201 3185 3216 3209 ,
3261 3158 3366 3201 non
3405 3158 3525 3200 esse
3570 3144 3784 3215 Deum;

2190 3232 2334 3287 aliud
2364 3247 2482 3290 esse
2509 3233 2709 3303 Deum,
2747 3234 2890 3305 aliud
2928 3236 3182 3291 animam.
3217 3236 3382 3292 Deum
3411 3252 3530 3294 esse
3561 3238 3791 3296 inviola.

2191 3320 2378 3391 bilem,
2409 3325 2888 3396 incorruptibilem,
2916 3334 2971 3384 et
2990 3327 3476 3398 impenetrabilem,
3499 3338 3554 3385 et
3577 3329 3790 3387 incoin-

2190 3417 2550 3487 quinabilem,
2578 3427 2635 3475 et
2661 3419 2750 3490 qui
2779 3435 2847 3475 ex
2884 3420 3026 3476 nulla
3067 3431 3217 3493 parte
3256 3422 3532 3494 corrumpi
3571 3422 3782 3495 possit,

2190 3516 2244 3563 et
2268 3509 2352 3563 cui
2382 3509 2522 3563 nulla
2549 3525 2613 3565 ex
2646 3519 2794 3580 parte
2825 3513 3007 3567 noceri
3035 3522 3228 3583 potest.
3264 3515 3509 3570 Animam
3540 3530 3671 3571 vero
3701 3516 3788 3572 vi-

2190 3598 2382 3656 demus
2407 3610 2461 3656 et
2485 3602 2839 3672 peccatricem
2870 3619 3014 3672 esse,
3039 3605 3167 3659 etin
3195 3621 3433 3661 aerumna
3462 3608 3686 3675 versari,
3723 3615 3788 3661 et

2189 3692 2468 3748 veritatem
2498 3709 2764 3764 quaerere,
2806 3703 2862 3749 et
2887 3695 3178 3753 liberatore
3205 3695 3463 3768 indigere.
3496 3697 3619 3752 llmc
3658 3713 3789 3755 tnu-

2191 3787 2321 3843 tatio
2350 3787 2542 3843 animae
2579 3787 2818 3845 ostendit
2843 3788 2975 3843 mihi
2999 3788 3140 3859 quod
3176 3789 3353 3844 anima
3382 3805 3488 3845 non
3516 3790 3587 3845 sit
3612 3789 3785 3846 Deus.

2191 3879 2324 3934 Nam
2372 3880 2419 3935 si
2467 3880 2643 3935 anima
2693 3881 2990 3936 substantia
3040 3882 3132 3936 Dei
3177 3892 3289 3948 est,
3335 3883 3633 3939 substantia
3682 3883 3788 3941 Dei

2191 3981 2375 4041 errat,
2417 3973 2713 4029 substantia
2756 3974 2850 4029 Dei
2895 3975 3292 4044 corrumpitur,
3334 3975 3630 4031 substantia
3680 3974 3786 4032 Dei

2190 4066 2455 4134 violatur,
2500 4066 2795 4123 substantia
2838 4067 2932 4123 Dei
2973 4066 3240 4139 decipitur
3271 4086 3284 4125 :
3317 4068 3459 4140 quod
3507 4069 3656 4126 nefas
3695 4078 3788 4126 est

2189 4155 2389 4214 dicere.

2261 4248 2432 4304 Fonr.
2461 4247 2602 4304 dixit
2633 4267 2646 4303 :
2677 4248 2818 4321 Ergo
2845 4250 3054 4320 negasti
3098 4251 3330 4308 animam
3358 4268 3425 4310 ex
3467 4251 3578 4309 Deo
3613 4267 3780 4323 esse,

2189 4342 2445 4413 quamdiu
2474 4343 2706 4415 peccatis
2743 4358 2807 4399 ac
2833 4343 2975 4399 vitiis
3008 4353 3066 4400 et
3093 4346 3378 4403 mundanis
3404 4346 3566 4403 rebus
3590 4345 3788 4402 deser-

2190 4436 2287 4503 vit,
2311 4445 2366 4492 ct
2393 4450 2579 4491 errore
2608 4435 2820 4491 ducitur
2852 4455 2866 4491 :
2908 4438 3049 4507 quod
3082 4438 3195 4493 ﬁeri
3230 4454 3335 4495 non
3365 4448 3569 4510 potest,
3602 4448 3660 4493 ut
3686 4451 3787 4498 aut

2189 4531 2329 4588 Deus
2374 4529 2477 4585 hoc
2521 4530 2788 4601 patiatur,
2834 4538 2926 4586 aut
2964 4531 3260 4597 substantia
3303 4532 3442 4603 ejus.
3492 4531 3589 4589 Est
3629 4534 3783 4590 enim

2191 4623 2332 4679 Deus
2362 4621 2817 4693 incorruptibilis,
2859 4631 2914 4678 et
2947 4623 3241 4681 substantia
3277 4625 3394 4695 ejus
3438 4625 3784 4684 immaculata

2187 4724 2349 4772 estet
2376 4725 2581 4773 sancta.
2632 4716 2726 4771 llic
2772 4731 2905 4771 vero
2942 4718 3197 4788 quaeritur
3240 4734 3269 4773 a
3315 4720 3465 4775 vobis
3495 4722 3552 4785 ³,
3594 4730 3781 4779 utrum

2188 4809 2364 4864 anima
2411 4824 2475 4865 ex
2524 4809 2636 4865 Deo
2679 4810 2768 4874 sit,
2817 4811 3024 4866 necne?
3069 4810 3223 4878 Quod
3272 4827 3372 4868 nos
3422 4811 3673 4880 fatemur,
3723 4824 3783 4874 et

2188 4901 2521 4959 ostendimus
2550 4917 2620 4957 ex
2658 4902 2949 4958 Salvatoris
2984 4900 3223 4959 adventu
3245 4945 3262 4971 ,
3304 4920 3371 4959 ex
3398 4904 3564 4974 ipsius
3592 4913 3783 4961 sancta

2187 4993 2603 5065 prredicatione,
2634 5009 2698 5051 ex
2732 4994 2895 5064 ipsius
2924 4994 3189 5050 electione
3219 4993 3268 5062 ³,
3299 4996 3423 5050 dum
3453 4995 3648 5051 animis
3678 4997 3784 5050 mi-

2187 5095 2431 5156 seretur,
2475 5097 2530 5143 et
2572 5086 2867 5144 secundum
2907 5086 3022 5157 ejus
3052 5087 3331 5143 arbitrium
3355 5088 3532 5153 anima
3562 5088 3783 5145 venisse

2185 5176 2400 5246 dicitur,
2427 5186 2486 5234 ut
2510 5177 2749 5233 eamdem
2772 5177 2840 5234 de
2870 5186 3040 5234 morte
3068 5177 3341 5243 liberaret,
3366 5187 3422 5235 et
3448 5177 3777 5248 perduceret

2186 5284 2304 5326 eam
2334 5269 2401 5325 ad
2431 5278 2684 5327 aeternam
2710 5270 2935 5341 gloriam
2956 5310 2971 5337 ,
3001 5278 3058 5325 et
3082 5270 3389 5327 restitueret
3419 5270 3584 5326 Patri.
3631 5269 3776 5339 Quid
3796 5308 3823 5331 s-

2185 5376 2319 5418 vero
2343 5362 2411 5417 de
2438 5362 2614 5418 anima
2646 5371 2703 5418 tu
2733 5362 2847 5431 ipse
2870 5362 3003 5418 dicis
3030 5372 3122 5418 aut
3147 5378 3374 5432 speras,
3420 5371 3598 5418 utrum
3638 5364 3707 5418 sit
3745 5378 3781 5419 a

2186 5453 2320 5521 Deo,
2346 5452 2555 5509 necne?
2580 5452 2930 5508 substantiam
2958 5453 3075 5520 Dei,
3103 5468 3167 5506 ex
3200 5467 3303 5523 qua
3325 5468 3490 5524 negas
3513 5469 3631 5509 esse
3658 5452 3813 5529 ani-3

2186 5560 2350 5615 mam,
2382 5545 2543 5602 nullis
2571 5544 2909 5616 passiouibus
2943 5559 3100 5615 posse
3128 5542 3406 5617 subjacere

2253 5729 2269 5758 ι
2304 5727 2376 5774 sic
2397 5731 2503 5774 Mss.
2529 5724 2648 5775 ιπΔὶῑὶ
2663 5736 2802 5783 vero,
2832 5730 2959 5773 Deus
2981 5727 3067 5783 est.

2252 5789 2271 5818 ²
2306 5788 2441 5846 Editi,
2467 5801 2498 5835 α
2519 5785 2669 5835 nobis.
2698 5792 2751 5849 At
2772 5781 2900 5849 Mssa,
2926 5799 2956 5836 tt
2978 5781 3123 5836 vobis.

2259 5851 2277 5882 ³
2310 5856 2382 5898 es.
2404 5858 2456 5900 et
2480 5855 2607 5913 Mss,
2633 5847 2851 5900 lectione.
