4054 6436
264 303 361 362 ιη

337 406 423 475 is.
452 416 590 474 Anc.
620 412 806 470 dixit:
838 400 1097 471 Animam
1113 408 1191 467 sic
1216 406 1407 481 negavi
1446 420 1567 464 esse
1609 405 1855 462 substan-

270 515 388 570 tiam
413 510 534 577 Dei,
565 516 629 565 ut
654 521 851 579 negem
879 506 1028 561 illam
1056 517 1175 563 esse
1205 502 1372 558 Deum
1409 519 1424 556 :
1453 498 1549 556 sed
1579 508 1757 554 tamen
1788 512 1855 552 ex

270 606 373 660 Deo
399 608 628 657 auctore
657 614 800 669 esse,
829 598 958 669 quia
982 596 1116 651 facta
1140 602 1225 650 est
1251 610 1283 649 a
1309 594 1441 649 Deo.
1476 590 1638 647 Aliud
1659 589 1855 660 estqui

266 697 405 762 fecit,
452 692 605 750 aliud
632 691 778 765 quod
818 689 967 747 fecit.
1008 688 1111 756 Qui
1149 686 1297 754 fecit,
1338 684 1698 755 corruptibilis
1735 696 1857 739 esse

265 791 485 848 omnino
522 804 633 845 non
678 795 858 858 potest
888 804 900 840 :
934 783 1076 856 quod
1101 789 1283 841 autem
1309 780 1471 849 fecit,
1499 780 1721 835 omnino
1749 792 1853 835 non

264 892 436 956 potest
464 882 676 953 aptate
701 894 823 937 esse
848 880 924 935 illi
948 879 1036 949 qui
1068 877 1210 934 fecit.

329 976 506 1031 Foa-r.
537 975 716 1030 dixit:
750 972 862 1029 Nec
903 986 1004 1044 ego
1049 970 1159 1026 dixi
1199 968 1432 1025 animam
1471 981 1593 1025 esse
1625 966 1854 1023 similem

265 1072 394 1139 Deo.
427 1069 540 1126 Sed
564 1050 693 1139 quia
717 1066 900 1123 dixisti
927 1064 1180 1121 faetitiam
1208 1063 1226 1096 ί
1254 1077 1376 1119 esse
1402 1061 1658 1127 animam,
1686 1068 1742 1116 et
1769 1060 1854 1115 ni-

259 1166 327 1221 hil
358 1174 565 1235 prazter
594 1163 801 1228 Deum;
835 1175 1020 1232 quaero
1048 1157 1317 1215 undenam
1343 1156 1486 1213 Deus
1510 1154 1705 1211 animat
1729 1153 1858 1210 sub-

256 1260 510 1315 stantiam
536 1257 836 1313 adinvenit.
1378 1299 1389 1307 .

328 1352 419 1406 i5.
452 1352 593 1406 Anc.
625 1349 757 1406 dixit
790 1366 804 1403 :
839 1347 1065 1405 Tantum
1094 1352 1368 1402 memento
1395 1358 1482 1399 me
1528 1340 1856 1414 respondere

259 1445 323 1503 ad
345 1461 411 1501 ea
443 1460 568 1515 quae
594 1445 928 1515 interrogas;
956 1451 1011 1498 te
1036 1450 1217 1498 autem
1240 1439 1307 1495 ad
1337 1453 1399 1495 ea
1428 1451 1548 1510 quae
1586 1437 1856 1506 interrogo

260 1555 362 1597 non
400 1538 762 1611 respondere.
795 1538 1042 1594 Animam
1068 1536 1189 1592 dico
1217 1534 1410 1591 factam
1435 1547 1464 1588 a
1496 1532 1629 1600 Deo,
1656 1539 1718 1587 ut
1746 1545 1853 1585 ca:-

263 1641 369 1689 tera
395 1633 582 1687 omnia
607 1644 730 1703 qum
765 1645 796 1684 a
827 1630 939 1686 Deo
981 1627 1121 1685 facta
1157 1637 1315 1694 sunt;
1358 1634 1414 1683 et
1452 1624 1592 1682 inter
1620 1624 1713 1679 illa
1737 1635 1856 1693 quae

269 1728 406 1782 Dens
420 1725 768 1795 omnipotens
785 1722 931 1788 fecit,
957 1721 1306 1793 principalem
1331 1719 1508 1776 locum
1528 1718 1709 1773 datum
1734 1726 1856 1772 esse

273 1819 450 1873 anima:
468 1816 581 1886 (α).
608 1816 669 1872 Si
695 1823 876 1871 autem
902 1813 1098 1886 quaeris
1118 1813 1259 1869 unde
1281 1814 1421 1868 Deus
1445 1810 1677 1865 animam
1708 1808 1852 1875 fecit,

264 1918 534 1966 memento
565 1908 815 1963 conﬁteri
846 1921 933 1962 me
960 1916 1135 1962 tecum
1165 1908 1218 1973 ³,
1263 1905 1430 1960 Deum
1460 1917 1581 1959 esse
1604 1902 1854 1973 omnipo-

261 2011 484 2059 tentem.
513 2002 874 2070 Otnnlpotens
903 2008 1081 2055 autem
1109 2013 1217 2054 non
1240 2006 1342 2062 est,
1371 1996 1462 2067 qui
1488 1996 1681 2066 quaerit
1702 1993 1857 2064 adju~

264 2096 371 2151 vari
400 2095 588 2164 aliqua
608 2094 839 2149 materia
865 2093 1009 2148 unde
1029 2091 1187 2147 faciat
1208 2090 1347 2163 quod
1370 2088 1514 2146 velit.
1540 2090 1620 2145 Ex
1644 2102 1750 2160 quo
1775 2095 1856 2143 est

265 2202 626 2258 consequens,
658 2194 718 2241 ut
744 2186 1038 2242 secundum
1065 2185 1224 2242 fidem
1255 2193 1492 2241 nostram
1533 2183 1709 2241 omnia
1735 2196 1857 2254 quas

261 2280 399 2337 Dens
428 2278 561 2335 fecit
582 2294 682 2350 per
710 2278 944 2334 Verbum
968 2288 1022 2334 et
1043 2279 1367 2349 Sapientiam
1395 2290 1567 2345 suam,
1595 2277 1662 2332 de
1690 2274 1855 2331 nihilo

261 2372 477 2429 fecerit.
515 2372 609 2429 Sic
633 2373 778 2428 enim
804 2372 1029 2443 legimus
1059 2391 1072 2427 :
1104 2372 1227 2443 Ipse
1253 2373 1446 2444 jussit,
1480 2381 1523 2426 et
1549 2374 1682 2444 facta
1706 2380 1850 2439 sunt;

263 2468 370 2537 ipse
388 2466 681 2531 mandavit,
713 2473 761 2521 et
786 2466 1057 2520 constituta
1078 2475 1196 2520 sunt
1223 2464 1393 2537 (Psal.
1421 2479 1636 2531 CXLVIII,
1669 2462 1745 2536 5).

324 2559 503 2615 Fon'r.
531 2559 670 2615 dixit
701 2578 713 2614 :
744 2558 824 2614 Ex
841 2558 1082 2630 iussione
1110 2567 1357 2616 constant
1383 2559 1676 2614 universa?

324 2655 421 2710 14.
450 2654 595 2710 Anc.
635 2652 772 2710 dixit
802 2670 815 2709 :
848 2653 921 2710 Ita
945 2654 1109 2711 credo
1130 2697 1144 2723 ,
1174 2653 1267 2710 sed
1297 2654 1545 2709 universa
1573 2668 1691 2726 quae
1719 2648 1855 2709 facta

261 2756 397 2804 sunt.

324 2840 501 2897 Fon-r.
561 2839 742 2895 dixit:
774 2840 935 2896 Facta
972 2846 1303 2907 consonant,
1348 2838 1442 2896 sed
1490 2838 1611 2911 quia
1664 2838 1855 2894 incon-

261 2934 531 2991 venientia
573 2932 677 2989 sibi
712 2942 874 3002 sunt,
921 2947 983 2989 ac
1034 2949 1131 3005 per
1170 2933 1274 2989 hoc
1324 2948 1452 3005 ergo
1493 2942 1702 2989 constat
1748 2948 1855 2988 non

258 3041 376 3082 esse
434 3041 607 3081 unam
659 3025 1061 3094 substantiam,
1109 3025 1230 3082 licet
1293 3041 1362 3082 ex
1416 3026 1570 3081 unius
1618 3024 1856 3095 jussionc

260 3119 455 3176 eadem
504 3118 578 3174 ad
634 3117 1330 3189 compositioncm'mundi
1378 3118 1535 3189 hujus
1578 3126 1631 3173 et
1670 3117 1855 3172 faciem

260 3212 529 3267 ruerint.
570 3209 839 3266 Cmterum
894 3210 1055 3266 rebus
1098 3210 1227 3281 ipsis
1272 3218 1416 3282 patet
1448 3210 1569 3281 quia
1607 3209 1737 3265 nihil
1780 3210 1857 3265 si-

260 3306 384 3361 mile
415 3304 659 3360 tenebrae
700 3312 755 3359 et
790 3305 901 3371 lux,
939 3303 1069 3359 nihil
1097 3303 1271 3360 simile
1310 3304 1507 3360 veritas
1545 3312 1599 3359 et
1638 3301 1858 3359 menda-

263 3399 421 3465 cium,
452 3397 592 3454 nihil
618 3397 792 3453 simile
831 3412 977 3452 mors
1011 3405 1067 3453 et
1106 3397 1247 3465 vita,
1296 3396 1429 3453 nihil
1469 3393 1641 3452 simile
1681 3382 1856 3451 anima

264 3501 315 3547 et
341 3506 565 3561 corpus,
595 3498 650 3546 et
689 3496 883 3545 caetera
912 3489 1025 3544 istis
1064 3489 1255 3545 similia
1298 3502 1416 3560 qua:
1460 3499 1514 3544 et
1556 3486 1858 3544 nominibus

262 3592 313 3641 et
352 3584 646 3655 speciebus
687 3583 888 3638 distant
920 3582 989 3638 ab
1033 3583 1257 3639 invicem
1301 3600 1313 3637 :
1345 3590 1400 3638 et
1441 3583 1632 3639 merito
1660 3583 1858 3638 dixisse

263 3677 550 3733 Dominum
596 3683 861 3740 nostrum,
919 3674 1083 3730 Arbor
1113 3692 1263 3745 quam
1313 3692 1416 3730 non
1465 3676 1707 3746 plantavit
1747 3674 1858 3731 Pa-

262 3780 335 3825 ter
362 3786 508 3825 mens
535 3768 771 3835 calcatis,
817 3767 1155 3822 eradicabitur
1176 3810 1190 3835 ,
1223 3776 1269 3822 et
1302 3768 1355 3822 in
1388 3767 1553 3840 ignem
1598 3769 1819 3824 mittetur
1842 3811 1856 3836 ,

263 3866 380 3934 quia
404 3882 514 3919 non
552 3863 705 3931 affert
746 3868 943 3936 fructus
970 3863 1127 3918 bonos
1169 3863 1381 3935 (Matth.
1421 3880 1519 3931 xv,
1549 3865 1618 3919 15
1640 3908 1653 3933 ,
1687 3875 1732 3921 et
1762 3881 1815 3920 III
1842 3905 1856 3929 ,

266 3958 354 4029 10)
387 3976 402 4013 :
432 3966 643 4014 etesse
669 3956 918 4011 arborem
950 3956 1240 4012 radicatam
1265 3955 1309 4011 ⁸.
1339 3954 1473 4012 Hinc
1499 3971 1626 4012 vere
1651 3965 1861 4013 constat

270 4066 337 4106 ex
359 4051 576 4106 ratione
602 4064 783 4105 rerum
802 4049 861 4116 ⁸,
894 4049 1033 4120 quod
1055 4050 1174 4107 dum
1197 4058 1321 4105 sunt
1345 4050 1656 4107 substantiae
1684 4050 1736 4105 in
1760 4050 1862 4107 hoc

268 4142 495 4207 mundo,
535 4156 657 4212 qua:
682 4141 962 4212 speciebus
1005 4149 1059 4197 et
1090 4141 1396 4197 nominibus
1422 4150 1702 4210 constant;
1731 4157 1863 4214 qua-

264 4251 381 4291 rum
420 4244 510 4291 est
534 4250 638 4290 una
670 4236 931 4306 corporis,
963 4235 1066 4290 alia
1099 4250 1227 4291 vero
1257 4244 1456 4293 aeterna
1482 4234 1655 4295 Patris
1684 4236 1862 4293 omni-

262 4329 503 4399 potentis
531 4343 691 4399 quam
718 4326 814 4382 Dei
842 4342 962 4383 esse
985 4327 1254 4384 credimus
1281 4328 1321 4383 ⁸.

340 4422 429 4477 i5.
471 4421 608 4477 Anc.
636 4420 772 4476 dixit
801 4437 814 4475 :
848 4420 1126 4476 Contraria
1156 4421 1257 4477 ista
1294 4436 1413 4492 qua:
1452 4430 1506 4478 te
1535 4429 1771 4488 movent,
1806 4429 1864 4478 ut

269 4514 503 4571 adversa
532 4513 864 4581 sentiamus,
899 4521 1117 4584 propter
1166 4525 1440 4583 peccatum
1480 4524 1763 4582 nostrum,
1810 4514 1864 4569 id

266 4617 389 4677 est,
442 4615 670 4678 pmpter
716 4613 993 4677 peccatum
1038 4604 1270 4661 hominis
1315 4605 1671 4675 contigerunt.
1728 4604 1862 4661 Nam

266 4701 452 4759 omnia
482 4700 629 4756 Deus
661 4707 714 4755 et
741 4699 882 4756 bona
924 4696 1065 4764 fecit,
1095 4706 1148 4755 et
1173 4699 1310 4756 bene
1337 4697 1637 4765 ordinavit;
1669 4708 1862 4770 pecca-

266 4806 384 4851 tum
415 4805 599 4850 autem
631 4808 738 4848 non
775 4792 905 4849 fecit
935 4810 949 4847 :
978 4801 1033 4848 et
1061 4792 1164 4848 hoc
1192 4800 1276 4849 est
1302 4793 1473 4848 solum
1502 4793 1643 4864 quod
1671 4792 1877 4849 dicitur

269 4889 500 4955 malum,
525 4887 886 4943 voluntarium
918 4894 1160 4942 nostrum
1187 4894 1485 4957 peccatum.
1516 4886 1611 4942 Est
1639 4895 1693 4943 et
1722 4884 1865 4941 aliud

270 4996 450 5054 genus
479 4980 629 5049 mali,
656 4978 798 5052 quod
825 4986 909 5036 est
946 4984 1104 5050 pinna
1142 4979 1367 5050 peccati.
1418 4975 1551 5034 Cum
1591 4992 1719 5051 ergo
1761 4976 1866 5035 duo

335 5138 353 5171 ³
389 5139 468 5188 sic
488 5144 597 5187 Mss.
619 5136 740 5187 ιεᾶίιί
763 5147 903 5193 vero,
927 5136 1184 5198 facturam.

332 5202 356 5231 ³
391 5202 650 5249 Vaticanus
671 5199 849 5258 codex,
870 5193 1089 5261 conﬁteri
1105 5203 1151 5248 te
1171 5209 1377 5248 mecmn.

335 5262 359 5294 ³
392 5261 500 5313 sola
525 5261 676 5312 editio
693 5267 827 5320 Lov.,
845 5261 911 5310 ad
934 5257 1154 5311 eamdem
1178 5257 1578 5323 compositionem.

336 5324 360 5354 δ
394 5324 548 5373 Edilio
570 5330 678 5384 Επ,
713 5322 1055 5374 radicandam.
1094 5322 1418 5373 Lovanienses
1439 5330 1765 5374 correxerunt
1803 5336 1870 5376 ex

266 5387 469 5436 duobus
492 5394 620 5446 Mss,
645 5384 962 5436 eradicatam.
988 5392 1079 5447 Nos
1102 5398 1164 5435 ex
1188 5385 1368 5447 nostris
1405 5386 1645 5447 ponimus,
1670 5385 1873 5439 radicab

266 5456 407 5510 tam;
430 5462 547 5523 quae
579 5461 674 5523 vos
718 5450 971 5523 respicere
1002 5446 1195 5497 videtur
1228 5446 1419 5497 bonam
1444 5446 1687 5510 arborem,
1725 5448 1788 5499 ab
1810 5462 1871 5502 ea

264 5525 390 5576 quae
415 5511 738 5560 eradiatbitur
760 5511 1019 5579 diversam.
1540 5570 1551 5582 .
1609 5570 1621 5582 .

343 5576 367 5607 ³
401 5575 657 5643 Vaticanus
670 5573 829 5643 codex
842 5585 871 5643 _:_
897 5581 1019 5643 Iith
1032 5583 1144 5622 vero
1164 5576 1368 5634 cantat,
1386 5576 1435 5623 et
1454 5576 1581 5623 ratio
1600 5585 1707 5637 mea
1720 5581 1869 5639 patet,

270 5644 321 5770 ﬁt
1398 5710 1510 5750 vero
1530 5704 1715 5754 aeterna
1727 5712 1876 5766 quam

276 5760 443 5812 Patris
465 5760 800 5821 onntipoteutis
818 5772 923 5811 esse
939 5760 1201 5812 credimus.

343 5824 417 5888 (α)
441 5829 708 5887 ιιιειηοιη
727 5835 834 5887 cap.
861 5821 939 5886 16,
963 5836 1013 5873 n.
1038 5821 1085 5874 2.

1575 285 1981 349 υιεΡυΤΑτιο
2017 284 2253 344 PRIMA.

3454 292 3561 362 ΗΒ

1963 401 2071 458 sint
2112 416 2311 473 genera
2345 403 2647 476 malorum,
2689 416 2969 480 peceatum
3011 419 3067 468 et
3102 420 3262 484 pinna
3306 417 3555 486 peccati;

1962 503 2240 565 peccatum
2277 496 2343 552 ad
2389 498 2560 555 Deum
2604 514 2711 555 non
2751 503 3005 572 pertinet,
3052 520 3212 577 ptena
3254 506 3556 580 peccati'ad

1962 587 2228 645 vindicem
2269 592 2519 661 pertinet.
2554 594 2766 651 Etenim
2810 604 2871 653 ut
2903 598 3076 656 bonus
3127 606 3210 657 est
3243 602 3416 670 Deus,
3463 608 3556 677 qui

1964 682 2145 737 omnia
2171 684 2479 753 constituit;
2508 684 2587 742 sic
2606 688 2784 758 iustus
2810 699 2915 760 est,
2944 700 3002 747 ut
3028 692 3263 752 vindicet
3284 694 3338 752 in
3363 702 3557 768 pecca-

1962 785 2097 832 tum.
2124 776 2258 833 Cum
2282 794 2413 851 ergo
2437 783 2616 837 omnia
2642 786 2844 855 optime
2870 786 2978 842 sint
3006 786 3249 845 ordinata
3271 831 3284 857 ,
3318 772 3438 863 quas
3463 792 3547 847 vi-

1960 868 2156 924 dentur
2181 871 2335 927 nobis
2362 887 2503 929 nunc
2530 874 2753 931 advel-Sa
2780 890 2930 945 esse,
2959 879 3151 937 merito
3190 876 3417 953 contigit
3451 880 3554 938 ho-

1961 963 2122 1019 minis
2161 964 2329 1035 lapsi,
2373 967 2463 1037 qui
2498 967 2668 1038 legem
2705 970 2799 1025 Dei
2848 984 3067 1030 servare
3106 975 3298 1031 noluit.
3342 978 3553 1034 Animas

1961 1056 2103 1111 enim
2133 1057 2378 1113 rationali
2407 1072 2527 1129 quae
2554 1069 2637 1114 est
2668 1062 2721 1116 in
2769 1062 2986 1120 homine
3009 1106 3024 1130 ,
3068 1066 3216 1122 dedit
3244 1067 3386 1124 Deus
3418 1066 3557 1125 libe-

1960 1165 2079 1205 rum
2106 1151 2409 1207 arbitrium.
2456 1151 2545 1209 Sic
2572 1154 2713 1210 cnim
2759 1166 2938 1226 posset
2965 1157 3164 1216 habere
3193 1162 3443 1218 meritum
3463 1206 3478 1231 ,
3508 1164 3556 1219 si
3600 1225 3607 1231 _

1960 1244 2271 1312 voluntate,
2312 1259 2420 1300 non
2463 1247 2781 1302 necessitate
2808 1248 2931 1304 boni
2959 1266 3222 1309 essemus.
3251 1252 3386 1310 Cum
3425 1269 3557 1326 ergo
3599 1239 3611 1259 ⁴

1964 1345 2211 1406 oporteat
2242 1352 2347 1393 non
2373 1339 2716 1408 necessitate,
2749 1341 2843 1396 sed
2871 1342 3140 1401 voluntate
3168 1344 3367 1401 bonum
3408 1361 3552 1415 esse,

1960 1431 2245 1498 oportebat
2277 1438 2336 1485 ut
2375 1431 2518 1487 Deus
2561 1432 2753 1487 animus
2802 1432 2950 1490 dare!
2990 1436 3215 1492 liberum
3246 1437 3552 1494 arbitrium.

1962 1520 2100 1577 Huic
2126 1529 2308 1580 autem
2336 1524 2529 1579 animae
2558 1524 2949 1598 obtemperanti
2979 1528 3185 1600 legibus
3213 1530 3343 1598 suis,
3373 1533 3555 1588 omnia

1961 1617 2191 1686 subjecit
2234 1617 2350 1672 sine
2393 1617 2715 1675 adversitate
2753 1634 2766 1674 :
2801 1627 2859 1674 ut
2908 1620 2958 1676 ei
3007 1628 3199 1677 cmtera
3249 1638 3366 1694 qua:
3414 1623 3557 1680 Deus

1962 1707 2204 1762 condidit
2247 1708 2549 1778 servirent,
2601 1711 2646 1766 si
2671 1719 2725 1767 et
2763 1710 2877 1782 ipsa
2907 1712 3017 1767 Deo
3046 1713 3248 1769 servire
3277 1714 3553 1771 voluisset.

1963 1797 2019 1854 Si
2046 1806 2225 1854 autem
2257 1800 2370 1870 ipsa
2397 1800 2661 1857 noluisset
2691 1802 2802 1858 Deo
2833 1803 3059 1870 servire,
3089 1817 3152 1858 ea
3183 1818 3301 1876 qua:
3329 1803 3407 1859 illi
3434 1820 3557 1861 ser-

1963 1889 2200 1957 viebant,
2251 1890 2304 1945 in
2350 1905 2564 1961 pronam
2613 1892 2731 1962 ejus
2774 1903 3239 1952 converterentur.
3295 1895 3471 1967 Quare
3507 1897 3554 1955 si

1962 1990 2109 2036 recte
2132 1983 2311 2037 omnis
2350 1998 2382 2037 a
2413 1982 2525 2039 Deo
2564 1983 2813 2042 ordinata
2842 1992 2996 2057 sunt,
3028 1994 3087 2045 et
3130 1988 3272 2046 bona
3303 1997 3468 2060 sunt,
3502 1997 3558 2049 et

1962 2073 2107 2131 Dous
2132 2089 2239 2131 non
2267 2076 2466 2147 patitur
2488 2077 2709 2132 malum.

2034 2166 2199 2224 Fons.
2231 2167 2364 2224 dixit
2392 2185 2405 2221 :
2440 2169 2557 2225 Non
2582 2171 2802 2241 patitur,
2831 2170 2925 2228 sed
2953 2172 3217 2244 praevenit
3242 2173 3463 2232 malum.

2037 2261 2124 2317 i6.
2166 2263 2305 2319 Auc.
2335 2261 2469 2319 dixit
2501 2282 2515 2319 :
2550 2264 2593 2320 A
2624 2280 2731 2336 quo
2765 2267 2908 2322 enim
2937 2283 3190 2338 passurus
3219 2271 3379 2327 erat?

2034 2353 2205 2435 ans.
2235 2355 2370 2411 dixit
2401 2374 2414 2410 :
2447 2357 2557 2413 lloe
2599 2372 2777 2414 meum
2806 2367 2891 2415 est
2913 2402 2929 2429 ,
2962 2359 3085 2432 quia
3130 2364 3427 2433 praevenire
3462 2379 3559 2421 vo-

1961 2445 2060 2501 luit
2089 2464 2102 2501 :
2138 2463 2244 2502 non
2278 2457 2480 2503 temere
2505 2490 2519 2515 ,
2552 2448 2647 2505 sed
2674 2449 2871 2506 virtute
2901 2459 2956 2507 et
2984 2454 3348 2522 prazeseientia.
3384 2453 3559 2512 Caete-

1960 2554 2080 2596 rum
2106 2556 2239 2612 nega
2270 2542 2469 2597 malum
2508 2552 2705 2613 praeter
2745 2543 2911 2599 Deum
2944 2558 3100 2610 esse;
3130 2561 3251 2603 cum
3289 2558 3555 2619 praecepta

1960 2632 2172 2689 ostendi
2211 2642 2416 2704 queunt
2456 2634 2558 2690 alia
2586 2635 2603 2666 ³
2630 2649 2749 2705 qua:
2780 2644 2977 2705 praeter
3017 2637 3347 2693 voluntatem
3389 2638 3556 2710 ipsius

1961 2726 2113 2781 fiunt.
2146 2726 2478 2797 Praeceptum
2508 2741 2614 2782 non
2648 2728 2960 2797 intercedit,
2995 2730 3096 2785 nisi
3126 2730 3216 2787 ubi
3244 2738 3326 2787 est
3353 2740 3406 2788 et
3426 2747 3558 2788 con-

1962 2817 2231 2872 trarietas.
2261 2817 2454 2873 Libera
2485 2816 2712 2875 facultas
2736 2819 2950 2876 vivendi
2977 2836 3085 2877 non
3112 2821 3270 2878 datur
3289 2864 3305 2891 ,
3337 2823 3441 2879 nisi
3467 2824 3558 2882 ubi

1962 2922 2047 2969 est
2070 2913 2275 2983 lapsus,
2309 2914 2603 2969 secundum
2644 2915 2888 2986 Apostoli
2916 2915 3176 2973 rationem
3202 2958 3218 2985 ,
3264 2918 3352 2989 qui
3379 2918 3507 2974 dicit
3537 2934 3554 2975 :

1966 2996 2035 3058 Et
2060 3019 2146 3059 vos
2176 3021 2293 3058 cum
2315 3005 2488 3060 essetis
2513 3007 2702 3060 mortui
2721 3006 2919 3062 delictis
2946 3014 2994 3062 et
3017 3009 3235 3079 peccatis
3262 3009 3438 3065 vestris
3459 3053 3472 3075 ,
3503 3010 3558 3065 in

1962 3095 2142 3166 quibus
2168 3094 2443 3166 aliquando
2463 3095 2759 3152 ambulastis
2785 3098 3061 3153 secundum
3087 3100 3431 3172 magisterium
3456 3100 3557 3155 hu-

1952 3190 2046 3261 jus
2073 3189 2272 3257 mundi,
2301 3189 2577 3244 secundum
2604 3190 2884 3263 principem
2909 3193 3173 3264 potestatis
3201 3195 3333 3249 aeris
3363 3195 3516 3266 hujus
3539 3236 3555 3262 ,

1963 3282 2173 3352 spiritus
2198 3282 2285 3352 qui
2310 3297 2445 3336 nunc
2466 3291 2710 3353 operatur
2732 3283 2787 3338 in
2811 3282 2933 3354 [illis
2960 3284 3271 3357 difﬁdentia’,
3299 3287 3353 3341 in
3378 3287 3560 3359 quibus

1967 3382 2014 3426 et
2041 3389 2133 3428 nos
2163 3381 2209 3427 ct
2236 3389 2409 3429 omnes
2444 3374 2720 3447 aliquando
2761 3364 3039 3431 conversati
3076 3394 3248 3434 sumus
3279 3379 3335 3433 in
3359 3378 3559 3435 deside-

1964 3465 2055 3519 riis
2081 3466 2249 3520 carnis
2274 3474 2478 3533 nostrte,
2512 3467 2753 3536 facientes
2777 3467 3059 3524 voluntates
3087 3469 3416 3525 consiliorum
3439 3486 3558 3525 car-

1965 3557 2067 3623 nis,
2110 3566 2157 3611 et
2198 3572 2399 3612 eramus
2444 3556 2748 3614 naturaliter
2791 3558 2888 3629 ﬁlii
2927 3560 3056 3630 irae,
3100 3563 3232 3616 sicut
3278 3570 3326 3617 et
3368 3563 3558 3617 cancri.

1966 3646 2107 3703 Deus
2133 3657 2300 3703 autem
2328 3649 2417 3719 qui
2444 3649 2579 3704 dives
2609 3660 2682 3704 est
2721 3652 2775 3705 in
2803 3652 2940 3705 omni
2966 3652 3316 3708 misericordia
3336 3695 3350 3721 ,
3379 3655 3562 3710 miser-

1968 3749 2047 3796 tus
2071 3749 2146 3796 cst
2174 3740 2336 3796 nobis.
2365 3740 2431 3795 Et
2458 3757 2574 3796 cum
2596 3742 2785 3797 mortui
2809 3758 3027 3799 essemus
3055 3746 3274 3816 peccatis
3292 3787 3308 3813 ,
3339 3747 3564 3803 convivi-

1968 3834 2138 3904 ﬁcavit
2168 3846 2260 3887 nos
2283 3832 2337 3886 in
2367 3832 2587 3899 Christo,
2633 3833 2781 3905 cujus
2805 3835 2971 3906 gratia
3000 3836 3119 3891 estis
3145 3837 3275 3892 salvi
3301 3836 3464 3911 facti;
3491 3838 3565 3894 si-

1972 3924 2080 3978 mul
2106 3934 2154 3979 et
2178 3924 2455 3992 suscitavit,
2485 3933 2530 3979 et
2556 3940 2672 3978 cum
2702 3941 2761 3979 co
2785 3926 3049 3981 collocavit
3067 3926 3121 3982 in
3149 3929 3427 3984 calestibtts
3446 3938 3563 3985 cum

1969 4016 2169 4075 Christo
2194 4017 2351 4087 Iesu,
2386 4029 2440 4073 ut
2478 4019 2756 4076 ostenderet
2780 4021 2837 4075 in
2873 4023 3074 4078 «oculis
3102 4024 3559 4095 supervenientibus

1968 4109 2282 4165 abundantes
2311 4108 2513 4165 diuitias
2539 4112 2717 4182 gratia
2742 4127 2850 4167 suae
2876 4113 2931 4167 in
2958 4114 3176 4169 bonitate
3199 4131 3353 4186 super
3381 4133 3471 4171 nos
3499 4098 3557 4172 in

1970 4201 2172 4259 Christo
2194 4203 2344 4259 Iesu.
2367 4202 2546 4259 Gratia
2566 4205 2697 4259 enim
2717 4206 2832 4260 estis
2856 4206 3039 4263 saluati
3060 4224 3151 4280 per
3170 4209 3324 4279 ﬁdem
3350 4226 3371 4265 :
3400 4219 3447 4266 et
3469 4212 3565 4268 hoc

1864 4332 1865 4337 η
1970 4314 2071 4355 non
2097 4312 2160 4354 ea:
2186 4298 2328 4353 vobis
2347 4340 2359 4364 ,
2394 4296 2491 4353 Dei
2517 4298 2650 4353 enim
2688 4298 2881 4354 donum
2910 4309 3024 4366 est;
3050 4316 3152 4356 non
3196 4318 3259 4357 ea:
3299 4303 3562 4373 cperibus,

1969 4403 2024 4450 ut
2052 4409 2117 4448 ne
2138 4393 2250 4463 quis
2275 4393 2539 4464 glorietur.
2570 4390 2743 4463 Ipsius
2767 4393 2901 4448 enim
2930 4409 3103 4449 sumus
3132 4397 3361 4467 factura,
3408 4397 3566 4454 creati

1970 4487 2025 4541 in
2053 4485 2255 4542 Christo
2280 4486 2407 4542 Iesu
2432 4487 2485 4541 in
2514 4488 2750 4557 aperibus
2777 4488 2937 4556 bonis,
2967 4504 3081 4560 quat
3099 4491 3401 4561 praeparavit
3420 4489 3565 4547 Deus

1972 4589 2029 4635 ut
2068 4581 2123 4636 in
2163 4579 2270 4635 illis
2309 4581 2645 4635 antbulcmus.
2689 4579 2909 4653 Propter
2933 4583 3069 4655 quod
3096 4599 3341 4641 memores
3380 4595 3563 4654 estote,

1972 4674 2108 4746 quod
2134 4673 2410 4745 aliquando
2435 4690 2522 4729 vos
2550 4675 2703 4730 cratis
2734 4686 2906 4747 gentes
2940 4675 2992 4731 in
3023 4692 3179 4743 cave
3201 4720 3216 4748 ,
3247 4680 3333 4748 qui
3363 4678 3566 4734 diceba-

1973 4768 2100 4824 mini
2126 4767 2447 4840 prteputium,
2489 4766 2551 4823 ab
2580 4784 2638 4823 ea
2662 4784 2778 4840 qua:
2802 4770 2987 4824 dicitur
3004 4770 3320 4828 circumcisio
3340 4773 3391 4827 in
3413 4788 3566 4829 carne

1974 4860 2267 4933 manufacta
2285 4902 2300 4928 ,
2329 4860 2447 4931 quia
2474 4861 2630 4914 eratis
2664 4859 2757 4915 illo
2793 4870 3016 4933 tempore
3040 4863 3148 4918 sine
3172 4860 3371 4920 Christo
3391 4905 3405 4929 ,
3434 4862 3564 4920 alie-

1973 4954 2081 5008 nati
2107 4969 2138 5006 a
2163 4952 2537 5007 conversatione
2567 4952 2754 5021 Israel,
2786 4962 2832 5008 et
2863 4954 3082 5026 hospites
3110 4963 3519 5011 testamentorum
3544 4999 3561 5026 ,

1974 5045 2323 5118 promissionis
2361 5062 2502 5118 spem
2542 5060 2645 5101 non
2689 5047 2946 5113 habentes,
2993 5057 3040 5103 et
3079 5048 3187 5102 sin.
3230 5046 3339 5103 Deo
3380 5049 3433 5103 in
3468 5050 3565 5104 hoc

1975 5140 2186 5193 mundo.
2226 5137 2282 5191 Ν
2285 5155 2384 5193 unc
2409 5149 2573 5193 autem
2596 5139 2651 5193 in
2674 5138 2872 5195 Christo
2896 5139 3042 5207 Iesu,
3066 5154 3153 5193 vos
3174 5140 3261 5209 qui
3284 5138 3564 5214 aliquando

1976 5231 2126 5286 cratis
2154 5230 2303 5302 longe
2321 5273 2335 5298 ,
2366 5230 2490 5302 facti
2517 5232 2636 5286 estis
2664 5248 2826 5303 prope
2848 5232 2901 5284 in
2929 5229 3174 5300 sanguine
3201 5229 3405 5287 Christi.
3440 5231 3567 5305 Ipse

1977 5332 2047 5379 est
2073 5323 2205 5377 enim
2233 5339 2337 5393 pax
2362 5330 2556 5389 nostra,
2585 5324 2673 5395 qui
2690 5324 2807 5395 fecit
2834 5331 3046 5391 utraque
3061 5337 3239 5393 unum,
3269 5332 3316 5379 ct
3341 5326 3564 5382 medium

1978 5417 2219 5490 parietem
2242 5418 2477 5472 maceriae
2507 5417 2723 5481 solvens,
2756 5408 3048 5470 inimicitias
3070 5415 3124 5470 in
3154 5433 3304 5473 carne
3328 5436 3461 5487 sua;
3487 5422 3565 5476 le-

1978 5527 2090 5584 gem
2114 5510 2469 5565 nundatorum
2494 5509 2708 5567 decretis
2736 5522 3016 5577 concitans,
3045 5519 3100 5563 ut
3124 5511 3253 5566 duos
3289 5514 3475 5567 condat
3510 5513 3564 5568 in

1978 5603 2321 5673 semetipsum,
2350 5604 2402 5656 in
2431 5618 2589 5656 unum
2610 5616 2793 5655 navum
2819 5601 3094 5672 hominem,
3119 5606 3311 5678 faciens
3349 5621 3522 5675 pacem
3544 5644 3563 5673 ,

1980 5708 2036 5753 ut
2062 5697 2345 5752 reconciliet
2370 5694 2543 5748 autbos
2566 5694 2619 5747 in
2646 5708 2748 5749 uno
2781 5711 2994 5766 corpore
3021 5683 3130 5751 Deo
3153 5740 3168 5765 ,
3210 5713 3299 5770 per
3323 5710 3522 5753 crucem
3542 5735 3561 5763 .

2050 5830 2070 5863 ί
2100 5829 2251 5880 Editio
2266 5834 2342 5878 Er.
2363 5835 2416 5879 et
2440 5836 2568 5893 Mss,
2589 5829 2794 5883 ostendit
2816 5842 2926 5895 qum
2941 5835 3050 5883 sunt
3070 5829 3186 5882 alia.
