4082 6446
511 262 618 323 H9

509 383 823 454 interﬁciens
843 383 1133 442 inimicitias
1153 388 1207 443 in
1230 392 1518 461 semetipso.
1554 390 1622 445 Et
1646 392 1845 446 veniens
1878 407 2091 464 evange-

510 472 681 529 lizautt
707 492 882 545 pacem
907 478 1045 534 vobis
1078 481 1163 551 qui
1206 483 1351 554 longe
1371 525 1385 548 ,
1417 494 1464 537 et
1492 499 1665 554 pacem
1694 483 1757 537 iis
1786 484 1873 552 qui
1910 501 2087 554 prope.

510 564 763 631 Quoniam
808 586 897 639 per
937 573 1104 641 ipsum
1141 573 1380 630 habemus
1432 575 1627 643 utrique
1668 576 1722 629 in
1766 592 1866 631 uno
1907 577 2088 648 spiritu

505 673 760 713 accessum
786 661 854 714 ad
879 660 1091 719 Patrem
1125 664 1339 737 (Ephes.
1371 682 1438 730 ιι,
1470 665 1647 737 1-18).

574 750 661 805 17.
694 751 828 809 Anc.
858 754 993 810 dixit
1023 775 1035 810 :
1066 757 1169 812 lsta
1199 759 1435 827 Apostoli
1468 758 1643 827 lectio,
1672 775 1831 831 quam
1861 764 2087 820 recitare

499 841 744 906 voluisti,
776 846 820 900 si
851 861 957 902 non
989 848 1161 916 fallor,
1194 865 1291 919 pro
1318 862 1438 905 mea
1466 853 1749 921 plurimum
1772 896 1786 919 ,
1818 862 1873 909 et
1901 864 2084 911 contra

498 942 643 989 tuam
683 935 841 992 ﬁdem
882 937 1022 993 facit.
1059 940 1267 1008 Primo,
1296 942 1422 1012 quia
1463 944 1634 1013 ipsum
1674 945 1895 1000 liberum
1939 946 2085 1002 arbi-

494 1025 657 1081 trium
678 1066 693 1089 ,
722 1042 827 1097 quo
856 1044 954 1099 ego
982 1030 1088 1084 dixi
1131 1032 1245 1086 ﬁeri
1282 1040 1341 1087 ut
1376 1035 1551 1089 anima
1593 1046 1809 1107 peccet,
1844 1040 1972 1093 satis
1999 1038 2085 1093 hic

492 1131 804 1187 expressum
828 1130 927 1186 est,
952 1136 1071 1176 cum
1103 1133 1316 1195 peccata
1341 1129 1651 1193 nominavit,
1675 1122 1870 1185 etcum
1894 1148 2083 1189 recon-

492 1210 815 1266 ciliationem
856 1221 1089 1269 nostram
1133 1216 1266 1272 dixit
1302 1220 1414 1274 fieri
1456 1235 1577 1276 cum
1621 1223 1728 1277 Deo
1769 1240 1864 1294 per
1896 1224 2079 1282 Jesum

490 1300 779 1357 Christum.
824 1305 1100 1364 Peccando
1132 1312 1273 1366 enim
1314 1315 1488 1369 aversi
1517 1331 1730 1371 eramus
1760 1334 1788 1373 a
1818 1320 1964 1385 Deo;
1998 1329 2076 1376 te-

438 1424 439 1428 η
488 1393 667 1449 nendo
703 1406 878 1452 autem
920 1412 1184 1473 prmcepta
1212 1403 1446 1474 Christi,
1478 1410 2026 1469 reconciliamur'Deo
2060 1433 2074 1471 :

488 1493 548 1538 ut
568 1487 671 1563 kqui
714 1492 945 1557 peccatis
988 1496 1182 1550 mortui
1222 1512 1467 1567 eramus,
1499 1510 1772 1559 servantes
1810 1516 2075 1575 praecepta

487 1577 605 1648 ejus
633 1566 984 1650 vi‘viﬁcemur,
1014 1594 1067 1640 et
1092 1602 1277 1657 pacem
1303 1591 1591 1648 habeamus
1616 1610 1734 1650 cum
1771 1597 1859 1651 illo
1889 1598 1942 1653 in
1969 1613 2074 1655 uno

484 1670 691 1739 Spiritu,
722 1688 751 1726 a
778 1690 882 1744 quo
907 1677 1117 1733 alienati
1146 1696 1377 1751 eramus,
1408 1700 1510 1740 non
1533 1697 1807 1743 servantes
1827 1692 2073 1749 mandata

484 1760 633 1832 ejus;
666 1765 823 1821 sicuti
850 1767 917 1823 de
954 1771 1168 1828 homine
1195 1774 1283 1844 qui
1311 1776 1515 1845 primus
1540 1787 1622 1833 est
1647 1781 1985 1851 constitutus,
2018 1785 2071 1840 in

482 1854 590 1910 ﬁde
627 1866 805 1933 nostra
842 1862 1173 1931 prmdicatur.
1206 1866 1345 1937 Ergo
1372 1885 1509 1925 nunc
1535 1887 1716 1941 quaero
1743 1874 1837 1929 abs
1867 1884 1950 1943 te,
1979 1891 2069 1932 se-

480 1947 712 2009 cundum
744 1966 860 2005 eam
896 1953 1176 2010 lectionem
1206 1973 1324 2027 qum
1353 1960 1485 2015 lecta
1515 1972 1625 2027 est,
1664 1966 1929 2034 quomodo
1970 1968 2067 2022 ha-

478 2038 703 2097 beamus
731 2056 945 2114 peeeata
967 2090 982 2115 ,
1018 2051 1062 2103 si
1097 2060 1280 2105 natura
1309 2056 1568 2110 contraria
1602 2072 1700 2112 nos
1727 2060 1868 2129 cogit
1894 2060 2068 2118 facere

478 2132 621 2200 quod
661 2134 923 2191 facimus?
957 2139 1055 2207 Qui
1092 2143 1230 2196 enim
1269 2146 1475 2213 cogitur
1515 2150 1829 2204 necessitate
1868 2152 2066 2222 aliquid

476 2223 683 2293 facere,
713 2243 818 2282 non
850 2240 1051 2299 peccat.
1080 2234 1179 2299 Qui
1206 2244 1379 2289 autem
1412 2248 1625 2306 peccat,
1658 2241 1823 2295 libero
1847 2244 2065 2300 arbitrio

471 2326 678 2385 peccat.
709 2319 883 2384 Quare
923 2322 991 2375 sit
1030 2324 1184 2378 nobis
1223 2328 1535 2396 pmnitentia
1573 2331 1829 2401 imperata
1851 2376 1865 2399 ,
1895 2334 1939 2389 si
1967 2350 2065 2391 nos

472 2408 607 2461 nihil
628 2410 753 2464 mali
774 2412 1127 2478 fecimus,sed
1147 2432 1280 2487 gens
1302 2420 1676 2477 tenebrarum?
1697 2424 1888 2492 Quaero
1910 2426 2058 2495 item,

470 2499 799 2571 indulgentia
828 2516 1164 2575 peccatorum
1191 2512 1274 2565 cui
1306 2512 1487 2577 detur;
1520 2514 1691 2580 nobis,
1721 2532 1787 2571 an
1813 2519 1955 2587 genti
1985 2527 2063 2574 te-

471 2592 780 2648 nebrarum.
808 2596 911 2651 Sed
942 2598 985 2652 si
1014 2601 1159 2669 genti
1190 2602 1525 2659 tenebrarum
1554 2605 1707 2661 datur
1736 2607 2060 2678 indulgentia

468 2696 839 2756 peccatorum,
868 2693 1109 2761 regnabit
1139 2702 1192 2749 et
1221 2696 1333 2765 ipsa
1360 2711 1479 2751 cum
1513 2698 1621 2753 Deo
1639 2741 1654 2765 ,
1680 2702 1947 2770 accipiens
1974 2704 2058 2757 in-

467 2776 793 2847 dulgentiam
822 2793 1181 2851 peccatorum.
1211 2786 1265 2842 Si
1295 2798 1470 2843 autem
1510 2792 1664 2846 nobis
1692 2792 1847 2847 datur
1884 2795 2059 2851 indul-

464 2870 642 2938 gentia
690 2884 1060 2941 peccatorum,
1105 2877 1444 2934 manifestum
1490 2890 1571 2936 est
1613 2884 1733 2952 quia
1784 2886 2055 2945 voluntate

461 2967 819 3035 peccavimus.
850 2970 989 3025 Satis
1010 2974 1151 3027 enim
1173 2977 1389 3032 stultum
1410 2989 1491 3033 est
1515 2979 1713 3049 ignosci
1737 2982 1785 3034 ei
1806 2981 1894 3051 qui
1922 2981 2051 3036 nihil

460 3058 589 3111 mali
617 3058 757 3114 fecit.
784 3060 925 3117 Nihil
954 3074 1127 3119 autem
1156 3068 1278 3122 mali
1306 3069 1449 3133 fecit,
1475 3072 1562 3141 qui
1587 3072 1719 3126 nihil
1746 3088 1840 3127 sua
1867 3074 2052 3128 volun-

459 3154 571 3203 tate
596 3149 736 3205 fecit.
767 3151 934 3207 Hodie
959 3169 1086 3226 ergo
1107 3158 1281 3213 anima
1310 3161 1591 3229 pollicente
1614 3163 1713 3217 sibi
1742 3164 1849 3218 Deo
1874 3164 2050 3218 indul-

457 3240 691 3309 gentiam
728 3255 1064 3312 peccatorum
1099 3257 1152 3303 et
1186 3253 1701 3321 reconciliationem,
1741 3256 1785 3310 si
1824 3271 2048 3325 peccare

455 3332 750 3405 destiterit,
783 3348 834 3392 et
859 3339 926 3394 de
958 3344 1185 3410 peccatis
1216 3347 1579 3415 paenitentiam
1608 3350 1865 3421 gesserit,
1888 3352 1934 3405 si
1962 3367 2046 3407 re-

455 3427 718 3495 spondeat
760 3433 1049 3488 secundum
1088 3448 1318 3491 vestram
1362 3439 1517 3494 ﬁdem
1543 3483 1559 3508 ,
1595 3452 1649 3496 et
1686 3442 1826 3497 dicat
1862 3461 1875 3497 :
1905 3444 2044 3512 Quid

455 3519 598 3573 enim
638 3524 887 3590 peccavi?
919 3526 1044 3595 quid
1072 3531 1397 3585 commerui?
1423 3531 1559 3599 Quid
1589 3548 1675 3587 me
1701 3536 1945 3604 expulisti
1977 3536 2043 3591 de

450 3612 631 3680 regnis
658 3614 779 3678 tuis,
807 3625 1070 3672 utcontra
1097 3622 1275 3675 nescio
1298 3638 1455 3691 quam
1480 3634 1689 3693 gentem
1717 3628 2039 3697 pugnarem?

448 3704 711 3775 Depressa
738 3723 854 3764 sum
878 3711 916 3778 ί,
945 3713 1204 3781 permixta
1227 3729 1365 3782 sum,
1395 3725 1641 3787 corrupta
1667 3733 1807 3786 sum,
1833 3719 2038 3775 defecta

444 3811 565 3854 sum
586 3802 629 3868 ¹,
659 3817 763 3857 non
794 3814 875 3859 est
902 3806 1032 3859 mihi
1062 3820 1327 3862 servatum
1369 3809 1595 3865 liberum
1627 3812 1924 3867 arbitrium.
1957 3813 2036 3869 Tu

442 3896 585 3949 nosti
612 3899 981 3952 necessitatem
1009 3914 1111 3969 qua
1140 3917 1323 3971 pressa
1352 3917 1469 3957 sum
1499 3921 1512 3958 :
1537 3920 1632 3959 cur
1660 3907 1787 3960 mihi
1817 3908 2035 3963 vulnera

442 3988 674 4059 imputas
710 4006 829 4060 qua:
868 3993 1114 4062 suscepi?
1151 3994 1327 4060 Quare
1360 4012 1447 4051 me
1484 3998 1626 4067 cogis
1662 3998 1728 4053 ad
1764 4000 2033 4068 pmniten-

441 4080 607 4148 tiam,
640 4096 758 4135 cum
799 4091 850 4135 tu
888 4084 959 4137 sis
995 4098 1149 4138 causa
1189 4086 1465 4141 vulnerum
1511 4104 1790 4156 meorum;
1823 4106 1944 4145 cum
1977 4100 2031 4146 tu

440 4172 608 4241 scias,
638 4190 756 4245 quae
779 4190 936 4245 passa
964 4193 1081 4232 sum
1103 4218 1116 4243 ,
1148 4188 1360 4248 gentem
1390 4182 1725 4236 tenebrarum
1756 4185 1807 4239 in
1834 4200 1920 4239 me
1947 4184 2028 4241 fe-

439 4267 578 4324 cisse
609 4277 660 4322 te
696 4278 949 4338 auctore,
988 4273 1074 4341 qui
1116 4272 1302 4327 violari
1342 4289 1447 4329 non
1490 4285 1729 4343 poteras,
1760 4285 1814 4332 et
1849 4288 2025 4335 tamen

382 4346 402 4417 9
437 4359 623 4416 volens
646 4376 835 4418 cavere
860 4365 1039 4434 regnis
1065 4366 1201 4433 tuis,
1228 4366 1416 4436 quibus
1447 4367 1577 4422 nihil
1608 4371 1784 4425 noceri
1824 4372 2022 4440 possit,

390 4440 397 4447 ’
435 4467 523 4507 me
544 4453 595 4506 in
618 4453 858 4509 miserias
878 4457 1325 4526 prmeipitasti?Si
1345 4467 1490 4514 certe
1510 4474 1611 4529 ego
1632 4475 1753 4530 pars
1776 4470 1861 4516 tua
1881 4478 2021 4531 sum,

434 4561 554 4618 qua:
582 4546 649 4602 de
678 4548 970 4604 visceribus
996 4551 1099 4605 tuis
1124 4552 1382 4621 processi,
1411 4553 1457 4606 si
1487 4552 1553 4608 de
1577 4569 1741 4624 regno
1766 4563 1856 4609 tuo
1881 4564 1934 4611 et
1956 4556 2023 4611 de

431 4654 528 4695 ore
554 4649 675 4705 tuo;
706 4641 759 4696 in
786 4642 1066 4729 hagente
1092 4644 1427 4700 tenebrarum
1448 4646 1647 4716 aliquid
1675 4647 1784 4718 pati
1806 4662 1909 4701 non
1931 4647 2022 4703 de-

430 4732 546 4800 bui,
575 4742 635 4788 ut
664 4749 750 4788 me
779 4734 1101 4805 incorrupta,
1134 4736 1223 4791 illa
1252 4737 1623 4807 subjiceretur,
1654 4740 1697 4793 si
1727 4755 1849 4809 pars
1871 4755 2019 4794 eram

429 4823 664 4878 Domini.
704 4824 853 4881 Nunc
880 4834 1055 4881 autem
1085 4843 1204 4883 cum
1244 4829 1331 4883 illa
1369 4830 1652 4900 temperari
1691 4844 1795 4885 non
1840 4839 2021 4900 posset

426 4916 533 4971 nisi
568 4932 689 4972 mea
722 4920 1093 4989 corruptione,
1133 4921 1400 4991 quomodo
1438 4931 1529 4976 aut
1568 4937 1690 4992 pars
1723 4931 1811 4978 tua
1846 4923 2012 4991 dicor,

427 5019 518 5064 aut
549 5018 603 5063 tu
630 5009 949 5065 inviolabilis
975 5027 1178 5078 manes,
1207 5022 1298 5067 aut
1322 5028 1427 5067 non
1457 5027 1517 5068 es
1538 5013 1786 5081 crudelis,
1813 5014 1903 5085 qui
1932 5030 2016 5071 me

425 5104 535 5174 pati
557 5103 771 5159 voluisti
793 5120 887 5174 pro
909 5105 991 5159 his
1011 5106 1208 5176 regnis,
1231 5107 1423 5177 quibus
1446 5107 1574 5162 nihil
1601 5110 1779 5163 noceri
1809 5118 2017 5179 poterat

423 5196 492 5251 ab
514 5195 603 5250 illa
625 5207 781 5266 gente
801 5199 1172 5253 tenebrarum?
1193 5198 1274 5253 Ad
1299 5198 1399 5254 hoc
1422 5200 1707 5269 responde,
1733 5202 1778 5256 si
1803 5203 2009 5273 placet:

324 5288 327 5289 ⁷
423 5298 478 5342 et
499 5286 719 5358 dignare
741 5289 897 5343 etiam
923 5290 1048 5344 illud
1073 5290 1201 5344 mihi
1222 5304 1511 5359 exponere,
1529 5293 1793 5360 quomodo
1811 5293 2011 5351 dictum

423 5389 505 5436 cst
524 5395 555 5435 a
576 5380 738 5435 Paulo
764 5383 1027 5451 apostolo,
1051 5381 1269 5437 Eramus
1296 5383 1595 5437 naturaliter
1618 5385 1714 5453 ﬁlii
1739 5386 1848 5454 ira,
1876 5402 2010 5458 quos

485 5497 504 5529 ι
518 5497 793 5567 _vaticanus
804 5504 908 5557 ως»,
926 5510 1157 5561 oppressa
1177 5512 1285 5550 sum
1303 5511 1321 5560 ;
1346 5500 1566 5563 itemque
1579 5498 1705 5550 intra
1720 5501 1847 5564 loco,
1870 5516 2009 5567 pres-

419 5571 494 5618 sa,
518 5558 684 5618 habet,
711 5558 964 5623 oppressa.‘
989 5558 997 5561 “
1303 5558 1309 5560 ⁷
1484 5558 1499 5563 ⁷
1833 5558 1843 5564 ⁷
1871 5558 1881 5567 ’

487 5622 508 5653 ί
545 5620 711 5672 Plures
733 5631 905 5701 mss-1
914 5620 1379 5701 defatigatawsum.
1411 5631 1552 5701 Forte
1587 5625 1877 5701 legendum,
1917 5630 2007 5701 dea

420 5689 559 5757 genta
579 5683 986 5757 {arundo/litigant
1008 5683 1145 5757 sunt;
1160 5697 1272 5757 (mea
1294 5685 1391 5737 duo
1413 5690 1564 5739 verba
1587 5683 1803 5740 Terentii
1818 5683 1934 5742 sunt
1954 5692 2006 5742 in

420 5689 562 5796 iiii?
579 5685 986 5806 ἱίὲἱῗίῗθιίὲᾮὶἰὝῖ
1008 5697 1145 5795 ετεςιξ
1160 5697 1239 5797 illi

1213 268 1486 329 CONTRA
1526 272 1992 333 FORTUNATUM
2030 275 2478 353 MANICH/EUM,
2521 288 2578 344 S.
2619 292 2986 354 AUGUSTINI

3676 318 3779 375 190

2200 403 2569 459 reconciliatos
2610 407 2739 465 dicit
2784 413 2908 469 Deo.
2948 416 3003 472 Si
3044 432 3171 489 ergo
3214 426 3522 483 naturaliter
3553 428 3646 486 filii
3688 434 3781 492 ine

2194 493 2405 559 erant‘,
2432 498 2696 565 quomodo
2721 501 2853 559 dicis
2879 511 3189 570 naturaliter
3211 515 3443 573 animam
3470 520 3631 578 ﬁliam
3658 541 3779 585 esse

2194 592 2247 637 et
2276 587 2573 653 portionem
2606 592 2732 648 Dei?

2263 675 2429 733 Foar.
2456 681 2583 736 dixit
2616 702 2629 738 :
2658 684 2713 740 Si
2740 691 3029 747 secundum
3056 697 3283 753 animam
3304 700 3527 762 dixisset
3549 708 3778 780 Aposto-

2193 769 2276 825 lus
2303 774 2443 842 quod
2473 777 2639 833 simus
2660 784 2971 841 naturaliter
2993 788 3084 843 ﬁlii
3110 792 3222 859 irin,
3250 795 3476 854 alienata
3503 813 3644 858 esset
3664 808 3778 862 ani-

2191 878 2277 919 ma
2298 881 2390 918 ore
2414 868 2653 938 Apostoli
2677 888 2703 926 a
2734 874 2864 931 Deo.
2889 878 2954 933 Et
2982 879 3080 935 hac
3104 885 3263 939 modo
3286 894 3341 941 tu
3368 892 3570 948 ratione
3594 906 3775 953 osten-

2190 956 2273 1011 dis
2308 960 2446 1029 quod
2487 965 2661 1019 anima
2702 982 2807 1022 non
2838 971 2907 1025 sit
2944 973 3067 1040 Dei;
3100 977 3219 1046 quia
3255 985 3571 1053 naturaliter,
3605 989 3775 1060 inquit

2189 1051 2496 1121 Apostolus,
2519 1074 2689 1112 sumus
2711 1061 2807 1129 ﬁlii
2827 1063 2934 1118 ine.
2958 1064 3013 1121 Si
3035 1083 3159 1123 vero
3181 1074 3469 1130 secundum
3493 1051 3633 1149 quod
3662 1051 3775 1154 lege

2187 1142 2469 1200 tenebatur
2495 1148 2634 1204 idem
2664 1156 2952 1221 apostolus,
2980 1174 3043 1213 ex
3061 1164 3266 1221 semine
3292 1142 3541 1235 Abrahae,
3573 1183 3630 1229 ut
3660 1142 3774 1246 ipse

2184 1245 2540 1306 contestatur,
2570 1242 2901 1303 descendens
2936 1250 3122 1321 (Rom.
3158 1273 3235 1325 xi,
3269 1261 3370 1331 l);
3406 1274 3613 1321 constat
3647 1242 3771 1325 eum

2184 1331 2531 1399 corporaliter
2556 1333 2776 1404 dixisse,
2802 1352 2899 1395 nos
2926 1341 3089 1400 fuisse
3119 1348 3258 1403 ﬁlios
3282 1352 3396 1420 irae,
3425 1356 3559 1412 sicut
3586 1369 3639 1413 et
3666 1376 3771 1416 ca:-

2183 1425 2347 1475 teros.
2379 1423 2585 1479 Animte
2618 1443 2748 1483 vero
2786 1431 3133 1492 substantiam
3174 1444 3404 1499 ostendit
3431 1449 3569 1517 quod
3606 1451 3676 1505 sit
3698 1450 3770 1508 ex

2180 1509 2323 1579 Deo,
2356 1522 2410 1568 et
2446 1517 2678 1573 animam
2719 1522 2875 1578 aliter
2909 1542 3012 1581 non
3052 1545 3211 1599 posse
3248 1539 3580 1596 reconciliari
3621 1543 3765 1613 Deo,

2179 1601 2281 1657 nisi
2311 1619 2405 1672 per
2432 1610 2739 1678 magistrum
2770 1615 2860 1684 qui
2889 1628 2969 1673 est
3000 1620 3241 1680 Christus
3281 1627 3455 1683 Jesus.
3490 1601 3767 1692 Interfecta

2176 1694 2319 1749 enim
2359 1697 2661 1769 inimicitia,
2704 1705 2981 1767 videbatur
3023 1715 3195 1769 anima
3244 1718 3457 1791 indigna
3500 1728 3767 1786 exstitisse

2176 1785 2308 1843 Deo.
2341 1788 2445 1845 Sed
2473 1793 2590 1862 quia
2622 1798 2781 1852 missa
2810 1811 2924 1866 est,
2958 1804 3059 1860 hoc
3097 1785 3446 1880 conﬁtemur,
3477 1829 3508 1869 a
3538 1816 3645 1872 Deo
3682 1827 3766 1872 ta-

2174 1892 2298 1934 men
2327 1884 2691 1953 omnipotente
2711 1931 2727 1955 ,
2758 1898 2814 1945 et
2849 1894 3106 1964 originem
3144 1900 3394 1972 trahens,
3421 1914 3476 1960 et
3503 1908 3666 1964 missa
3695 1911 3764 1967 ad

2174 1970 2339 2040 ipsius
2382 1976 2708 2035 voluntatem
2746 1987 3181 2056 consignandam.
3222 1970 3676 2061 Quemadmodum
3708 2011 3763 2059 et

2173 2062 2501 2124 Salvatorem
2532 2072 2799 2130 Christum
2829 2080 3095 2137 credimus
3128 2083 3197 2139 de
3230 2088 3369 2142 caelo
3394 2092 3635 2159 venisse,
3662 2109 3760 2149 vo-

2171 2156 2426 2216 luntatem
2467 2164 2639 2221 Patris
2676 2172 2965 2241 complere.
2995 2176 3123 2243 Qua:
3156 2181 3401 2239 voluntas
3435 2156 3761 2247 Patris-hare

2171 2261 2317 2319 erat,
2362 2258 2564 2314 animas
2606 2271 2815 2319 nostras
2852 2266 2920 2321 de
2959 2270 3144 2326 eadem
3188 2274 3457 2331 inimicitia
3495 2280 3754 2349 liberare,

2170 2343 2445 2401 interfecta
2477 2351 2661 2407 eadem
2693 2355 2984 2413 inimicitia.
3014 2363 3143 2428 Qum
3177 2367 3221 2419 si
3258 2368 3482 2425 adversa
3515 2371 3623 2427 Deo
3650 2390 3757 2431 non

2167 2432 2383 2504 fuisset,
2415 2456 2513 2496 nec
2542 2443 2814 2503 inimicitia
2845 2465 3122 2510 vocaretur
3160 2457 3246 2513 ubi
3278 2471 3394 2516 erat
3422 2466 3625 2534 unitas,
3656 2483 3755 2525 nec

2166 2524 2465 2586 interfectio
2490 2533 2757 2593 diceretur
2781 2551 2873 2596 aut
2901 2543 3053 2600 ﬁeret
3082 2548 3173 2603 ubi
3197 2551 3301 2605 vita
3332 2564 3469 2609 erat.

2174 2672 2175 2675 η
2238 2621 2324 2675 18.
2358 2624 2490 2679 Anc.
2519 2627 2651 2683 dixit
2681 2648 2694 2685 :
2720 2632 2987 2691 Memento
3019 2640 3161 2709 quod
3202 2643 3487 2712 Apostolus
3523 2648 3747 2719 dixerit,

2163 2718 2571 2774 conversatione
2598 2736 2695 2777 nos
2724 2725 2982 2782 alienatos
3013 2746 3041 2783 a
3069 2730 3179 2787 Deo
3208 2749 3347 2791 esse.

2232 2807 2403 2864 Fonr.
2432 2810 2564 2867 dixit
2593 2832 2605 2867 :
2640 2815 2816 2873 Trado
2843 2834 2942 2889 ego
2971 2821 3102 2878 duas
3128 2826 3448 2884 substantias
3477 2831 3660 2889 fuisse.
3691 2834 3748 2891 ln

2159 2898 2292 2956 lucis
2332 2904 2623 2961 substantia
2660 2907 2844 2965 haberi
2886 2914 3083 2982 Deum,
3116 2927 3171 2972 ut
3207 2924 3448 2990 superius
3480 2925 3743 2997 diximus,

2158 2991 2612 3065 incorruptibilem
2647 3019 2661 3054 :
2694 3002 2856 3059 fuisse
2884 3023 3012 3062 vero
3039 3015 3358 3069 contrariam
3389 3026 3630 3075 naturam
3660 3032 3744 3078 te-

2156 3085 2440 3143 nebrarum
2461 3132 2474 3156 ,
2505 3107 2624 3147 eam
2654 3111 2807 3163 quam
2839 3100 3027 3156 virtute
3057 3103 3316 3161 Dei'vinci
3348 3108 3504 3167 hodie
3532 3129 3744 3186 quoque

2154 3178 2445 3245 conﬁteor,
2492 3192 2545 3237 et
2585 3186 2651 3239 ad
2700 3204 2873 3244 meum
2922 3210 3223 3264 regressum
3265 3202 3580 3272 salvatorem
3622 3223 3741 3266 esse

2152 3269 2420 3329 Christum
2451 3278 2723 3345 emissum,
2754 3292 2810 3337 ut
2833 3294 2957 3340 ante
2982 3287 3119 3343 idem
3151 3269 3538 3362 apostoluslait.

2223 3365 2311 3420 t9.
2339 3367 2473 3423 Anc.
2503 3369 2635 3425 dixit
2660 3391 2672 3425 :
2695 3372 3008 3434 Rationibus
3032 3390 3088 3435 ut
3112 3382 3495 3443 discuteremus
3514 3389 3736 3450 duarum

2148 3466 2456 3514 naturarum
2496 3462 2686 3531 ﬁdem,
2724 3466 3025 3537 impositum
3065 3484 3145 3528 est
3182 3476 3250 3531 ab
3288 3477 3351 3532 iis
3380 3482 3470 3550 qui
3509 3498 3606 3538 nos
3638 3501 3735 3540 au-

2147 3550 2315 3606 diunt.
2349 3552 2453 3609 Sed
2483 3559 2730 3627 quoniam
2763 3560 2828 3615 ad
2858 3562 3157 3633 Scripturas
3197 3569 3387 3625 iterum
3417 3575 3730 3647 confugisti,

2145 3645 2211 3700 ad
2239 3662 2330 3701 eas
2357 3663 2455 3718 ego
2483 3649 2778 3719 descendo,
2811 3668 2874 3708 ac
2910 3656 3035 3710 nihil
3076 3645 3596 3727 praetermittendum
3612 3686 3733 3731 esse

2144 3740 2355 3807 postulo
2374 3782 2389 3805 ,
2420 3758 2488 3797 ne
2513 3744 2826 3813 quibusdam
2854 3750 3113 3819 capitibus
3139 3763 3375 3825 utentes,
3407 3760 3625 3818 nebulas
3650 3766 3729 3820 af-

2142 3830 2376 3887 feramus
2398 3834 2475 3888 eis
2499 3837 2689 3904 quibus
2714 3848 2851 3894 notae
2877 3839 3164 3913 Scriptura:
3192 3862 3295 3901 non
3324 3860 3463 3905 sunt.
3488 3853 3530 3907 Α
3559 3856 3730 3924 capite

2139 3922 2298 3993 igitur
2319 3924 2459 3994 quod
2490 3927 2650 3983 habet
2673 3930 2962 3998 Apostolus
2989 3936 3039 3988 in
3068 3935 3303 4005 Epistola
3323 3956 3418 3997 sua
3443 3944 3508 3999 ad
3535 3922 3730 4001 Itoma-

2138 4032 2238 4071 nos
2262 4018 2682 4076 consideremus.
2708 4022 2764 4076 ln
2793 4025 2959 4092 prima
2985 4028 3123 4082 enim
3151 4030 3338 4100 pagina
3366 4044 3447 4089 est
3472 4038 3611 4106 quod
3640 4056 3729 4096 νε-

2136 4107 2416 4166 hementer
2450 4124 2634 4168 contra
2664 4131 2759 4169 vos
2791 4126 2894 4171 est.
2934 4120 3067 4174 Dicit
3101 4123 3240 4176 enim
3276 4142 3288 4176 :
3324 4124 3523 4181 Paulus
3559 4148 3727 4188 servus

2134 4201 2322 4257 Citriin
2340 4204 2485 4271 Jesu,
2514 4216 2717 4260 vocatus
2736 4210 3015 4277 apostolus,
3038 4200 3298 4283 separatus
3318 4218 3370 4269 in
3390 4216 3584 4291 Evango
3600 4224 3723 4277 limn

2136 4294 2230 4350 Dei
2245 4298 2286 4361 ‘,
2308 4298 2442 4367 quod
2465 4307 2581 4351 ante
2607 4300 2902 4368 promiserat
2929 4319 3018 4371 per
3044 4302 3327 4375 PrOphetas
3347 4327 3466 4364 suos
3492 4313 3543 4366 in
3574 4314 3722 4369 Scri-

2131 4387 2295 4456 pturis
2323 4389 2529 4451 sanctis,
2563 4390 2625 4443 (le
2654 4388 2791 4445 Filio
2820 4408 2931 4460 suo,
2963 4396 3051 4465 qui
3079 4398 3239 4467 factus
3269 4409 3341 4452 est
3370 4402 3414 4454 ei
3443 4419 3504 4457 ea:
3532 4408 3721 4462 semine

2129 4476 2298 4530 David
2337 4479 2610 4533 secundum
2652 4497 2889 4550 carnem,
2920 4486 3010 4555 qui
3039 4487 3422 4558 prtedestinatus
3455 4503 3528 4548 est
3555 4495 3603 4549 [θ
3606 4498 3720 4552 ilius

2127 4568 2226 4625 Dei
2245 4573 2298 4625 in
2321 4572 2520 4641 virtute,
2548 4575 2821 4629 secundum
2848 4578 3085 4646 spiritum
3111 4580 3523 4649 sanctiﬁcationis
3548 4605 3609 4641 ea:
3636 4607 3717 4642 rc-

2125 4666 2435 4719 surrectione
2453 4676 2768 4721 mortuorum
2786 4667 2819 4721 Ι
2825 4685 2909 4723 esu
2928 4669 3113 4726 Christi
3161 4672 3367 4729 Domini
3408 4680 3565 4731 nostri
3587 4678 3607 4752 (
3626 4680 3711 4734 1d.

2124 4770 2175 4822 ι,
2208 4755 2363 4827 1-4).
2401 4755 2655 4811 Videmus
2688 4759 2998 4826 Apostolum
3037 4761 3101 4815 de
3143 4763 3366 4820 Domino
3405 4778 3587 4823 nostro
3618 4787 3713 4825 nos

2123 4845 2351 4913 docere,
2383 4856 2441 4901 ut
2468 4857 2522 4901 et
2548 4849 2739 4903 virtute
2774 4850 2865 4905 Dei
2896 4862 3020 4907 ante
3053 4868 3269 4909 carnem
3308 4858 3711 4928 prmdestinatus

2120 4938 2313 5006 fuerit,
2346 4949 2399 4994 et
2433 4941 2723 4995 secundum
2758 4957 2975 4998 carnem
3011 4944 3177 5002 factus
3215 4949 3282 5003 sit
3318 4951 3367 5005 ei
3405 4966 3471 5006 ex
3508 4956 3711 5010 semine

2119 5033 2306 5089 David.
2348 5033 2460 5088 Hoc
2495 5049 2588 5088 vos
2625 5049 2745 5089 cum
2784 5052 2996 5107 semper
3036 5042 3351 5110 negaveritis
3380 5053 3434 5098 et
3470 5048 3705 5115 negetis,

2117 5125 2385 5197 quomodo
2415 5126 2718 5197 Scripturas
2756 5128 3005 5200 flagitatis
3025 5174 3041 5200 ,
3070 5142 3127 5188 ut
3161 5135 3450 5191 secundum
3486 5153 3577 5192 eas
3606 5154 3706 5208 po-

2118 5219 2222 5274 tius
2248 5219 2606 5275 disseramus?

2187 5311 2353 5366 Fon'r.
2381 5312 2513 5367 dixit
2540 5332 2551 5367 :
2577 5311 2880 5369 Secundum
2906 5331 3122 5371 carnem
3147 5318 3382 5373 asseritis
3408 5336 3470 5375 ex
3499 5324 3702 5381 semine

2115 5405 2302 5475 David,
2325 5421 2445 5461 cum
2469 5403 2788 5477 praedicetur
2805 5423 2870 5463 ex
2892 5408 3093 5479 virgine
3115 5425 3232 5465 esse
3254 5422 3406 5467 natus
3432 5415 3581 5483 (lsai.
3606 5432 3697 5487 vn,

2176 5568 2194 5599 ⁸
2228 5569 2310 5617 Hic
2329 5580 2394 5616 ex
2418 5575 2521 5634 Mss.
2546 5568 2851 5634 restituimus
2888 5568 3008 5634 haec
3030 5571 3201 5634 verba,
3225 5585 3342 5634 quos
3364 5574 3696 5629 reconciliatos

2111 5629 2229 5682 dicit
2257 5638 2368 5679 Deo.
2394 5628 2443 5678 si
2463 5641 2578 5692 ergo
2607 5628 2893 5679 naturaliter
2915 5628 3009 5693 ﬁlii
3036 5630 3129 5681 ira:
3142 5628 3278 5683 erant
3298 5648 3315 5697 ;
3337 5650 3449 5699 qua:
3471 5640 3519 5687 tn
3546 5628 3691 5689 editis

2105 5694 2365 5759 de?“‘“:-,,
2436 5752 2459 5759 ,λ
2496 5736 2571 5759 ....
2627 5736 2688 5759 ιλ..
2726 5743 2771 5759 ιι.
2821 5744 2833 5759 λ
2932 5754 2949 5759 ,,

2172 5736 2410 5814 nam”
2432 5736 2798 5813 Westittatiu
2814 5744 2866 5805 tn
2886 5747 3194 5817 mnum
3216 5753 3322 5809 oet.
