4082 6448
189 347 293 404 I2!

194 463 313 530 IS),
341 466 400 514 et
424 455 591 513 Filius
611 453 707 510 Dei
736 449 1120 522 magniﬁcetur.
1143 447 1286 504 Fieri
1305 445 1448 502 enim
1475 461 1584 500 non
1607 454 1800 518 potest,

195 555 299 609 nisi
328 560 393 605 ut
417 548 564 620 quod
592 547 661 602 de
685 545 876 616 spiritu
900 551 999 607 est,
1035 542 1250 612 spiritus
1276 539 1564 603 habeatur;
1588 549 1642 594 et
1667 539 1809 609 quod

198 648 266 702 de
295 658 466 700 carne
497 649 583 696 est
604 682 620 705 ,
653 653 778 693 caro
809 636 1126 705 intelligatur
1156 634 1346 706 (Joan.
1375 648 1466 696 ιιι,
1497 631 1584 701 6).
1613 631 1811 686 Contra

201 736 348 808 quod
377 743 465 789 est
509 733 626 802 ipsa
671 729 960 785 auctoritas
994 726 1266 796 Evangelii
1295 741 1396 794 qua
1427 724 1637 789 dicitur,
1669 723 1812 794 quod

203 846 325 884 caro
353 837 404 882 ει
428 826 641 896 sanguis
670 837 880 894 regnum
910 819 1007 873 Dei
1032 836 1131 874 non
1158 817 1500 890 possidebunt,
1526 833 1683 887 neque
1701 831 1815 870 cor-

205 922 378 992 ruptio
404 917 809 988 incorruptelam
839 912 1106 985 possidebit
1137 911 1189 982 (Ι
1215 909 1333 967 Cor.
1366 926 1454 977 xv,
1486 910 1600 979 50).

276 1015 383 1070 Hic
421 1013 682 1082 strepitus
717 1008 889 1064 factus
916 1015 998 1062 est
1025 1021 1056 1060 a
1082 1004 1510 1068 considentibus,
1538 1003 1628 1073 qui
1655 1001 1817 1058 ratio‘

206 1107 372 1162 nibus
411 1105 593 1173 potius
637 1101 720 1171 agi
755 1100 1049 1154 volebant:
1085 1098 1207 1167 quia
1251 1095 1501 1150 videbant
1541 1109 1664 1148 eum
1709 1107 1817 1148 non

207 1198 394 1252 omnia
424 1211 549 1265 qum
577 1195 632 1247 in
660 1191 899 1263 Apostoli
926 1189 1108 1244 codice
1137 1189 1331 1258 scripta
1363 1192 1523 1255 sunt,
1553 1187 1692 1242 velle
1723 1200 1814 1241 ac-

211 1289 410 1356 cipere.
448 1284 660 1340 Deinde
697 1284 891 1353 passim
933 1280 1306 1336 sermocinatio
1341 1280 1407 1334 ab
1445 1279 1692 1334 omnibus
1720 1279 1818 1332 ha-

210 1381 324 1434 beri
350 1377 544 1447 ccepit,
573 1390 850 1446 quousque
875 1373 1075 1428 diceret
1105 1386 1406 1426 sermonem
1455 1371 1547 1424 Dei
1603 1370 1819 1440 ligatum

213 1484 330 1525 esse
372 1469 424 1522 in
467 1476 634 1538 gente
669 1465 1029 1520 tenebrarum.
1067 1463 1220 1530 Quod
1255 1477 1376 1516 cum
1415 1461 1822 1516 exhorruissent

213 1561 304 1630 qui
329 1559 582 1620 aderant,
608 1558 901 1612 discessum
928 1563 1029 1611 est.

536 1717 946 1774 DISPUTATIO
984 1716 1323 1774 SECUND/E
1366 1717 1519 1771 DIEI.

298 1812 518 1867 Postera
538 1811 629 1865 die
648 1811 888 1865 adhibito
908 1811 1099 1864 iterum
1125 1809 1352 1874 notario,
1376 1824 1464 1864 res
1484 1817 1600 1864 acta
1622 1809 1698 1863 sic
1717 1817 1818 1864 est.

293 1903 466 1958 Fosr.
499 1902 638 1958 dixit
668 1920 681 1956 :
718 1901 847 1956 Dico
876 1901 1015 1972 quod
1055 1901 1188 1955 nihil
1226 1900 1350 1955 mali
1389 1915 1456 1955 ex
1492 1915 1552 1956 se
1595 1901 1824 1970 proferat

219 1995 365 2053 Deus
397 1995 781 2064 omnipotens,
813 2000 869 2048 et
897 1992 1038 2062 quod
1069 2007 1187 2062 quae
1223 2006 1316 2046 sua
1360 1999 1482 2046 sunt
1520 1992 1824 2062 incorrupta

216 2094 497 2152 maneant,
529 2101 639 2140 uno
664 2099 731 2141 ex
761 2083 908 2138 fonte
933 2083 1222 2138 inviolabili
1252 2092 1367 2137 orta
1393 2091 1447 2138 et
1472 2084 1646 2152 genita
1677 2100 1690 2136 :
1715 2098 1822 2138 ca:-

219 2188 337 2235 tera
361 2194 495 2234 vero
521 2194 640 2249 qua:
667 2179 720 2232 in
751 2179 854 2232 hoc
882 2177 1081 2231 mundo
1103 2184 1386 2231 versantur
1407 2177 1692 2242 contraria,
1717 2191 1824 2232 non

221 2285 286 2326 ex
325 2271 439 2326 Deo
482 2284 734 2337 manare,
773 2284 874 2323 nec
914 2269 1151 2338 principe
1186 2268 1296 2322 Deo
1321 2268 1338 2299 ¹
1373 2268 1609 2338 paruisse
1639 2269 1691 2321 in
1724 2270 1826 2323 hoc

224 2362 458 2427 mulo,
499 2362 551 2416 id
582 2370 699 2428 est,
727 2360 868 2431 quod
904 2374 1008 2414 non
1046 2375 1114 2414 ex
1149 2359 1263 2429 ipso
1301 2359 1559 2428 originem
1590 2358 1820 2413 trahant.

226 2456 349 2510 llaec
381 2470 520 2526 ergo
553 2455 608 2509 in
645 2453 748 2509 ﬁde
785 2453 1114 2522 suscepimus
1133 2493 1148 2518 ,
1180 2449 1322 2521 quod
1349 2450 1520 2505 aliena
1551 2450 1659 2505 sint
1687 2449 1826 2505 mala

227 2549 416 2602 aDeo.

293 2640 384 2695 20.
413 2643 550 2697 Aac.
577 2638 746 2694 dixit:
771 2637 840 2693 Et
863 2644 1042 2692 nostra
1067 2635 1198 2691 ﬁdes
1222 2634 1338 2692 haec
1362 2642 1465 2700 est,
1489 2633 1631 2706 quod
1655 2634 1826 2688 malo-

227 2747 345 2788 rum
364 2733 580 2802 genitor
601 2745 705 2785 non
726 2730 794 2784 sit
815 2730 975 2794 Deus,
997 2743 1170 2798 neque
1191 2728 1354 2782 ullam
1376 2736 1616 2782 naturam
1639 2727 1827 2782 fecerit

230 2826 445 2879 malam.
480 2822 590 2878 Sed
617 2837 738 2877 cum
776 2831 999 2891 uterque
1037 2830 1279 2874 nostrum
1314 2819 1615 2874 consentiat
1645 2819 1824 2872 incor-

231 2915 540 2984 ruptibilem
565 2915 732 2968 Deum
753 2920 808 2967 et
837 2911 1363 2981 incoinquinabilem,
1388 2909 1723 2980 prudentium
1746 2916 1826 2964 est

233 3007 499 3061 aestimare
524 3014 580 3058 et
606 3003 862 3068 ﬁdelium,
887 3017 1006 3072 quae
1031 3001 1099 3055 sit
1118 3001 1250 3055 ﬁdes
1271 3001 1452 3070 purior
1473 3008 1528 3055 et
1553 3000 1829 3069 majestate

231 3099 322 3153 Dei
344 3098 556 3167 dignior
579 3117 594 3152 :
623 3097 709 3149 illa
735 3095 823 3150 ubi
850 3094 1125 3158 asseritur,
1153 3092 1240 3146 vel
1269 3093 1438 3146 virtus
1462 3091 1576 3158 Dei,
1600 3092 1680 3146 vel
1706 3105 1828 3160 pars

231 3191 403 3259 aliqua
434 3189 567 3252 Dei,
599 3187 685 3243 vel
713 3200 891 3242 sermo
918 3185 1011 3238 Dei
1040 3198 1194 3254 posse
1218 3182 1569 3247 commutari,
1603 3183 1788 3237 violari
1808 3224 1824 3248 ,

229 3280 536 3350 corrumpi,
570 3278 721 3348 ligari
745 3295 761 3344 ;
797 3291 866 3330 an
897 3290 961 3330 ea
990 3274 1078 3328 ubi
1107 3274 1301 3328 dicitur
1324 3282 1380 3328 et
1407 3274 1827 3343 omnipotentem

230 3371 404 3425 Deum
433 3378 487 3424 et
511 3350 728 3422 omnEm
758 3367 925 3437 ipsius
952 3374 1198 3420 naturam
1226 3375 1279 3420 et
1306 3364 1655 3419 substantiam
1685 3364 1829 3450 nulla

229 3473 385 3534 parte
412 3477 646 3532 unquam
687 3475 849 3531 posse
877 3457 1182 3527 corrumpi,
1209 3457 1304 3513 sed
1333 3457 1470 3511 mala
1495 3470 1614 3511 esse
1637 3457 1830 3510 volun-

232 3558 370 3610 tario
410 3560 647 3626 peccato
671 3553 895 3619 animae,
925 3550 1009 3605 cui
1047 3547 1194 3605 dedit
1233 3549 1372 3603 Deus
1415 3548 1640 3602 liberum
1683 3546 1829 3601 arbi-

230 3650 413 3704 trium.
444 3647 599 3716 Quod
630 3646 860 3700 liberum
887 3643 1165 3698 arbitrium
1196 3641 1240 3695 si
1269 3655 1372 3695 non
1400 3640 1636 3695 dedisset
1663 3640 1828 3708 Deus,

224 3741 489 3811 judicium
530 3736 784 3808 puniendi
827 3735 1030 3790 nullum
1067 3733 1270 3804 justum
1309 3747 1429 3787 esse
1473 3738 1686 3802 posset,
1730 3744 1832 3786 nec

226 3833 486 3888 meritum
529 3838 676 3886 recte
711 3827 972 3894 faciendi,
1005 3841 1105 3881 nec
1143 3831 1467 3894 praeceptum
1489 3821 1746 3876 'divinum
1774 3828 1833 3875 ut

225 3933 487 3996 ageretur
511 3919 817 3992 poenitentia
845 3919 913 3974 de
938 3919 1206 3988 peccatis;
1240 3929 1338 3970 nec
1367 3913 1480 3984 ipsa
1505 3912 1831 3981 indulgentia

222 4024 611 4088 peccatorum,
638 4027 787 4080 quam
814 4009 969 4064 nobis
995 4009 1135 4062 Deus
1165 4020 1259 4076 per
1280 4004 1562 4058 Dominum
1590 4013 1830 4056 nostrum

223 4106 431 4162 Jesum
461 4102 727 4156 Christum
753 4101 981 4154 donavit.
1009 4098 1141 4165 Quia
1167 4097 1256 4166 qui
1281 4111 1390 4150 non
1413 4093 1681 4148 voluntate
1711 4109 1834 4162 pec—

227 4206 351 4258 cat,
386 4209 499 4249 non
529 4201 727 4263 peccat.
759 4192 870 4246 Hoc
908 4189 1138 4244 arbitror
1167 4185 1412 4242 omnibus
1441 4194 1682 4253 apertum
1713 4199 1832 4238 esse

231 4297 393 4356 atque
416 4285 775 4357 perspicuum.
801 4282 1137 4351 Quapmpter
1162 4293 1264 4332 non
1292 4291 1390 4330 nos
1415 4291 1632 4330 movere
1651 4275 1828 4341 debet,

233 4382 279 4434 si
307 4380 485 4448 aliqua
524 4379 579 4432 in
623 4377 686 4431 iis
720 4392 840 4446 qua:
877 4377 1015 4430 Deus
1055 4372 1181 4427 fecit
1214 4371 1435 4424 molesta
1476 4369 1708 4438 patimur
1735 4382 1833 4436 pro

237 4473 440 4527 meritis
470 4471 690 4525 nostris.
723 4468 874 4525 Sicut
904 4468 1045 4522 enim
1078 4465 1168 4519 ille
1206 4463 1376 4516 bonus
1401 4469 1514 4525 est,
1545 4469 1603 4515 ut
1628 4460 1832 4515 consti-

235 4572 407 4619 tueret
432 4561 650 4627 omnia;
683 4560 762 4615 sic
784 4560 960 4630 justus
988 4565 1104 4623 est,
1134 4561 1194 4609 ut
1221 4552 1455 4623 peccatis
1484 4566 1590 4604 non
1630 4559 1831 4621 parcat.

235 4658 369 4726 Quae
391 4665 634 4726 peccata,
666 4663 727 4709 ut
749 4654 878 4717 dixi,
910 4652 1012 4706 nisi
1039 4649 1205 4704 libera
1228 4646 1470 4700 voluntas
1497 4652 1639 4698 esset
1661 4643 1710 4696 in
1738 4658 1835 4698 no-

236 4751 350 4814 bis,
379 4759 600 4820 peccata
629 4761 737 4802 non
770 4753 970 4802 essent.
998 4741 1056 4798 Si
1083 4741 1202 4811 quis
1239 4737 1381 4794 enim
1401 4778 1416 4803 ,
1451 4735 1599 4790 verbi
1637 4748 1794 4788 causa
1815 4774 1830 4799 ,

233 4841 487 4912 ligaretur
511 4839 582 4894 ab
607 4838 787 4908 aliquo
815 4835 1022 4891 caeteris
1049 4829 1327 4896 membris,
1357 4836 1410 4882 et
1433 4826 1501 4881 de
1529 4839 1687 4880 manu
1718 4824 1834 4894 ejus

233 4931 426 4986 falsum
458 4930 786 4985 scriberetur
814 4929 930 4982 sine
958 4925 1074 4995 ejus
1109 4922 1321 4994 prepria
1349 4920 1654 4984 voluntate;
1683 4932 1832 4986 quae-

232 5041 313 5090 ro,
342 5025 386 5078 si
417 5024 522 5077 hoc
547 5021 713 5091 judici
738 5020 1033 5090 pateﬁeret,
1061 5024 1242 5086 posset
1267 5013 1410 5067 hunc
1439 5011 1706 5064 hominem
1737 5008 1834 5064 fal-

229 5115 403 5168 sitatis
427 5113 658 5168 crimine
681 5105 1071 5166 condemnare?
1096 5106 1270 5173 Quare
1293 5103 1338 5157 si
1366 5100 1700 5156 manifestum
1727 5107 1830 5167 est,

231 5217 510 5277 peccatum
542 5220 648 5260 non
675 5218 796 5258 esse
825 5201 912 5255 ubi
943 5215 1046 5254 non
1070 5207 1152 5253 est
1181 5197 1405 5252 liberum
1432 5193 1720 5247 voluntatis
1747 5207 1834 5246 ar-

232 5299 472 5362 bitrium,
497 5299 625 5352 volo
647 5296 852 5360 audire,
877 5294 1074 5358 anima,
1101 5304 1259 5362 quam
1287 5287 1460 5342 dicitis
1487 5293 1578 5340 aut
1602 5293 1825 5354 partem,

232 5401 320 5443 aut
344 5392 621 5456 virtutem,
653 5396 745 5442 aut
769 5399 1092 5447 sermonem,
1125 5389 1216 5436 aut
1243 5378 1384 5433 aliud
1415 5375 1686 5447 quodlibet
1715 5375 1827 5444 Dei,

231 5482 354 5551 quid
383 5481 512 5534 mali
543 5479 750 5545 fecerit,
772 5488 882 5532 uta
912 5477 1022 5532 Deo
1047 5475 1316 5546 puniatur,
1343 5479 1433 5524 aut
1463 5468 1829 5538 paenitentiam

229 5585 350 5644 agat
387 5574 629 5644 peccati,
669 5583 764 5629 aut
796 5572 1007 5628 veniam
1046 5576 1349 5630 mereatur;
1387 5579 1508 5620 cum
1548 5561 1680 5617 nihil
1715 5561 1828 5633 ipsa

231 5668 562 5737 peccaverit.

229 5834 280 5893 Η
295 5776 838 5905 mmmam
862 5785 981 5832 Deo:
1005 5773 1175 5833 Melius
1188 5780 1319 5836 Mss.,
1336 5783 1425 5828 nec
1447 5766 1666 5838 ννίηοίρο
1690 5776 1829 5835 οεοὸ

1449 329 1854 388 DISPUTATIO
1887 331 2224 391 SECUNDA.

3387 351 3493 407 ω

1989 452 2152 507 Forrr.
2172 453 2304 509 dixit
2327 471 2340 509 :
2363 455 2440 512 De
2460 457 2768 516 substantiis
2789 465 3060 534 proposui,
3077 467 3216 537 quod
3237 467 3496 528 bonorum

1916 548 2283 602 tantummodo
2304 547 2444 604 Deus
2462 561 2688 618 creator,
2712 555 2852 610 ultor
2872 572 2998 612 vero
3018 559 3277 616 malorum
3305 561 3498 620 habea-

1918 646 2032 704 tur,
2061 653 2126 692 eo
2159 642 2298 709 quod
2334 642 2468 696 mala
2495 659 2559 699 ex
2597 638 2711 716 ipso
2740 648 2998 704 non‘sint.
3035 651 3222 708 Merito
3245 663 3379 726 ergo
3399 655 3500 713 hoc

1919 732 2091 784 sentio
2109 773 2122 796 ,
2150 741 2204 787 et
2231 733 2410 789 ulcisci
2437 737 2602 809 Deum
2628 739 2764 794 mala
2785 783 2798 805 ,
2827 743 2949 812 quia
2979 759 3055 799 ex-
3079 745 3193 815 ipso
3222 763 3327 802 non
3355 760 3496 806 sunt.

1918 822 2183 910 Caeterum
2207 826 2250 879 si
2271 841 2336 880 ex
2356 826 2473 896 ipso
2493 841 2690 895 essent,
2714 842 2802 887 aut
2820 833 2972 890 daret
2991 836 3254 894 licentiam
3276 855 3502 910 peccau-

1920 914 2000 982 di,
2029 907 2166 986 quod
2195 918 2328 972 dicis
2356 919 2580 975 liberum
2607 925 2881 980 arbitrium
2908 928 3119 985 dedisse
3144 907 3340 998 Deum,
3369 942 3502 987 eon‘

1921 1021 2108 1062 sensor
2136 1009 2245 1079 jam
2283 1011 2647 1068 inveniebatur
2679 1016 2852 1073 delicti
2890 1021 3022 1087 mei,
3056 1037 3120 1076 eo
3149 1022 3291 1092 quod
3325 1023 3504 1079 delicti

1921 1101 2026 1155 mei
2067 1110 2253 1156 auctor
2287 1113 2432 1159 esset
2461 1120 2474 1157 :
2503 1114 2596 1160 aut
2623 1108 2870 1178 ignorans
2908 1113 3032 1182 quid
3073 1113 3278 1168 futurus
3304 1130 3500 1180 essem,

1922 1193 2291 1265 delinqueret1
2311 1239 2326 1264 ,
2359 1213 2517 1268 quem
2557 1199 2672 1269 ipse
2713 1217 2816 1256 non
2844 1218 2902 1259 se
2931 1205 3148 1275 dignum
3183 1208 3503 1265 institueret.

1923 1283 2036 1339 Hoc
2083 1300 2210 1356 ergo
2253 1290 2583 1358 propositum
2623 1300 2705 1347 est
2742 1308 2772 1346 a
2812 1309 2916 1360 me,
2961 1306 3017 1350 et
3062 1299 3202 1367 quod
3237 1298 3508 1370 interrogo

1924 1391 2085 1441 nunc,
2117 1386 2290 1432 utrum
2319 1381 2457 1436 Deus
2483 1383 2618 1436 mala
2650 1384 2978 1454 instituerit,
3025 1403 3222 1456 necne;
3252 1400 3307 1445 et
3330 1401 3506 1446 utrum

1925 1469 2038 1537 ipse
2069 1469 2225 1524 ﬁnem
2268 1473 2527 1528 malorum
2573 1476 2884 1532 instituerit.
2918 1466 3125 1533 Etenim
3156 1497 3272 1550 quae
3298 1483 3364 1536 ab
3392 1483 3508 1551 ipso

1925 1560 2156 1615 diximus
2181 1561 2315 1617 facta
2341 1579 2480 1630 esse,
2509 1573 2566 1620 ut
2591 1567 2780 1637 opiﬁce
2810 1569 2940 1635 Dec,
2981 1571 3057 1624 uti
3094 1571 3160 1626 ab
3194 1574 3307 1641 ipso
3330 1555 3524 1629 creata.

1926 1663 1981 1709 et
2008 1657 2183 1725 genita
2206 1657 2627 1728 incorruptibilia
2653 1661 2855 1725 haberi,
2887 1662 2970 1716 bis
2998 1663 3160 1719 rebus
3185 1675 3422 1734 apparet,
3455 1673 3512 1721 et

1928 1745 2058 1801 ﬁdes
2086 1749 2385 1818 evangelica
2416 1749 2591 1805 docet.
2623 1751 2748 1806 Haec
2771 1768 2870 1823 ego
2895 1762 2948 1824 ᾳ
2973 1757 3222 1824 proposui
3250 1772 3367 1825 quae
3387 1764 3513 1812 sunt

1927 1836 2250 1893 credulitatis
2292 1848 2509 1907 nostrae,
2544 1851 2600 1896 et
2624 1858 2742 1912 quae
2771 1854 2874 1898 ate
2904 1855 3126 1914 possunt
3160 1846 3211 1899 in
3255 1847 3354 1900 ista
3383 1862 3510 1916 pro-

1929 1927 2161 1985 fessione
2187 1941 2366 1987 nostra
2407 1933 2628 2000 ﬁrmari,
2654 1936 2725 1990 ita
2753 1943 2928 1992 tamen
2959 1946 3014 1992 ut
3038 1954 3143 1992 non
3171 1938 3308 1993 desit
3331 1950 3515 1996 aucto-

1929 2020 2056 2074 ritas
2087 2021 2208 2076 ﬁdei
2237 2023 2560 2080 ehristiante.
2590 2026 2659 2080 Et
2695 2029 2818 2098 quia
2847 2031 2992 2084 nullo
3021 2047 3215 2100 genere
3240 2042 3386 2088 recte
3427 2049 3514 2090 me

1929 2113 2150 2168 credere
2175 2116 2458 2173 ostendere
2485 2134 2723 2188 possum,
2769 2122 2868 2175 nisi
2915 2123 3154 2178 eamdem
3183 2120 3338 2179 ﬁdem
3368 2125 3514 2180 Scri-

1930 2217 2202 2279 pturarum
2243 2215 2558 2269 auctoritate
2605 2214 2928 2271 ﬁrmaverim
2955 2237 2968 2272 :
2993 2217 3044 2270 id
3091 2234 3217 2290 ergo
3252 2229 3333 2274 est
3373 2220 3515 2290 quod

1929 2301 2216 2369 insinuavi,
2257 2303 2395 2373 quod
2445 2304 2575 2359 dixi.
2624 2307 2729 2360 Aut
2773 2308 2818 2360 si
2859 2309 2993 2362 mala
3043 2319 3258 2364 auctore
3311 2311 3420 2364 Deo
3459 2312 3515 2367 in

1928 2393 2128 2448 mundo
2175 2404 2488 2464 paruerunt,
2521 2398 2620 2452 hoc
2670 2399 2786 2468 ipse
2832 2399 3014 2456 dicere
3058 2401 3278 2472 dignare
3311 2419 3324 2454 :
3353 2410 3443 2456 aut
3468 2402 3516 2458 si

1928 2495 2072 2540 recte
2096 2486 2331 2542 creditur
2357 2489 2492 2542 mala
2523 2504 2588 2543 ex
2617 2489 2730 2544 Deo
2757 2506 2860 2544 non
2887 2507 3028 2558 esse,
3063 2493 3164 2547 hoc
3188 2493 3346 2547 etiam
3374 2510 3516 2564 prae-

1928 2576 2156 2630 sentium
2209 2580 2588 2647 contemplatio
2639 2583 2885 2652 prosequi
2930 2583 3088 2638 debet
3127 2592 3181 2638 et
3222 2586 3512 2655 suscipere.

1929 2669 2005 2723 De
2050 2669 2358 2724 substantiis
2388 2671 2518 2736 dixi,
2566 2688 2671 2727 non
2713 2673 2781 2729 de
2822 2684 3040 2744 peccato
3081 2677 3222 2746 quod
3270 2678 3321 2731 in
3363 2677 3518 2734 nobis

1928 2773 2188 2819 versatur.
2221 2765 2275 2822 Si
2303 2767 2444 2821 enim
2474 2767 2732 2838 originem
2771 2785 2876 2823 non
2904 2769 3127 2825 haberet
3152 2771 3293 2841 quod
3322 2772 3518 2841 cogita-

1931 2872 2048 2912 mus
2075 2857 2267 2912 delicta
2296 2858 2506 2925 facere;
2539 2877 2646 2916 non
2675 2876 2992 2932 cogeremur
3019 2863 3085 2917 ad
3119 2873 3390 2933 peccatum
3409 2855 3520 2920 ve-

1931 2951 2067 3017 nire,
2100 2952 2183 3006 vel
2211 2952 2277 3006 ad
2306 2953 2576 3008 delictum.
2605 2955 2736 3010 Nam
2767 2956 2888 3026 quia
2932 2957 3080 3010 inviti
3119 2972 3418 3025 peccamus,
3463 2968 3520 3012 et

1931 3044 2173 3114 cogimur
2215 3059 2243 3098 a
2274 3048 2540 3100 contraria
2572 3055 2626 3102 et
2654 3048 2868 3102 inimica
2899 3048 3053 3102 nobis
3077 3048 3370 3102 substantia
3394 3090 3409 3115 ,
3437 3049 3520 3103 ul-

1932 3136 2076 3191 cireo
2100 3138 2373 3208 sequimur
2401 3139 2677 3195 scientiam
2706 3157 2906 3195 rerum.
2937 3140 3053 3208 Qua
3083 3141 3302 3196 scientia
3325 3141 3515 3196 admo-

1934 3230 2046 3284 nita
2073 3231 2250 3285 anima
2292 3242 2346 3287 et
2375 3234 2646 3288 memoriae
2672 3234 2910 3304 pristinae
2934 3234 3158 3299 reddita,
3189 3235 3520 3304 recognoscit

1933 3338 1998 3377 ex
2026 3339 2132 3393 quo
2161 3325 2419 3394 originem
2451 3327 2644 3393 trahat,
2672 3327 2723 3381 in
2745 3343 2851 3397 quo
2882 3329 3022 3382 malo
3038 3338 3302 3396 versetur,
3328 3330 3519 3399 quibus

1933 3414 2089 3470 bonis
2134 3416 2326 3471 iterum
2353 3419 2648 3474 emendans
2675 3419 2818 3490 quod
2849 3421 3036 3476 nolens
3065 3422 3319 3491 peccavit,
3353 3422 3521 3491 possit

1933 3516 2030 3571 per
2058 3503 2486 3560 emendationem
2503 3505 2815 3561 delictorum
2841 3523 3080 3574 suorum,
3100 3509 3360 3563 bonorum
3383 3523 3521 3578 ope-

1934 3613 2053 3652 rum
2084 3598 2248 3666 gratia
2271 3640 2284 3663 ,
2320 3600 2568 3654 meritum
2595 3600 2692 3654 sibi
2721 3601 3166 3656 reconciliationis
3192 3601 3328 3672 apud
3351 3603 3519 3658 Deum

1934 3689 2216 3752 collocare,
2247 3689 2462 3744 auctore
2501 3690 2775 3746 Salvatore
2805 3700 3009 3757 nostro,
3043 3691 3130 3762 qui
3159 3707 3257 3746 nos
3285 3693 3440 3748 docet
3465 3701 3520 3750 et

1935 3780 2073 3837 bona
2104 3796 2375 3846 exercere,
2404 3791 2457 3837 et
2485 3783 2622 3837 mala
2669 3783 2871 3854 fugere.
2904 3785 3239 3854 Propositum
3267 3794 3350 3840 est
3375 3787 3516 3842 enim

1935 3872 2108 3937 nobis,
2141 3873 2282 3942 quod
2319 3889 2426 3927 non
2453 3874 2520 3928 ab
2547 3874 2724 3944 aliqua
2760 3876 3024 3929 contraria
3063 3884 3269 3941 natura,
3298 3877 3392 3932 sed
3423 3892 3520 3934 sua

1935 3972 2124 4033 sponte
2153 3963 2314 4019 homo
2341 3973 2432 4019 aut
2453 3965 2674 4036 justitize
2701 3967 2918 4030 serviat,
2943 3977 3034 4022 aut
3059 3971 3292 4037 peccatis
3321 3965 3392 4024 se
3417 3971 3518 4024 ob-

1937 4055 2153 4109 noxium
2192 4053 2388 4110 faciat:
2416 4070 2538 4110 eum
2571 4057 2713 4110 nulla
2739 4057 3003 4112 existente
3039 4059 3302 4112 contraria
3340 4068 3518 4129 gente,

1935 4149 1980 4204 si
2002 4149 2114 4204 sola
2148 4157 2388 4203 versatur
2407 4149 2582 4203 anima
2600 4149 2650 4202 in
2676 4163 2901 4220 corpore
2924 4151 3231 4217 constituta,
3258 4151 3340 4205 cui
3360 4152 3518 4221 Deus,

1937 4251 1994 4296 ut
2021 4241 2174 4307 dicis,
2209 4241 2432 4297 liberum
2464 4241 2740 4296 arbitrium
2768 4241 2934 4306 dedit,
2963 4242 3078 4297 sine
3106 4252 3326 4312 peccato
3357 4253 3518 4312 esset,

1936 4351 2035 4392 nee
2062 4337 2296 4407 peccatis
2321 4352 2380 4392 se
2399 4337 2687 4392 obnoxium
2720 4337 2934 4392 faceret.

2005 4427 2097 4482 2t.
2139 4429 2276 4483 Auc.
2311 4427 2443 4482 dixit
2471 4446 2484 4480 :
2509 4428 2634 4499 Ego,
2665 4427 2786 4484 dico
2827 4437 3102 4500 peccatum
3149 4445 3254 4484 non
3294 4445 3434 4498 esse,
3474 4433 3522 4489 si

1938 4537 2044 4576 non
2104 4521 2314 4590 prapria
2365 4521 2639 4577 voluntate
2685 4531 2936 4592 peccetur
2961 4516 3094 4595 (a)':
3143 4523 3268 4578 hinc
3313 4539 3432 4581 esse
3469 4535 3523 4582 et

1938 4613 2237 4684 praemium,
2265 4613 2385 4683 quia
2414 4613 2628 4683 propria
2671 4614 2941 4670 voluntate
2965 4625 3108 4670 recta
3137 4615 3378 4673 facimus.
3420 4619 3524 4674 Aut

1939 4707 1981 4760 si
2008 4720 2217 4774 poenam
2246 4712 2500 4770 meretur,
2530 4705 2618 4775 qui
2641 4714 2826 4776 peccat
2865 4707 3093 4773 invitus;
3126 4705 3286 4765 daiet
3308 4718 3364 4764 et
3390 4725 3522 4779 prae-

1938 4799 2101 4852 mium
2131 4800 2348 4871 mereri,
2376 4799 2463 4868 qui
2495 4797 2634 4853 bene
2660 4798 2785 4853 facit
2815 4801 3027 4856 invitus.
3057 4801 3186 4868 Quis
3226 4811 3399 4856 autem
3425 4801 3522 4855 du-

1938 4892 2070 4948 bitct
2109 4907 2213 4947 non
2245 4891 2439 4948 deferri
2471 4893 2747 4962 praemium
2771 4935 2786 4959 ,
2819 4881 2920 4949 nisi
2963 4895 3010 4949 ei
3049 4895 3138 4965 qui
3166 4896 3305 4951 bona
3330 4895 3520 4949 volun-

1940 4994 2046 5039 tate
2072 4984 2269 5053 aliquid
2309 4983 2496 5038 fecerit
2515 4985 2577 5037 ’?
2606 4984 2684 5038 Ex
2711 5000 2818 5054 quo
2853 4985 3199 5056 intelligimus
3233 4997 3286 5040 et
3308 5000 3518 5056 pmnam

1937 5075 2118 5130 inferri
2145 5076 2192 5130 ei
2213 5076 2301 5145 qui
2324 5076 2595 5131 voluntate
2621 5076 2760 5130 mala
2801 5077 2996 5147 aliquid
3024 5077 3225 5132 fecerit.
3250 5077 3353 5132 Sed
3383 5092 3520 5147 quo-

1937 5167 2078 5221 niam
2112 5181 2198 5220 me
2240 5165 2309 5220 ad
2356 5167 2561 5235 priores
2592 5177 2806 5222 naturas
2843 5178 2896 5223 et
2921 5168 3242 5222 substantias
3276 5183 3515 5237 revocas,

1937 5259 2067 5314 ﬁdes
2092 5273 2210 5313 mea
2240 5266 2342 5324 est,
2393 5260 2810 5331 omnipotentem
2859 5261 3047 5324 Deum,
3096 5261 3236 5330 quod
3282 5260 3520 5324 maxime

1937 5350 2467 5407 animadvertendum
2497 5360 2600 5418 est,
2632 5361 2686 5407 et
2730 5353 2908 5408 animo
2955 5351 3242 5422 figendum,
3275 5355 3520 5426 omnipo-

1937 5452 2135 5500 tentem
2167 5443 2357 5508 Deum,
2401 5445 2603 5514 justum
2631 5453 2686 5501 et
2727 5445 2942 5509 bonum,
2991 5443 3384 5504 fecisse'hona.
3411 5447 3518 5504 Sed
3599 5467 3602 5472 ·

2000 5579 2017 5611 ι
2054 5585 2181 5638 Mss.,
2203 5579 2330 5642 quod
2353 5579 2546 5642 futurus
2581 5591 2732 5642 essent
2754 5575 3049 5642 delinquere.

1998 5639 2306 5708 {Vaticanus
2327 5639 2482 5708 codex
2508 5647 2559 5690 et
2579 5639 2940 5708 .Aruulllhensis,
2983 5641 3066 5706 qui
3102 5642 3516 5708 aliquid,

1934 5680 2115 5770 ιιιηεαὶὲ
2121 5680 2243 5765 ’ῗὲἓέ
2241 5680 2319 5752 8'1.
2328 5680 2446 5751 Ἰῖἑῐιῖ
2442 5680 2587 5764 18(ιῖεὲ
2598 5680 2737 5765 sagi;
2743 5680 3097 5768 ’ἆῖῧὶωἵὶἱιὶε
3102 5680 3517 5770 ﬁgitﬁgit}?

1934 5761 2072 5889 “iiii
2093 5817 2349 5887 taetrior.
2370 5822 2474 5888 sip.
2497 5806 2576 5889 te.
2599 5825 2647 5877 a.
2669 5811 2718 5880 tt
