4054 6466
628 331 734 390 125

627 463 691 504 ea
712 461 836 520 quae
861 444 930 501 ab
955 443 1045 499 illo
1073 444 1208 499 facta
1230 448 1373 508 sunt,
1400 455 1506 496 non
1530 443 1749 510 possunt
1772 448 1891 490 esse
1913 432 2058 501 talia,
2081 444 2210 502 qua-

630 541 696 596 lis
721 549 804 596 est
845 540 958 610 ipse
977 539 1081 608 ,qui
1120 537 1264 592 fecit.
1291 534 1550 604 lnjustum
1590 537 1675 584 est
1719 527 1861 583 enim
1897 535 1952 580 et
1993 524 2212 579 stultum

627 632 845 688 credere
872 631 912 696 ί,
940 631 1080 700 quod
1111 643 1272 697 opera
1325 626 1468 696 paria
1513 624 1619 678 sint
1658 621 1871 688 artilici,
1923 629 1977 674 et
2001 617 2212 674 condita
2261 700 2263 702 _

633 723 915 778 conditori.
949 725 1300 790 Quapropter,
1333 719 1377 772 si
1402 717 1486 787 pia
1514 715 1646 769 fides
1668 723 1750 769 est
1780 721 1836 767 ut
1861 713 2039 767 omnia
2073 711 2210 766 bona

628 819 768 874 Deus
787 817 992 883 fecerit,
1021 815 1212 884 quibus
1243 821 1416 866 tamen
1446 811 1557 880 ipse
1584 809 1752 863 multo
1774 816 1853 862 est
1871 806 2213 862 excellentior

627 915 890 983 longeque
917 906 1256 980 przestantior
1281 923 1294 971 ;
1323 907 1473 975 origo
1497 913 1551 959 ct
1579 910 1736 973 caput
1766 903 1887 956 mali
1916 911 1995 955 est
2022 914 2210 970 pecea-

629 1014 761 1070 tum,
792 1003 927 1056 sicut
968 1000 1252 1069 Apostolus
1279 997 1448 1052 dixit:
1482 996 1655 1051 Radix
1698 995 1920 1048 omnium
1965 993 2212 1046 malorum

627 1105 697 1148 est
725 1093 975 1162 cupiditas
996 1108 1016 1146 :
1047 1107 1197 1160 quam
1227 1089 1435 1160 quidam
1479 1097 1756 1157 sequentes,
1784 1088 2212 1156 naufragaverunt

625 1202 656 1237 a
687 1184 807 1252 ﬁde,
827 1192 871 1237 et
896 1184 1212 1236 inseruerunt
1238 1197 1291 1234 se
1306 1178 1562 1233 doloribus
1589 1177 1761 1231 multis
1784 1177 1826 1249 (Ι
1853 1177 1982 1230 Tim.
2006 1192 2075 1242 vt,
2100 1176 2208 1246 10).

624 1274 682 1330 Si
724 1275 866 1330 enim
919 1272 1152 1328 radicem
1201 1271 1437 1326 omnium
1483 1271 1741 1324 malorum
1787 1269 2002 1338 qumris,
2047 1268 2212 1323 habes

624 1365 937 1434 Apostolum
965 1364 1250 1427 dicentem,
1274 1360 1509 1417 radicem
1533 1361 1770 1415 omnium
1797 1360 2060 1414 malorum
2088 1375 2208 1415 csse

624 1457 986 1526 cupiditatem.
1034 1455 1284 1508 Radicem
1315 1453 1508 1507 radicis
1549 1466 1788 1521 quazrere
1833 1467 1936 1505 non
1967 1466 2207 1521 possum.

595 1547 731 1603 'Aut
758 1549 801 1602 si
831 1557 913 1602 est
937 1546 1078 1602 aliud
1110 1545 1330 1611 malum,
1358 1543 1794 1614 cujusradixnon
1820 1552 1902 1597 est
1926 1542 2208 1613 cupiditas,

623 1655 729 1694 non
753 1640 854 1694 erit
879 1639 1114 1693 omnium
1161 1639 1421 1692 malorum
1457 1637 1605 1691 radix
1636 1636 1917 1706 cupiditas.
1947 1637 2000 1691 Si
2032 1646 2210 1692 autem

622 1750 806 1788 verum
839 1741 954 1797 est,
983 1733 1220 1790 oumium
1249 1731 1509 1784 malorum
1544 1729 1775 1784 radicem
1805 1745 1922 1784 esse
1951 1730 2211 1799 cupidita-

626 1839 751 1892 tem,
785 1825 978 1879 frustra
1007 1824 1152 1878 aliud
1182 1824 1395 1894 aliquod
1419 1825 1543 1878 mali
1565 1838 1732 1894 genus
1759 1823 2064 1894 qumrimus.
2097 1825 2210 1879 Tua

624 1933 748 1972 vero
789 1926 973 1971 natura
1011 1917 1274 1971 contraria
1318 1931 1474 1986 quam
1522 1916 1759 1981 inducis;
1812 1917 2061 1986 quoniam
2098 1918 2209 1987 jam

622 2010 873 2080 respondi
911 2009 1134 2079 objectis
1157 2009 1292 2075 tuis;
1324 2025 1506 2079 quazso
1529 2019 1583 2063 ut
1607 2019 1659 2062 tu
1682 2009 1810 2063 mihi
1829 2009 2011 2065 dicere
2025 2010 2209 2081 digne-

621 2103 715 2167 ris,
745 2105 790 2158 si
834 2104 921 2158 illa
967 2113 1151 2159 natura
1177 2105 1441 2161 contraria
1473 2114 1553 2159 est
1589 2113 1754 2159 totum
1783 2105 2001 2173 malum,
2035 2122 2208 2177 neque

622 2202 900 2263 peccatum
941 2204 1117 2264 potest
1154 2211 1274 2250 esse
1314 2196 1415 2250 nisi
1441 2211 1506 2250 ex
1533 2196 1642 2262 illa,
1673 2211 1885 2266 poenam
1935 2198 2048 2266 ipsa
2093 2200 2207 2254 sola

619 2283 778 2339 debet
803 2285 1017 2352 mereri,
1043 2301 1146 2340 non
1179 2287 1352 2341 anima
1375 2302 1403 2340 a
1434 2302 1537 2358 qua
1569 2303 1673 2343 non
1701 2297 1782 2344 est
1809 2299 2104 2358 peccatum.
2138 2292 2208 2346 At

617 2376 664 2430 si
695 2376 827 2430 dicis
857 2378 1024 2446 ipsam
1048 2379 1214 2432 solam
1242 2380 1434 2434 mereri
1467 2395 1678 2449 pcenam
1701 2420 1715 2446 ,
1741 2390 1794 2435 et
1833 2382 2066 2437 animam
2097 2399 2206 2439 non

616 2471 844 2534 mereri;
871 2486 1052 2540 quaero
1074 2472 1156 2525 cui
1185 2471 1306 2526 data
1354 2473 1422 2526 sit
1460 2473 1787 2541 pmnitentia,
1821 2490 1938 2543 qua:
1968 2475 2037 2528 sit
2058 2476 2204 2544 jussa

616 2561 897 2629 ptenitere.
922 2562 979 2616 Si
1009 2562 1185 2616 anima
1206 2563 1357 2633 jussa
1380 2574 1461 2618 est
1480 2565 1767 2634 poenitere;
1800 2565 1868 2620 ab
1898 2567 1987 2620 illa
2015 2583 2203 2636 pecca-

615 2658 749 2718 tum,
782 2661 835 2707 et
864 2653 973 2722 ipsa
1002 2654 1273 2709 voluntate
1301 2656 1558 2725 peccavit.
1583 2655 1716 2710 Nam
1743 2658 1784 2712 si
1803 2659 2008 2728 cogitur
2027 2661 2204 2715 anima

616 2745 796 2821 facere
846 2749 1062 2814 malum,
1121 2767 1292 2819 neque
1345 2751 1431 2804 illa
1474 2759 1558 2806 est
1604 2768 1724 2822 qua:
1755 2753 1953 2806 malum
1999 2753 2199 2822 facit”;

618 2854 797 2893 nonne
817 2840 1033 2894 stultum
1061 2851 1140 2895 est
1170 2851 1225 2897 et
1249 2842 1462 2911 plenum
1496 2843 1796 2909 dementiae,
1815 2853 1874 2898 ut
1899 2861 2028 2914 gens
2057 2857 2204 2902 tene-

614 2929 832 2984 brarum
893 2933 1227 3000 peccaverit,
1272 2944 1326 2988 et
1375 2949 1461 2989 me
1512 2935 1768 3004 pmoiteat
1821 2935 1888 2990 de
1940 2939 2202 3006 peccatis?

613 3022 803 3079 Nonne
835 3025 1043 3093 plenum
1067 3025 1349 3081 dementiae
1369 3035 1469 3094 est,
1496 3037 1550 3082 ut
1568 3044 1700 3099 gens
1723 3030 2057 3084 tenebrarum
2083 3048 2203 3100 pec-

614 3118 833 3182 caverit,
863 3127 916 3172 et
959 3119 1088 3172 mihi
1130 3119 1287 3174 detur
1330 3121 1654 3191 indulgentia
1702 3129 2040 3191 peccatorum
2071 3143 2084 3179 :
2111 3126 2202 3195 qui

614 3221 833 3276 possum
879 3207 1058 3264 dicere
1101 3210 1392 3265 secundum
1428 3211 1584 3267 fidem
1615 3222 1868 3278 vestram,
1905 3214 2039 3281 Quid
2063 3214 2202 3271 feci?

615 3299 740 3368 quid
763 3300 1047 3354 commisi?
1075 3301 1229 3372 Apud
1272 3311 1321 3356 te
1365 3301 1470 3369 fui,
1507 3304 1712 3374 integer
1753 3304 1846 3372 fui,
1898 3307 2040 3360 nulla
2084 3308 2202 3363 labe

613 3394 1004 3449 contaminatus
1030 3395 1100 3448 fui
1129 3413 1142 3447 :
1176 3405 1232 3449 tu
1258 3411 1342 3450 me
1372 3394 1477 3451 huc
1507 3397 1718 3464 misisti,
1746 3406 1800 3451 tu
1828 3399 2201 3454 necessitatem

617 3501 804 3556 passus
835 3503 914 3553 es,
949 3497 1000 3542 tu
1027 3488 1210 3543 cavisti
1237 3490 1417 3560 regnis
1447 3491 1570 3557 tuis,
1598 3505 1718 3546 cum
1749 3506 1936 3562 magna
1959 3492 2038 3547 eis
2056 3493 2202 3550 labes

613 3588 670 3634 et
697 3579 915 3634 vastitas
948 3581 1267 3636 immineret.
1290 3581 1422 3636 Cum
1445 3598 1572 3653 ergo
1594 3585 1805 3640 noveris
1827 3587 2198 3643 necessitatem

616 3689 720 3744 qua
751 3673 836 3729 hic
883 3689 1171 3744 oppressus
1221 3692 1360 3743 sum,
1406 3692 1509 3748 qua
1555 3678 1818 3747 respirare
1863 3695 1970 3733 non
2017 3679 2196 3750 potui,

613 3768 698 3823 cui
736 3768 985 3823 resistere
1023 3784 1126 3822 non
1157 3769 1330 3838 potui;
1365 3769 1488 3840 quid
1518 3785 1604 3826 me
1647 3786 1868 3827 accusas
1894 3774 2041 3842 quasi
2073 3789 2202 3843 pec-

613 3860 856 3912 cantem?
879 3869 970 3912 aut
995 3860 1121 3929 quid
1141 3863 1402 3928 promittis
1423 3861 1802 3933 indulgentiam
1821 3874 2158 3934 peccatorum
2179 3868 2203 3920 τ

613 3947 697 4001 Ad
723 3948 824 4001 hoc
844 3950 958 4004 sine
994 3952 1307 4020 ambagibus
1333 3954 1619 4023 responde,
1649 3955 1696 4011 si
1722 3957 1917 4026 placet,
1944 3958 2082 4014 sicut
2107 3959 2200 4015 tibi

616 4057 717 4112 ego
743 4043 858 4098 sine
883 4045 1191 4113 ambagibus
1214 4047 1486 4115 respondi.

688 4141 858 4200 FOn'r.
898 4143 1068 4197 dixit:
1097 4143 1211 4198 Hoc
1260 4160 1357 4199 nos
1400 4146 1648 4215 dicimus,
1689 4146 1829 4217 quod
1876 4162 1906 4202 a
1936 4149 2199 4204 contraria

614 4241 802 4287 natura
845 4234 1020 4288 anima
1065 4245 1285 4305 cogatur
1312 4235 1621 4307 delinquere
1656 4256 1668 4292 :
1699 4239 1782 4292 cui
1814 4253 1919 4292 non
1964 4237 2044 4292 vis
2081 4254 2202 4295 esse

615 4327 869 4393 radicem,
903 4329 1000 4382 nisi
1024 4328 1126 4383 hoc
1155 4339 1380 4396 tantum,
1421 4332 1560 4398 quod
1590 4332 1640 4386 in
1670 4331 1824 4386 nobis
1856 4332 2054 4387 malum
2078 4348 2199 4388 ver-

616 4430 794 4482 satur;
823 4435 940 4473 cum
973 4429 1181 4476 constet
1218 4422 1456 4491 exceptis
1485 4427 1684 4479 nostris
1723 4425 2032 4494 corporibus
2063 4427 2202 4482 mala

615 4511 668 4565 in
695 4512 838 4565 omni
870 4512 1067 4567 mundo
1109 4515 1331 4568 versari.
1359 4515 1473 4570 Non
1522 4516 1620 4570 ista
1653 4533 1770 4588 qua:
1809 4517 1861 4571 in
1889 4517 2202 4588 corporibus

616 4603 789 4657 solum
820 4603 1076 4658 habemus
1113 4605 1166 4659 in
1196 4615 1306 4660 toto
1336 4608 1536 4664 mundo
1561 4620 1856 4678 versantur,
1887 4619 1940 4666 et
1970 4611 2200 4666 nomini-

619 4693 716 4747 bus
740 4693 940 4759 valeut‘,‘
983 4697 1149 4760 bona;
1197 4697 1333 4752 mala
1369 4699 1518 4754 radix
1553 4700 1737 4755 haeret.
1767 4702 1899 4756 Nam
1939 4703 2078 4757 dixit
2111 4704 2202 4758 Di-

614 4786 793 4855 gnatio
822 4795 909 4840 tua
936 4787 1076 4857 quod
1118 4788 1232 4844 [nec
1284 4791 1352 4844 sit
1391 4792 1541 4847 radix
1582 4795 1864 4861 malorum,
1913 4796 2197 4866 cupiditas,

613 4895 735 4950 quae
764 4881 816 4934 in
843 4883 1040 4937 nostris
1056 4885 1368 4954 corporibus
1391 4899 1634 4943 versatur
1663 4908 1674 4943 :
1701 4905 1821 4944 cum
1854 4891 2068 4960 quando
2094 4909 2199 4948 non

614 4981 696 5026 est
721 4974 981 5042 cupiditas
999 4977 1122 5030 mali
1152 4993 1217 5031 ex
1252 4979 1447 5035 nostris
1478 4983 1814 5052 corporibus,
1835 4999 1897 5039 ex
1921 4985 2200 5056 principali

614 5064 700 5118 illa
728 5067 993 5120 contraria
1020 5077 1204 5122 natura
1232 5079 1474 5126 versatur
1503 5074 1553 5127 in
1588 5082 1698 5130 toto
1721 5075 1936 5131 tnundo.
1969 5077 2202 5147 Aposto-

612 5155 694 5209 lus
725 5160 921 5213 etenim
953 5161 1248 5215 nominavit
1277 5163 1327 5216 id
1355 5163 1588 5218 radicem
1618 5181 1736 5221 esse
1768 5168 2027 5224 malorum
2052 5172 2202 5241 cupi-

613 5246 852 5316 ditatem,
883 5267 987 5306 non
1019 5269 1179 5308 unum
1201 5256 1420 5320 malum,
1447 5273 1602 5326 quam
1624 5258 1802 5315 dixisti
1829 5261 2061 5317 radicem
2084 5279 2200 5318 om-

617 5341 761 5394 nium
793 5345 1072 5400 malorum.
1099 5346 1369 5417 Cupiditas
1392 5364 1519 5404 vero
1551 5365 1654 5404 non
1684 5367 1790 5406 uno
1813 5353 1970 5408 modo
1999 5355 2194 5410 intelli-

615 5433 774 5503 gitur,
802 5451 958 5504 quam
998 5437 1177 5493 dixisti
1207 5440 1444 5495 radicem
1475 5458 1594 5498 esse
1621 5445 1859 5499 omnium
1908 5448 2195 5515 malorum,

612 5527 763 5596 quasi
788 5542 904 5596 qua:
931 5529 982 5582 iu
1004 5533 1315 5603 corporibus
1335 5535 1529 5591 nostris
1551 5535 1570 5567 ³
1591 5537 1762 5593 solum
1787 5549 2054 5596 versetur:
2077 5558 2198 5600 cum

675 5685 695 5759 ξ
729 5687 980 5759 γεύσεως
997 5688 1172 5747 codex,
1195 5697 1242 5741 et
1263 5690 1461 5759 stultum
1482 5695 1696 5758 exigere,
1735 5698 1882 5759 quod,
1910 5709 2008 5750 etc.

675 5749 698 5824 ξ
729 5750 1067 5824 aliqu-09155;,
1090 5764 1238 5824 neque
1260 5754 1307 5802 in
1330 5753 1415 5824 illa
1437 5749 1651 5824 estquod
1677 5749 1854 5824 bellum
1871 5749 2008 5824 'facit.

677 5811 698 5841 ⁸
729 5817 802 5863 Er.
830 5820 884 5866 et
903 5819 1010 5865 llas.
1037 5813 1129 5866 hoc
1150 5811 1340 5868 tantum
1364 5819 1487 5882 loco,
1509 5811 1561 5871 in
1579 5822 1804 5876 cordibus
1825 5811 2015 5878 nostris.

1377 323 1647 382 CONTRA
1685 310 2158 377 FORTUNATUM
2209 309 2658 383 MANICll/EUM,
2684 312 2742 370 S.
2770 314 3140 376 AUGUSTINI

3797 327 3900 385 ω

2317 436 2526 486 constet
2554 431 2654 487 hoc
2670 433 2810 503 quod
2831 434 2886 489 in
2903 435 3058 490 nobis
3085 443 3326 492 versatur
3349 435 3570 506 malum,
3596 451 3664 494 ex
3682 450 3899 502 auctore

2317 525 2460 579 malo
2487 525 2833 594 descendere,
2886 536 2942 584 et
2983 529 3373 599 portiunculam
3423 545 3544 588 esse
3591 533 3719 589 mali
3765 534 3901 592 hanc

2317 619 2549 676 radicem
2596 637 2756 691 quam
2805 632 2859 678 tu
2887 637 3007 679 esse
3032 623 3200 691 dicis;
3232 633 3290 679 ut
3327 640 3432 681 non
3478 627 3546 681 sit
3587 627 3701 696 ipsa
3728 627 3897 696 radix,

2317 711 2410 767 sed
2440 713 2508 767 sit
2537 714 2870 784 portiuncula
2901 716 3059 785 mali,
3091 717 3206 787 ejus
3230 718 3356 773 mali
3384 718 3526 788 quod
3556 719 3750 790 ubique
3780 736 3899 775 ver-

2317 811 2484 856 satur.
2512 803 2679 871 Quam
2702 806 2937 862 radiCcm
2967 815 3020 862 et
3043 807 3288 864 arborem
3308 811 3502 864 malam
3531 811 3788 866 Dominus
3808 827 3903 866 no-

2317 901 2427 947 ster
2451 897 2751 965 appellavit,
2788 915 3054 968 tulitquam
3103 899 3304 958 fructus
3351 903 3522 958 bonos
3563 904 3902 972 alierentem,

2316 1001 2475 1056 quam
2507 1005 2612 1044 non
2640 992 2897 1060 plantavit
2923 995 3080 1050 Pater
3108 1012 3255 1064 suus,
3303 1013 3367 1052 ac
3410 999 3603 1054 merito
3641 1000 3899 1056 eradicari

2315 1089 2371 1133 et
2413 1080 2465 1134 in
2497 1082 2671 1150 ignem
2723 1085 2862 1140 mitti
2896 1086 3122 1156 (Matth.
3159 1105 3251 1157 xv,
3294 1091 3379 1153 l5,
3413 1099 3566 1158 etut,
3611 1091 3742 1161 10).
3770 1091 3901 1147 Nam

2314 1172 2455 1242 quod
2505 1174 2657 1242 dicis,
2694 1179 2974 1234 contraria:
3013 1189 3215 1236 natura:
3259 1191 3532 1252 peccatum
3562 1183 3760 1238 debere
3805 1185 3903 1236 im-

2316 1266 2522 1333 putari;
2574 1266 2663 1322 illa
2709 1279 2895 1324 natura
2942 1273 3067 1326 mali
3113 1282 3193 1328 est
3226 1291 3238 1326 :
3269 1283 3323 1329 et
3366 1274 3418 1328 id
3461 1289 3580 1330 esse
3623 1286 3900 1345 peccatum

2315 1355 2528 1421 animae,
2561 1358 2604 1411 si
2643 1370 2764 1428 post
2809 1363 3278 1420 commonitionem
3306 1363 3596 1421 Salvatoris
3641 1368 3808 1421 nostri
3851 1374 3906 1421 et

2315 1461 2499 1502 sanam
2549 1449 2844 1506 doctrinam
2893 1455 3008 1524 ejus
3051 1471 3080 1509 a
3137 1459 3400 1512 contraria
3453 1467 3507 1513 et
3557 1459 3768 1514 inimica
3818 1459 3903 1513 sui

2316 1538 2481 1609 stirpe
2506 1555 2563 1596 se
2593 1549 2949 1616 segregaverit
2990 1549 3185 1616 anima,
3226 1560 3282 1605 et
3332 1552 3637 1622 purioribus
3658 1566 3717 1608 se
3745 1552 3906 1607 ador-

2317 1647 2450 1686 nans
2471 1635 2678 1700 anima;
2709 1639 2864 1694 aliter
2890 1657 2994 1696 non
3023 1657 3179 1711 posse
3220 1644 3532 1699 substantia:
3579 1661 3690 1699 sua:
3729 1646 3903 1700 reddi.

2316 1724 2523 1781 Dictum
2549 1739 2628 1782 est
2655 1731 2794 1785 enim
2826 1749 2837 1784 :
2872 1731 2931 1787 Si
2956 1752 3055 1788 non
3086 1737 3326 1790 venissem
3352 1746 3396 1791 et
3437 1737 3632 1792 locutus
3669 1739 3740 1792 eis
3770 1739 3908 1809 fuis-

2315 1834 2438 1886 sem,
2468 1834 2726 1891 peccatum
2769 1843 2867 1880 non
2906 1829 3160 1883 haberent.
3193 1825 3344 1884 Nunc
3385 1848 3500 1886 vero
3543 1834 3663 1904 quia
3701 1833 3834 1900 veni,
3865 1843 3908 1887 et

2317 1910 2511 1967 locutus
2536 1932 2648 1969 sum
2667 1957 2681 1984 ,
2717 1927 2762 1970 et
2787 1920 3053 1974 noluerunt
3079 1923 3202 1976 mihi
3225 1924 3426 1978 credere
3444 1966 3458 1990 ,
3486 1925 3678 1979 veniam
3706 1926 3768 1979 de
3796 1942 3910 1996 pec-

2315 2013 2426 2058 cato
2465 2021 2563 2060 non
2613 2009 2863 2065 habebunt
2893 2012 2910 2082 (
2937 2011 3096 2068 Joan.
3129 2031 3224 2082 xv,
3253 2015 3323 2071 22
3343 2016 3382 2086 ).
3411 2015 3564 2072 Unde
3594 2027 3732 2086 patet
3757 2017 3907 2073 recte

2315 2107 2433 2149 esse
2460 2098 2824 2165 paenitentiam
2852 2102 3027 2157 datam
3056 2115 3174 2174 post
3200 2106 3486 2162 adventum
3511 2108 3821 2173 Salvatoris,
3857 2119 3908 2164 et

2313 2196 2435 2257 post
2476 2188 2614 2244 hanc
2639 2193 2912 2248 scientiam
2944 2211 3142 2262 rerum,
3189 2213 3290 2269 qua
3338 2202 3502 2270 possit
3537 2201 3730 2264 anima,
3763 2215 3831 2256 ac
3865 2202 3907 2256 si

2313 2277 2493 2334 divino
2521 2280 2666 2337 fonte
2696 2284 2822 2352 lota,
2853 2286 2920 2342 de
2949 2288 3196 2345 sordibus
3225 2299 3279 2345 et
3307 2292 3447 2346 vitiis
3477 2303 3580 2347 tam
3611 2293 3790 2347 mundi
3823 2303 3906 2348 to-

2313 2373 2437 2440 tius,
2486 2391 2644 2444 quam
2674 2393 2959 2448 corporum
2988 2392 3003 2422 ι
3051 2383 3104 2438 in
3134 2384 3324 2454 quibus
3355 2386 3540 2440 eadem
3572 2388 3746 2440 anima
3772 2403 3904 2442 vcr-

2313 2476 2478 2533 satur,
2512 2484 2678 2539 regno
2720 2472 2833 2539 Dei,
2879 2475 3018 2530 unde
3064 2492 3347 2546 progressa
3374 2489 3473 2545 est,
3505 2483 3904 2549 reprccsentari.

2310 2559 2442 2614 Nam
2470 2560 2666 2617 dictum
2694 2573 2777 2619 est
2804 2565 2872 2620 ab
2907 2568 3196 2637 Apostolo,
3242 2571 3380 2640 quod
3420 2573 3686 2642 prudentia
3734 2572 3909 2629 carnis

2309 2650 2514 2706 inimica
2547 2654 2615 2707 sit
2647 2655 2750 2708 Deo
2785 2671 2804 2710 :
2837 2657 2935 2728 legi
2961 2661 3092 2712 enim
3116 2658 3211 2714 Dei
3247 2678 3346 2715 non
3389 2672 3464 2717 est
3511 2664 3773 2731 subiecta;
3811 2683 3908 2720 nec

2310 2743 2441 2796 enim
2470 2755 2627 2813 potest
2649 2743 2825 2816 (Rom.
2854 2763 2967 2816 vm,
2999 2751 3077 2821 7).
3112 2750 3262 2806 Patet
3281 2768 3407 2823 ergo
3435 2753 3517 2808 his
3539 2755 3722 2820 rebus,
3759 2756 3905 2826 quod

2310 2837 2485 2892 anima
2517 2838 2673 2903 bona,
2706 2839 2936 2898 factione
2964 2843 3102 2898 illius
3123 2861 3240 2915 qua:
3268 2846 3368 2917 legi
3408 2847 3499 2901 Dei
3523 2863 3626 2902 non
3658 2858 3736 2904 est
3778 2851 3907 2905 sub-

2303 2925 2464 2998 jecta,
2498 2945 2719 3000 peccare
2738 2933 2963 2998 videtur,
2999 2953 3103 2991 non
3136 2954 3227 2992 sua
3258 2949 3466 3010 sponte.
3496 2941 3733 3011 Namque
3761 2942 3904 2999 idem

2309 3025 2566 3088 sequitur,
2600 3023 2739 3093 quod
2787 3043 2905 3080 caro
2944 3031 3254 3100 concupiscit
3285 3033 3526 3088 adversus
3566 3035 3826 3106 spiritum,
3862 3047 3907 3092 et

2307 3115 2516 3182 spiritus
2543 3117 2781 3174 adversus
2819 3136 3069 3189 carnem;
3113 3134 3168 3178 ut
3219 3143 3318 3180 non
3361 3145 3685 3200 qua'cumqne
3728 3131 3902 3200 vultis,

2308 3208 2400 3261 illa
2429 3211 2629 3280 faciatis
2657 3212 2850 3284 (Galat.
2873 3232 2928 3285 v,
2964 3215 3074 3288 l7).
3110 3217 3245 3274 Dicit
3275 3221 3467 3275 iterum
3501 3239 3514 3275 :
3559 3220 3714 3276 Video
3746 3224 3904 3278 aliam

2309 3302 2468 3373 legem
2494 3305 2544 3358 in
2569 3307 2802 3363 membris
2843 3312 2985 3379 meis,
3017 3327 3379 3385 repugnantem
3411 3317 3508 3388 legi
3538 3321 3715 3373 mentis
3746 3337 3896 3386 metu,

2309 3403 2353 3447 et
2383 3397 2634 3467 captivum
2664 3417 2740 3453 me
2765 3401 3024 3457 ducentem
3046 3405 3096 3457 in
3126 3407 3232 3476 lege
3256 3409 3448 3478 peccati
3464 3417 3510 3462 et
3536 3412 3729 3464 mortis.
3764 3410 3902 3484 Ergo

2308 3488 2458 3543 miser
2486 3508 2575 3561 ego
2606 3493 2774 3562 homo,
2798 3497 2908 3567 quis
2936 3515 3011 3551 me
3039 3499 3262 3553 liberabit
3289 3501 3351 3555 de
3373 3519 3586 3572 corpore
3613 3507 3793 3560 mortis
3812 3508 3904 3560 Int-

2297 3575 2411 3653 jtts,
2441 3587 2537 3640 nisi
2565 3589 2728 3658 gratia
2758 3588 2851 3643 Dei
2876 3608 2965 3662 per
2991 3593 3270 3649 Dominum
3300 3607 3530 3651 nostrum
3545 3596 3721 3652 Iesum
3755 3600 3906 3656 Chri-

2307 3688 2439 3733 stum
2467 3680 2643 3751 (Rom.
2671 3698 2766 3750 vn,
2795 3683 2983 3758 25-25)
3010 3729 3024 3750 ,
3058 3705 3146 3758 per
3171 3707 3315 3761 quem
3341 3693 3464 3746 mihi
3492 3693 3710 3750 mundus
3734 3697 3905 3752 eratci-

2307 3771 2444 3839 ﬁxus
2460 3783 2550 3841 est,
2585 3785 2630 3828 et
2655 3792 2748 3846 ego
2778 3780 2964 3833 mundo
2983 3781 3176 3849 (Galat.
3205 3800 3278 3851 vr,
3306 3784 3440 3858 ll)?

2379 3861 2470 3915 2‘2.
2512 3864 2645 3920 Anc.
2677 3866 2811 3923 dixit
2841 3886 2854 3922 :
2885 3871 3130 3941 Agnosco
3158 3883 3211 3928 et
3258 3876 3554 3948 amplector
3595 3881 3905 3938 testimonia

2309 3952 2606 4028 divinarum
2633 3957 3050 4030 Scripturarum,
3077 3973 3131 4018 et
3153 3963 3274 4020 fidei
3297 3983 3429 4022 ntezc
3451 3971 3906 4039 quemadmodum

2309 4058 2627 4116 congruant,
2658 4051 2795 4106 sicut
2825 4052 2966 4107 Deus
2993 4055 3196 4112 donare
3243 4057 3568 4129 dignabitur,
3599 4066 3790 4134 paucis
3816 4082 3909 4121 ex-

2309 4153 2524 4209 ponam.
2553 4141 2808 4198 Liberum
2840 4145 3127 4204 voluntatis
3163 4150 3443 4207 arbitrium
3485 4154 3538 4208 in
3565 4154 3656 4210 illo
3685 4156 3910 4213 homine

2308 4229 2472 4286 fuisse
2501 4232 2642 4298 dico,
2675 4236 2763 4305 qui
2792 4237 2995 4306 primus
3029 4239 3290 4298 formatus
3318 4253 3419 4299 est.
3473 4246 3567 4303 Ille
3610 4247 3688 4303 sic
3727 4249 3909 4306 factus

2308 4332 2409 4390 est,
2435 4333 2491 4379 ut
2514 4326 2646 4380 nihil
2675 4329 2893 4384 omnino
2915 4332 3175 4390 voluntati
3200 4337 3315 4408 ejus
3337 4339 3633 4406 resisteret,
3656 4342 3702 4397 si
3735 4346 3908 4414 vellet

2309 4419 2402 4474 Dei
2428 4430 2688 4492 praecepta
2734 4439 2968 4497 scrvare.
3015 4428 3304 4501 Postquam
3345 4443 3522 4490 autem
3568 4436 3684 4508 ipse
3727 4437 3908 4495 libera

2307 4516 2580 4573 voluntate
2609 4521 2883 4590 peccavit,
2933 4538 3031 4579 nos
3075 4525 3129 4580 in
3173 4529 3548 4586 necessitatem
3581 4532 3908 4603 praecipitati

2307 4622 2513 4676 sumus,
2544 4611 2633 4680 qui
2663 4610 2732 4665 ab
2757 4613 2871 4683 ejus
2897 4615 3063 4685 stirpe
3088 4616 3482 4684 descendimus.
3512 4623 3694 4680 Potest
3715 4636 3907 4683 autem

2310 4703 2673 4773 unusquisque
2719 4715 2962 4762 nostrum
2996 4710 3258 4766 mediocri
3293 4715 3721 4775 consideratione
3755 4721 3911 4777 inve-

2307 4795 2422 4848 nire
2449 4811 2634 4851 verum
2663 4811 2787 4853 esse
2807 4801 2950 4870 quod
2979 4801 3119 4858 dico.
3153 4805 3322 4863 llodie
3351 4824 3585 4882 namque
3609 4812 3661 4866 in
3699 4817 3912 4869 nostris

2307 4886 2607 4942 actionibus
2625 4899 2914 4960 antequam
2937 4899 3322 4955 consuetudine
3333 4901 3508 4972 aliqua
3538 4903 3909 4975 implicemur,

2307 4977 2533 5032 liberum
2565 4979 2821 5037 habemus
2851 4985 3131 5041 arbitrium
3159 4987 3391 5047 faciendi
3421 4993 3642 5065 aliquid,
3677 4997 3762 5052 vel
3794 5015 3910 5053 non

2305 5068 2554 5127 faciendi.
2586 5074 2719 5129 Cum
2749 5087 2928 5133 autem
2953 5079 3054 5135 ista
3082 5080 3330 5140 libertate
3356 5086 3644 5145 fecerimus
3671 5091 3911 5162 aliquid,

2306 5171 2359 5216 et
2385 5161 2507 5218 facti
2539 5164 2704 5233 ipsius
2729 5170 2961 5225 tenuerit
2996 5173 3228 5229 animam
3259 5177 3558 5245 perniciosa
3586 5161 3824 5240 dulcedo
3859 5198 3916 5241 et

2306 5256 2569 5326 voluptas,
2594 5260 2782 5316 eadem
2807 5263 2919 5333 ipsa
2946 5280 3039 5320 sua
3058 5271 3446 5328 consuetudine
3473 5275 3551 5330 sic
3571 5275 3911 5346 implicatur,

2303 5357 2364 5414 ut
2392 5362 2572 5420 postea
2599 5355 2812 5410 vincere
2841 5372 2946 5411 non
2979 5361 3168 5430 possit,
3194 5364 3337 5434 quod
3358 5366 3458 5422 sibi
3481 5368 3591 5439 ipsa
3623 5374 3914 5440 peccando

2304 5442 2561 5501 fabricata
2587 5457 2687 5504 est.
2719 5449 2973 5507 Videmus
3005 5455 3202 5513 multos
3225 5458 3408 5529 jurare
3445 5463 3586 5519 nolle
3617 5484 3630 5519 :
3657 5465 3751 5521 sed
3775 5471 3914 5539 quia

2301 5538 2411 5608 jam
2433 5542 2871 5601 consuetudinem
2897 5546 3075 5619 lingua
3099 5553 3286 5621 tenuit,
3303 5570 3407 5610 non
3430 5571 3585 5626 posse
3603 5538 3912 5630 refrenare,

2307 5630 2434 5700 quin
2474 5647 2536 5687 ea
2582 5645 2776 5690 exeant
2804 5637 2871 5692 de
2897 5655 2991 5696 ore
3035 5643 3295 5713 ipsorum,
3327 5662 3446 5717 qua:
3467 5664 3581 5717 non
3614 5666 3915 5724 possumus

2373 5771 2499 5851 fus-ie
2519 5771 2806 5851 editio
2827 5787 2948 5826 vero
2970 5783 3102 5851 non,
3123 5786 3227 5851 tam
3269 5782 3441 5851 mundi
3461 5797 3605 5851 quam
3628 5787 3862 5851 corporis
3892 5826 3912 5844 .

2310 5840 2506 5896 omisso,
2530 5840 2669 5886 totius
2681 5848 2700 5899 ;
2724 5849 2813 5900 pro
2829 5851 2926 5901 quo
2951 5840 3101 5893 editio
3121 5849 3216 5906 Er.,
3231 5845 3402 5909 potius.
