4082 6442
213 283 328 342 ηδ

209 399 410 456 dicere
428 401 498 456 ad
527 401 654 456 mali
677 401 899 474 stirpem
925 419 1034 462 non
1059 407 1350 478 pertinere.
1381 405 1455 464 Ut
1473 410 1618 466 enim
1635 411 1820 469 vobis-

209 507 338 546 cum
369 492 458 548 his
499 493 679 550 verbis
719 509 906 568 agam,
929 512 1054 568 quae
1076 499 1282 556 utinam
1309 500 1448 558 sicut
1487 501 1556 558 de
1593 517 1688 558 ore
1723 518 1820 558 ve-

215 607 376 650 scmn
409 592 498 646 his
527 589 706 645 verbis
731 605 904 660 agam,
943 605 1062 660 quae
1109 588 1310 642 utinam
1353 587 1492 642 sicut
1515 585 1583 640 de
1611 601 1704 640 ore
1733 599 1823 640 ve-

217 698 338 740 stro
391 700 504 739 non
554 682 832 748 recedunt,
867 683 938 737 ita
989 690 1042 736 et
1085 679 1248 737 corde
1293 679 1692 748 intelligantur:
1721 677 1823 732 Per

217 779 563 836 Paracletnm
588 777 780 846 juratis
813 777 855 830 ‘.
906 777 964 830 Si
1005 791 1131 845 ergo
1173 774 1331 828 vultis
1370 772 1598 842 experiri
1638 787 1822 826 verum

217 887 340 928 esse
365 870 516 942 quod
541 870 686 932 dico,
717 870 973 924 instituite
1001 883 1106 922 non
1151 867 1354 936 jurare.
1387 864 1644 920 Videbitis
1677 863 1824 918 illam

219 963 678 1018 consuetudinem
705 960 830 1016 ferri
861 974 965 1029 quo
985 958 1138 1012 solet.
1169 957 1238 1012 Et
1279 956 1380 1010 hoc
1421 964 1503 1010 est
1549 953 1688 1025 quod
1729 953 1824 1008 ad-

217 1069 411 1108 versus
448 1052 690 1106 animam
733 1059 948 1120 pugnat,
980 1047 1310 1106 consuetudo
1355 1047 1492 1102 facta
1539 1043 1592 1098 in
1638 1059 1818 1100 carne.

215 1142 340 1214 Ipsa
366 1153 446 1196 est
473 1143 728 1198 nimirum
763 1141 938 1196 carnis
967 1140 1242 1210 prudentia
1269 1181 1284 1204 ,
1327 1154 1444 1208 qua:
1472 1136 1722 1208 quamdiu
1749 1135 1822 1191 ita

217 1237 316 1306 legi
351 1237 448 1290 Dei
493 1237 684 1305 subjici
733 1250 838 1290 non
889 1241 1084 1304 potest,
1115 1233 1314 1288 tamdiu
1341 1231 1622 1302 prudentia
1645 1230 1821 1284 carnis

217 1339 326 1382 est:
349 1328 764 1382 sedilluminata
803 1327 1002 1392 anima,
1041 1324 1234 1380 desinit
1254 1323 1340 1378 illa
1372 1337 1491 1378 esse
1519 1321 1804 1392 carnispru

216 1419 420 1474 tientia.
455 1418 552 1474 Sic
588 1418 732 1472 enim
769 1417 968 1472 dictum
1003 1425 1103 1482 est,
1143 1415 1476 1486 prudentiam
1498 1414 1674 1470 carnis
1715 1429 1822 1468 non

217 1527 374 1582 posse
393 1513 498 1582 legi
521 1512 748 1568 Deiesse
764 1511 1000 1582 subjecta
1009 1527 1079 1578 ιιι,
1093 1509 1540 1581 quemadmodum
1555 1509 1598 1564 si
1617 1508 1822 1564 dicere-

221 1614 324 1666 tur,
357 1603 641 1673 glacialem
678 1603 856 1657 nivem
889 1602 1115 1656 calidam
1151 1615 1274 1658 esse
1308 1615 1416 1655 non
1459 1613 1633 1670 posse.
1665 1598 1820 1653 Nullo

217 1699 365 1750 enim
389 1705 566 1766 pacto,
597 1696 856 1766 quamdiu
883 1698 968 1750 nix
997 1705 1101 1762 est,
1124 1694 1294 1750 calida
1323 1709 1441 1764 esse
1470 1702 1669 1762 potest.
1705 1691 1812 1747 Sed

217 1789 672 1858 quemadmodum
699 1789 786 1842 illa
829 1791 916 1844 nix
957 1788 1138 1844 calore
1183 1787 1504 1851 resolvitur,
1537 1795 1590 1840 ct
1619 1785 1818 1840 desinit

219 1883 312 1934 nix
341 1897 482 1944 esse,
511 1891 570 1936 ut
603 1881 772 1950 possit
799 1880 1066 1936 calescere
1092 1898 1105 1934 :
1136 1879 1214 1934 sic
1256 1879 1342 1933 illa
1375 1877 1552 1932 carnis
1584 1876 1818 1948 pruden-

225 1975 292 2026 tia
313 2015 328 2038 ,
358 1971 410 2026 id
451 1982 538 2028 est
557 2013 572 2036 ,
597 1972 926 2028 consuetudo
967 1971 1102 2028 facta
1131 1987 1255 2028 eum
1283 1986 1466 2038 carne,
1495 1985 1616 2024 cum
1659 1969 1818 2025 fuerit

215 2081 369 2120 meus
399 2077 588 2121 nostra
615 2067 912 2120 illuminata
935 2107 948 2128 ,
979 2074 1032 2120 et
1059 2065 1126 2120 ad
1153 2065 1431 2120 arbitrium
1463 2063 1654 2118 divinat
1685 2063 1817 2134 legis

219 2166 388 2212 totum
413 2157 692 2212 hominem
715 2158 814 2212 sibi
843 2159 982 2212 Deus
1007 2157 1312 2227 subjecerit,
1345 2171 1442 2226 pro
1473 2156 1558 2210 illa
1583 2170 1814 2210 consue-

219 2250 404 2303 tudine
431 2249 632 2304 anima:
662 2250 802 2304 mala
851 2249 976 2304 facit
1002 2248 1447 2304 consuetudinem
1488 2248 1702 2302 bonam.
1733 2247 1814 2301 Ex

216 2358 320 2412 quo
349 2343 458 2396 illa:
481 2342 604 2396 dum
623 2341 845 2397 arbores
863 2385 878 2410 ,
907 2341 1044 2396 bona
1063 2341 1221 2395 arbor
1247 2347 1302 2396 et
1327 2339 1465 2394 mala
1497 2339 1656 2394 arbor
1680 2353 1812 2409 quas

215 2435 648 2490 commemorasti
665 2477 680 2502 ,
709 2434 985 2489 verissime
1009 2432 1212 2488 dictum
1234 2441 1316 2487 est
1344 2446 1373 2485 a
1395 2432 1620 2486 Domino
1671 2429 1812 2502 quod

217 2545 342 2586 suos
389 2529 604 2584 fructus
651 2527 916 2596 habeant;
971 2525 1026 2582 id
1067 2535 1182 2594 est,
1237 2540 1408 2596 neque
1451 2525 1589 2580 bona
1646 2523 1816 2594 possit

217 2621 344 2677 dare
383 2622 558 2676 malos
587 2621 810 2690 fructus,
834 2635 1008 2690 neque
1053 2618 1196 2673 mala
1241 2617 1429 2684 bonos,
1476 2615 1571 2672 sed
1621 2631 1810 2686 quam-

217 2713 304 2766 diu
353 2712 494 2768 mala
549 2721 652 2768 est.
703 2711 1040 2781 Accipiamus
1087 2709 1222 2764 duos
1277 2706 1556 2772 homines;
1611 2706 1808 2760 bonum

219 2803 524 2870 hominem,
595 2811 650 2858 et
703 2802 902 2857 malum
969 2799 1258 2854 hominem.
1322 2795 1584 2864 Quamdiu
1639 2795 1811 2850 bonus

220 2905 334 2960 est,
383 2897 558 2952 malos
603 2895 806 2950 fructus
850 2893 976 2950 dare
1023 2907 1127 2946 non
1173 2896 1350 2962 potest
1377 2909 1392 2946 :
1420 2887 1670 2960 quamdiu
1696 2903 1806 2942 ma-

221 2985 304 3040 lus
354 2994 465 3050 est,
495 2985 700 3040 fructus
745 2986 914 3041 bonos
961 2983 1089 3038 dare
1136 2997 1244 3038 non
1283 2989 1477 3052 potest.
1507 2979 1610 3036 Sed
1639 2989 1695 3034 ut
1723 2979 1806 3034 iu-

221 3078 424 3148 telligas
479 3079 610 3132 istas
657 3077 790 3132 duas
832 3075 1051 3132 arbores
1077 3075 1152 3132 sic
1181 3089 1300 3130 esse
1327 3090 1360 3130 a
1405 3073 1631 3128 Domino
1663 3071 1806 3142 posi-

219 3179 318 3234 tas,
371 3179 430 3224 ut
453 3170 526 3224 ibi
551 3168 944 3240 signiﬁcaretur
973 3167 1202 3222 liberum
1228 3164 1506 3220 arbitrium
1525 3204 1544 3231 ,
1571 3177 1678 3218 non
1706 3177 1803 3218 na-

219 3272 366 3318 turas
392 3277 512 3318 esse
543 3264 674 3318 istas
695 3262 828 3318 duas
846 3261 1087 3328 arbores,
1109 3259 1204 3316 sed
1229 3259 1529 3316 voluntates
1557 3263 1798 3322 nostras,

219 3357 336 3424 ipse
357 3357 432 3408 ait
476 3357 526 3408 in
573 3353 866 3424 Evangelio
897 3372 910 3408 :
935 3353 1034 3406 Aut
1055 3351 1208 3422 facile
1226 3350 1455 3406 arborem
1484 3349 1668 3402 bonam
1686 3389 1702 3416 ,
1725 3355 1814 3402 aut

221 3448 372 3516 facite
411 3446 644 3500 arborem
687 3447 876 3498 auitam
921 3444 1142 3516 (Matth.
1189 3459 1284 3508 xu,
1315 3443 1429 3512 '55).
1460 3441 1589 3510 Quis
1617 3447 1700 3494 est
1726 3439 1816 3510 qui

219 3541 388 3608 possit
413 3538 592 3594 facere
623 3545 868 3592 naturam
897 3538 920 3590 ‘l
950 3536 1002 3592 Si
1035 3551 1163 3606 ergo
1194 3536 1512 3605 imperatum
1549 3531 1816 3588 estnobis

221 3641 276 3686 ut
303 3631 564 3684 faciamus
589 3631 838 3684 arborem
863 3625 958 3682 aut
985 3627 1178 3702 bonam
1200 3634 1292 3682 aut
1319 3625 1544 3691 malam,
1572 3632 1815 3678 nostrum

219 3733 306 3777 est
328 3725 526 3793 eligere
551 3721 694 3792 quod
717 3721 965 3776 velimus.
999 3720 1077 3775 De
1111 3719 1213 3774 isto
1243 3733 1369 3790 ergo
1399 3726 1616 3788 peccato
1643 3715 1817 3770 homi-

221 3817 310 3870 nis
329 3856 346 3882 ,
373 3825 430 3870 et
461 3815 532 3870 de
559 3815 657 3870 ista
685 3813 1071 3868 consuetudine
1095 3813 1288 3866 animae
1331 3810 1464 3866 facta
1496 3825 1616 3866 cum
1645 3823 1809 3865 carne

217 3907 518 3977 Apostolus
569 3905 772 3959 dicit‘:
805 3903 972 3958 Nemo
1019 3920 1104 3958 vos
1146 3902 1351 3957 seducet
1395 3901 1607 3973 (Ep/tes.
1637 3917 1690 3968 ν,
1725 3897 1812 3971 6):

215 4003 395 4058 omnis
426 4009 658 4052 creatura
681 4015 784 4068 qua:
804 4016 836 4052 a
859 3997 963 4051 Deo
993 4001 1128 4068 facta
1151 4005 1242 4060 est,
1272 3997 1402 4050 bona
1429 4002 1497 4048 est
1523 3994 1564 4066 (Ι
1583 3993 1718 4046 Tim.
1738 4008 1809 4059 tv,

215 4095 306 4164 4).
331 4092 472 4148 Dicit
497 4091 636 4145 idem
665 4091 926 4161 aposmlus
953 4105 1110 4160 quem
1130 4098 1184 4144 tu
1213 4089 1326 4160 ipse
1342 4088 1810 4143 commcmorasti:

221 4191 376 4248 Sicut
407 4205 503 4259 per
547 4189 694 4242 anius
759 4187 1182 4252 inobedientiam,
1229 4192 1510 4256 peccatores
1563 4183 1820 4239 constituti

228 4295 344 4340 sunt
365 4284 538 4346 multi;
567 4284 640 4336 sic
666 4291 711 4337 et
745 4299 834 4353 per
861 4282 1008 4336 unius
1034 4279 1368 4334 obedientiam
1388 4319 1402 4345 ,
1443 4279 1574 4348 justi
1621 4276 1813 4331 consti-

229 4387 426 4434 tuentur
447 4377 596 4431 multi
617 4375 862 4446 (Rom.v,
887 4373 1264 4445 i9).Quoniam
1283 4389 1371 4442 per
1389 4371 1638 4426 hominem
1661 4386 1816 4440 mors.

229 4483 272 4526 et
303 4489 388 4542 per
413 4471 674 4526 hominem
701 4468 1002 4524 resurrectio
1024 4477 1362 4524 mortuorum.
1395 4463 1662 4532 Quamdiu
1689 4476 1819 4534 ergo

229 4575 502 4638 portamus
539 4563 828 4633 imaginem
859 4561 1054 4618 terreni
1095 4560 1324 4616 hominis
1371 4559 1416 4628 (Ι
1441 4556 1558 4612 Cor.
1585 4573 1674 4622 xv,
1723 4556 1816 4622 2i,

229 4659 342 4730 49),
370 4660 420 4714 id
441 4667 544 4725 cst,
567 4657 824 4729 quamdiu
853 4655 1146 4712 secundum
1189 4666 1404 4708 carnem
1435 4649 1664 4706 vivimus
1685 4690 1698 4714 ,
1729 4648 1820 4719 qui

229 4763 374 4807 vetus
411 4752 574 4806 etiam
628 4750 790 4804 homo
841 4748 1181 4810 nominatur,
1227 4745 1486 4798 habemus
1531 4743 1820 4797 necessita-

229 4851 330 4900 tem
357 4845 766 4898 consuetudinis
797 4848 994 4896 nostrze
1013 4879 1027 4904 ,
1061 4846 1118 4892 ut
1155 4849 1259 4890 non
1284 4834 1425 4904 quod
1455 4834 1700 4888 volumus
1724 4831 1809 4887 fa-

227 4939 450 4994 ciamus.
471 4935 610 4992 Cum
637 4941 812 4987 autem
841 4932 1005 5002 gratia
1025 4929 1116 4984 Dei
1147 4943 1385 4982 amorem
1411 4926 1562 4980 nobis
1584 4925 1818 4980 divinum

229 5027 589 5099 inspiraverit,
615 5035 668 5080 et
687 5037 786 5078 nos
807 5037 917 5076 sua:
937 5019 1194 5076 voluntati
1210 5017 1452 5074 subditos
1481 5017 1682 5082 fecerit,
1705 5017 1822 5088 qui-

227 5120 320 5174 bus
349 5120 555 5174 dictum
585 5125 687 5182 est,
715 5111 816 5169 Vos
841 5113 892 5167 in
917 5111 1194 5166 libertatm
1215 5111 1376 5164 vocati
1397 5111 1514 5164 estis
1543 5108 1735 5181 (Galat.
1766 5124 1820 5178 ν,

229 5211 338 5282 15);
369 5219 447 5276 et,
483 5210 662 5264 Gratia
689 5208 786 5261 Dei
815 5206 1038 5260 liberavit
1063 5222 1142 5260 me
1167 5221 1198 5258 a
1224 5206 1328 5275 lege
1349 5204 1540 5275 peccati
1579 5211 1624 5257 et
1647 5203 1822 5257 mortis

229 5306 404 5379 (Rom.
437 5321 554 5370 vni,
583 5303 664 5376 2).
697 5303 808 5358 Lex
849 5311 1026 5356 autem
1057 5297 1254 5370 peccati
1277 5305 1388 5365 est,
1421 5305 1479 5351 ut
1505 5297 1822 5368 quicumque

231 5397 562 5468 peccaverit,
591 5395 872 5451 moriatur.
927 5393 1009 5447 Ab
1057 5391 1158 5446 ista
1201 5391 1316 5460 lege
1345 5389 1654 5456 liberamur,
1701 5403 1820 5444 cum

225 5491 350 5561 justi
379 5505 502 5546 esse
527 5489 868 5560 coeperimus.
898 5485 1010 5541 Lex
1035 5484 1224 5539 mortis
1266 5491 1367 5551 est,
1397 5499 1501 5554 qua
1519 5483 1718 5537 dictum
1741 5488 1824 5536 est

293 5647 312 5678 ί
347 5647 434 5694 Hic
469 5647 724 5694 vaticanus
744 5642 902 5704 critica
942 5639 1072 5690 addit
1097 5653 1108 5688 :
1137 5647 1236 5704 Non
1267 5637 1459 5704 potestis
1489 5635 1652 5688 dicere
1695 5633 1824 5699 quod

229 5720 346 5772 gens
365 5707 674 5772 tenebrarum
696 5703 906 5772 denobis
929 5716 1016 5767 per
1041 5701 1509 5772 1«tractenturjgtrat1

297 5773 318 5800 ³
353 5777 402 5818 tn
423 5771 643 5817 taticauo
662 5768 830 5817 codice
851 5802 864 5824 ,
885 5763 1008 5828 post,
1035 5765 1282 5828 apostolus
1297 5763 1432 5822 dicit,
1455 5763 1664 5822 additur,
1698 5771 1824 5828 Ifru:

232 5831 396 5882 astutia
417 5830 576 5880 carnis
591 5829 790 5880 inimica
814 5822 1025 5879 est'neo.
1053 5822 1123 5876 De
1147 5825 1307 5878 carnis
1331 5833 1492 5878 autem
1513 5831 1686 5876 natura
1706 5822 1826 5875 dicit

233 5893 329 5946 alio
367 5894 472 5944 loco
493 5894 758 5958 Apostolus,
786 5899 929 5944 Nereo
957 5902 1036 5942 vos
1058 5890 1270 5941 reducat.

1485 286 1894 348 DlSPUTATIO
1929 291 2272 352 SECUNDA.

3401 301 3508 360 126

1925 412 2130 468 homini
2163 431 2176 467 :
2211 411 2374 468 Terra
2397 427 2472 481 es,
2491 421 2542 468 et
2567 428 2624 468 in
2651 421 2844 470 terram
2869 413 2968 470 ibis
2999 411 3152 486 (Gen.
3175 430 3254 482 In,
3283 417 3393 489 19).
3427 419 3506 476 Ex

1929 505 2046 574 ipso
2074 506 2215 560 enim
2237 521 2424 562 omnes
2444 507 2462 538 ¹
2489 505 2568 562 sic
2593 505 2880 575 nascimur,
2903 508 3034 578 quia
3059 516 3202 562 terra
3221 523 3422 572 sumus.
3455 521 3511 568 et

1929 589 2046 658 ipso
2063 591 2206 646 enim
2232 608 2419 648 omnes
2441 593 2460 626 ¹
2487 594 2566 650 sic
2592 595 2882 661 nascimur,
2909 595 3030 666 quia
3060 603 3200 650 terra
3225 611 3430 664 sumus,
3449 604 3508 650 et

1928 681 1983 736 in
2015 691 2209 738 terram
2240 685 2434 742 ibimus
2470 695 2686 758 propter
2711 688 2956 742 meritum
2988 690 3190 758 peccati
3221 688 3378 760 primi
3403 687 3504 744 ho-

1927 776 2103 832 minis.
2131 776 2352 848 Propter
2381 789 2556 834 autem
2581 781 2804 852 gratiam
2831 782 2960 850 Dei,
2985 797 3104 852 quae
3137 795 3232 836 nos
3261 782 3454 836 liberat
3478 797 3507 834 a

1927 867 2046 938 lege
2089 869 2294 938 peccati
2339 879 2394 926 et
2419 873 2624 940 mortis,
2651 873 2716 928 ad
2742 874 2998 942 justitiam
3043 875 3284 929 conversi
3313 875 3512 928 libera-

1928 975 2078 1014 mur:
2111 969 2168 1014 ut
2193 971 2375 1030 postea
2403 961 2588 1016 eadem
2610 963 2722 1034 ipsa
2743 980 2868 1018 caro
2897 981 3014 1034 qua:
3037 981 3134 1020 nos
3163 965 3334 1036 pomis
3354 965 3508 1020 torsit

1927 1051 1980 1104 in
2024 1053 2252 1122 peccatis
2296 1063 2573 1108 manentes
2595 1095 2610 1122 ,
2658 1055 2966 1124 subjiciatur
2993 1056 3146 1111 nobis
3177 1057 3230 1112 in
3261 1071 3505 1112 resurre-

1926 1143 2123 1212 ctione,
2146 1155 2200 1200 et
2224 1147 2364 1202 nulla
2387 1147 2708 1202 adversitatc
2735 1164 2831 1202 nos
2856 1151 3078 1220 quatiat,
3111 1151 3394 1220 quominus
3426 1149 3505 1206 1e-

1925 1251 2042 1305 gem
2073 1236 2165 1290 Dei
2189 1246 2241 1292 et
2261 1237 2438 1294 divina
2481 1249 2744 1310 praecepta
2771 1255 3044 1295 servemus
3071 1239 3166 1314 (a).
3191 1241 3342 1298 Unde
3367 1257 3505 1312 quo-

1926 1331 2066 1384 niam
2089 1346 2186 1402 ego
2211 1333 2462 1402 respondi
2511 1334 2634 1396 tuis,
2669 1333 2888 1402 dignare
2917 1342 2974 1387 tu
3015 1334 3344 1404 respondere
3371 1334 3502 1390 illud

1925 1422 2066 1492 quod
2091 1422 2369 1489 desidero,
2398 1425 2846 1494 quemadmodum
2894 1424 3006 1480 fieri
3035 1427 3206 1494 possit
3231 1433 3288 1480 ut
3335 1427 3378 1480 si
3423 1435 3506 1480 est

1927 1513 2038 1568 Deo
2071 1523 2254 1570 natura
2282 1515 2548 1572 contraria
2573 1559 2586 1580 ,
2611 1517 2764 1572 nobis
2783 1517 3076 1586 imputetur
3097 1527 3390 1586 peccatum,
3412 1533 3504 1588 qut

1924 1604 1980 1660 in
2021 1605 2164 1661 illam
2197 1617 2437 1664 naturam
2467 1624 2573 1664 non
2621 1609 2929 1676 voluntate,
2962 1608 3058 1664 sed
3105 1609 3172 1666 ab
3213 1610 3329 1680 ipso
3359 1609 3506 1674 Deo,

1923 1699 2006 1754 cui
2035 1701 2214 1754 noceri
2241 1701 2372 1756 nihil
2401 1709 2626 1770 poterat,
2655 1703 2804 1756 missi
2834 1715 3044 1756 sumus.

1993 1793 2161 1848 Fon'r.
2187 1793 2318 1848 dixit
2345 1811 2358 1848 :
2393 1795 2504 1850 Hoc
2529 1810 2726 1864 genere
2753 1792 3200 1864 quemadmodum
3245 1799 3301 1848 et
3327 1790 3506 1846 Domi-

1922 1902 2028 1942 nus
2050 1887 2185 1942 dixit
2207 1887 2482 1958 discipulis
2506 1888 2617 1944 suis
2637 1930 2650 1953 ,
2680 1887 2814 1942 Ecce
2835 1905 2925 1958 ego
2949 1888 3092 1942 mitto
3131 1903 3218 1942 vos
3243 1888 3372 1942 sicut
3397 1900 3508 1942 oves

1919 1978 1974 2032 in
2004 1979 2165 2033 media
2188 1979 2420 2050 luporum
2441 1979 2651 2050 (Matth.
2685 1995 2745 2046 x,
2776 1979 2885 2050 16).
2933 1979 3068 2033 l-linc
3093 1978 3366 2033 sciendum
3390 1978 3507 2032 est’

1921 2070 2060 2140 quod
2083 2087 2188 2126 non
2225 2071 2434 2126 inimica
2462 2081 2640 2128 mente
2660 2073 2904 2128 Salvator
2931 2081 3113 2126 noster
3139 2085 3304 2142 agnos
3331 2084 3456 2126 suos
3477 2110 3494 2138 ,

1919 2161 1970 2216 id
2000 2171 2099 2228 est,
2119 2163 2404 2233 discipulos
2432 2179 2558 2219 suos
2587 2165 2638 2218 in
2661 2163 2837 2220 medio
2865 2164 3108 2234 luporum
3140 2162 3370 2232 dirigere
3393 2176 3490 2216 vo—

1919 2254 2035 2320 luit,
2065 2255 2165 2310 nisi
2193 2267 2336 2312 esset
2363 2258 2534 2327 aliqua
2563 2257 2940 2322 contrarietas,
2991 2271 3112 2326 quae
3158 2256 3210 2310 in
3241 2253 3496 2308 similitu—

1918 2347 2041 2402 dine
2070 2349 2314 2418 luporum
2334 2363 2454 2406 eam
2483 2349 2774 2419 deponeret
2801 2391 2816 2415 ,
2845 2349 2932 2404 ubi
2960 2358 3017 2404 et
3059 2347 3350 2417 discipulos
3379 2359 3505 2400 suos

1917 2439 2170 2495 miserat:
2195 2450 2253 2495 ut
2281 2457 2398 2511 qua)
2427 2439 2566 2496 forte
2595 2440 2648 2494 in
2685 2439 2863 2494 medio
2893 2439 3138 2509 luporum
3166 2437 3358 2492 animat
3383 2449 3505 2506 pos-

1919 2543 2039 2588 sent
2059 2533 2230 2603 decipi
2251 2575 2265 2598 ,
2302 2533 2368 2588 ad
2399 2535 2668 2603 propriam
2697 2533 3050 2588 substantiam
3103 2538 3504 2586 revocarentur.

1919 2625 2057 2680 Hinc
2083 2640 2212 2694 ergo
2256 2633 2478 2695 apparet
2521 2625 2814 2695 antiquitas
2847 2633 3144 2694 temporum
3198 2629 3506 2690 nostrorum

1919 2731 2074 2788 quam
2097 2715 2408 2786 repetimus,
2439 2725 2493 2772 et
2511 2725 2774 2772 annorum
2797 2724 3098 2770 nostrorum
3121 2714 3304 2781 ’,ante
3325 2711 3507 2766 mundi

1919 2807 2356 2862 constitutionem
2385 2807 2485 2862 hoc
2515 2822 2663 2862 more
2705 2807 2896 2874 missas
2945 2821 3066 2862 esse
3087 2805 3295 2860 animas
3321 2812 3508 2858 contra

1919 2903 2238 2960 contrariam
2279 2911 2526 2957 naturam
2545 2943 2560 2969 ,
2593 2910 2650 2956 ut.
2677 2901 2921 2956 eamdem
2951 2915 3046 2955 sua
3072 2900 3324 2971 passione
3346 2895 3510 2966 subji-

1923 2999 2146 3064 cientes,
2177 2995 2403 3050 victoria
2431 2997 2540 3050 Deo
2561 2993 2895 3056 redderetur.
2921 2993 3052 3048 Nam
3070 2993 3203 3047 dixit
3221 2991 3359 3046 idem
3381 3003 3508 3059 apo-
3536 3009 3538 3012 ·

1920 3090 2111 3156 stolus,
2145 3087 2284 3158 quod
2317 3103 2425 3142 non
2451 3088 2626 3142 solum
2653 3095 2798 3142 esset
2823 3087 3044 3141 luctatio
3071 3093 3258 3140 contra
3291 3097 3507 3139 carnem

1919 3189 1974 3236 et
1997 3179 2310 3250 sanguinem
2329 3219 2344 3244 ,
2373 3178 2467 3234 sed
2497 3187 2554 3233 et
2579 3185 2766 3233 contra
2793 3177 3064 3248 principes
3093 3184 3146 3232 et
3175 3183 3468 3245 potestates
3486 3215 3504 3242 ,

1919 3281 1974 3327 et
2001 3271 2294 3341 Spiritualia
2325 3270 2594 3340 nequitiae,
2621 3277 2676 3324 et
2703 3269 3121 3324 dominationem
3160 3265 3506 3322 tenebrarum

1920 3363 2138 3436 (Epltes'.
2168 3379 2243 3428 vr,
2271 3361 2383 3432 l2).
2407 3362 2464 3418 Si
2484 3375 2612 3432 ergo
2641 3363 2923 3432 utrobique
2952 3363 3088 3418 mala
3105 3368 3387 3416 versantur
3403 3358 3500 3416 ‘et

1919 3457 2166 3528 nequitiae
2199 3456 2496 3521 habentur;
2516 3456 2628 3526 jam
2654 3471 2760 3510 non
2783 3457 2952 3510 solum
2980 3464 3062 3511 est
3107 3456 3306 3510 malum
3331 3455 3384 3508 in
3405 3468 3504 3510 no-

1921 3553 2016 3607 tris
2043 3553 2378 3624 corporibus,
2406 3550 2500 3606 sed
2523 3552 2574 3606 in
2597 3559 2711 3605 toto
2740 3551 2940 3606 mundo
2959 3593 2974 3618 ,
2999 3551 3090 3606 ubi
3117 3551 3360 3606 videntur
3379 3563 3504 3603 ver-

1917 3645 2024 3700 sari
2052 3645 2264 3712 animae,
2295 3659 2416 3716 qua:
2445 3643 2542 3699 sub
2583 3644 2720 3700 cmlo
2772 3645 2876 3699 isto
2905 3649 3195 3699 versantur
3222 3651 3277 3698 et
3323 3642 3502 3712 impli-

1919 3745 2051 3793 caue
2075 3743 2220 3792 sunt.

1989 3827 2080 3882 25.
2109 3829 2243 3884 Auc.
2272 3827 2413 3883 dixit
2437 3845 2449 3881 :
2481 3827 2662 3897 Agnos
2688 3842 2816 3882 suos
2853 3825 3110 3882 Dominus
3131 3825 3182 3880 in
3211 3823 3388 3882 medio
3413 3823 3500 3880 lu-

1919 3933 2108 3988 porum
2129 3917 2310 3984 misit,
2341 3916 2395 3972 id
2421 3926 2539 3982 est,
2574 3917 2820 3972 homines
2846 3917 3022 3986 justus
3043 3917 3096 3970 in
3126 3915 3304 3972 medio
3335 3915 3506 3972 homiv

1919 4025 2044 4064 num
2077 4017 2450 4079 peccatorum,
2481 4007 2548 4062 ad
2572 4008 3005 4078 praedicationem
3042 4007 3316 4077 Evangelii
3366 4015 3504 4062 tem-

1919 4116 2050 4172 pore
2077 4101 2308 4155 hominis
2339 4101 2570 4171 suscepti
2599 4101 2666 4156 ab
2696 4101 3054 4158 inseetimabili
3077 4100 3256 4156 divina
3286 4100 3509 4172 Sapien-

1921 4193 2026 4260 tia,
2058 4201 2115 4247 ut
2157 4207 2188 4247 a
2237 4199 2457 4262 peccato
2507 4191 2575 4246 ad
2611 4193 2870 4263 justitiam
2917 4208 3018 4246 nos
3063 4203 3298 4248 vocaret.
3353 4193 3506 4261 Quod

1921 4293 2099 4342 autem
2128 4285 2198 4339 ait
2227 4286 2548 4355 Apostolus,
2583 4285 2738 4339 nobis
2789 4285 3217 4340 colluctationem
3248 4300 3352 4340 non
3386 4301 3508 4342 esse

1920 4375 2177 4434 adversus
2203 4390 2422 4432 carnem
2447 4383 2504 4431 et
2530 4377 2840 4445 sanguinem
2863 4415 2878 4442 ,
2901 4376 2996 4431 sed
3022 4376 3280 4430 adversus
3303 4377 3505 4446 princi-

1923 4483 2018 4540 pes
2045 4477 2098 4523 et
2121 4477 2412 4539 potestates
2431 4507 2448 4534 ,
2472 4476 2526 4522 et
2553 4477 2748 4523 camera
2768 4483 2884 4536 qua:
2907 4477 3030 4522 sunt
3054 4479 3504 4536 commemorata;

1923 4563 2025 4618 hoc
2051 4561 2315 4632 signiﬁcat
2339 4561 2614 4616 diabolum
2639 4569 2693 4615 et
2733 4562 2954 4631 angelos
2999 4561 3147 4632 ejus,
3179 4563 3314 4618 sicut
3349 4564 3510 4618 etiam

1924 4671 2058 4724 nos,
2085 4663 2306 4724 peccato
2349 4653 2606 4710 cecidisse
2655 4661 2708 4738 et
2763 4653 2938 4722 lapsos
2967 4669 3106 4722 esse,
3131 4663 3188 4710 et
3214 4657 3512 4712 obtinuisse

1925 4759 2158 4818 terrena,
2189 4749 2242 4804 id
2265 4757 2348 4805 est
2375 4749 2616 4804 homines
2643 4759 2972 4818 peccatores,
2996 4751 3086 4820 qui
3111 4752 3365 4823 quamdiu
3390 4765 3514 4816 pec-

1925 4851 2132 4899 catores
2153 4855 2368 4906 sumus,
2393 4839 2494 4896 sub
2515 4840 2642 4910 jugo
2677 4855 2864 4894 eorum
2910 4855 3132 4906 sumus;
3165 4841 3514 4912 quemadmo-

1925 4935 2052 4993 dum
2074 4977 2088 5002 ,
2118 4949 2238 4990 cum
2282 4933 2410 5002 justi
2433 4935 2654 4996 erimus,
2684 4933 2884 4986 erimus
2906 4934 3005 4988 sub
3027 4935 3154 5004 jngo
3176 4935 3392 5002 justitize
3423 4940 3512 4990 :et

1926 5039 2112 5087 contra
2157 5027 2280 5082 illos
2309 5027 2504 5082 luctam
2541 5025 2836 5093 habemus,
2865 5036 2920 5080 ut
2952 5026 3242 5098 migrantes
3267 5024 3330 5078 ad
3355 5024 3513 5092 justi—

1925 5125 2054 5180 tiam
2079 5165 2092 5186 ,
2121 5120 2188 5175 ab
2217 5134 2402 5174 eorum
2431 5119 2794 5174 dominatione
2827 5118 3138 5174 liberemur.
3186 5116 3327 5186 Ergo
3353 5125 3410 5172 et
3456 5127 3512 5172 tu

1927 5217 2146 5286 dignare
2169 5213 2298 5267 mihi
2333 5212 2565 5267 breviter
2594 5211 2660 5266 ad
2713 5227 2878 5266 unum
2927 5209 3066 5280 quod
3115 5209 3386 5280 interrogo
3425 5225 3514 5263 rea

1927 5307 2212 5382 spondere.
2253 5305 2446 5362 Noceri
2479 5305 2588 5360 Deo
2619 5319 2724 5359 non
2755 5311 3000 5374 poterat,
3031 5317 3096 5356 an
3129 5310 3338 5372 poterat
3364 5301 3508 5358 ?Sed

1992 5491 2009 5523 ι
2045 5489 2116 5539 sic
2139 5495 2243 5537 uss.
2267 5492 2321 5535 At
2343 5483 2462 5535 editi
2491 5497 2502 5533 ε
2527 5493 2600 5546 ea:
2621 5481 2728 5546 ipsa
2747 5480 2874 5546 enin;
2897 5479 3126 5532 homines.

1993 5554 2013 5584 ⁸
2051 5552 2303 5600 Vaticanus
2346 5555 2463 5596 Ms:
2517 5541 2951 5607 Hicr'senticndtmt
2989 5549 3076 5594 est.
3123 5541 3366 5607 t‘auloque
3411 5548 3512 5607 post

1931 5614 2063 5664 idem
2086 5613 2238 5662 codex
2255 5645 2270 5670 ,
2313 5623 2460 5674 quant
2491 5608 2544 5659 in
2573 5604 2892 5668 similitudine
2935 5605 3156 5670 luporum
3177 5604 3398 5658 eamdem
3411 5604 3520 5672 'po-

1929 5683 2126 5786 "an"
2153 5735 2302 5799 Lugd.
2332 5743 2383 5783 et,
2399 5741 2540 5799 ven.,
2559 5743 2828 5782 animorum
2845 5737 3136 5784 nostrorum.
3199 5739 3258 5782 tt.

1997 5801 2019 5830 δ
2055 5807 2103 5847 tn
2131 5795 2245 5848 Mss:
2264 5805 2315 5845 et
2334 5795 2456 5858 apud
2483 5801 2578 5852 Er.,
2605 5801 2961 5845 conrersantur.

1995 5882 2070 5946 (a)
2095 5888 2110 5929 ι
2132 5885 2358 5942 ttctract.,
2382 5889 2488 5942 cap.
2515 5877 2576 5930 16
2591 5911 2606 5942 ,
2628 5889 2680 5928 n.
2699 5877 2746 5928 2.
