4082 6438
531 308 639 369 127

530 438 718 499 quaeso
746 422 879 480 mihi
902 428 981 487 ut,
1002 420 1121 476 Non
1151 423 1393 490 poterat,
1416 411 1766 484 respondeas.

603 517 773 574 Fon'r.
804 514 936 571 dixit
963 531 978 569 :
1010 512 1126 569 Non
1149 517 1359 582 poterat
1382 505 1586 563 noceri.

602 611 695 667 24.
720 611 855 666 Anc.
877 608 1010 664 dixit
1033 625 1047 663 :
1069 607 1245 674 Quare
1260 616 1389 674 ergo
1407 600 1513 656 huc
1535 611 1635 653 nos
1658 595 1806 652 misit
1820 593 2114 653 secundum

450 740 455 747 ~
534 712 766 760 vestram
794 701 951 757 iidem
979 702 1002 755 ?

606 795 777 852 Fonr.
809 794 941 868 dixit
966 810 980 847 :
1009 788 1278 846 Professio
1321 800 1441 841 mea
1470 784 1585 840 haec
1628 792 1713 838 est
1734 824 1750 848 ,
1781 782 1905 853 quia
1936 778 2119 836 noceri

537 902 644 943 non
690 894 899 957 poterat
926 885 1036 939 Deo
1056 924 1072 949 ,
1102 890 1155 936 et
1180 877 1322 949 quod
1353 877 1493 932 Deus
1524 876 1626 931 huc
1652 889 1752 929 nos
1776 873 1986 928 direxit.
2015 869 2123 927 Sed

536 980 661 1051 quia
708 980 761 1035 id
804 979 897 1034 tibi
923 974 1254 1032 contrarium
1278 979 1393 1038 est,
1424 978 1481 1025 tu
1528 969 1613 1025 die
1655 984 1758 1039 qua
1807 967 2011 1021 ratione
2036 964 2125 1019 hic

539 1072 783 1143 apparuit
810 1070 983 1124 anima
1005 1108 1024 1133 ,
1052 1081 1212 1135 quam
1242 1078 1383 1118 nunc
1430 1063 1575 1132 cupit
1623 1062 1761 1116 Deus
1809 1071 2028 1124 noster,
2070 1064 2125 1112 et

539 1164 833 1227 mandatis,
862 1170 915 1216 et
940 1160 1156 1230 proprio
1180 1158 1315 1212 Filio
1339 1156 1544 1211 directo
1569 1151 1842 1208 liberare?

610 1257 700 1312 25.
724 1256 861 1310 Anc.
885 1253 1018 1322 dixit
1047 1271 1059 1306 :
1092 1251 1353 1320 Quoniam
1375 1248 1529 1303 video
1554 1256 1608 1302 te
1633 1243 1968 1314 interrogatis
1994 1241 2127 1298 meis

540 1347 871 1419 reSpondere
901 1361 1007 1401 non
1035 1345 1273 1415 potuisse
1297 1386 1312 1409 ,
1343 1349 1397 1397 et
1423 1357 1509 1396 me
1550 1338 1750 1410 aliquid
1798 1339 2127 1406 interrogare

482 1468 487 1500 ς
540 1441 793 1505 voluisse,
826 1453 951 1494 ecce
982 1436 1253 1491 satisfacio
1273 1434 1368 1489 tibi
1388 1473 1404 1499 ,
1428 1432 1718 1487 dummodo
1748 1428 2058 1485 memineris
2075 1436 2128 1481 te

542 1531 609 1587 ad
627 1531 681 1586 id
703 1530 845 1601 quod
877 1528 1199 1599 interrogavi
1223 1543 1327 1580 non
1355 1524 1719 1594 respondisse.
1752 1522 1940 1576 Anima
1964 1535 2128 1589 quare

544 1623 633 1679 hic
662 1624 733 1678 sit
760 1624 814 1677 in
854 1621 1054 1676 mundo
1096 1620 1331 1675 involuta
1371 1616 1635 1682 miseriis,
1669 1629 1777 1669 non
1806 1613 1999 1678 modo,
2033 1609 2126 1667 sed

542 1714 703 1786 paulo
727 1722 851 1768 ante
889 1713 1070 1769 nescio
1095 1710 1309 1781 quoties
1338 1724 1367 1762 a
1401 1724 1487 1762 me
1518 1707 1717 1761 dictum
1749 1714 1850 1759 est.
1885 1702 2131 1758 Peccavit

542 1807 720 1861 anima
740 1847 755 1870 ,
785 1812 841 1860 et
863 1804 984 1859 ideo
1020 1802 1213 1856 misera
1241 1808 1342 1854 est.
1376 1798 1627 1853 Liberum
1656 1796 1931 1851 arbitrium
1973 1808 2128 1848 acce-

541 1899 653 1970 pit,
694 1913 790 1953 usa
819 1905 901 1952 est
933 1896 1105 1950 libero
1148 1893 1390 1959 arbitrio,
1423 1890 1873 1961 quemadmodum
1918 1888 2085 1942 voluit
2114 1905 2127 1940 :

544 1993 694 2064 lapsa
722 2000 837 2056 est,
861 1990 1031 2061 ejecta
1055 1988 1125 2043 de
1152 1986 1483 2043 beatitudine
1502 2028 1517 2050 ,
1547 1984 1816 2054 implicata
1846 1991 1929 2037 est
1973 1983 2135 2037 miseé

542 2083 656 2139 riis.
684 2083 765 2137 Ad
795 2083 898 2138 hoc
924 2081 1018 2136 tibi
1045 2079 1264 2135 recitavi
1292 2077 1657 2133 testimonium
1688 2073 1929 2146 Apostoli
1951 2072 2135 2129 dicen-

547 2178 617 2232 tis
650 2195 663 2231 :
689 2177 834 2232 Sicut
863 2192 952 2245 per
971 2191 1133 2228 unum
1160 2160 1410 2226 hominem
1454 2188 1589 2225 mors
1612 2212 1628 2236 ,
1675 2170 1746 2223 sic
1790 2179 1836 2222 et
1865 2184 1954 2237 per
1976 2183 2135 2220 unum

546 2268 800 2322 hominem
822 2266 1117 2321 resurrectio
1136 2273 1470 2317 mortuorum.
1492 2261 1629 2329 Quid
1650 2260 1847 2332 qumris
1864 2257 2132 2328 amplius?

547 2359 701 2417 Unde
728 2368 781 2414 tu
808 2357 1106 2429 responde;
1133 2355 1220 2411 cui
1240 2355 1423 2411 noceri
1451 2368 1557 2409 non
1588 2359 1833 2424 poterat,
1852 2364 2017 2422 quare
2032 2350 2137 2404 huc

468 2502 477 2511 ι
545 2466 646 2507 nos
670 2450 860 2505 misit?

616 2543 783 2598 Fon-r.
813 2541 947 2596 dixit
974 2558 989 2595 :
1019 2539 1190 2595 Causa
1215 2538 1332 2594 haec
1356 2535 1644 2608 quaerenda
1665 2541 1767 2599 est,
1790 2548 1887 2588 cur
1903 2533 2008 2588 huc
2030 2546 2124 2588 ve-

546 2637 684 2693 nerit
714 2636 891 2691 anima
910 2676 925 2701 ,
955 2641 1048 2689 aut
1095 2647 1262 2703 quare
1298 2630 1544 2687 eamdem
1573 2630 1713 2685 Deus
1742 2628 1868 2683 hinc
1892 2626 2037 2696 cupit
2074 2625 2140 2680 li-

547 2728 759 2791 berare,
792 2743 912 2798 qua:
939 2727 994 2781 in
1024 2724 1201 2780 medio
1232 2723 1493 2777 malorum
1524 2720 1674 2774 vivit.

617 2818 709 2874 26.
752 2819 884 2873 Auc.
924 2815 1102 2871 dixit:
1149 2814 1298 2869 Hanc
1336 2826 1555 2866 causam
1593 2810 1689 2865 abs
1729 2817 1783 2863 te
1822 2821 2041 2877 quaero;
2084 2805 2140 2860 id

550 2918 669 2975 est,
726 2908 771 2964 si
824 2907 935 2962 Deo
986 2905 1171 2961 noceri
1216 2917 1323 2958 non
1374 2910 1620 2972 poterat,
1677 2914 1845 2971 quare
1890 2898 1995 2953 huc
2038 2911 2139 2951 nos

551 3000 697 3055 misit
720 2999 743 3053 ?

621 3090 791 3145 Fon'r.
821 3088 957 3144 dixit
987 3104 1000 3141 :
1030 3085 1299 3156 Quaeritur
1323 3100 1355 3139 a
1381 3083 1560 3148 nobis,
1588 3083 1633 3137 si
1661 3082 1773 3137 Deo
1816 3081 2015 3135 malum
2046 3094 2143 3134 no-

554 3196 684 3237 cere
712 3194 820 3235 non
864 3178 1069 3250 possit,
1097 3191 1261 3248 quare
1287 3177 1389 3231 huc
1418 3175 1594 3229 anima
1619 3174 1781 3228 missa
1829 3171 1988 3228 fuerit
2006 3213 2022 3239 ,
2050 3179 2143 3226 aut

551 3289 655 3345 qua
708 3272 919 3327 ratione
961 3270 1162 3325 mundo
1192 3268 1454 3340 permixta
1498 3268 1585 3322 sit.
1616 3266 1770 3334 Quod
1802 3266 1853 3320 in
1880 3281 1944 3322 eo
1970 3266 2144 3320 mani-

552 3364 744 3419 festum
774 3372 858 3418 est
881 3362 1022 3433 quod
1048 3363 1124 3416 ait
1152 3359 1476 3431 Apostolus:
1502 3357 1767 3427 Numquid
1795 3358 1914 3410 dicit
1930 3358 2143 3429 ﬁgmen-

556 3466 663 3512 tum
688 3457 734 3511 ei
762 3456 847 3526 qui
874 3471 927 3510 se
957 3454 1103 3524 ﬁnxit
1127 3494 1144 3520 ,
1172 3451 1275 3506 Cur
1316 3468 1394 3505 me
1420 3451 1493 3504 ita
1522 3448 1819 3519 formaveris
1847 3448 2035 3519 (Rom.
2063 3465 2140 3518 Ix,

550 3547 687 3618 20)?
719 3546 776 3602 Si
798 3560 927 3617 ergo
956 3542 1222 3600 causanda
1257 3550 1339 3597 est
1364 3541 1479 3595 haec
1498 3554 1610 3607 res,
1638 3539 2046 3610 interrogandus
2061 3547 2145 3595 est

552 3639 907 3697 curanim‘am
935 3637 1165 3692 direxit‘
1197 3634 1344 3689 nulla
1371 3641 1596 3703 cogente
1624 3647 1682 3688 se
1710 3632 2057 3687 necessitate.
2085 3632 2141 3688 Si

552 3745 729 3792 autem
752 3733 1045 3790 necessitas
1074 3730 1171 3786 fuit
1190 3727 1437 3786 mittendi
1462 3727 1695 3783 animam
1715 3767 1731 3793 ,
1761 3727 1955 3782 merito
1980 3734 2064 3782 est
2088 3734 2144 3782 et

554 3830 804 3884 voluntas
833 3824 1097 3881 liberandi
1128 3837 1269 3878 eam.

624 3921 716 3974 27.
759 3919 894 3975 Auc.
936 3917 1070 3971 dixit
1099 3932 1111 3969 :
1145 3912 1414 3969 Premitur
1450 3926 1580 3983 ergo
1614 3911 1756 3967 Deus
1782 3909 2139 3966 necessitate?

626 4012 795 4068 Fonr.
836 4011 970 4066 dixit
998 4029 1011 4064 :
1043 4008 1160 4063 Jam
1186 4005 1289 4061 hoc
1317 4012 1440 4060 est:
1468 4004 1577 4059 noli
1602 4002 1671 4058 ad
1714 4002 1967 4058 invidiam
1999 4002 2145 4058 exci-

561 4112 677 4159 tare
716 4103 768 4157 id
815 4097 956 4171 quad
993 4099 1193 4153 dictum
1231 4104 1347 4162 est,
1389 4093 1533 4165 quod
1562 4107 1670 4148 non
1710 4092 2015 4148 necessitati
2060 4091 2143 4148 fa-

557 4198 729 4252 cimus
757 4193 1026 4249 subditum
1054 4204 1174 4246 esse
1214 4188 1382 4244 Deum
1403 4227 1420 4254 ,
1450 4184 1545 4241 sed
1589 4184 1887 4241 voluntarie
1934 4184 2144 4240 misisse

558 4291 810 4345 animam.

576 4432 582 4439 .
627 4384 717 4439 28.
748 4386 882 4437 Auc.
908 4379 1040 4434 dixit
1069 4395 1082 4432 :
1118 4376 1304 4434 Recita
1325 4374 1466 4447 quod
1489 4388 1648 4444 supra
1690 4371 1892 4428 dictum
1942 4377 2043 4426 est.
2075 4369 2147 4426 Et

556 4478 836 4533 recitatum
865 4480 984 4528 est:
1015 4470 1075 4525 Si
1117 4479 1287 4523 autem
1322 4467 1591 4523 necessitas
1622 4465 1717 4535 fuit
1768 4462 2002 4517 mittendi
2028 4461 2143 4515 ani-

558 4588 724 4635 mam,
748 4567 924 4622 merito
949 4574 1021 4620 est
1038 4572 1084 4619 et
1112 4564 1341 4618 uoluntas
1363 4560 1607 4616 liberandi
1631 4574 1763 4611 eam.
1798 4557 1931 4611 AUC.
1962 4554 2097 4610 dixit
2125 4570 2139 4609 :

561 4663 875 4721 Audivimus
899 4678 913 4713 :
944 4659 1003 4715 Si
1042 4666 1210 4711 autem
1237 4656 1503 4725 necessitas
1527 4652 1622 4724 fuit
1645 4650 1873 4705 mittendi
1898 4649 2141 4717 animam,

561 4757 738 4812 merito
766 4761 841 4809 est
887 4760 934 4806 et
962 4752 1193 4806 voluntas
1221 4748 1469 4803 liberandi
1493 4762 1623 4800 eam.
1673 4743 1753 4797 Tu
1794 4758 1921 4812 ergo
1964 4741 2145 4796 dixisti

559 4848 723 4903 fuisse
764 4845 1137 4902 necessitatem
1179 4840 1425 4897 mittendi
1476 4838 1732 4893 animam.
1761 4834 1871 4890 Sed
1914 4833 2147 4891 simodo

556 4940 887 4994 voluntatem
926 4936 1008 4988 vis
1065 4934 1279 4997 dicere,
1323 4939 1376 4986 et
1418 4929 1521 4984 hoc
1574 4926 1749 4981 addo'
1781 4942 1793 4979 :
1821 4924 1919 4979 Cui
1962 4924 2144 4980 noceri

558 5032 689 5088 nihil
712 5038 943 5101 poterat,
971 5026 1204 5082 crudelis
1230 5025 1474 5080 voluntas
1517 5020 1615 5075 fuit
1641 5018 1884 5074 mittendi
1910 5019 2142 5073 animam

557 5125 625 5180 ad
646 5132 820 5179 tantas
850 5120 1111 5175 miserias.
1140 5116 1291 5184 Quod
1312 5113 1588 5170 refellendi
1605 5125 1762 5166 causa
1788 5110 1909 5180 quia
1929 5109 2141 5180 loquor,

559 5218 767 5273 veniam
794 5225 919 5286 peto
943 5214 1011 5269 ab
1031 5212 1172 5267 illius
1192 5209 1349 5266 unius
1373 5203 1763 5269 misericordia,
1794 5203 1848 5257 in
1868 5218 1972 5274 quo
1990 5218 2141 5273 spem

556 5308 885 5367 liberationis
909 5306 1167 5361 habemus
1187 5301 1255 5357 ab
1273 5298 1519 5356 omnibus
1555 5295 1827 5352 erroribus
1857 5293 2142 5349 haeretico-

557 5416 698 5458 rum.

633 5496 800 5553 Fonr.
829 5494 1003 5549 dixit:
1033 5489 1142 5546 Nos
1181 5487 1362 5544 dicere
1388 5495 1665 5539 asseveras
1703 5479 1977 5535 crudelem
2025 5490 2143 5532 esse

625 5609 645 5641 ι
682 5592 907 5660 victarini
947 5613 1052 5655 Mss.
1071 5638 1087 5664 ,
1137 5596 1512 5665 interrogandus
1540 5600 1610 5647 est
1644 5592 1729 5656 qui
1769 5591 1979 5642 animam
2014 5589 2145 5640 dire-

559 5670 730 5848 mn
747 5728 999 5784 victm-ints
1023 5735 1153 5791 mssa
1176 5728 1222 5778 et
1243 5722 1309 5778 ad
1332 5722 1421 5775 hoc
1442 5717 1592 5775 addat
1631 5723 1682 5768 tn
1722 5716 1966 5777 Vaticano.
1984 5714 2030 5765 ει
2050 5706 2140 5763 θιοδ

710 5818 722 5845 ι

710 5818 722 5845 ι

941 298 1221 362 CONTRA
1256 292 1733 358 FORTUNATUM
1768 284 2223 357 MANICHEUM,
2252 286 2312 344 S.
2353 285 2741 355 AUGUSTINI,
2772 286 3032 345 DISPUT.
3083 284 3416 346 SECUNDA.

3708 289 3816 348 19.8

2231 404 2402 459 Deum
2431 403 2691 459 mittendo
2732 404 2965 459 animam
2992 423 3005 459 :
3037 404 3231 461 fecisse
3265 420 3394 461 vero
3437 405 3607 461 Deum
3634 406 3813 463 hami-

2224 512 2383 564 nem,
2410 506 2463 552 et
2492 495 2795 551 insufﬂasse
2814 498 2830 527 ί
2878 498 2931 551 in
2977 512 3100 553 eum
3141 500 3372 553 animam
3394 540 3409 565 ,
3442 514 3600 569 quam
3627 501 3812 572 utique

2228 591 2493 661 praescivit
2522 590 2574 645 in
2606 590 2835 645 futuram
2866 590 3134 646 miseriam
3181 592 3410 658 involvi,
3456 602 3511 647 et
3555 593 3817 652 beneflcio

2227 681 2488 736 malorum
2518 696 2623 736 non
2649 696 2809 752 posse
2836 681 3132 737 haereditati
3150 698 3261 737 sum
3278 686 3677 753 repraesentari.
3699 686 3818 743 Hoc

2227 781 2319 827 aut
2347 774 2638 843 ignorantis
2663 782 2745 828 est
2768 813 2785 840 ,
2835 782 2927 828 aut
2972 774 3151 829 dantis
3178 776 3408 828 animam
3437 774 3504 829 ad
3534 775 3648 831 haec
3675 779 3817 834 mala

2227 880 2346 935 quae
2390 880 2551 937 supra
2600 875 2895 922 memorata
2928 875 3069 921 sunt.
3110 866 3169 921 ld
3201 870 3658 935 commemoravi,
3695 873 3820 941 quia

2230 958 2408 1013 dixisti
2438 968 2564 1014 ante
2592 969 2801 1029 tempus
2851 975 2955 1013 non
2989 960 3212 1014 multum
3238 1001 3253 1026 ,
3295 959 3438 1030 quod
3479 961 3821 1031 adoptaverit

2232 1052 2327 1107 sibi
2361 1054 2499 1108 Deus
2537 1054 2806 1120 animam,
2842 1068 2948 1107 non
2997 1053 3140 1124 quod
3182 1054 3249 1109 ab
3279 1054 3396 1124 ipso
3425 1055 3524 1121 sit;
3552 1054 3696 1109 aliud
3738 1063 3823 1111 est

2232 1145 2373 1201 enim
2395 1146 2670 1216 ad0ptare.

2302 1240 2389 1294 29.
2411 1242 2541 1295 Anc.
2561 1239 2694 1294 dixit
2718 1259 2731 1293 :
2752 1240 2826 1295 De
2852 1240 3133 1310 adoptione
3150 1248 3329 1296 nostra
3356 1241 3571 1297 memini
3595 1256 3681 1297 me
3698 1250 3826 1299 ante

2233 1331 2349 1386 dies
2373 1333 2393 1362 ’
2420 1331 2620 1386 dixisse
2646 1375 2661 1398 ,
2695 1333 2985 1387 secundum
3030 1332 3391 1387 testimonium
3421 1335 3659 1403 Apostoli
3682 1377 3697 1400 ,
3732 1333 3827 1403 qui

2234 1424 2361 1478 dicit
2387 1438 2483 1478 nos
2504 1432 2723 1478 vocatos
2754 1424 2805 1477 in
2833 1424 3173 1494 adoptionem
3194 1425 3423 1479 ﬁliorum
3448 1426 3665 1495 (Ep/tes.
3684 1442 3722 1489 ι,
3743 1425 3823 1497 5).

2235 1512 2349 1567 Non
2378 1530 2504 1584 ergo
2527 1530 2703 1569 meum
2734 1514 2835 1568 fuit
2864 1515 2990 1569 illud
3011 1556 3025 1580 ,
3054 1516 3145 1569 sed
3195 1517 3547 1585 apostolicum
3598 1531 3826 1586 respon-

2236 1622 2374 1660 sum.
2410 1608 2487 1661 De
2516 1622 2619 1676 qua
2649 1623 2736 1672 re,
2772 1608 2824 1660 id
2859 1615 2966 1672 est,
3001 1606 3068 1661 de
3100 1608 3198 1661 ista
3221 1608 3539 1677 adoptione,
3568 1624 3665 1661 suo
3692 1617 3829 1663 tem-
3864 1646 3873 1655 ι

2237 1714 2394 1768 pore,
2430 1699 2471 1751 si
2501 1700 2708 1767 placet,
2740 1698 3070 1768 inquiramus
3098 1717 3110 1751 :
3142 1707 3192 1752 et
3217 1698 3284 1752 de
3309 1699 3399 1752 illa
3431 1700 3546 1753 sine
3572 1699 3831 1755 dilatione

2236 1788 2640 1859 respondebo‘,
2672 1803 2793 1843 cum
2834 1798 2889 1843 tu
2927 1788 3059 1844 meis
3093 1788 3487 1857 objectionibus
3527 1789 3826 1860 responde-

2236 1896 2333 1937 ris.
3696 1926 3708 1941 ο

2308 1974 2479 2028 Fonr.
2506 1972 2639 2027 dixit
2671 1989 2684 2026 :
2712 1972 3061 2043 Progressum
3090 1970 3211 2027 dico
3231 1972 3394 2027 fuisse
3420 1972 3612 2026 animae
3639 1981 3830 2028 contra

2237 2068 2560 2123 contrariam
2590 2075 2869 2133 naturam,
2900 2081 3021 2138 quae
3068 2074 3255 2120 natura
3294 2066 3405 2121 Deo
3459 2080 3656 2121 nocere
3694 2065 3831 2121 nihil

2239 2171 2467 2234 poterat.

2311 2255 2399 2309 50.
2430 2254 2564 2310 Auc.
2589 2253 2752 2308 dixit:
2773 2251 2911 2321 Quid
2937 2266 3070 2323 opus
3091 2258 3207 2308 erat
3236 2252 3340 2306 isto
3386 2265 3706 2322 progressu,
3739 2251 3833 2307 ubi

2241 2345 2374 2400 nihil
2420 2344 2647 2401 habebat
2694 2344 2837 2400 Deus
2885 2343 3027 2414 quod
3054 2351 3298 2410 caveret,
3328 2343 3414 2398 cui
3461 2357 3656 2398 nocere
3697 2342 3832 2399 nihil

2242 2448 2450 2511 poterat
2465 2439 2488 2492 ?

2313 2534 2485 2589 Fonr.
2516 2533 2648 2587 dixit
2671 2549 2683 2587 :
2709 2531 2934 2587 Constat
2953 2529 3095 2601 apud
3111 2528 3492 2586 conscientiam
3513 2535 3744 2584 vestram
3761 2568 3776 2594 ,
3800 2542 3833 2583 a

2244 2627 2355 2683 Deo
2384 2626 2596 2683 venisse
2621 2626 2894 2682 Christum
2918 2626 2941 2678 ?

2314 2722 2402 2777 ⁸51.
2436 2721 2568 2775 Anc.
2595 2719 2757 2774 dixit:
2784 2719 2974 2773 iterum
2999 2731 3085 2772 me
3113 2715 3412 2787 interrogas
3439 2715 3565 2771 ?Ad
3591 2715 3826 2771 interro-

2244 2820 2362 2885 gata
2391 2810 2675 2882 responde.

2277 2908 2281 2912 ’
2318 2904 2487 2959 Fonr.
2517 2904 2649 2958 dixit
2674 2922 2685 2957 :
2709 2901 2799 2958 Sic
2823 2900 3003 2971 accepi
3024 2900 3079 2956 in
3109 2899 3246 2968 ﬁde,
3268 2898 3411 2969 quod
3449 2898 3722 2954 voluntate
3741 2897 3837 2954 Dei

2245 2996 2361 3065 ipse
2386 2995 2490 3050 huc
2503 2995 2730 3049 venerit.

2316 3088 2407 3142 52.
2452 3087 2585 3143 Ave.
2633 3086 2805 3141 dixit:
2837 3084 2907 3139 Et
2933 3098 3033 3155 ego
3071 3083 3235 3138 dico:
3274 3082 3415 3138 Deus
3460 3081 3835 3151 omnipotens,

2247 3178 2596 3244 inviolabilis,
2630 3175 3079 3233 incommutabilis
3102 3217 3117 3243 ,
3148 3175 3234 3229 cui
3262 3174 3443 3229 noceri
3473 3173 3606 3228 nihil
3635 3174 3836 3244 possit,

2247 3286 2411 3344 quare
2440 3271 2545 3327 huc
2572 3273 2802 3326 animam
2833 3270 2899 3324 ad
2931 3268 3174 3324 miserias
3196 3308 3210 3335 ,
3239 3267 3306 3322 ad
3336 3281 3608 3335 errorem,
3640 3266 3708 3321 ad
3737 3263 3850 3321 ista

2246 3380 2366 3436 qua:
2385 3364 2636 3434 patimur,
2669 3361 2859 3418 misit?

2319 3455 2490 3511 Fonr.
2521 3454 2657 3510 dixit
2686 3471 2697 3507 :
2740 3453 2950 3509 Dictum
2998 3459 3082 3507 est
3122 3450 3265 3507 enim
3296 3465 3310 3502 :
3340 3448 3652 3504 Potestatem
3678 3449 3838 3504 habeo

2248 3547 2468 3619 ponendi
2495 3547 2720 3600 animam
2748 3560 2944 3610 meam,
2995 3552 3043 3598 et
3090 3550 3385 3612 potestatem
3426 3541 3702 3611 accipiendi
3727 3557 3839 3594 eam

2248 3639 2425 3710 (Joan.
2458 3651 2525 3704 x,
2554 3638 2665 3709 18).
2718 3636 2868 3692 Nunc
2906 3632 3042 3689 dixit
3066 3632 3088 3664 ⁴
3113 3632 3256 3704 quod
3287 3632 3562 3687 voluntate
3590 3631 3680 3686 Dei
3717 3647 3840 3701 pro-

2246 3745 2427 3802 gressa
2456 3738 2538 3785 est
2567 3730 2766 3783 anima.

2319 3824 2409 3879 35.
2442 3823 2577 3878 Anc.
2608 3821 2744 3876 dixit
2784 3837 2796 3875 :
2826 3820 2941 3891 Ego
2977 3828 3152 3875 autem
3180 3831 3394 3875 causam
3424 3832 3606 3889 quaero
3626 3858 3641 3885 ,
3674 3830 3839 3889 quare

2247 3931 2371 3972 cum
2396 3916 2508 3971 Deo
2534 3915 2713 3970 noceri
2736 3914 2867 3968 nihil
2888 3911 3215 3983 possit"....?

2322 4011 2493 4066 Fonr.
2524 4009 2659 4064 dixit
2688 4028 2700 4063 :
2726 4008 2868 4062 Nihil
2920 4006 3100 4062 noceri
3146 4005 3260 4061 Deo
3280 4004 3389 4073 jam
3415 4003 3677 4069 diximus,
3706 4011 3760 4058 et
3785 4002 3839 4058 in

2248 4102 2516 4159 contraria
2547 4109 2734 4153 natura
2764 4112 2884 4153 esse
2910 4098 3141 4151 animam
3167 4096 3427 4162 diximus,
3458 4095 3578 4150 ideo
3604 4103 3662 4150 ut
3705 4109 3839 4150 con-

2248 4193 2425 4249 traria:
2470 4200 2673 4246 naturae
2726 4189 2941 4243 modum
2993 4188 3333 4256 imponeret:
3383 4184 3544 4239 modo
3590 4181 3843 4254 imposito

2150 4296 2151 4299 ‘
2248 4285 2529 4343 contraria:
2561 4292 2794 4348 naturae,
2836 4280 2999 4335 sumit
3045 4278 3285 4334 eamdem
3328 4278 3488 4332 Deus.
3537 4279 3657 4347 Ipse
3693 4281 3841 4335 enim

2248 4379 2411 4447 dixit,
2445 4376 2750 4431 Potestatem
2775 4374 2931 4428 habeo
2954 4371 3172 4443 ponendi
3199 4371 3423 4424 animam
3447 4386 3641 4435 meam,
3667 4379 3714 4424 et
3741 4387 3838 4442 p0-

2249 4478 2474 4525 testatem
2495 4467 2725 4545 sumendi
2747 4482 2877 4520 eam.
2910 4464 3058 4519 Hauc
3092 4462 3249 4517 Pater
3274 4461 3402 4516 mihi
3430 4461 3577 4517 dedit
3601 4471 3838 4532 potesta-

2248 4573 2358 4620 tem
2382 4561 2616 4633 ponendi
2642 4560 2872 4614 animam
2903 4572 3109 4623 meam,
3140 4563 3195 4610 et
3235 4553 3481 4609 sumendi
3511 4569 3650 4609 eam.
3693 4553 3837 4609 Deus

2251 4672 2380 4729 ergo
2403 4657 2494 4727 qui
2534 4654 2851 4725 loquebatur
2894 4651 2948 4706 in
2976 4649 3143 4717 Filio,
3169 4647 3239 4703 de
3264 4663 3366 4717 qua
3387 4646 3561 4701 anima
3592 4645 3837 4702 diceret?

2315 4839 2331 4869 ι
2368 4837 2618 4884 vaticanus
2638 4832 2811 4890 codex,
2830 4832 2875 4880 et
2892 4826 3176 4879 insibilasse.

2314 4901 2334 4930 ⁸
2368 4905 2488 4957 Vox,
2513 4894 2634 4957 dies,
2656 4906 2767 4957 quae
2799 4885 2858 4941 in
2881 4892 3103 4957 editione
3129 4897 3237 4957 Lor.
3263 4885 3535 4946 exciderat,
3558 4885 3838 4935 restituitur

2251 4974 2313 5012 ex
2334 4954 2481 5008 libris
2504 4956 2610 5006 aliis
2625 4954 2769 5005 editis
2792 4961 2844 5004 et
2864 4954 3218 5014 manuscriptis.

2314 5023 2334 5055 ³
2366 5028 2473 5070 Mss.
2500 5018 2721 5067 Gallicani
2748 5024 2800 5067 et
2834 5016 3070 5073 Vaticani,
3110 5008 3170 5063 de
3192 5010 3278 5062 illa
3298 5008 3618 5073 insibilatione
3638 5021 3836 5073 respon-

2250 5083 2386 5135 debo.
2413 5089 2551 5132 Forte
2565 5082 2679 5144 quia
2700 5092 2848 5141 supra
2866 5071 3172 5144 _Fort_unatus
3194 5087 3298 5144 pro,
3316 5071 3597 5137 insuﬂlasse,
3621 5071 3837 5131 dixerat,

2248 5145 2531 5202 insibilasse,
2554 5138 2695 5193 sicuti
2720 5138 2775 5189 in
2793 5140 2960 5190 codice
2983 5140 3165 5202 legitur
3189 5138 3429 5202 Vaticano.

2312 5208 2333 5239 ⁸
2368 5197 2529 5265 Editi,
2554 5217 2646 5253 non
2679 5202 2822 5253 dixit.
2848 5202 3012 5265 Melior
3038 5197 3245 5265 'videtur
3286 5198 3434 5265 lectio
3472 5197 3833 5265 \{ictorinorum

2250 5258 2697 5330 manuscriptorum,
2724 5278 2851 5314 nunc
2883 5263 3028 5330 dixit.
3062 5260 3533 5330 sivenr'ortunatiusit
3566 5258 3701 5330 illud,
3727 5258 3838 5330 sive

2252 5319 2516 5395 augustiui',
2536 5319 2865 5395 cuj‘usjiomen
2890 5327 2946 5395 in.
2963 5322 3400 5395 \‘ictorinisiisdcm
3426 5328 3534 5369 Mss.
3573 5319 3838 5388 collocatur

2249 5379 2371 5444 aii‘i’e‘
2389 5408 2401 5442 :
2583 5379 2709 5440 dixit
2728 5388 2854 5451 quod
2874 5386 3108 5437 voluntate
3145 5382 3235 5433 Dei
3258 5396 3510 5447 progressa
3532 5389 3601 5432 est
3631 5379 3794 5431 anima
3818 5392 3840 5430 :

2248 5471 2334 5523 ego
2356 5461 2531 5515 autem,
2554 5461 2649 5503 etc.

2292 5522 2331 5582 Αδ
2363 5519 2619 5582 Vaticanus
2640 5522 2720 5582 Ms.
2746 5520 2859 5562 Anc.
2889 5509 3028 5582 dixit
3050 5517 3180 5579 ἔξῃο
3202 5519 3385 5582 gugro,
3411 5520 3521 5582 cum
3550 5515 3646 5582 [tea
3662 5517 3834 5582 nocere

2248 5580 2558 5645 niltitposset,
2583 5589 2670 5625 cur
2694 5575 2787 5644 huc
2818 5572 3027 5622 animam
3046 5566 3253 5645 miserit.
3270 5576 3433 5645 Eon-ra:
3619 5580 3635 5618 :
3669 5566 3837 5645 Videri

2249 5630 2648 5707 quod'volmitate
2674 5634 2761 5685 Dei
2783 5647 3037 5698 progressa
3073 5632 3133 5682 sit
3171 5631 3352 5707 animo,
3526 5630 3653 5707 dico;
3674 5639 3821 5707 "suo.

2251 5690 2379 5755 dixit
2400 5690 2532 5760 {ego
2553 5706 2711 5760 autem
2732 5690 2927 5760 cdusdin
2945 5708 3125 5760 quam,
3142 5706 3252 5745 cum
3268 5702 3369 5745 Deo
3389 5705 3563 5745 nocere
3584 5690 3705 5743 mhit
3720 5703 3833 5755 pose

2249 5754 2328 5827 ea.
2346 5754 2442 5817 ω·
2462 5754 2554 5814 tius
2576 5757 2789 5813 muniam
2804 5754 2946 5811 misit.
