4082 6456
243 421 354 478 129

243 535 471 590 Constat
492 544 617 590 esse
636 531 870 587 animam
894 542 1150 597 nostram,
1174 548 1292 604 qua:
1322 533 1375 587 in
1401 532 1486 587 his
1527 531 1840 602 corporibus

244 623 500 692 habetur,
529 624 677 695 quod
703 624 770 679 de
794 625 910 695 ejus
951 625 1225 680 voluntate
1273 623 1514 693 venerit,
1539 632 1594 680 et
1636 622 1704 679 de
1747 637 1844 678 vo-

243 718 456 775 luntate
479 720 649 789 ipsius
676 719 870 774 iterum
899 729 1220 774 assumatur.

317 813 410 870 34.
454 813 593 868 Anc.
621 811 788 866 dixit:
813 811 968 868 Unde
995 811 1192 867 dixerit
1218 810 1476 865 Dominus
1505 817 1710 874 noster,
1741 807 1850 862 Po-

247 915 481 961 testatem
498 905 658 960 habeo
688 906 908 974 ponendi
931 907 1152 960 animant
1179 913 1423 970 meam,et
1437 912 1730 976 potestatem
1755 904 1849 957 ha-

243 995 338 1051 beo
356 997 593 1051 sumendi
620 1014 732 1052 eam
751 1040 766 1066 ,
793 998 1041 1052 omnibus
1071 1005 1254 1052 notum
1281 1004 1366 1054 est
1395 1016 1408 1052 :
1436 997 1560 1068 quia
1594 1010 1849 1066 passurus

244 1098 386 1153 erat,
420 1098 476 1143 et
496 1098 918 1144 resurrecturus.
953 1089 1066 1159 Ego
1087 1098 1264 1144 autem
1286 1088 1382 1142 abs
1409 1097 1460 1142 te
1480 1087 1672 1142 iterum
1693 1093 1850 1155 atque

244 1179 448 1236 iterum
479 1196 668 1251 quan-0
690 1222 706 1249 ,
755 1181 800 1236 si
844 1181 954 1237 Deo
995 1180 1125 1238 nihil
1149 1180 1329 1236 noceri
1354 1187 1566 1251 poterat
1589 1219 1604 1246 ,
1629 1193 1724 1234 cur
1748 1177 1854 1233 huc

249 1272 465 1327 animas
494 1273 640 1327 misit
665 1274 689 1326 ἓ

324 1364 499 1419 Fon'r.
530 1365 664 1419 dixit
697 1383 709 1418 :
738 1364 950 1420 Naturae
980 1364 1264 1421 contrariae
1302 1352 1518 1420 inodum
1550 1363 1848 1434 imponere.

319 1459 414 1513 35.
443 1461 583 1515 Auc.
615 1458 749 1513 dixit
775 1475 790 1512 :
817 1459 885 1513 Et
910 1460 1249 1528 omnipotens
1272 1458 1412 1514 Deus
1436 1499 1450 1524 ,
1477 1456 1782 1512 misericors
1800 1462 1858 1510 et

243 1544 494 1598 omnium
521 1559 763 1598 summus
784 1585 800 1609 ,
823 1553 884 1598 ut
905 1543 1121 1598 modum
1145 1545 1446 1614 imponeret
1492 1551 1696 1597 natura:
1725 1555 1857 1596 con-

248 1638 434 1692 trariae
453 1677 469 1704 ,
499 1637 620 1692 ideo
660 1637 805 1692 illam
833 1637 1163 1694 moderatam
1189 1652 1308 1695 esse
1335 1636 1522 1706 voluit,
1547 1643 1608 1692 ut
1631 1651 1730 1693 nos
1755 1637 1859 1692 im-

249 1729 565 1786 moderatos
584 1729 824 1786 efliceret
848 1730 873 1783 ἲ

330 1823 501 1879 Ροιιτ.
525 1824 659 1879 dixit
687 1841 702 1878 :
724 1823 832 1879 Sed
858 1822 978 1880 ideo
999 1824 1147 1887 adse
1167 1832 1403 1879 revocat.

331 1915 422 1970 56.
464 1916 598 1970 Anc.
629 1915 763 1971 dixit
788 1934 802 1971 :
822 1916 877 1972 Si
901 1916 969 1971 ad
989 1932 1047 1973 se
1063 1925 1279 1973 revocat
1298 1915 1366 1972 ab
1391 1915 1851 1988 immoderatione,

251 2009 362 2062 sia
400 2017 656 2078 peccato,
679 2008 747 2063 ab
771 2023 987 2075 errore,
1031 2024 1063 2063 a
1104 2008 1355 2074 miseria;
1407 2008 1532 2078 quid
1569 2022 1705 2078 opus
1745 2014 1864 2062 erat

255 2109 408 2155 tanta
441 2100 582 2154 mala
607 2100 840 2154 animam
869 2100 979 2170 pati
1021 2114 1116 2171 per
1157 2107 1366 2155 tantum
1417 2108 1658 2171 tempus,
1691 2099 1863 2156 donec

254 2193 490 2248 mundus
512 2193 761 2248 ﬁniatur:
793 2209 916 2249 cum
938 2193 1069 2262 Deo,
1101 2209 1132 2249 a
1152 2208 1258 2266 quo
1277 2208 1395 2250 eam
1420 2193 1596 2250 dicitis
1621 2194 1859 2263 missam,

255 2286 445 2340 noceri
467 2284 600 2339 nihil
623 2285 794 2354 possit
821 2284 845 2338 ?

269 2412 1542 2422 ..———___—_-—_————_—-—__.—_

785 415 1057 475 CONTRA
1092 413 1498 474 ADIMANTUM
1533 411 1813 472 MANICH.
1854 413 2119 486 DlSClP.,
2157 414 2214 472 S.
2256 413 2414 475 AUG.
2457 413 2664 474 LIBER
2700 413 2902 476 UNUS.

3419 409 3524 470 {50

2021 531 2187 588 Fon'r.
2211 531 2344 588 dixit
2366 549 2379 587 :
2399 533 2535 601 Quid
2552 548 2679 606 ergo
2697 532 2935 589 dicturus
2949 545 3067 588 sum
3084 529 3110 584 ‘i

2020 625 2110 681 57.
2131 625 2268 682 Anc.
2299 625 2440 681 dixit
2468 644 2480 680 :
2511 627 2577 682 Et
2598 641 2697 697 ego
2721 625 2845 682 novi
2872 640 2980 681 non
3003 633 3055 681 te
3078 621 3282 679 habere
3303 619 3434 692 quid
3455 619 3540 675 di-

1950 730 2071 784 cas,
2101 724 2156 772 et
2181 731 2268 773 me
2292 732 2414 772 cum
2453 733 2550 775 vos
2574 717 2814 774 audirem
2841 717 2895 773 in
2922 717 3025 773 hac
3070 714 3370 787 quastione
3398 727 3542 767 nun-

1952 823 2108 879 quam
2137 809 2406 865 invenisse
2428 810 2570 881 quod
2599 811 2868 878 dicerem;
2898 819 2954 866 et
2994 809 3119 865 inde
3145 808 3325 864 luisse
3347 805 3540 862 admo-

1951 901 2122 956 nitum
2159 901 2413 957 divinitus
2441 909 2501 957 ut
2527 902 2675 957 illum
2703 917 2940 958 errorem
2969 902 3324 971 relinquerem
3344 939 3359 966 ,
3389 906 3445 954 et
3474 895 3544 951 ad

1943 991 2115 1054 ﬁdem
2138 992 2452 1048 catholicam
2477 1008 2564 1047 me
2590 1003 2978 1057 converterem,
3003 993 3088 1048 vel
3115 991 3289 1063 potius
3315 1004 3541 1046 revoca-

1955 1102 2092 1154 rem,
2121 1087 2290 1158 ipsius
2333 1086 2660 1157 indulgentia
2707 1088 2796 1157 qui
2822 1103 2908 1142 me
2937 1086 3061 1142 huic
3089 1084 3311 1140 fallaciae
3333 1097 3545 1154 semper

1955 1179 2222 1235 inhaerere
2248 1194 2356 1234 non
2393 1178 2535 1234 sivit.
2585 1176 2692 1233 Sed
2731 1179 2778 1232 si
2799 1178 3068 1233 confiteris
3099 1185 3152 1232 te
3198 1191 3307 1230 non
3346 1175 3546 1229 habere

1956 1269 2102 1340 quod
2130 1268 2492 1340 respondeas;
2533 1267 2781 1324 omnibus
2826 1267 3158 1323 audientibus
3195 1274 3250 1322 et
3284 1279 3546 1335 recogno-

1947 1361 2252 1429 scentibus,
2283 1361 2533 1432 quoniam
2562 1359 2748 1416 ﬁdeles
2767 1367 2912 1426 sunt,
2942 1358 3256 1415 catholicam
3286 1357 3479 1426 (idem,
3501 1355 3547 1411 si

1961 1454 2277 1525 permittunt
2300 1453 2584 1520 etvolunt,
2605 1466 2888 1523 exponam.

1949 1592 1954 1596 .
2032 1543 2199 1600 Fon'r.
2222 1543 2356 1599 dixit
2375 1561 2389 1595 :
2407 1543 2535 1599 Sine
2552 1541 2860 1613 praeiudicio
2881 1539 3225 1612 professionis
3245 1555 3379 1595 mere
3398 1540 3548 1595 dixe-

1960 1635 2062 1692 rim
2089 1653 2102 1690 :
2130 1635 2217 1690 illa
2243 1650 2361 1706 quae
2388 1649 2420 1689 a
2446 1643 2502 1690 te
2526 1643 2866 1704 opponuntur
2888 1648 3012 1688 cum
3037 1640 3396 1688 retractavero
3416 1631 3550 1685 meis

1964 1744 2086 1786 cum
2125 1729 2438 1799 majoribus,
2467 1728 2512 1784 si
2540 1728 2717 1794 minus
2742 1727 3118 1798 responderint
3151 1722 3550 1795 interrogationi

1955 1822 2088 1878 ‘huic
2107 1837 2262 1890 meae,
2289 1837 2408 1892 quae
2432 1821 2679 1876 similiter
2702 1836 2732 1874 a
2762 1830 2816 1876 te
2843 1835 2986 1876 nunc
3015 1819 3147 1875 mihi
3172 1818 3427 1888 offertur;
3451 1816 3553 1871 erit

1962 1913 2020 1968 in
2061 1929 2183 1970 mea
2221 1913 2668 1983 contemplatione
2709 1911 2853 1985 (quia
2892 1921 2947 1968 et
2974 1927 3074 1983 ego
3116 1912 3349 1966 animam
3378 1923 3553 1964 meam

1964 2005 2121 2076 cupio
2146 2012 2292 2060 certa
2320 2004 2428 2059 ﬁde
2455 2003 2693 2072 liberari)
2720 2003 2904 2058 venire
2928 2002 2996 2056 ad
3022 2001 3181 2072 hujus
3222 2001 3301 2056 rei
3326 1999 3554 2071 inquisi-

1966 2099 2201 2169 tionem,
2252 2115 2371 2171 quae
2399 2114 2430 2154 a
2459 2107 2512 2154 te
2553 2097 2685 2153 mihi
2729 2098 2987 2166 olfertur,
3015 2106 3070 2154 et
3116 2106 3459 2154 ostensurum
3502 2101 3554 2150 te

1966 2192 2259 2262 polliceris.

2037 2289 2176 2341 Auc.
2208 2283 2378 2338 dixit:
2408 2282 2522 2338 Deo
2545 2281 2759 2352 gratias.

269 2411 3429 2462 ———————-—_—!————_-———‘—in,,
3446 2411 3529 2413 κήν

1328 2501 1410 2600 lN
1454 2537 2079 2613 SUBSEQUENTEM
2120 2533 2447 2618 LIBRUM,

328 2670 482 2732 Vide
511 2668 624 2732 lib.
662 2669 722 2745 1,
759 2687 896 2749 cap.
927 2666 1030 2742 22,
1056 2665 1632 2749 Retractationpm,
1667 2672 1814 2749 toga.
1845 2665 1904 2738 1,
1932 2663 2057 2749 pol.
2082 2660 2241 2749 ~61S,
2273 2678 2338 2720 η.
2373 2660 2501 2749 μα
2527 2656 2762 2733 verbis,
2786 2656 3035 2749 _E_odem
3058 2659 3348 2734 tempore
3384 2653 3496 2734 (α),

970 2737 1160 2828 usque
1185 2745 1266 2806 ad
1297 2745 1415 2807 col.
1445 2744 1587 2819 620,
1616 2737 1682 2804 η.
1723 2742 1785 2811 lt,
1818 2737 2041 2812 verbis,
2073 2740 2317 2802 Caelum
2347 2744 2410 2800 et
2437 2743 2700 2800 terram.
2785 2737 2872 2799 M.
3029 2767 3031 2769 ι

322 2874 396 2933 (a)
430 2870 1052 2934 Prcsbyteratusinimirum
1071 2869 1146 2917 sui
1169 2875 1391 2934 tempore
1409 2866 1607 2934 dictavit
1622 2865 2011 2934 subsequentem
2033 2862 2230 2934 librum,
2253 2861 2476 2934 quemin
2502 2859 2935 2934 Retractat'ionibus
2968 2856 3558 2934 aliquantoposgconcio-

262 2917 683 2983 nem'devlii—déet
696 2917 924 2996 “simila
945 2932 996 2996 in
1029 2917 1337 2996 Hypponensi
1359 2927 1562 2996 concilio
1593 2929 1704 2975 anni
1742 2917 1836 2975 595
1857 2927 2070 2996 habitam
2108 2917 2327 2996 collocat,
2354 2921 2600 2996 intermina
2625 2920 2870 2996 videlicet;
2892 2917 3139 2996 opuscula,
3163 2917 3272 2990 quae
3301 2917 3559 2996 adnanan

261 2978 458 3044 Ξόῖθῖιί
478 2978 865 3059 sos'péioﬁéﬁl
879 2978 1717 3059 huiusEtiamcontraadimantum
1738 2990 1902 3059 operis
1923 2987 2142 3058 meminit
2166 2987 2214 3055 in
2236 2978 2333 3059 line
2351 2983 2465 3059 libri
2549 2990 2720 3059 contra
2748 2978 3087 3032 Adversarium
3119 2978 3260 3043 Legis
3282 2987 3334 3028 et
3354 2978 3559 3042 Prophe-

259 3066 438 3116 tarum,
460 3059 550 3106 nbi
572 3045 816 3107 n'ominato
839 3045 1086 3105 Adimanto
1104 3053 1345 3103 Manichzei
1367 3050 1617 3113 discipulo,
1640 3045 1803 3099 subdit
1821 3065 1834 3099 :
1862 3047 1950 3111 Qui
1972 3045 2266 3112 pramomiue
2291 3046 2453 3096 Addas
2473 3045 2629 3094 dictus
2650 3049 2735 3095 est.

3351 3174 3546 3184 ...ρ-.-

3025 3177 3350 3186 ...υ-...-

265 3183 3383 3200 μ--Μῌ-ᾘ-ῌ-η--ηῂ

881 3307 1024 3422 S.
1100 3300 1871 3420 AUBELII
1944 3296 2960 3414 AUGUSTINI

1454 3491 1974 3560 HIPPONENSIS
2018 3491 2375 3555 EPISCOPI

465 3648 1562 3829 CONTRA
1708 3649 3349 3854 ADIMANTUM

1441 3934 1866 4001 MANICHJEI
1909 3930 2388 3997 DlSCIPULUM

1584 4099 1862 4199 πίων
1901 4080 2248 4193 unus“).

272 4430 592 4483 concilianmr
612 4431 743 4483 inter
760 4441 819 4480 se
839 4429 1190 4492 Scripturarum
1208 4426 1488 4492 sententiae,
1512 4433 1634 4486 quas
1653 4422 1719 4492 de
1753 4422 2066 4492 Testamento
2086 4421 2268 4464 Vetere
2303 4405 3244 4492 seriove,‘velJutinvice-rnncontrarias
3273 4405 3565 4468 Adimantus,

767 4473 1409 4555 hahEadE'FeEanéiﬁm
1431 4473 1494 4536 ab
1515 4473 1615 4534 tino
1638 4491 1691 4534 et
1709 4481 1886 4533 eodem
1908 4487 2009 4530 Deo
2033 4490 2147 4529 esse
2164 4489 2262 4526 non
2285 4488 2429 4538 posse
2451 4473 2771 4533 contendens,
2790 4476 3082 4521 corraserat.

341 4641 569 4698 CAPUT
600 4639 884 4696 PRIMUM.
915 4668 988 4680 ——-
1015 4639 1091 4693 De
1145 4651 1210 4692 eo
1251 4634 1391 4707 quod
1440 4632 1697 4702 scriptum
1744 4637 1863 4697 est,

275 4733 340 4787 1η
366 4735 618 4805 principio
647 4735 764 4803 fecit
795 4733 932 4788 Deus
962 4731 1143 4786 cwlum
1165 4739 1212 4784 et
1241 4739 1462 4792 terram;
1489 4740 1658 4795 usque
1707 4721 1772 4777 ad
1814 4720 1869 4775 id

273 4827 414 4896 quod
441 4829 700 4898 scriptum
730 4838 833 4892 est,
869 4825 935 4880 Et
958 4829 1146 4898 factum
1173 4831 1244 4877 est
1267 4837 1486 4891 vespere,
1511 4829 1556 4872 et
1584 4821 1777 4890 factum
1797 4823 1869 4869 est

274 4935 422 4973 mane
465 4920 574 4974 dies
614 4918 938 4991 unus(Gen.
973 4935 1013 4986 ι,
1046 4917 1185 4986 1-5).
1225 4915 1338 4969 Hoc
1380 4911 1670 4982 capitulum
1712 4908 1870 4977 Legis

274 5010 560 5065 adversum
589 5027 711 5066 esse
739 5009 1031 5080 Evangelio
1060 5007 1360 5063 stultissimi
1404 5001 1681 5059 Manichtei
1725 4999 1869 5055 arbi-

275 5109 508 5170 trantur,
540 5103 783 5159 dicentes
810 5104 862 5158 in
895 5102 1090 5158 Genesi
1117 5101 1374 5170 scriptum
1403 5113 1522 5153 esse
1552 5095 1694 5167 quod
1732 5096 1871 5149 Deus

276 5206 372 5264 per
423 5211 485 5252 se
530 5195 704 5267 ipsum
748 5195 937 5252 fecerit
959 5195 1154 5251 caelum
1182 5201 1234 5248 et
1265 5200 1462 5246 terram
1503 5197 1557 5244 et
1583 5189 1787 5252 lucem;
1817 5185 1872 5241 in

275 5284 568 5358 Evangelio
621 5298 801 5343 autem
828 5288 1086 5358 scriptum
1131 5299 1251 5340 esse
1295 5297 1392 5354 per
1438 5280 1718 5336 Dominum
1772 5293 1870 5333 no-

277 5386 450 5433 strum
475 5378 659 5434 Iesum
687 5377 959 5435 Christum
979 5377 1312 5433 fabricatum
1330 5388 1450 5430 esse
1471 5371 1748 5437 mundum,
1778 5368 1872 5424 ubi

278 5466 478 5525 dictum
510 5478 612 5535 est,
641 5469 710 5524 Et
731 5469 950 5524 mundus
975 5486 1064 5540 per
1093 5469 1260 5540 ipsum
1288 5466 1450 5537 factus
1471 5473 1562 5531 est,
1581 5472 1628 5516 et
1649 5461 1871 5515 mundus

1973 4627 2121 4680 illum
2149 4622 2502 4694 norrcognovit
2531 4614 2788 4691 (Joan.1,
2813 4618 2930 4689 10).
2966 4616 3165 4691 Tribus
3211 4616 3351 4672 enim
3397 4615 3568 4672 modis

1971 4717 2306 4773 refelluntur.
2337 4714 2538 4779 Primo,
2571 4713 2692 4782 quia
2720 4727 2840 4767 cum
2870 4709 3085 4777 dicitur,
3118 4709 3184 4763 In
3217 4711 3472 4780 principio
3495 4699 3571 4778 fe;

1975 4810 2042 4862 cit
2067 4807 2207 4861 Deus
2228 4806 2404 4861 mlum
2433 4814 2483 4860 et
2512 4814 2730 4868 terram;
2765 4801 3083 4856 Trinitatem
3117 4800 3285 4870 ipsam
3316 4798 3568 4854 christia-

1973 4918 2074 4956 nus
2099 4899 2312 4970 accipit,
2335 4898 2426 4953 ubi
2453 4913 2560 4952 non
2591 4896 2762 4951 solum
2793 4895 2974 4962 Pater,
2999 4892 3093 4949 sed
3109 4905 3163 4948 et
3179 4892 3348 4948 Filius
3371 4900 3426 4947 et
3445 4890 3569 4961 Spi-

1974 4997 2107 5052 ritus
2151 5002 2364 5050 sanctus
2413 4991 2745 5061 intelligitur.
2793 4989 2907 5045 Non
2936 4989 3082 5044 enim
3123 4997 3232 5042 tres
3260 4986 3427 5051 deos,
3472 4983 3570 5039 sed

1974 5104 2138 5145 unum
2171 5089 2338 5142 Deum
2359 5085 2651 5150 credimus,
2682 5071 2899 5139 Patrem
2923 5089 2980 5138 et
3012 5081 3205 5136 Filium
3233 5087 3285 5132 ct
3315 5077 3590 5148 Spiritum.

1975 5191 2216 5239 sanctum
2243 5198 2256 5234 :
2285 5180 2527 5251 quamvis
2562 5179 2721 5234 Pater
2737 5177 2918 5245 Pater,
2943 5167 3001 5230 et
3019 5173 3184 5229 Filius
3198 5171 3363 5226 Filius
3388 5172 3492 5236 sit,
3513 5177 3572 5226 et

1977 5275 2209 5346 Spiritus
2225 5281 2438 5329 sanctus
2449 5271 2678 5343 Spiritus
2692 5279 2926 5327 sanctus.
2947 5267 3024 5322 De
3041 5279 3145 5336 qua
3166 5263 3369 5319 unitate
3385 5262 3567 5319 Trini-

1975 5367 2099 5423 tatis
2127 5366 2229 5422 hoc
2244 5365 2362 5421 loco
2390 5365 2603 5436 longum
2644 5371 2726 5419 est
2756 5361 3046 5430 disputare.
3088 5355 3310 5422 Deinde,
3341 5355 3464 5426 quia
3482 5353 3574 5410 ubi

1978 5459 2189 5524 dicitur,
2201 5458 2340 5513 Dixit
2358 5454 2666 5525 Deus,Fiat,
2681 5462 2727 5510 et
2748 5453 2938 5525 factum
2951 5458 3048 5516 est;
3071 5447 3143 5506 ibi
3159 5461 3378 5505 necesse
3391 5454 3473 5504 est
3489 5444 3578 5502 in-

1457 5591 1740 5634 ADMONITIO
1778 5592 1861 5631 pr.
1901 5561 2377 5632 ssutmcruvonuu.

339 5681 438 5725 Boc
458 5687 584 5738 opus
614 5676 990 5738 recognovimus
1012 5674 1073 5724 ad
1093 5674 1374 5738 Sorbonicos
1395 5680 1498 5738 Mss.
1541 5670 1664 5738 duos
1677 5704 1691 5728 ,
1716 5667 1979 5738 Victorinos
1999 5668 2121 5717 duos
2136 5703 2151 5728 ,
2174 5665 2393 5738 totidem
2432 5656 2816 5738 vaticapos‘had
2832 5655 3232 5738 ‘gorlieiesnse‘mh
3251 5661 3569 5738 germanaa-

277 5722 1449 5799 ‘métiéetihmﬁfdgiﬁatiﬁ,somnies
1483 5722 1722 5783 lectiones
1742 5731 2042 5794 Belgicorum
2073 5722 2297 5794 quatuor,
2322 5737 2516 5777 necnon
2547 5723 2608 5772 ad
2640 5722 2882 5772 editiones
2905 5727 3004 5768 Am.
3031 5726 3104 5769 Er.
3135 5725 3187 5770 et
3216 5725 3327 5769 Lov.

359 5842 869 5923 Comparavimus
887 5853 1189 5924 praeterea
1219 5863 1316 5906 eas
1343 5859 1547 5906 omnes
1572 5839 1872 5905 editiones
1902 5837 2090 5904 initio
2121 5837 2289 5899 Retr.
2312 5827 2702 5909 etCoufess.,
2722 5838 2768 5894 t.
2801 5828 2862 5908 1,
2883 5835 3278 5892 memoratas.
3361 5821 3448 5890 Μ.

345 5940 424 6009 (α)
447 5946 661 6010 scriptus
677 5946 872 5999 circiter
888 5958 1069 6000 annum
1089 5945 1199 5999 594.
