4054 6454
498 527 500 529 ’
533 532 802 602 telligatur
828 545 925 603 per
937 529 1171 588 Verbum
1191 547 1313 588 eum
1339 530 1531 587 fecisse
1551 528 1692 600 quod
1707 527 1850 584 fecit.
1887 526 2119 583 Verbum

540 637 717 682 autem
749 627 924 682 Patris
953 636 1034 682 est
1057 627 1243 682 Filius.
1270 625 1387 681 Non
1411 637 1539 694 ergo
1569 633 1828 693 repugnat
1854 621 1956 676 hoc
1979 621 2124 691 capi-

538 721 704 776 tulum
751 720 1044 788 Geneseos,
1099 722 1188 776 ubi
1236 719 1492 788 scriptum
1555 726 1658 782 est,
1687 715 1758 770 Et
1784 716 1929 772 Dixit
1965 716 2120 784 Deus,

537 814 680 879 Fiat,
703 825 750 869 et
776 816 965 885 factum
989 821 1097 879 est;
1134 813 1208 870 illi
1239 813 1356 866 loco
1381 810 1653 882 Evangelii
1678 810 1768 866 ubi
1798 809 2011 875 dicitur,
2047 806 2118 862 Et

538 908 758 962 mundus
781 924 870 977 per
895 923 1008 960 eum
1045 911 1210 977 factus
1231 913 1324 968 est,
1349 903 1400 957 id
1430 913 1532 969 est,
1564 918 1660 973 per
1686 903 1968 957 Dominum
2025 916 2122 955 no—

536 1009 707 1054 strum
732 1016 747 1066 ;
771 999 893 1070 quia
922 1000 1034 1068 ipse
1076 1004 1158 1052 est
1201 994 1434 1051 Verbum
1461 995 1633 1051 Patris
1675 1009 1770 1064 per
1818 993 1959 1064 quod
1989 993 2153 1056 facta.

539 1100 666 1147 sunt
689 1091 888 1146 omnia.
910 1090 1211 1155 Postremo,
1234 1088 1279 1142 si
1309 1100 1593 1158 propterea
1621 1087 1672 1140 in
1695 1085 1891 1142 Genesi
1922 1101 2026 1140 non
2052 1086 2125 1140 in-

543 1185 796 1254 telligitur
843 1182 1009 1236 Filius
1032 1223 1048 1247 ,
1077 1181 1200 1252 quia
1232 1196 1337 1236 non
1385 1193 1469 1236 est
1517 1180 1715 1235 dictum
1746 1178 1887 1250 quod
1915 1194 2008 1249 per
2040 1179 2124 1233 Fi-

538 1277 666 1331 lium
710 1277 849 1330 Deus
892 1273 1113 1340 fecerit;
1141 1274 1308 1329 necin
1342 1272 1627 1342 Evangelio
1652 1286 1747 1341 per
1768 1269 1959 1326 Filium
1989 1270 2127 1324 Deus

535 1376 589 1422 et
614 1382 740 1421 aves
785 1367 985 1435 pascit,
1020 1375 1074 1421 et
1102 1366 1208 1422 lilia
1234 1367 1393 1421 vestit
1425 1363 1650 1437 (Matth.
1675 1379 1728 1418 vr
1759 1406 1774 1431 ,
1802 1363 1872 1418 26
1901 1360 2023 1435 50),
2075 1369 2128 1417 et

539 1469 733 1514 cratera
764 1459 1168 1513 innumerabilia
1203 1473 1321 1527 qua:
1348 1459 1460 1528 ipse
1483 1456 1740 1511 Dominus
1789 1456 1916 1510 dicit
1959 1455 2126 1510 Deum

539 1552 717 1608 facere
764 1553 975 1607 Patrem
1006 1571 1020 1606 :
1054 1552 1293 1622 quamvis
1333 1566 1438 1606 non
1479 1550 1622 1605 dicat
1665 1548 1806 1620 quod
1829 1564 1888 1604 ea
1923 1563 2015 1618 per
2040 1547 2128 1602 Fi-

540 1644 669 1699 lium
694 1645 867 1700 faciat.
900 1645 1050 1713 Quod
1075 1652 1250 1699 autem
1291 1645 1453 1698 etiam
1499 1642 1861 1698 testimonium
1888 1639 2126 1710 Apostoli

541 1737 854 1808 adjuugunt,
882 1736 1023 1807 quod
1054 1738 1126 1790 ait
1154 1735 1223 1790 de
1259 1735 1487 1790 Domino
1523 1743 1711 1789 nostro
1734 1733 1861 1789 Jesu
1890 1731 2124 1799 Christo,

547 1827 670 1899 Ipse
707 1837 782 1882 est
821 1827 1182 1898 primogenitus
1227 1828 1378 1881 totius
1417 1835 1692 1891 creatum;
1737 1834 1782 1878 et
1834 1824 2001 1878 omnia
2041 1838 2128 1892 per

540 1921 709 1992 ipsum
735 1921 871 1991 facta
897 1929 1008 1975 sunt
1031 1922 1082 1974 in
1106 1922 1230 1974 caelo
1253 1930 1298 1974 et
1320 1921 1371 1973 in
1412 1929 1569 1984 terra,
1591 1916 1807 1972 visibilia
1827 1926 1871 1970 et
1896 1915 2125 1969 invisibi-

541 2013 612 2067 lia
635 2014 849 2086 (Coloss.
888 2030 926 2080 ι,
973 2013 1204 2084 15-16);
1255 2021 1308 2067 et
1357 2012 1458 2066 hoc
1506 2009 1795 2080 capitulum
1848 2007 2126 2062 adversum

539 2121 658 2161 esse
682 2107 868 2162 dicunt
891 2105 1086 2161 Genesi
1118 2147 1132 2170 ,
1163 2107 1249 2160 ubi
1274 2106 1412 2159 Deus
1440 2106 1508 2158 ita
1534 2104 1728 2158 dicitur
1753 2102 1942 2158 fecisse
1972 2116 2129 2156 mun-

538 2196 686 2262 dum,
717 2205 776 2250 ut
803 2196 1110 2265 specialiter
1134 2195 1300 2250 Filius
1326 2196 1400 2249 ibi
1431 2210 1536 2248 non
1569 2195 1638 2248 sit
1660 2193 1961 2248 nominatus
1993 2211 2006 2246 :
2040 2207 2129 2247 ve-

542 2289 823 2344 hementer
844 2297 1059 2355 errant;
1103 2298 1156 2343 et
1201 2303 1307 2342 non
1337 2287 1542 2354 vident,
1594 2287 1639 2341 si
1684 2286 1754 2340 ita
1805 2295 1906 2352 est,
1956 2286 2128 2354 ipsum

539 2382 852 2451 Apostolum
884 2380 982 2438 sibi
1006 2395 1125 2438 esse
1145 2380 1496 2446 contrarium,
1530 2395 1654 2435 cum
1679 2378 1786 2434 alio
1812 2379 1933 2434 loco
1966 2392 2129 2433 unum

538 2473 689 2540 dicit,
737 2489 799 2527 ea:
825 2490 922 2543 quo
970 2473 1163 2538 omnia,
1202 2489 1293 2542 per
1332 2488 1479 2542 quem
1524 2471 1716 2540 omnia,
1758 2470 1811 2524 in
1834 2486 1932 2541 quo
1961 2469 2132 2523 omnia

538 2564 714 2638 (Rom.
738 2581 812 2629 tu,
846 2564 976 2633 '56);
1006 2573 1060 2618 et
1091 2564 1282 2618 Filium
1313 2579 1417 2618 non
1443 2565 1699 2619 nominat.
1732 2562 2012 2630 Quomodo
2038 2577 2130 2616 au-

537 2667 644 2712 tem
674 2658 760 2712 hic
787 2656 956 2712 Filius
985 2657 1289 2714 nominatus
1324 2671 1430 2711 non
1458 2666 1558 2721 est,
1585 2656 1900 2726 intelligitur
1928 2664 2128 2720 tamen;

537 2749 608 2803 ita
637 2756 694 2802 et
729 2749 784 2801 in
812 2748 1006 2802 Genesi
1052 2766 1066 2801 :
1100 2755 1154 2802 et
1179 2748 1446 2817 quomodo
1488 2747 1590 2802 sibi
1617 2748 1734 2802 lucc
1772 2747 1877 2802 duo
1902 2746 2131 2816 capitula

539 2841 690 2898 Pauli
721 2858 826 2894 non
850 2842 1236 2906 adversantur;
1267 2843 1339 2894 ita
1371 2857 1470 2896 nec
1491 2841 1718 2897 Genesis
1749 2841 2056 2912 Evangelio.

610 2931 838 2987 CAPUT
871 2932 1111 2988 ll.——l.
1160 2932 1239 2986 De
1287 2947 1353 2986 eo
1409 2931 1550 3000 quod
1603 2932 1858 3001 scriptum
1907 2939 2030 2986 est:
2065 2930 2132 2984 Et

541 3024 901 3078 consummavit
923 3020 1061 3078 Deus
1088 3023 1170 3075 die
1189 3031 1327 3076 sexto
1358 3022 1529 3077 omnia
1565 3039 1716 3092 opera
1737 3040 1832 3077 sua
1857 3038 1967 3092 qua:
1990 3023 2127 3094 fecit,

555 3125 602 3170 et
630 3116 683 3168 in
712 3116 925 3184 septimo
950 3115 1186 3183 requievit
1213 3114 1272 3166 ab
1301 3114 1486 3167 eisdem
1512 3114 1741 3168 omnibus
1769 3113 2001 3183 operibus
2023 3128 2133 3183 qua?

544 3220 726 3262 ecerat
745 3207 894 3278 (Gen.
913 3224 968 3274 ιι,
986 3206 1201 3278 2).!luic
1218 3209 1374 3262 etiam
1392 3207 1510 3262 loco
1523 3207 1794 3262 Manichaei
1813 3207 2131 3262 calumniam

544 3309 791 3366 moveut,
827 3297 1235 3354 etdicuntNovo
1261 3298 1604 3355 Testamento
1633 3299 2130 3370 adversariquodiu

541 3389 736 3447 Genesi
770 3391 1024 3460 scriptum
1049 3400 1149 3456 est,
1180 3391 1344 3444 Deum
1359 3393 1586 3461 septimo
1599 3391 1684 3447 die
1714 3392 2044 3461 requievisse
2061 3392 2129 3447 ab

541 3484 792 3539 omnibus
810 3484 1060 3554 operibus
1087 3485 1196 3538 suis
1219 3500 1336 3554 quae
1357 3486 1482 3539 fecit
1500 3502 1512 3538 :
1533 3487 1782 3555 quoniam
1803 3487 2056 3542 Dominus
2078 3489 2134 3542 in

544 3576 832 3646 Evangelio
847 3577 992 3644 dicit,
1004 3575 1159 3630 Pater
1175 3594 1312 3631 meus
1339 3593 1494 3644 usque
1510 3595 1642 3631 nunc
1655 3577 1949 3650 operatur-(1
1955 3595 2070 3632 ann.
2081 3595 2126 3646 v,

541 3669 657 3740 l7).
689 3669 840 3738 Quod
871 3671 1019 3726 nullo
1045 3668 1203 3726 modo
1223 3669 1548 3724 contrarium
1578 3679 1678 3724 est.
1713 3670 1968 3726 Dominus
1989 3675 2131 3726 enim

540 3758 846 3814 Judaeorum
877 3760 1074 3815 refellit
1119 3776 1378 3826 errorem,
1412 3763 1502 3831 qui
1547 3763 1802 3831 putabant
1845 3763 2008 3816 Deum
2057 3763 2132 3818 sic

542 3854 877 3922 requievisse
903 3853 991 3906 die
1020 3853 1267 3921 septimo,
1305 3862 1365 3906 ut
1389 3869 1453 3908 ex
1482 3854 1575 3908 illo
1607 3869 1825 3923 prorsus
1845 3856 1974 3909 nihil
2003 3870 2132 3928 0pc-

541 3953 768 3999 raretur.
815 3945 1094 4014 Requievit
1131 3956 1309 4000 autem
1337 3948 1404 4001 ab
1443 3948 1689 4002 omnibus
1730 3951 1984 4018 operibus
2015 3949 2128 4003 suis

543 4057 663 4109 quae
684 4041 827 4101 fecit.
863 4049 918 4092 ut
941 4040 1049 4109 jam
1073 4040 1213 4095 ultra
1241 4056 1348 4094 non
1373 4041 1572 4096 faceret
1593 4043 1848 4097 mundum
1870 4059 1989 4100 cum
2016 4059 2131 4098 om-

545 4134 701 4188 nibus
727 4148 844 4202 quae
873 4133 924 4186 in
953 4148 1017 4186 eo
1047 4141 1171 4186 sunt
1197 4149 1209 4186 :
1241 4149 1345 4186 non
1394 4143 1567 4187 tamen
1599 4143 1657 4189 ut
1682 4136 1842 4189 etiam
1884 4152 1913 4190 a
1948 4138 2129 4191 mundi

546 4225 1005 4281 administratione
1034 4224 1414 4294 requiesceret.
1434 4225 1548 4279 Non
1571 4227 1711 4280 enim
1731 4227 1985 4295 scriptum
2009 4237 2122 4281 est:

545 4319 829 4389 Requievit
854 4320 991 4372 Deus
1012 4318 1078 4372 ab
1100 4317 1345 4372 omnibus
1367 4318 1617 4388 operibus
1645 4319 1776 4385 suis,
1803 4329 1857 4372 ut
1879 4319 2131 4388 deinceps

545 4427 652 4467 non
683 4420 1012 4478 operaretur.
1054 4409 1159 4464 Sed
1202 4411 1456 4479 scriptum
1485 4420 1586 4478 est,
1623 4411 1880 4482 Requievit
1903 4410 2043 4465 Deus
2069 4413 2129 4465 ab

550 4502 780 4557 omnibus
807 4502 1043 4573 operibus
1072 4501 1176 4556 suis
1204 4517 1315 4572 qua:
1354 4502 1470 4571 fecit
1495 4517 1513 4556 :
1539 4511 1593 4557 ut
1623 4503 1817 4559 deinde
1840 4519 1946 4558 non
1974 4505 2024 4558 in
2053 4504 2132 4559 fa-

538 4586 740 4652 ciendo
767 4594 984 4658 mundo,
1015 4610 1046 4648 a
1073 4609 1178 4665 quo
1206 4609 1368 4665 opere
1399 4604 1517 4665 post
1546 4594 1928 4665 perfectionem
1954 4611 2131 4652 cessa-

545 4698 728 4753 verat;
753 4685 846 4741 sed
878 4687 932 4739 in
958 4685 1380 4740 administrando
1403 4697 1734 4756 aperaretur,
1761 4687 1812 4741 in
1836 4703 1943 4757 quo
1968 4703 2131 4758 opere

546 4795 670 4835 eum
699 4793 818 4833 esse
847 4778 1106 4832 Dominus
1131 4777 1413 4832 intimavit.
1447 4778 1556 4833 Nec
1594 4779 1682 4833 illa
1718 4780 1949 4850 requies,
1981 4782 2130 4850 quasi

546 4880 667 4941 post
705 4870 944 4925 laborem
981 4869 1144 4924 Deum
1185 4884 1403 4939 pausam
1447 4870 1724 4940 quaesisse,
1770 4871 1864 4926 sed
1890 4871 2131 4926 abinsti-

545 4961 757 5018 tuendis
788 4976 970 5017 rerum
1019 4961 1225 5016 naturis
1267 4971 1385 5032 post
1406 4977 1591 5016 earum
1619 4978 1799 5018 rerum
1845 4963 2128 5033 perfectio-

545 5070 667 5112 nem
695 5069 934 5111 cessasse
975 5053 1256 5124 signiﬁcat,
1289 5055 1530 5125 quamvis
1561 5070 1728 5126 usque
1756 5053 1930 5111 adhuc
1953 5055 2007 5110 in
2037 5056 2131 5112 ad-

543 5149 910 5210 ministrandis
934 5157 1200 5218 operetur.

615 5244 670 5298 2.
699 5243 917 5300 Sabbati
961 5252 1137 5298 autem
1176 5241 1582 5316 observationes
1613 5258 1718 5298 non
1769 5243 2131 5315 intelligebant

546 5336 735 5403 .udaei,
784 5337 872 5406 qui
921 5337 1176 5406 putabant
1221 5335 1290 5392 ab
1338 5335 1402 5390 iis
1437 5335 1594 5390 etiam
1639 5338 1888 5406 operibus
1914 5354 2032 5407 qua:
2060 5339 2128 5398 ad

547 5432 773 5487 salutem
801 5429 1070 5484 hominum
1099 5429 1296 5495 valent,
1324 5438 1575 5500 Oportere
1599 5432 1818 5486 cessari.
1840 5429 1990 5486 Unde
2011 5431 2128 5486 illos

545 5520 802 5578 Dominus
829 5519 988 5574 etiam
1030 5519 1148 5575 aliis
1193 5521 1346 5586 locis,
1378 5519 1447 5575 de
1483 5519 1620 5575 bove
1646 5521 1734 5590 qui
1760 5521 1778 5552 ί
1812 5521 1863 5576 in
1907 5531 2125 5592 puteum

545 5609 759 5693 cecidit,
789 5619 842 5666 et
867 5609 1109 5680 jumento
1139 5612 1281 5680 quod
1307 5611 1620 5668 solvendum
1647 5620 1729 5668 est
1755 5621 1810 5667 ut
1841 5612 1906 5668 ad
1935 5629 2126 5684 aquam

547 5705 794 5770 ducatur,
850 5700 1074 5757 miriﬁca
1106 5705 1504 5772 comparatione
1531 5705 1802 5776 redarguit
1830 5703 1984 5777 (Luc.
2013 5722 2122 5774 xw,

547 5796 605 5866 Β,
635 5806 683 5852 et
704 5811 816 5875 χιιι,
845 5792 960 5866 l5).
986 5792 1277 5852 Sabbatum
1303 5807 1505 5867 autem,
1527 5815 1636 5858 non
1656 5800 2011 5874 repudiatum,
2034 5800 2129 5858 sed

611 5935 630 5966 ι
663 5937 862 5995 tuus”
893 5931 1202 5997 deovequte.

1134 407 1410 472 CONTRA
1445 403 1847 469 ADIMANTUM
1883 405 2234 466 MANICliaEl
2273 372 2703 482 D'SCIPULUM,
2746 411 2803 470 S.
2845 410 3212 472 AUGUSTINI

3719 414 3819 473 152

2232 529 2560 585 intellectum
2610 546 2638 585 a
2682 531 3002 587 Christianis
3031 531 3237 588 destitit
3274 531 3487 604 quidem
3533 533 3821 592 carnaliter

2233 623 2530 691 observari,
2568 625 2660 680 sed
2705 627 3054 697 spiritualiter
3104 629 3363 684 retinetur
3404 646 3432 682 a
3481 629 3702 696 sanctis,
3732 631 3821 701 qui

2234 715 2539 787 intelligunt
2565 734 2752 774 vocem
2784 720 2992 774 Domini
3013 721 3251 775 vocantis
3276 720 3341 775 ad
3369 722 3631 791 requiem,
3658 731 3712 776 et
3737 721 3824 775 di-

2232 811 2402 866 centis
2429 829 2442 865 :
2481 810 2650 865 Venite
2672 811 2739 864 ad
2764 829 2860 879 me,
2884 813 2968 880 qui
2991 811 3252 880 laboratis,
3287 822 3332 867 et
3353 830 3441 884 ego
3462 829 3547 867 vos
3572 815 3819 882 reﬁciant.

2236 900 2417 956 Tollite
2433 904 2620 975 jugum
2641 919 2806 957 meum
2830 920 2980 974 super
3006 921 3091 959 vos
3110 947 3125 972 ,
3161 914 3206 958 et
3227 905 3402 958 discite
3438 922 3468 957 a
3489 922 3568 959 me
3596 905 3714 975 quia
3740 906 3828 958 mi~

2234 994 2297 1048 tis
2317 1011 2427 1048 sum
2457 1004 2500 1048 et
2529 995 2732 1050 humilis
2759 996 2925 1061 corde,
2965 1007 3010 1050 et
3034 996 3290 1050 invenietis
3311 997 3527 1062 requiem
3552 996 3825 1050 animabus

2233 1087 2428 1140 vestris.
2459 1085 2650 1157 Iugum
2681 1088 2812 1141 enim
2842 1104 3008 1141 meum
3034 1088 3144 1142 lene
3182 1098 3276 1155 est,
3308 1098 3353 1142 et
3386 1089 3587 1142 sarcina
3613 1106 3724 1142 mea
3753 1090 3830 1143 le-

2232 1180 2306 1235 vis
2334 1190 2407 1234 est
2437 1179 2646 1250 (Matth.
2676 1197 2754 1249 x1,
2787 1181 2990 1251 28.50).
3025 1181 3135 1235 Hoc
3158 1182 3454 1247 sabbatum,
3480 1182 3531 1237 id
3555 1192 3656 1249 est,
3685 1182 3830 1238 hanc

2233 1273 2467 1343 requiem
2497 1273 2774 1353 Scripturq
2830 1274 2918 1329 illa
2963 1274 3242 1344 signiﬁcat,
3295 1291 3451 1346 quam
3494 1275 3664 1330 ειυόωί
3717 1293 3828 1332 non

2233 1362 2617 1433 intelligebant,
2658 1371 2713 1418 et
2754 1380 2850 1434 pro
2881 1373 3177 1434 temporum
3208 1365 3608 1436 dispensatione
3635 1382 3830 1422 carna-

2232 1454 2356 1510 liter
2399 1456 2761 1525 sequebantur
2814 1457 3079 1524 umbram,
3109 1458 3260 1526 cujus
3285 1459 3490 1512 umbrae
3519 1460 3671 1529 quasi
3700 1474 3830 1513 cor-

2234 1561 2351 1616 pus,
2386 1547 2436 1600 id
2467 1559 2567 1613 est,
2615 1549 2810 1602 veritas
2838 1548 2992 1604 nobis
3021 1549 3192 1602 danda
3225 1560 3358 1604 erat.
3416 1551 3523 1606 Sed
3569 1551 3832 1622 quemad-

2231 1637 2448 1693 modum
2497 1639 2585 1694 illa
2633 1641 2845 1710 requies
2889 1641 2982 1696 Dei
3032 1650 3151 1712 post
3195 1643 3509 1697 fabricatum
3561 1625 3831 1698 mundum

2235 1729 2566 1796 insinuatur;
2597 1731 2674 1785 sic
2710 1732 2969 1802 requiem,
2999 1749 3116 1802 qum
3145 1735 3299 1788 nobis
3327 1736 3671 1805 promittitur,
3704 1747 3834 1807 post

2233 1837 2394 1893 opera
2426 1839 2544 1894 qua:
2595 1824 2648 1878 in
2695 1823 2797 1879 hoc
2841 1826 3040 1882 mundo
3064 1826 3346 1892 habemus,
3372 1829 3414 1882 si
3436 1829 3576 1898 justa
3606 1830 3830 1897 iuerint,

2230 1928 2621 1985 consequemur
2653 1959 2667 1983 ,
2713 1917 2936 1987 septima
3002 1919 3204 1974 scilicet
3273 1919 3566 1990 eademque
3638 1919 3835 1976 ultima

2232 2015 2382 2076 parte
2411 2009 2610 2075 saeculi,
2643 2007 2709 2063 de
2735 2024 2837 2078 qua
2865 2009 3081 2080 longum
3109 2020 3190 2066 est
3227 2010 3516 2080 disputare.
3549 2009 3664 2065 Non
3694 2026 3833 2082 ergo

2233 2099 2492 2155 Dominus
2540 2103 2796 2157 rescindit
2846 2105 3163 2175 scripturam
3210 2094 3423 2161 Veteris
3471 2105 3832 2173 Testamenti,

2232 2192 2328 2247 sed
2371 2194 2513 2264 cogit
2568 2193 2784 2265 intelligi
2818 2213 2830 2249 :
2879 2211 2980 2251 nec
3030 2198 3306 2253 sabbatum
3347 2197 3505 2251 solvit
3545 2206 3602 2251 ut
3644 2205 3838 2267 pereat

2234 2285 2376 2357 quod
2407 2286 2752 2356 ﬁgurabatur,
2788 2289 2880 2344 sed
2906 2290 3077 2360 aperit
3106 2289 3281 2360 potius
3323 2297 3381 2344 ut
3406 2298 3661 2360 appareat
3685 2287 3837 2359 quod

2255 2379 2551 2450 tegebatur.

2306 2471 2529 2528 CAPUT
2555 2472 2716 2528 Ill.—
2730 2475 2779 2530 i.
2804 2473 2877 2530 De
2893 2489 2957 2529 eo
2976 2474 3118 2544 quod
3152 2477 3403 2545 scriptum
3426 2482 3506 2530 est
3528 2475 3578 2528 in
3597 2473 3832 2530 Genesi:

2236 2563 2303 2620 Et
2317 2565 2445 2619 dixit
2466 2565 2623 2633 Deus,
2649 2567 2775 2621 ~Nou
2813 2577 2884 2622 est
2907 2568 3091 2621 bonum
3112 2569 3274 2622 solum
3298 2569 3549 2622 hominem
3575 2582 3716 2631 esse;
3745 2573 3839 2637 fa-

2234 2657 2425 2714 ciamus
2443 2660 2488 2713 ei
2508 2660 2840 2730 adjutorium.
2861 2660 2929 2714 Et
2949 2661 3155 2716 immisit
3197 2661 3332 2715 Deus
3355 2661 3479 2714 Adw
3498 2676 3752 2725 somnum,
3783 2668 3839 2712 et

2235 2749 2574 2816 obdormivit;
2597 2762 2644 2806 et
2662 2753 2873 2822 sumpsit
2896 2770 3050 2807 unam
3072 2753 3133 2806 de
3147 2755 3296 2808 costis
3321 2754 3452 2818 eius,
3501 2769 3563 2807 ea:
3582 2769 3684 2818 qua
3716 2756 3838 2822 for-

2235 2842 2388 2897 mavit
2411 2842 2590 2914 Evam,
2617 2860 2770 2913 quam
2785 2844 2998 2898 adduxit
3019 2845 3087 2898 ad
3114 2843 3371 2908 Adam;et
3391 2844 3461 2896 ait
3485 2885 3499 2907 ,
3528 2841 3655 2897 Ideo
3681 2842 3841 2897 relin-

2234 2944 2352 3005 quet
2375 2936 2526 2992 homo
2565 2945 2757 3006 patrem
2797 2946 2845 2992 et
2881 2945 3112 3001 matrem,
3154 2947 3201 2992 et
3242 2937 3516 2991 adhaerebit
3546 2936 3694 2990 uxori
3721 2952 3840 2991 sua:

2237 3025 2389 3096 (Gen.
2421 3043 2478 3093 ιι,
2519 3027 2727 3097 18ο24).
2756 3028 2891 3084 Huic
2933 3044 3124 3084 rursus
3176 3029 3324 3082 loco‘
3361 3027 3635 3083 Manicltmi
3675 3027 3835 3081 calu-

2237 3120 2526 3185 mniantur,
2559 3121 2802 3177 dicentes
2825 3129 3010 3177 contra
3045 3121 3250 3176 Novum
3272 3121 3669 3176 Testamentum
3697 3136 3828 3176 esse

2237 3212 2392 3267 istam
2441 3213 2782 3279 sententiam,
2828 3230 2930 3284 qua
2978 3214 3120 3267 Deus
3170 3213 3420 3267 scribitur
3472 3223 3524 3266 et
3567 3214 3840 3267 formasse

2238 3305 2536 3372 mulierem,
2593 3314 2647 3360 ct
2703 3306 2819 3361 viro
2845 3306 3224 3375 coniunxisse:
3255 3315 3568 3374 propterea,
3611 3305 3736 3374 quia
3784 3305 3838 3358 in

2237 3398 2526 3470 Evangelio
2553 3399 2681 3455 dicit
2708 3400 2987 3465 Dominus,
3017 3397 3194 3452 Omnis
3214 3399 3300 3469 qui
3320 3399 3574 3470 reliquerit
3596 3398 3835 3462 domum,

2235 3501 2326 3544 aut
2346 3507 2573 3558 umorem,
2602 3499 2688 3543 aut
2715 3501 2968 3562 parentes,
2999 3499 3086 3543 aut
3115 3487 3321 3558 fratres,
3345 3501 3430 3543 aut
3454 3491 3588 3560 ﬁlios
3625 3500 3840 3560 prOpter

2237 3599 2445 3654 regnum
2473 3583 2728 3645 caelorum,
2770 3583 2951 3652 centies
2995 3589 3192 3634 tantum
3241 3581 3449 3650 accipiet
3474 3581 3488 3611 ί
3517 3580 3570 3633 in
3592 3580 3683 3632 hoc
3707 3591 3841 3632 tem-

2239 3690 2396 3743 pore,
2444 3683 2488 3726 et
2519 3675 2571 3727 in
2615 3679 2788 3744 futuro
2837 3672 3027 3727 swculo
3074 3671 3342 3741 possidebit
3384 3670 3538 3724 vitam
3589 3680 3842 3724 (sternam

2239 3763 2449 3835 (Matth.
2472 3781 2583 3830 XIX,
2600 3765 2694 3833 29;
2710 3763 2874 3817 Marc.
2898 3781 2956 3830 Χ,
2973 3763 3161 3829 29-30,
3181 3773 3226 3816 et
3244 3762 3366 3816 Luc.
3393 3761 3734 3832 xvm,29-50)
3750 3801 3762 3813 .
3779 3762 3841 3817 In

2238 3873 2338 3928 qua
2361 3858 2622 3912 calumnia
2645 3858 2915 3911 miroreos
2933 3857 3009 3910 sic
3035 3870 3152 3909 esse
3169 3855 3505 3919 caecatos,vel
3524 3853 3697 3924 potius
3721 3869 3840 3908 non

2236 3952 2403 4004 miror
2428 3969 2438 4003 :
2475 3949 2760 4003 Emetecavit
2786 3950 2916 4002 enim
2933 3949 3067 4015 illos,
3088 3948 3224 4002 sicut
3241 3948 3494 4016 scriptum
3512 3955 3613 4012 est,
3634 3946 3844 3999 malitia

2237 4044 2578 4112 eorum(Sap.
2607 4059 2663 4108 ιι,
2697 4043 2807 4113 ‘21).
2839 4041 2944 4097 Sed
2976 4050 3153 4096 tamen
3184 4041 3302 4110 quis
3347 4056 3450 4094 non
3499 4040 3642 4094 videt
3681 4049 3838 4094 tanta

2237 4136 2290 4189 in
2336 4137 2484 4189 Novo
2511 4136 2852 4190 Testamento
2904 4143 3166 4203 praecepta
3213 4132 3283 4187 de
3328 4147 3493 4187 uxore
3523 4131 3842 4201 diligenda?

2236 4224 2344 4280 Cur
2381 4227 2521 4279 enim
2555 4226 2733 4294 potius
2763 4224 2926 4278 Vetus
2962 4224 3364 4281 Testamentum
3413 4223 3599 4278 dicunt
3638 4222 3843 4278 adver-

2237 4316 2343 4369 sari
2387 4315 2508 4369 huic
2553 4317 2829 4370 sententia:
2858 4315 3086 4379 Domini,
3128 4330 3230 4385 qua
3259 4315 3387 4368 dicit
3418 4315 3842 4383 relinquendam

2237 4425 2356 4464 esse
2387 4424 2605 4463 uxorem
2636 4417 2851 4478 prOpter
2874 4423 3096 4477 regnum
3126 4409 3404 4474 caelorum,
3435 4417 3487 4462 et
3517 4423 3618 4461 non
3644 4410 3832 4477 ipsum

2235 4503 2441 4559 Novum
2473 4504 2569 4558 sibi
2602 4503 2912 4558 adversari?
2941 4503 3093 4570 Quod
3141 4503 3289 4557 nefas
3317 4511 3399 4556 est
3421 4503 3616 4557 dicere.
3660 4503 3843 4558 lntel-

2237 4595 2446 4666 ligenda
2471 4597 2613 4650 enim
2640 4604 2784 4663 sunt,
2819 4610 2924 4649 non
2977 4605 3179 4650 temere
3210 4593 3532 4662 accusanda,
3580 4609 3697 4664 qua:
3731 4595 3842 4649 im-

2239 4689 2424 4758 peritis
2446 4688 2692 4742 videntur
2722 4702 2843 4742 esse
2865 4687 3153 4741 contraria.

2306 4779 2362 4833 2.
2383 4778 2516 4834 Nam
2565 4787 2619 4833 et
2660 4778 2916 4832 Dominus
2954 4778 3310 4848 interrogatus
3336 4795 3366 4832 a
3393 4778 3612 4846 Iudaeis,
3647 4788 3842 4836 utrum

2236 4872 2286 4928 ei
2308 4873 2541 4943 placeret
2562 4872 2685 4926 dato
2710 4871 2892 4927 libello
2909 4872 3112 4942 repudii
3144 4872 3412 4928 dimittere
3454 4889 3694 4939 uxorem,
3740 4892 3842 4931 re-

2237 4963 2452 5033 spondit
2485 4962 2564 5018 eis
2592 4964 2782 5020 dicens
2813 4980 2826 5017 :
2859 4963 2982 5017 Non
3009 4963 3198 5034 legistis
3226 4965 3464 5034 quoniam
3488 4965 3574 5035 qui
3618 4964 3736 5036 fecit
3770 4968 3842 5022 ab

2235 5059 2399 5126 initio,
2429 5058 2707 5112 masculum
2735 5065 2780 5111 et
2801 5057 3043 5127 [carinam
3072 5057 3190 5128 fecit
3210 5073 3330 5122 eos;
3361 5067 3407 5111 et
3429 5057 3575 5123 dixit,
3603 5056 3843 5126 Propter

2237 5152 2331 5207 hoc
2383 5152 2623 5222 relinquet
2674 5153 2822 5206 homo
2870 5161 3064 5222 patrem
3107 5159 3152 5204 et
3200 5161 3428 5214 matrem,
3459 5161 3502 5206 et
3553 5152 3844 5207 adlicerebit

2236 5245 2383 5298 uxori
2411 5261 2535 5310 suat,
2569 5253 2614 5298 et
2640 5255 2784 5299 erunt
2813 5244 2912 5297 duo
2950 5243 3003 5297 in
3027 5258 3179 5296 carne
3199 5259 3302 5296 una
3323 5242 3348 5294 ξ)
3379 5241 3559 5312 Itaque
3577 5245 3691 5312 jam
3722 5259 3841 5298 non

2236 5347 2351 5393 sunt
2372 5337 2494 5404 duo,
2539 5337 2626 5392 sed
2668 5355 2772 5392 una
2793 5333 2932 5391 caro;
2980 5335 3130 5402 Quod
3153 5352 3272 5406 ergo
3299 5334 3440 5390 Deus
3469 5336 3684 5404 conjunt
3698 5335 3736 5388 it
3781 5337 3843 5389 in

2238 5430 2458 5495 unum”,
2505 5430 2652 5484 homo
2701 5446 2801 5483 non
2853 5437 3066 5498 separet.
3115 5425 3302 5480 Dicunt
3345 5426 3469 5480 illi:
3520 5425 3654 5492 Quid
3706 5441 3842 5498 ergo

2239 5521 2446 5595 Moyses
2475 5523 2732 5576 mandavit
2779 5520 2894 5573 dari
2938 5518 3161 5573 libellum
3202 5519 3424 5587 repudii,
3463 5527 3508 5571 et
3532 5517 3838 5572 dimittere?

2239 5613 2377 5670 Dicit
2403 5615 2505 5669 illis
2526 5612 2677 5668 Iesus
2704 5627 2722 5666 .°
2751 5611 2884 5680 Quia
2908 5609 2976 5664 ad
2997 5609 3244 5664 duritiam
3267 5608 3434 5663 cordis
3465 5610 3612 5663 vestri
3639 5609 3838 5679 permi—

2303 5816 2320 5848 ι
2355 5818 2406 5863 ιιι
2430 5818 2560 5874 3155.,
2583 5811 2754 5875 septies
2776 5815 2960 5862 tantum
2997 5809 3216 5873 accipiet.
3241 5811 3314 5859 sic
3357 5809 3650 5871 augustiuus
3669 5807 3834 5860 citare

2234 5876 2535 5998 “Ol-aibas,
2578 5936 2635 5992 in
2672 5949 2818 5987 unum
2834 5972 2847 5996 ,
2903 5937 2962 5985 ab
2998 5936 3178 5999 aliquot
3209 5935 3566 5998 manuscripts.
