4082 6442
581 403 687 462 155

580 520 916 578 sterilitatem
955 518 1043 576 isti
1080 521 1242 577 etiam
1284 529 1614 593 paterentur,
1644 519 1735 589 qui
1763 516 2041 572 Dominum
2072 514 2168 572 Je-

585 630 704 670 sum
730 614 1002 669 Christum
1026 615 1215 679 secuti,
1238 611 1581 687 prtedicando
1603 610 1890 682 Evangelio
1914 608 2170 681 paraban-

581 713 685 761 tur.
708 705 818 762 lmo
834 707 993 762 etiam
1016 706 1069 762 in
1093 708 1208 762 istis
1230 705 1436 760 duobus
1461 703 1725 773 capitulis,
1755 718 1979 773 quorum
2002 715 2167 755 unum

580 796 647 852 de
668 797 886 864 Genesi,
910 799 1133 855 alterum
1160 798 1228 853 de
1250 795 1536 867 Evangelio
1562 806 1810 866 tanquam
1831 794 1928 851 sibi
1953 794 2169 849 inimica

576 900 891 960 posuerunt,
925 900 1066 946 tanta
1103 890 1370 945 invenitur
1398 890 1627 945 amicitia
1656 901 1816 961 atque
1858 888 2164 953 concordia,

577 997 636 1041 ut
664 986 808 1040 nulla
838 985 1008 1054 major
1034 983 1386 1040 desideranda
1413 984 1500 1040 sit.
1524 983 1663 1051 Quid
1692 984 1835 1039 enim
1861 997 2162 1052 congruen-

576 1075 702 1139 tius,
730 1092 887 1146 quam
917 1084 972 1129 ut
998 1076 1168 1142 illum,
1200 1076 1353 1145 cujus
1378 1084 1495 1131 erat
1517 1073 1905 1129 scelerefrater
1932 1073 2161 1139 occisus,

575 1168 735 1222 etiam
767 1168 821 1220 in
859 1163 997 1221 terra
1029 1166 1357 1222 laborantem
1388 1167 1641 1221 sterilitas
1670 1175 1981 1235 sequeretur
2012 1183 2025 1218 :
2058 1162 2165 1217 illis

574 1268 773 1322 autem,
804 1274 895 1328 per
934 1274 1160 1329 quorum
1199 1259 1552 1313 ministerium
1600 1257 1653 1311 in
1694 1254 2032 1327 praedicando
2067 1252 2161 1307 Dei

578 1351 744 1405 verbo
769 1351 962 1406 fratres
992 1352 1375 1430 liberabantur,
1406 1352 1564 1406 etiam
1592 1351 1657 1405 de
1686 1351 1919 1405 crastino
1944 1348 2162 1404 minime

571 1445 923 1514 cogitantibus
954 1446 1221 1500 fructuosa
1249 1454 1387 1500 terra
1413 1444 1672 1499 serviret?
1697 1443 1848 1510 Quod
1884 1442 1928 1497 si
1968 1443 2019 1495 in
2052 1441 2158 1497 Ve-

570 1536 667 1589 teri
701 1535 1048 1590 Testamento
1077 1536 1465 1590 exhorrescunt
1505 1533 1785 1589 maledicto
1824 1532 1916 1587 Dei
1963 1541 2158 1587 terram

569 1628 809 1681 sterilem
841 1629 1033 1681 factam
1070 1642 1189 1681 esse
1216 1626 1515 1696 peccatori;
1544 1640 1642 1679 cur
1664 1640 1767 1680 non
1800 1624 1853 1677 in
1878 1622 2025 1677 Novo
2049 1621 2154 1676 Te-

565 1725 832 1771 stamento
863 1718 1248 1771 exliorrescunt
1284 1716 1569 1771 maledicto
1592 1715 1800 1770 Domini
1832 1714 1999 1769 nostri
2029 1713 2157 1769 Jesu

565 1808 757 1863 Christi
781 1809 1026 1865 arborem
1050 1809 1132 1863 ﬁci
1145 1808 1344 1863 aridam
1360 1808 1547 1863 factam
1563 1807 1776 1877 (Matth.
1794 1807 2023 1878 xx:,l9),
2044 1807 2157 1861 nul-

564 1899 618 1955 lo
641 1912 859 1972 peccato
885 1901 1085 1957 domini
1114 1902 1236 1957 sui?
1262 1902 1392 1956 ltem
1417 1902 1463 1956 si
1488 1902 1695 1957 Domini
1721 1902 1981 1957 sententia
2003 1900 2152 1956 dele-

560 2001 791 2060 ctantur,
821 1990 923 2064 qua
958 1994 1235 2064 discipulis
1271 1994 1397 2049 dicit
1424 2009 1491 2049 ne
1520 1994 1586 2049 de
1622 1995 1855 2050 crastino
1895 1995 2150 2064 cogitent,

561 2086 701 2155 quod
738 2086 805 2142 de
842 2087 983 2141 victu
1017 2103 1203 2141 eorum
1236 2087 1375 2141 Deus
1414 2102 1597 2141 curam
1626 2095 1808 2157 gerat;
1837 2102 1932 2140 cur
1958 2101 2061 2140 non
2099 2094 2153 2140 et

559 2178 869 2248 pr0phetica
900 2179 1164 2234 sententia
1204 2179 1558 2246 delectantur,
1581 2194 1685 2249 qua
1714 2178 1907 2233 cecinit
1943 2178 2146 2243 dicens,

558 2268 729 2336 Abjice
750 2271 803 2322 in
820 2268 1093 2323 Dominum
1118 2256 1507 2324 sollicitudinem
1534 2280 1692 2331 tuam.
1716 2280 1761 2325 et
1784 2270 1889 2341 ipse
1910 2278 1955 2323 te
1980 2279 2149 2340 pascet

556 2360 727 2434 (Psal.
753 2380 858 2425 LlV,
881 2364 1008 2435 25)?
1030 2364 1099 2420 Ut
1120 2363 1221 2419 hoc
1240 2363 1419 2431 modo,
1451 2363 1496 2417 si
1528 2364 1751 2433 possint,
1780 2364 1963 2418 miseri
1994 2363 2150 2417 intel-

553 2455 807 2527 ligant,et
824 2457 911 2511 illa
937 2473 1056 2527 qua:
1082 2457 1413 2512 detestantur
1440 2456 1493 2511 iu
1514 2455 1693 2511 Veteri
1709 2455 2051 2511 Testamento
2079 2454 2147 2509 de

552 2546 666 2603 Deo
693 2549 831 2603 dicta
850 2589 864 2616 ,
908 2564 1075 2619 usque
1103 2549 1238 2605 adeo
1265 2558 1410 2604 recta
1440 2563 1581 2614 esse,
1623 2558 1682 2602 ut
1720 2548 1880 2602 etiam
1918 2547 1969 2600 in
1997 2545 2146 2601 Novo

552 2639 925 2707 inveniantur;
968 2650 1023 2696 et
1064 2642 1153 2696 illa
1182 2657 1301 2713 qua:
1349 2642 1402 2696 in
1441 2640 1589 2696 Novo
1620 2640 1837 2695 laudant
1864 2649 1918 2694 et
1947 2638 2146 2710 praedi-

551 2742 695 2799 cant,
731 2733 890 2788 etiam
922 2733 976 2787 in
1008 2733 1189 2788 Veteri
1229 2733 1492 2803 reperiri:
1526 2730 1667 2787 unde
1708 2731 1969 2785 clarescat
2008 2730 2145 2785 bene

550 2822 971 2895 intelligentibus
1016 2824 1297 2894 utriusque
1320 2823 1653 2880 Testamenti
1694 2821 1978 2879 manifesta
2015 2836 2145 2877 con-

549 2917 750 2972 cordia.
1896 2974 1909 2985 .

620 3007 846 3065 CAPUT
898 3008 965 3064 ν.
990 3039 1061 3048 -
1088 3009 1141 3063 1.
1172 3009 1245 3064 De
1274 3024 1339 3065 eo
1379 3008 1521 3081 quod
1559 3009 1817 3079 scriptum
1842 3018 1925 3065 est
1953 3010 2005 3064 in
2032 3008 2141 3065 Ge—

549 3100 667 3155 nesi
693 3117 705 3153 :
730 3098 1003 3155 Faciamus
1024 3100 1276 3155 hominem
1301 3101 1368 3154 ad
1398 3101 1667 3171 imaginem
1694 3111 1740 3155 et
1760 3102 2141 3156 similitudinem

550 3200 775 3245 nostram
807 3191 827 3263 (
859 3191 987 3248 Gen.
1026 3209 1065 3257 1,
1096 3192 1235 3264 26).
1267 3193 1419 3248 Hunc
1463 3193 1640 3249 locum
1686 3194 1984 3263 Manichzei,
2034 3210 2140 3265 quo

548 3285 805 3354 scriptum
832 3295 915 3341 est
940 3286 994 3341 in
1017 3287 1234 3353 Genesi,
1258 3286 1529 3341 hominem
1557 3287 1749 3341 factum
1781 3302 1899 3342 esse
1919 3287 1986 3341 ad
2009 3288 2141 3341 ima-

546 3375 725 3447 ginem
772 3385 825 3431 et
875 3377 1275 3431 similitudinem
1315 3378 1432 3445 Dei,
1464 3389 1747 3448 prOpterea
1785 3378 1967 3432 dicunt
1990 3377 2138 3434 Novo

548 3467 891 3525 Testamento
921 3486 1041 3526 esse
1069 3470 1419 3538 contrarium,
1452 3471 1574 3540 quia
1598 3470 1855 3526 Dominus
1885 3471 1936 3526 in
1958 3471 2136 3526 Evan-

547 3561 688 3631 gelio
711 3561 840 3616 dicit
860 3561 1078 3627 Judazis,
1118 3560 1216 3616 Vos
1244 3578 1307 3616 ea:
1344 3571 1486 3632 patre
1526 3561 1726 3614 diabolo
1759 3561 1896 3627 estis,
1929 3569 1975 3615 et
2005 3562 2137 3616 desi-

547 3650 689 3707 deria
724 3654 880 3723 patris
914 3654 1063 3707 vestri
1100 3656 1267 3724 facere
1303 3653 1453 3705 vultis
1482 3669 1501 3705 :
1530 3652 1616 3705 ille
1644 3651 1895 3704 homicida
1931 3661 2035 3705 erat
2073 3652 2135 3706 ab

545 3744 711 3812 initio,
733 3754 779 3799 et
804 3746 858 3799 in
886 3745 1092 3799 veritate
1118 3760 1219 3797 non
1247 3743 1400 3809 stetit,
1425 3742 1543 3811 quia
1570 3743 1749 3795 veritos
1780 3743 1831 3795 in
1854 3759 1911 3795 eo
1937 3759 2037 3795 non
2062 3751 2134 3796 est

545 3836 741 3907 (Joan.
773 3853 887 3903 Vill,
916 3835 1027 3908 44)
1058 3854 1071 3890 :
1100 3845 1154 3891 et
1180 3835 1321 3906 quod
1350 3835 1454 3889 alio
1484 3836 1601 3890 loco
1625 3834 1795 3889 Judmi
1824 3843 2133 3904 serpentum

544 3931 810 4001 genimina
836 3940 891 3986 et
916 3931 1218 3999 viperarum
1261 3928 1594 3999 appellantur
1635 3928 1653 3999 (
1680 3926 1862 3980 Matth.
1895 3942 1971 3993 ιιι,
2005 3927 2057 3993 7,
2087 3936 2135 3981 et

546 4039 700 4093 mn,
730 4025 841 4096 33).
868 4024 983 4079 Non
1025 4023 1325 4094 intelligunt
1365 4021 1494 4075 illud
1535 4036 1653 4076 esse
1694 4022 1894 4076 dictum
1933 4020 2002 4075 de
2037 4019 2134 4075 ho-

546 4118 691 4173 mine
719 4127 1004 4187 antequam
1034 4124 1298 4185 peccaret,
1337 4112 1479 4185 quod
1519 4113 1689 4167 factus
1728 4122 1809 4167 est
1836 4112 1901 4167 ad
1941 4112 2129 4182 imagi-

549 4223 675 4265 nem
703 4218 756 4265 et
785 4206 1186 4263 similitudinem
1212 4205 1307 4260 Dei
1335 4221 1347 4258 :
1376 4204 1479 4259 hoc
1506 4210 1681 4257 autem
1710 4202 1850 4272 quod
1878 4202 1931 4256 in
1952 4202 2131 4256 Evan-

545 4303 686 4374 gelio
725 4311 827 4368 est,
859 4299 960 4355 Vos
998 4315 1059 4354 ex
1096 4308 1239 4369 patre
1276 4296 1476 4351 diabolo
1517 4296 1653 4364 estis,
1683 4295 2047 4366 peccatoribus
2077 4303 2147 4351 et.

546 4394 851 4451 inﬁdelibus
881 4392 1004 4447 dici.
1030 4390 1223 4446 Tribus
1253 4390 1396 4445 enim
1425 4388 1597 4443 modis
1624 4389 1677 4443 in
1699 4387 1988 4460 Scripturis
2008 4403 2131 4442 san-

550 4488 652 4544 ctis
682 4487 913 4541 ﬁliorum
940 4499 1133 4539 nomen
1161 4482 1415 4552 accipitur
1437 4479 1510 4555 (a)
1537 4499 1550 4535 :
1575 4497 1701 4549 uno,
1725 4481 2013 4536 secundum
2037 4496 2130 4535 na-

546 4588 744 4645 turam,
768 4576 1038 4648 quomodo
1060 4576 1206 4629 Isaac
1230 4574 1370 4628 ﬁlius
1391 4572 1640 4639 Abrahae,
1661 4573 1748 4628 vel
1768 4574 1927 4628 etiam
1949 4573 2127 4627 cteteri

546 4672 716 4728 Judaei
745 4671 833 4740 qui
859 4685 922 4724 ex
951 4667 1135 4723 eadem
1167 4666 1371 4736 origine
1392 4665 1608 4720 veniunt
1638 4682 1651 4718 :
1681 4664 1805 4731 alio,
1835 4664 2127 4718 secundum

545 4762 866 4825 doctrinam,
898 4768 954 4814 ut
984 4758 1122 4812 ﬁlius
1149 4757 1264 4827 ejus
1293 4756 1345 4810 in
1378 4770 1439 4811 ea
1475 4771 1533 4810 re
1556 4755 1781 4825 quisque
1809 4755 2123 4824 appelletur,

544 4871 574 4911 a
605 4872 709 4925 quo
736 4853 931 4923 aliquid
962 4852 1181 4917 didicit;
1214 4850 1351 4905 sicut
1380 4848 1518 4904 ﬁlios
1556 4864 1683 4903 suos
1716 4848 2000 4918 Apostolus
2028 4864 2124 4918 ap-

544 4948 727 5019 pellat,
764 4947 854 5017 qui
894 4946 961 5001 ab
1004 4945 1096 5001 illo
1126 4944 1426 4999 didicerunt
1454 4942 1795 5012 Evangelium
1820 4941 1839 5013 (
1866 4941 1883 4994 l
1909 4941 2026 4996 Cor.
2051 4958 2122 5010 tv,

544 5038 791 5107 £4,15):
821 5036 996 5100 tertio,
1033 5034 1326 5090 secundum
1369 5033 1754 5096 imitationem,
1803 5032 1940 5086 sicut
1988 5032 2127 5087 ﬁlios

544 5128 774 5184 Abrahae
803 5142 901 5182 nos
933 5134 1087 5181 vocat
1111 5125 1397 5195 Apostolus
1418 5165 1431 5190 ,
1470 5124 1559 5194 qui
1598 5124 1713 5194 ejus
1751 5123 1907 5179 ﬁdem
1955 5123 2129 5177 imita-

546 5240 666 5280 mur
686 5222 881 5295 (Galat.
907 5237 980 5287 ιιι,
1006 5220 1084 5292 7).
1111 5219 1325 5275 Duobus
1361 5234 1488 5286 ergo
1515 5217 1687 5272 modis
1713 5225 2023 5286 peccatores
2046 5216 2129 5271 in-

546 5316 730 5372 ﬁdeles
773 5314 976 5379 Iudici,
1017 5313 1111 5366 ﬁlii
1153 5309 1347 5365 diaboli
1384 5318 1640 5363 vocantur
1670 5323 1700 5362 a
1729 5308 1998 5371 Domino;
2042 5307 2128 5362 vel

542 5412 685 5483 quod
729 5411 796 5466 ab
841 5410 956 5480 ipso
1000 5405 1327 5477 impietatem
1371 5402 1689 5464 didicerunt,
1722 5402 1859 5455 sicut
1899 5401 1967 5455 de
2012 5400 2128 5470 ipso

544 5505 757 5563 diabolo
800 5500 1090 5575 Apostolus
1132 5498 1281 5565 dicit,
1322 5494 1422 5562 Qui
1460 5511 1591 5547 nunc
1634 5503 1872 5563 aperatur
1910 5493 1963 5545 in
2008 5492 2129 5561 ﬁliis

545 5600 833 5671 diﬁidentiaz
882 5596 900 5669 (
932 5594 1122 5664 Ephes.
1146 5609 1204 5656 ιι,
1226 5590 1262 5644 2
1292 5590 1310 5661 )
1338 5607 1351 5644 :
1382 5588 1466 5643 vel
1499 5587 1637 5658 quod
1668 5603 1789 5642 eum
1833 5586 2125 5653 imitantur,

544 5692 688 5764 quod
717 5690 886 5760 magis
910 5686 1140 5757 pertinet
1168 5682 1235 5737 ad
1259 5682 1310 5736 id
1334 5680 1475 5751 quod
1505 5679 1573 5734 de
1602 5679 1692 5733 illo
1717 5678 1916 5732 dictum
1938 5686 2038 5744 est,
2062 5675 2130 5730 Et

542 5796 596 5851 εη
622 5784 829 5848 veritate
857 5796 956 5833 non
985 5776 1148 5841 stetit;
1171 5774 1293 5845 quia
1321 5782 1376 5831 et
1403 5773 1506 5845 ipsi
1525 5771 1695 5829 Judaei
1730 5770 1783 5827 in
1807 5770 2032 5827 veritate
2054 5769 2131 5827 le-

602 5907 679 5970 (a)
700 5911 720 5954 ι
741 5898 971 5956 neum:
989 5903 1095 5954 cap-
1119 5888 1197 5938 22·

1178 399 1456 462 CONTRA
1481 358 1888 458 ADIMANTUM
1923 392 2276 455 nautam
2304 393 2729 466 DlSClPULUM,
2762 395 2821 457 s.
2863 394 3229 457 AUGUSTlNl

3756 402 3866 462 {36

2276 514 2357 587 gis
2398 531 2517 589 quae
2555 514 2655 570 sibi
2695 514 2817 572 data
2862 526 2976 585 est,
3017 534 3121 574 non
3154 524 3435 585 steterunt,
3466 517 3693 577 Domino
3720 530 3865 579 atte-

2274 615 2450 664 stante
2464 619 2519 665 et
2533 608 2763 676 dicente,
2789 610 2850 665 Si
2868 612 3133 667 crederetis
3146 612 3336 684 Moysi,
3359 613 3623 669 crederetis
3640 624 3686 669 et
3706 614 3867 672 mihi:

2272 702 2358 757 ille
2387 703 2519 758 enim
2545 704 2608 759 de
2634 722 2713 759 me
2737 705 2939 775 scripsit
2964 705 2984 775 (
3008 704 3165 761 Joan.
3193 723 3249 775 v,
3274 706 3343 761 46
3373 704 3415 779 ).
3444 705 3745 763 Secundum
3771 725 3869 765 eo-

2272 796 2515 851 rumdem
2542 806 2880 868 peccatorum
2904 814 3106 855 venena
3122 799 3283 856 etiam
3305 812 3612 870 serpentum
3636 809 3691 857 et
3716 802 3869 874 vipe-

2270 902 2450 943 rarum
2480 890 2742 959 genimina
2765 900 3040 946 vocantur.

2340 980 2394 1034 2.
2436 982 2519 1036 Ad
2562 983 2845 1054 imaginem
2872 994 3051 1040 autem
3079 984 3173 1039 Dei
3201 984 3400 1041 factum
3427 986 3720 1054 hominem,
3750 1002 3863 1043 non

2264 1079 2475 1129 tantum
2506 1074 2753 1143 Genesis,
2780 1076 2875 1131 sed
2905 1077 3065 1131 etiam
3089 1078 3379 1146 Apostolus
3399 1077 3613 1144 clamat,
3636 1093 3757 1134 cum
3780 1078 3866 1134 di-

2268 1165 2376 1220 cit:
2418 1164 2508 1220 Vir
2537 1167 2736 1237 quidem
2767 1184 2869 1221 non
2898 1168 3035 1221 debet
3064 1168 3228 1222 velare
3253 1180 3425 1239 caput,
3454 1186 3569 1223 cum
3597 1170 3661 1224 sit
3690 1172 3863 1240 imago

2268 1267 2315 1311 et
2342 1260 2506 1333 gloria
2532 1258 2627 1312 Dei
2648 1301 2663 1326 ,
2695 1260 2877 1314 mulier
2901 1269 3067 1314 autem
3092 1261 3255 1332 gloria
3285 1262 3377 1315 viri
3407 1261 3425 1331 (
3458 1261 3475 1314 l
3504 1261 3620 1315 Cor.
3654 1277 3728 1327 ιι,
3765 1263 3797 1315 7
3820 1266 3859 1331 ).

2270 1349 2337 1403 Et
2365 1359 2424 1404 ut
2447 1350 2730 1405 manifeste
2757 1351 3079 1421 intelligatur
3104 1370 3207 1406 non
3232 1352 3523 1407 secundum
3541 1360 3861 1407 vetustatem

2265 1441 2469 1511 peccati
2501 1457 2619 1513 qum
2656 1444 3045 1513 corrumpitur,
3079 1444 3172 1499 sed
3202 1445 3489 1498 secundum
3528 1445 3860 1514 spiritualem

2264 1531 2741 1589 conformationem
2782 1532 2979 1589 factum
3022 1550 3141 1589 esse
3180 1536 3449 1590 hominem
3476 1536 3541 1589 ad
3574 1537 3857 1606 imaginem

2268 1620 2387 1688 Dei,
2412 1622 2550 1679 idem
2572 1626 2842 1694 apostolus
2870 1634 3051 1681 monet
3074 1636 3129 1681 ut
3154 1629 3302 1681 exuti
3327 1628 3710 1682 consuetudine
3736 1645 3859 1697 pec-

2264 1723 2532 1784 catorum,
2562 1716 2613 1770 id
2642 1727 2743 1784 est,
2782 1727 2965 1773 vetere
2996 1719 3231 1786 homine,
3278 1719 3558 1774 induamur
3586 1736 3719 1774 nova
3748 1722 3857 1775 vita

2267 1803 2488 1875 Christi,
2515 1824 2673 1877 quem
2702 1825 2897 1889 novum
2924 1811 3192 1866 hominem
3219 1812 3472 1881 appellat.
3500 1812 3565 1866 Et
3591 1820 3647 1866 ιιι
3665 1812 3859 1867 doceat

2260 1896 2361 1953 hoc
2380 1915 2479 1954 nos
2500 1902 2786 1971 aliquando
2808 1904 3071 1969 amisisse,
3090 1909 3488 1960 renovationem
3518 1906 3657 1959 illam
3676 1914 3850 1961 vocat.

2260 1987 2394 2043 Nam
2433 1992 2503 2045 ita
2535 1992 2808 2063 loquitur:
2834 1994 3193 2064 Exspoliantes
3228 2013 3314 2051 vos
3348 2008 3559 2049 veterem
3599 1997 3854 2050 hominem

2257 2097 2369 2135 cum
2397 2082 2590 2168 actibgs
2617 2086 2748 2154 ejus,
2778 2086 2971 2142 induite
2992 2104 3193 2153 novum,
3220 2089 3305 2158 qui
3331 2099 3599 2142 renovatur
3622 2090 3675 2143 in
3698 2091 3850 2161 agni-

2257 2174 2439 2228 tionem
2482 2174 2601 2243 Dei,
2626 2178 2897 2231 secundum
2937 2180 3204 2250 imaginem
3238 2181 3347 2249 ejus
3380 2181 3464 2249 qui
3511 2183 3691 2235 creavit
3734 2198 3853 2234 eum

2256 2263 2475 2333 (Coloss.
2496 2282 2575 2330 ιιι,
2593 2266 2902 2337 9,10).Filii
2928 2285 3056 2340 ergo
3077 2271 3170 2324 Dei
3196 2280 3319 2325 sunt
3341 2270 3583 2327 homines
3609 2271 3851 2327 renovati

2253 2354 2320 2410 ad
2342 2357 2459 2427 ejus
2486 2359 2789 2429 imaginem,
2809 2370 2862 2415 et
2885 2362 2935 2416 ei
2964 2363 3165 2418 similes
3185 2363 3311 2417 facti
3334 2380 3501 2434 usque
3518 2365 3583 2419 ad
3607 2364 3851 2419 dilectio-

2253 2464 2377 2504 nem
2400 2451 2600 2506 initnici
2626 2470 2639 2505 :
2669 2454 2805 2508 sicut
2826 2455 3079 2511 Dominus
3103 2455 3251 2523 dicit,
3278 2456 3497 2527 diligere
3527 2472 3626 2512 nos
3652 2457 3849 2513 debere

2251 2541 2495 2599 inimicos
2524 2555 2757 2613 nostros,
2785 2556 2843 2602 ut
2868 2549 3071 2604 similes
3100 2550 3266 2604 simus
3292 2549 3435 2605 Patri
3465 2559 3648 2605 nostro
3674 2552 3762 2620 qui
3790 2550 3845 2606 in

2250 2635 2399 2690 caelis
2423 2646 2506 2691 est
2532 2636 2744 2709 (Matth.
2773 2655 2824 2705 v,
2849 2641 2940 2706 44,
2963 2640 3080 2712 45).
3108 2642 3261 2709 Quod
3287 2642 3339 2696 in
3370 2652 3632 2713 potestate
3662 2652 3846 2698 nostra

2249 2725 2316 2780 ab
2346 2727 2464 2796 ipso
2487 2728 2597 2783 Deo
2625 2745 2744 2785 esse
2769 2732 3001 2802 positum
3027 2733 3183 2788 docet
3205 2734 3500 2804 Scriptura,
3524 2750 3645 2789 cum
3675 2734 3841 2789 dicit:

2250 2816 2402 2873 Dedit
2428 2821 2496 2875 eis
2523 2832 2818 2893 potestatem
2844 2826 2977 2894 ﬁlios
3006 2825 3102 2880 Dei
3130 2828 3243 2896 ﬁeri
3273 2826 3464 2900 (Joan.
3491 2845 3526 2894 ι,
3558 2829 3627 2885 12
3649 2831 3692 2900 ).
3721 2829 3846 2885 Filii

2246 2920 2426 2965 autem
2455 2912 2651 2967 diaboli
2678 2915 2931 2971 dicuntur
2959 2916 3226 2986 homines,
3264 2933 3385 2973 cum
3424 2920 3697 2974 imitantur
3726 2920 3843 2988 ejus

2246 2998 2463 3072 impiam
2490 3005 2813 3073 superbiam,
2834 3014 2888 3060 et
2906 3021 2936 3059 a
2962 3007 3081 3062 luce
3103 3017 3265 3078 atque
3290 3009 3600 3063 celsitudine
3631 3010 3851 3079 sapien-

2245 3091 2333 3146 tia:
2377 3092 2659 3163 decidunt,
2688 3107 2743 3151 et
2772 3112 2880 3152 non
2911 3098 3135 3153 credunt
3165 3101 3374 3154 Veritati
3401 3118 3414 3153 :
3439 3102 3625 3170 quales
3654 3102 3844 3155 Domi-

2245 3200 2347 3240 nus
2376 3187 2571 3256 arguit,
2601 3203 2722 3242 cum
2749 3189 2897 3259 dicit,
2937 3189 3037 3246 Vos
3065 3208 3127 3245 ea:
3154 3202 3297 3262 patre
3329 3193 3529 3247 diabolo
3558 3194 3696 3260 estis,
3728 3202 3832 3248 etc.

2243 3277 2342 3333 Cui
2382 3280 2499 3336 loco
2534 3283 2843 3354 evangelico
2878 3284 3133 3355 propheta
3160 3296 3439 3353 consonat,
3465 3286 3647 3342 dicens
3678 3304 3690 3339 :
3720 3285 3837 3357 Ego

2242 3369 2383 3436 dixi,
2420 3371 2510 3426 Dii
2548 3374 2697 3442 estis,
2739 3385 2784 3429 et
2822 3376 2919 3444 filii
2952 3376 3202 3429 Altissimi
3229 3393 3400 3431 omnes
3425 3392 3442 3429 :
3466 3392 3550 3430 vos
3587 3386 3753 3430 autem
3779 3386 3838 3430 ut

2243 3464 2469 3520 homines
2497 3468 2802 3536 moriemini,
2826 3478 2871 3523 et
2897 3469 3025 3523 sicut
3055 3486 3184 3524 unus
3212 3486 3273 3525 ex
3306 3469 3619 3541 principibus
3644 3470 3835 3525 cadetis

2241 3554 2413 3626 (Psal.
2444 3573 2634 3624 uni,
2665 3558 2717 3625 6,
2751 3558 2828 3630 7).

2308 3647 2535 3704 CAPUT
2552 3649 2641 3704 Vl.
2666 3679 2738 3690 —-
2764 3651 2839 3707 De
2868 3666 2934 3707 eo
2961 3652 3103 3723 quod
3124 3654 3380 3723 scriptum
3409 3662 3491 3709 est
3514 3654 3570 3709 in
3599 3652 3786 3709 Exodo
3812 3669 3829 3708 :

2240 3740 2454 3796 Honora
2479 3752 2671 3814 patrem
2690 3753 2851 3813 tuum,
2876 3754 2919 3799 et
2942 3756 3153 3802 matrem
3182 3756 3319 3799 tuam
3345 3746 3540 3816 (Exod.
3572 3762 3646 3800 xx
3672 3788 3686 3813 ,
3712 3744 3828 3815 12),

2238 3832 2372 3888 Huic
2400 3835 2559 3889 etiam
2592 3836 2713 3891 loco
2734 3876 2751 3906 ,
2786 3837 2875 3892 ubi
2904 3837 2971 3892 de
2996 3838 3321 3893 honorandis
3351 3838 3660 3908 parentibus
3689 3837 3831 3893 Deus

2236 3927 2527 3995 praecepit,
2574 3927 2724 3982 illum
2760 3922 3037 3999 Evangelii
3080 3929 3257 3984 locum
3321 3929 3595 3984 Manichaei
3645 3928 3831 3983 dicunt

2237 4032 2358 4073 esse
2399 4021 2727 4075 contrarium
2751 4062 2766 4087 ,
2796 4021 2884 4075 ubi
2932 4022 3187 4077 Dominus
3225 4021 3433 4076 cuidam
3473 4022 3700 4088 dicenti,
3731 4020 3829 4076 Ibo

2237 4112 2458 4181 primum
2496 4122 2552 4165 ut
2594 4114 2835 4183 sepeliant
2874 4123 3069 4184 patrem
3120 4130 3330 4179 meum;
3356 4114 3668 4184 reSpondit,
3701 4114 3829 4170 Sine

2234 4214 2457 4256 mortuos
2480 4204 2519 4270 ¹,
2548 4214 2773 4259 mortuos
2819 4221 2935 4259 suos
2988 4204 3274 4275 sepeliant;
3318 4216 3371 4258 tu
3400 4215 3568 4258 autem
3602 4208 3710 4259 veni
3733 4247 3747 4271 ,
3782 4216 3830 4260 et

2236 4293 2487 4347 annuntia
2526 4310 2739 4364 regnum
2783 4294 2878 4347 Dei
2924 4293 3071 4366 (Luc.
3096 4310 3177 4367 ix,
3205 4295 3294 4362 59,
3322 4295 3434 4364 60).
3456 4294 3608 4361 Quod
3632 4294 3829 4350 eodem

2233 4386 2393 4441 modo
2414 4386 2653 4449 solvitur,
2683 4402 2789 4456 quo
2826 4386 2957 4440 illud
3004 4387 3251 4455 superius
3271 4428 3286 4452 ,
3320 4386 3406 4440 ubi
3435 4386 3502 4440 de
3545 4402 3709 4440 uxore
3741 4403 3828 4441 re-

2233 4479 2517 4550 linquenda
2541 4479 2739 4534 dictum
2766 4488 2883 4547 est,
2911 4478 3130 4543 Propter
3154 4496 3362 4549 regnum
3392 4477 3629 4532 calorum
3659 4494 3677 4532 :
3700 4478 3822 4545 quia

2232 4579 2286 4625 et
2314 4581 2560 4641 parentes
2586 4571 2851 4626 honorare
2878 4571 3135 4625 debemus
3155 4611 3169 4635 ,
3201 4580 3254 4624 et
3283 4586 3379 4625 eos
3409 4579 3583 4626 tamen
3608 4579 3825 4639 propter
3872 4580 3881 4585 ‘

2232 4665 2689 4720 annuntiationem
2736 4665 2886 4735 regni
2911 4664 3005 4719 Dei
3033 4664 3174 4718 nulla
3216 4664 3487 4733 impietate
3515 4661 3820 4719 centemni-

2232 4772 2372 4812 mus.
2435 4756 2567 4810 Nam
2635 4757 2680 4810 si
2728 4755 2909 4810 Veteri
2961 4755 3303 4813 Testamento
3363 4756 3688 4809 contrarium
3738 4760 3825 4807 est

2232 4848 2578 4918 Evangelium
2608 4857 2825 4917 propter
2850 4848 3005 4901 istam
3049 4848 3389 4915 sententiam,
3434 4846 3621 4915 incipit
3656 4844 3822 4899 etiam

2232 4939 2489 5009 Apostolo
2509 4953 2629 4993 esse
2672 4938 3023 5004 contrarium,
3055 4938 3145 5007 qui
3174 4948 3223 4993 et
3254 4936 3394 4991 ﬁlios
3424 4946 3606 4991 monet
3634 4944 3692 4990 ut
3724 4935 3823 4988 ho-

2232 5038 2423 5085 norent
2448 5038 2718 5099 parentes,
2745 5039 2799 5085 et
2827 5040 3075 5100 parentes
3105 5040 3162 5084 ut
3190 5028 3412 5099 diligant
3438 5028 3575 5082 ﬁlios
3601 5026 3823 5097 (Ephes.

2231 5139 2284 5177 vt
2309 5164 2323 5189 ,
2351 5122 2473 5187 2-4,
2500 5131 2546 5176 et
2593 5121 2789 5177 Coloss.
2820 5138 2912 5188 ιιι,
2939 5122 3031 5187 20,
3060 5122 3175 5191 2t).
3224 5120 3341 5175 Non
3387 5120 3562 5174 solum
3601 5128 3778 5173 autem
3801 5159 3822 5185 ,

2232 5216 2325 5271 sed
2351 5216 2510 5271 etiam
2538 5216 2795 5270 Dominus
2820 5215 3083 5270 videbitur
3108 5215 3207 5268 sibi
3236 5214 3334 5283 ipsi
3374 5228 3493 5267 esse
3521 5210 3825 5266 contrarius

2233 5308 2398 5378 (quod
2427 5308 2649 5363 credere
2679 5306 2829 5362 nefas
2857 5309 2962 5376 est)
2982 5346 2998 5373 ,
3030 5306 3155 5375 quia
3182 5305 3301 5359 loco
3327 5304 3432 5358 alio
3456 5304 3586 5358 dicit
3616 5301 3824 5357 homini

2233 5401 2491 5471 quaerenti
2521 5401 2681 5455 vitam
2709 5408 2985 5463 a‘ternam,
3020 5397 3082 5451 Si
3108 5398 3181 5451 vis
3209 5397 3375 5451 venire
3397 5396 3465 5449 ad
3484 5398 3651 5461 vitam,
3678 5410 3825 5448 serva

2235 5492 2477 5546 mandata
2507 5509 2527 5547 :
2550 5493 2601 5546 in
2630 5492 2821 5561 quibus
2866 5489 3025 5545 etiam
3079 5488 3208 5542 illud
3253 5494 3673 5553 commemorat,
3708 5483 3824 5538 Ho-

2235 5600 2362 5638 nora
2407 5594 2599 5653 patrem
2624 5592 2670 5636 et
2719 5592 2948 5635 matrem.
2998 5579 3200 5648 Quibus
3254 5578 3516 5633 mandatis
3569 5576 3824 5648 perfectis

2235 5677 2393 5732 etiam
2419 5676 2485 5730 ad
2535 5674 2874 5729 dilectionem
2917 5673 3013 5728 Dei
3062 5670 3338 5735 crescitur,
3380 5670 3434 5723 in
3459 5683 3561 5739 qua
3586 5677 3668 5723 est
3713 5675 3827 5720 tota

2235 5768 2511 5841 perfectio.
2536 5768 2667 5823 Nam
2712 5769 2925 5824 dilectio
2952 5764 3177 5837 proximi
3216 5774 3395 5820 certus
3420 5761 3615 5833 gradus
3638 5767 3725 5817 est
3752 5759 3827 5815 ad

2304 5882 2325 5916 ι
2358 5879 2490 5944 Apud
2508 5886 2584 5931 Br.
2608 5878 2760 5944 Lugd.
2785 5888 2927 5943 νοω,
2945 5875 3047 5931 sine
3064 5881 3116 5929 ut
3135 5873 3328 5929 mortui.
3393 5879 3452 5923 Μ.
