4082 6442
187 466 309 527 I37

190 584 557 644 dilectionem
607 579 723 636 Dei.
772 578 841 636 Et
876 577 999 634 ideo
1038 575 1381 647 respondenti
1425 573 1565 647 quod
1621 573 1797 627 omnia

189 677 461 735 mandata
488 674 578 729 illa
607 672 835 729 servavit
861 712 877 737 ,
909 669 1038 726 dicit
1090 685 1253 724 unum
1277 669 1326 723 ei
1365 668 1573 733 deesse,
1615 666 1657 720 si
1689 666 1801 720 vult

192 782 333 827 esse
358 766 664 837 perfectus,
692 770 751 818 ut
784 760 982 817 vendat
1024 761 1198 814 omnia
1227 773 1345 830 quas
1384 757 1583 822 habet,
1625 765 1679 811 et
1712 756 1803 811 det

193 858 570 934 pauperibus,
611 863 667 912 et
712 862 965 926 sequatur
1007 866 1130 907 eum
1160 849 1370 923 (Matth.
1401 866 1489 905 xix
1510 891 1524 915 ,
1556 848 1798 919 l7,-2l).

192 953 286 1011 Bx
320 966 427 1023 quo
472 947 811 1005 manifestum
853 954 976 1013 est,
1026 954 1084 1000 et
1112 945 1371 999 honorem
1415 953 1696 1013 parentum
1748 942 1800 995 in

196 1043 381 1117 gradu
406 1056 507 1097 suo
535 1054 657 1097 esse
703 1036 1023 1094 servandum
1048 1078 1065 1103 ,
1097 1044 1153 1092 et
1204 1050 1298 1092 eos
1345 1042 1523 1090 tamen
1554 1034 1605 1089 in
1636 1032 1804 1088 divini

198 1136 418 1192 amoris
470 1132 906 1204 comparatione,
964 1127 1262 1200 praesertim
1313 1127 1360 1182 si
1423 1126 1805 1196 impedimento

200 1236 375 1293 sunt,
406 1224 553 1280 nulla
594 1222 925 1278 dubitatione
952 1228 1204 1291 oportere
1231 1218 1522 1274 contemni.
1564 1216 1699 1273 Nam
1753 1224 1809 1272 et

200 1320 261 1377 in
291 1319 590 1389 Scripturis
608 1316 877 1372 veteribus
920 1314 1084 1370 habes
1124 1313 1353 1383 positum
1388 1328 1402 1364 :
1433 1311 1533 1379 Qui
1572 1310 1693 1364 dicit
1716 1326 1808 1380 pa-

203 1416 275 1466 tri
297 1420 389 1466 aut
408 1410 561 1465 matri
581 1451 597 1476 ,
630 1407 752 1463 Non
772 1406 885 1463 novi
904 1422 1012 1472 vos,
1036 1414 1083 1461 et
1107 1405 1196 1475 qui
1217 1405 1353 1473 filios
1375 1419 1493 1459 suos
1522 1418 1622 1457 non
1649 1418 1810 1472 agno-

204 1503 352 1570 scit,
399 1502 509 1573 ipse
557 1509 723 1554 autem
776 1497 1007 1569 cognovit
1052 1504 1395 1551 testamentum
1434 1503 1576 1547 tuum
1632 1490 1809 1565 (Deut.

204 1607 415 1657 xxnn,
442 1591 523 1663 9).
549 1590 687 1662 Ergo
708 1590 754 1645 si
778 1599 832 1645 et
852 1590 903 1643 in
927 1586 1076 1643 Novo
1112 1586 1451 1642 Testamento
1471 1584 1812 1640 commenda-

208 1695 312 1743 tur
356 1694 638 1757 parentum
696 1683 944 1752 dilectio,
992 1691 1047 1739 et
1078 1683 1131 1737 in
1176 1680 1358 1737 Veteri
1408 1679 1812 1734 commendatur

209 1786 502 1849 parentum
556 1784 893 1845 contemptus
914 1815 930 1841 ,
960 1789 1029 1830 ex
1070 1781 1297 1844 utroque
1338 1771 1511 1842 capite
1553 1770 1659 1826 duo
1709 1769 1811 1826 sibi

212 1866 565 1925 Testamenta
593 1867 955 1924 consentiunt.

291 1960 522 2019 CAPUT
560 1959 671 2017 Vll.
711 1990 784 2002 --
809 1962 863 2016 l.
894 1961 969 2016 De
1004 1974 1071 2015 eo
1095 1956 1237 2031 quod
1264 1957 1317 2013 in
1344 1955 1529 2013 Exodo
1555 1954 1811 2027 scriptum

216 2062 308 2111 est
333 2071 347 2107 :
375 2052 490 2126 Ego
541 2069 655 2107 sum
698 2051 837 2107 Deus
876 2052 1085 2116 zelans,
1126 2050 1350 2105 tribuens
1402 2048 1523 2119 filiis
1567 2047 1725 2102 tertite
1766 2056 1814 2101 et

214 2156 421 2217 quarta
461 2143 800 2217 generationis
835 2152 1104 2213 parentum
1131 2151 1337 2213 peccata
1366 2142 1451 2213 qui
1495 2156 1574 2195 me
1601 2140 1816 2211 oderunt

217 2237 421 2310 (Exod.
449 2253 539 2303 xx,
568 2236 648 2307 5).
676 2235 812 2291 Huic
838 2235 957 2291 loco
976 2233 1253 2291 Manichmi
1280 2233 1407 2288 illud
1435 2232 1503 2288 de
1528 2232 1815 2303 Evangelio

217 2329 409 2385 dicunt
439 2343 566 2384 esse
593 2327 949 2395 contrarium,
978 2325 1122 2398 quod
1152 2324 1412 2381 Dominus
1446 2323 1614 2392 dicit,
1643 2323 1818 2379 Estote

219 2422 421 2494 benigni
447 2421 578 2476 sicut
599 2418 758 2475 Pater
782 2428 939 2475 vester
966 2419 1199 2482 celestis,
1228 2418 1318 2490 qui
1338 2417 1497 2473 solem
1521 2433 1668 2472 suum
1693 2417 1817 2472 oriri

220 2516 341 2587 facit
391 2530 553 2586 super
592 2515 748 2569 bonos
784 2522 833 2567 et
881 2514 1045 2567 malos
1086 2510 1301 2585 (Matth.
1330 2526 1403 2578 v,
1430 2510 1523 2577 45)
1562 2528 1577 2565 :
1608 2516 1662 2567 et
1684 2509 1817 2566 illud

218 2605 361 2662 aliud
388 2605 538 2678 quod
565 2604 705 2661 idem
727 2604 988 2661 Dominus
1008 2603 1117 2672 ait,
1149 2603 1273 2659 Non
1298 2604 1466 2659 solum
1486 2603 1668 2674 septies
1696 2619 1817 2672 pec-

221 2699 353 2752 canti
390 2699 546 2769 fratri
574 2696 925 2753 dimittendum
949 2736 965 2763 ,
993 2696 1082 2751 sed
1106 2696 1258 2750 etiam
1294 2695 1579 2767 septuagies
1612 2695 1817 2766 septies.

224 2788 331 2861 (Id.
362 2805 534 2857 xvnt,
580 2787 699 2862 22).
727 2788 773 2844 A
817 2787 1008 2859 quibus
1031 2796 1211 2843 tamen
1258 2788 1308 2845 si
1354 2803 1591 2859 quaeram
1642 2796 1818 2843 utrum

221 2881 364 2937 Deus
398 2897 513 2937 non
534 2881 719 2953 puniat
742 2879 987 2935 inimicos
1012 2892 1160 2947 suos,
1187 2880 1305 2934 sine
1334 2878 1503 2934 dubio
1525 2880 1819 2934 turbabun-

222 2980 327 3030 tur.
352 2973 463 3045 ipsi
492 2973 639 3029 enim
666 2972 883 3040 dicunt,
909 2971 1077 3028 Deum
1103 2971 1249 3042 genti
1292 2970 1635 3027 tenebrarum
1663 2978 1825 3027 teter-

223 3080 347 3120 num
391 3080 671 3121 carcerem
714 3078 1015 3135 praeparare
1037 3104 1053 3128 ,
1080 3078 1241 3134 quam
1281 3062 1465 3119 dicunt
1492 3076 1614 3119 esse
1640 3063 1821 3119 inimi-

222 3172 338 3211 cam
363 3156 501 3212 Deo.
534 3156 603 3211 Et
621 3171 809 3227 parum
837 3162 921 3211 est
940 3196 957 3223 ,
982 3153 1079 3210 sed
1120 3169 1243 3211 eum
1272 3155 1434 3211 etiam
1459 3167 1557 3209 sua
1580 3154 1822 3210 membra

224 3250 380 3306 simul
424 3265 547 3305 cum
579 3250 695 3320 ipsa
718 3258 879 3320 gente
922 3249 1233 3319 puniturum
1279 3262 1399 3304 esse
1427 3262 1537 3302 non
1581 3247 1825 3304 dubitant

224 3342 426 3400 dicere.
448 3343 554 3398 Sed
596 3357 718 3398 cum
749 3342 816 3397 ad
864 3342 1094 3414 capitula
1126 3339 1336 3397 Veteris
1382 3350 1438 3396 et
1461 3338 1596 3395 Novi
1624 3340 1821 3395 Testa-

224 3435 390 3490 menti
411 3434 651 3499 veniunt,
668 3442 727 3489 ut
754 3434 1025 3503 imperitos
1045 3431 1327 3502 decipiant,
1346 3438 1402 3487 et
1414 3446 1475 3487 ea
1492 3430 1591 3487 sibi
1603 3429 1824 3487 adversa

226 3539 347 3583 esse
373 3527 749 3590 criminentur,
776 3526 981 3597 ﬁngunt
1015 3540 1075 3579 se
1103 3524 1262 3579 nimis
1289 3523 1477 3578 bonos.
1509 3522 1615 3579 Sed
1647 3523 1827 3579 dicant

226 3618 404 3687 nobis,
437 3619 630 3689 quibus
656 3616 896 3672 dicturus
916 3625 999 3671 est
1024 3614 1299 3680 Dominus,
1320 3612 1402 3668 Ite
1426 3615 1479 3667 in
1500 3614 1667 3684 ignem
1688 3622 1827 3667 teter-

224 3727 350 3768 ttttm
374 3752 390 3780 ,
416 3714 503 3783 qui
548 3718 867 3782 purpuratus
905 3718 976 3764 est
1016 3707 1219 3762 diabolo
1249 3716 1297 3761 et
1334 3706 1528 3777 angelis
1558 3707 1666 3776 ejus
1693 3703 1823 3775 (Id.

226 3818 377 3874 xxv,
420 3804 538 3876 ll);
569 3805 613 3857 si
656 3801 904 3857 omnibus
948 3800 1118 3871 parcit
1153 3807 1207 3853 et
1252 3797 1519 3853 neminem
1567 3794 1827 3851 damnat?

228 3894 411 3964 Quare
428 3894 829 3965 intelligendum
844 3900 990 3948 estet
1002 3890 1131 3946 illud
1149 3898 1354 3945 rectum
1371 3904 1511 3956 esse,
1527 3887 1669 3959 quod
1687 3888 1828 3943 Deus

226 3989 491 4045 retribuit
514 3996 784 4057 parentum
814 3996 1028 4057 peccata
1060 3984 1182 4038 ﬁliis
1211 3984 1302 4054 qui
1328 3997 1449 4038 eum
1476 3981 1725 4037 oderunt.
1749 3981 1829 4035 Ex

225 4095 305 4135 eo
354 4081 503 4134 enim
548 4078 687 4149 quod
725 4078 955 4144 addidit,
984 4076 1070 4147 qui
1115 4092 1196 4130 me
1224 4076 1476 4142 oderunt,
1513 4072 1829 4145 intelligitur

231 4187 331 4230 eos
353 4174 539 4244 puniri
567 4172 788 4242 peccatis
816 4180 1119 4243 parentum,
1147 4169 1234 4240 qui
1266 4168 1319 4223 in
1346 4166 1535 4223 eadem
1567 4167 1832 4238 perversi-

236 4278 342 4323 tate
398 4276 682 4337 parentum
732 4279 1079 4337 perseverare
1123 4263 1429 4317 voluerunt.
1485 4259 1646 4315 Tales
1686 4261 1830 4316 enim

245 4367 343 4410 non
367 4358 572 4408 saevitia
594 4397 610 4423 ,
638 4356 733 4412 sed
767 4356 945 4428 potius
969 4354 1174 4426 iustitia
1204 4353 1329 4418 Dei,
1355 4361 1411 4409 et
1430 4366 1523 4406 sua
1556 4351 1833 4421 iniquitate

244 4444 553 4513 puniuntur,
584 4442 723 4495 Sicut
762 4447 1029 4509 Propheta
1049 4445 1123 4499 ait
1144 4485 1159 4510 ,
1184 4442 1405 4498 Sanctus
1450 4442 1580 4496 enim
1609 4442 1835 4511 Spiritus

247 4535 528 4604 disciplima
553 4532 758 4604 effugiet
783 4532 979 4600 ﬁctum,
1011 4538 1059 4584 et
1092 4532 1287 4599 auferet
1314 4546 1367 4583 se
1395 4550 1428 4582 α
1452 4532 1835 4601 cogitationibus

245 4644 351 4698 qua
386 4636 509 4683 sunt
539 4626 649 4680 sine
677 4624 934 4679 intellectu
955 4662 968 4688 ,
996 4630 1043 4675 et
1073 4621 1373 4690 corripietur
1395 4636 1427 4673 a
1461 4621 1837 4692 superveniente

248 4720 504 4791 iniquitate
528 4718 686 4790 (Sap.
712 4732 749 4784 ι,
781 4717 836 4787 5)
864 4733 878 4770 :
908 4714 961 4771 id
991 4722 1093 4781 est,
1116 4713 1433 4783 corripietur
1458 4712 1620 4769 homo
1644 4728 1835 4784 super-

246 4814 491 4870 veniente
540 4810 644 4867 sibi
691 4810 972 4881 iniquitate
1019 4822 1115 4863 sua
1139 4849 1155 4876 ,
1184 4822 1305 4862 cum
1332 4806 1398 4862 ab
1436 4822 1502 4862 eo
1554 4806 1839 4864 recesserit

247 4904 472 4977 Spiritus
511 4910 750 4958 sanctus.
780 4901 851 4956 Et
877 4901 981 4954 alio
1025 4899 1184 4954 loco:
1224 4897 1348 4953 Haec
1388 4897 1764 4969 cogitaverunt,
1792 4904 1840 4952 et

250 5004 563 5058 erraverunt;
583 4994 850 5049 excwcavit
880 4993 1015 5048 enim
1048 4991 1167 5046 illos
1190 4991 1386 5045 malitia
1409 5007 1582 5044 eorum
1613 4988 1726 5061 (Id.
1758 5004 1837 5057 ιι,

248 5086 335 5160 2i)
364 5105 380 5140 :
410 5086 482 5141 Et
499 5084 607 5139 alio
630 5086 748 5137 loco
774 5101 789 5134 :
824 5082 1090 5137 Funiculis
1116 5092 1433 5154 peccatorum
1452 5097 1655 5135 suorum
1676 5097 1841 5135 unus-

251 5180 456 5248 quisque
482 5172 843 5243 constringitur
860 5169 1042 5242 (Prov.
1062 5185 1115 5233 v,
1134 5173 1251 5235 22).
1279 5173 1480 5235 Quibus
1520 5172 1842 5228 testimoniis

252 5269 450 5325 veteris
478 5264 807 5322 Testamenti
852 5262 921 5317 de
962 5258 1111 5316 Novo
1139 5258 1404 5315 consentit
1432 5257 1719 5326 Apostolus
1761 5257 1844 5313 di-

254 5374 377 5417 cens
413 5376 429 5413 :
460 5357 700 5413 Tradidit
725 5356 840 5411 illos
867 5352 1004 5407 Deus
1033 5353 1086 5406 in
1109 5350 1536 5421 concupiscentias
1562 5349 1728 5404 cordis
1756 5366 1845 5404 eo-

256 5466 364 5505 rum
403 5448 587 5521 (Rom.
610 5463 627 5503 ι
651 5488 667 5513 ,
693 5443 820 5519 24).
865 5444 979 5513 Qua
1020 5442 1303 5499 concordia
1349 5441 1626 5511 utriusque
1655 5440 1846 5496 Testa-

258 5542 424 5596 menti
468 5540 600 5595 satis
642 5537 942 5594 ostenditur
983 5551 1092 5590 non
1121 5549 1241 5591 esse
1264 5548 1466 5589 saevum
1496 5533 1663 5590 Deum
1686 5574 1703 5602 ,
1751 5532 1849 5590 sed

259 5644 697 5703 unumquemque
724 5630 777 5685 in
807 5645 868 5686 se
893 5630 1082 5685 saevire
1108 5626 1398 5699 peccando.

326 5720 384 5776 2.
417 5720 573 5789 Quod
610 5731 791 5777 autem
821 5722 873 5776 in
897 5721 1110 5777 tertiam
1134 5729 1186 5776 et
1211 5728 1454 5791 quartam
1496 5718 1750 5789 scriptum
1772 5727 1855 5775 est

264 5814 674 5886 generationem
704 5808 991 5865 vindictam
1013 5814 1338 5881 procedere,
1375 5829 1482 5869 non
1519 5812 1659 5868 aliud
1687 5815 1853 5885 signi-

266 5906 413 5964 ﬁcari
471 5902 743 5967 arbitror,
789 5900 891 5955 nisi
942 5899 1082 5969 quod
1132 5900 1201 5955 ab
1257 5902 1374 5973 ipso
1414 5903 1720 5974 Abraham,
1767 5907 1857 5980 qui

469 5995 703 6062 SANGT.
740 5992 1021 6057 Ausus'r.
1056 5990 1225 6059 Vlll.

1623 450 1828 510 LIBER
1864 451 2068 514 UNUS.

3381 453 3485 517 158

1908 584 2058 645 pater
2083 588 2204 633 esse
2246 576 2431 649 incipit
2457 576 2635 648 populi
2664 575 2967 634 Judzeorum
2989 620 3003 645 ,
3031 586 3256 651 quatuor
3302 585 3489 635 aetates

1905 675 2028 721 sunt
2052 684 2174 722 cum
2208 670 2305 723 ista
2331 685 2447 740 qua:
2478 686 2617 726 nunc
2634 672 2825 741 agitur,
2853 686 2988 741 quas
3007 670 3287 726 Matthteus
3322 686 3490 726 evan-

1906 761 2095 831 gelista
2124 761 2397 832 distinguit
2423 762 2635 834 (Matth.
2664 779 2715 831 ι,
2740 765 2853 835 l7).
2880 763 2994 821 Una
3021 772 3105 820 est
3130 764 3197 819 ab
3221 762 3492 819 Abraham

1908 869 2076 924 usque
2104 855 2169 909 ad
2194 854 2359 909 David
2392 872 2404 908 :
2434 856 2569 923 alia,
2602 872 2629 910 a
2656 856 2823 912 David
2853 872 3019 927 usque
3044 857 3110 911 ad
3144 856 3493 927 transmigra-

1910 947 2109 1001 tionem
2139 946 2190 1000 in
2218 946 2562 1019 Babyloniam
2596 966 2609 1004 :
2640 950 2790 1004 tertia
2817 991 2831 1016 ,
2859 964 2891 1004 a
2929 949 3392 1020 transmigratione
3437 948 3495 1003 in

1910 1036 2257 1110 Babyloniam
2290 1054 2461 1110 usque
2490 1036 2569 1094 ad
2586 1040 2794 1097 Domini
2820 1042 3104 1098 adventum
3131 1060 3146 1097 :
3178 1041 3302 1097 inde
3328 1055 3497 1112 usque

1910 1129 1976 1184 ad
2005 1129 2163 1185 tinem
2190 1140 2377 1201 quarta
2408 1131 2711 1202 deputatur,
2743 1142 2993 1206 tanquam
3036 1144 3287 1191 senectus
3312 1133 3498 1190 saeculi

1911 1224 2124 1280 caeteris
2152 1226 2397 1280 artatibus
2418 1226 2641 1297 longior.
2669 1226 2812 1294 Quas
2849 1238 3031 1285 aetates
3070 1245 3168 1299 pro
3191 1221 3502 1300 generatio?

1913 1315 2070 1371 nibus
2118 1318 2318 1387 positas
2347 1317 2653 1384 credimus,
2695 1318 2941 1390 quamvis
2985 1320 3206 1390 singula:
3252 1318 3499 1390 pluribus

1912 1407 2345 1477 generationibus
2373 1418 2638 1465 constent.
2671 1409 2739 1465 Et
2782 1411 3034 1482 quoniam
3078 1411 3231 1467 tertia
3258 1410 3446 1482 incipit
3468 1424 3503 1467 a

1917 1501 2380 1573 transmigratione
2426 1502 2763 1576 Babyloniae,
2810 1502 3022 1575 quando
3062 1503 3364 1560 Judaaorum
3419 1510 3506 1561 est

1915 1591 2049 1647 facta
2074 1593 2367 1663 captivitas;
2398 1594 2451 1650 in
2482 1605 2667 1666 quarta
2690 1610 2838 1665 vero,
2860 1595 2913 1653 id
2934 1604 3037 1663 est,
3069 1604 3191 1667 post
3215 1596 3506 1652 adventum

1918 1683 2127 1740 Domini
2152 1687 2355 1752 nostri,
2380 1702 2511 1758 gens
2544 1687 2853 1744 Judzeorum
2879 1703 2909 1743 a
2958 1688 3076 1744 solo
3103 1688 3319 1760 proprio
3350 1687 3504 1757 peni-

1918 1786 2003 1832 tus
2041 1777 2305 1834 cradicata
2351 1787 2436 1834 est
2464 1797 2478 1833 :
2508 1779 2613 1835 hoc
2657 1779 2813 1835 datur
2860 1779 3083 1851 intelligi
3135 1779 3275 1850 quod
3304 1779 3508 1836 dictum

1918 1878 2021 1937 est,
2049 1872 2216 1927 tertiae
2247 1881 2301 1927 et
2329 1880 2533 1943 quarta:
2577 1873 2938 1944 generationis
2966 1880 3181 1944 peccata
3221 1881 3507 1944 parentum

1920 1963 2253 2019 redditurum
2281 1965 2471 2031 Deum,
2502 1964 2588 2021 his
2618 1965 2800 2035 utique
2846 1964 3081 2037 legitime
3109 1974 3266 2036 atque
3290 1964 3471 2020 debite
3490 2004 3507 2031 ,

1920 2056 2010 2126 qui
2040 2065 2320 2127 parentum
2345 2067 2561 2129 peccata
2580 2065 2986 2129 perseverantes
3014 2066 3215 2124 tenere,
3233 2071 3392 2125 quam
3417 2055 3517 2111 Dei

1916 2147 2177 2220 justitiam
2204 2150 2355 2221 sequi
2380 2151 2703 2206 maluerunt.
2744 2150 2876 2205 Nam
2912 2166 3019 2206 non
3039 2150 3309 2222 pertinere
3346 2149 3517 2221 patris

1922 2251 2142 2311 peccata
2170 2241 2238 2297 ad
2263 2242 2427 2297 lilium
2469 2242 2615 2313 juste
2642 2244 2909 2300 viventem
2932 2284 2948 2311 ,
2980 2243 3241 2314 propheta
3262 2242 3516 2303 Ezechiel

1922 2334 2257 2405 apertissime
2286 2334 2515 2391 ostendit
2534 2334 2744 2407 (Ezech.
2774 2352 2924 2402 xvtu,
2948 2336 3157 2407 M-l't).

1994 2425 2049 2481 5.
2081 2425 2231 2493 Quod
2263 2435 2438 2482 autem
2465 2428 2521 2483 in
2542 2426 2830 2500 Evangelio
2851 2427 3066 2498 dicitur,
3104 2427 3279 2484 Estote
3316 2427 3518 2498 benigni

1922 2519 2347 2589 quemadmodum
2377 2518 2537 2574 Pater
2577 2530 2740 2575 vester
2781 2521 3027 2589 cretestis,
3055 2522 3145 2593 qui
3171 2522 3328 2577 solem
3369 2536 3518 2575 suum

1924 2610 2047 2663 oriri
2074 2609 2199 2679 facit
2224 2626 2375 2682 super
2400 2609 2558 2666 bonos
2584 2620 2631 2665 et
2654 2612 2854 2679 malos;
2885 2627 2992 2667 non
3019 2622 3102 2668 est
3128 2610 3309 2668 Veteri
3333 2611 3519 2667 Testa-

1925 2710 2107 2757 mento
2130 2702 2477 2759 contrarium.
2507 2701 2621 2758 Hoc
2647 2704 2790 2759 enim
2830 2703 2955 2759 facit
2981 2702 3122 2759 Deus
3150 2713 3207 2757 ut
3233 2703 3423 2759 invitet
3449 2701 3521 2759 ad

1924 2796 2313 2866 ptenitcntiam,
2341 2798 2479 2853 sicut
2499 2797 2628 2852 dicit
2656 2796 2966 2867 Apostolus,
3002 2794 3220 2867 Ignoras
3258 2795 3376 2866 quia
3417 2810 3517 2865 pa-

1927 2890 2101 2944 tientia
2126 2888 2223 2944 Dei
2249 2891 2318 2944 ad
2344 2890 2686 2961 paenitentiam
2715 2897 2762 2943 te
2784 2888 3001 2943 invitat?
3028 2887 3137 2943 Nec
3182 2896 3360 2943 tamen
3398 2886 3522 2942 ideo

1927 2979 2254 3035 credendum
2276 2989 2359 3035 est
2386 2995 2494 3035 non
2522 2981 2835 3052 puniturum
2865 2980 3033 3035 Deum
3055 2994 3170 3046 eos,
3198 2978 3291 3049 qui
3312 3019 3325 3043 ,
3358 2985 3414 3033 ut
3434 2978 3522 3032 di-

1928 3071 2001 3128 cit
2030 3072 2169 3127 idcm
2195 3072 2468 3142 apostolus
2493 3112 2507 3137 ,
2536 3071 2883 3125 thesaurizant
2907 3070 3004 3125 sibi
3032 3069 3166 3123 iram
3205 3069 3258 3123 in
3287 3068 3369 3122 die
3395 3069 3520 3135 irte,

1928 3172 1977 3217 et
2012 3163 2328 3218 reuelationis
2347 3162 2479 3233 justi
2517 3162 2707 3233 judicii
2750 3161 2844 3216 Dei
2867 3201 2882 3227 ,
2907 3162 2992 3232 qui
3038 3160 3213 3215 reddet
3258 3160 3526 3231 unicuique

1928 3254 2205 3309 secundum
2250 3270 2406 3323 opera
2431 3269 2525 3307 sua
2569 3252 2743 3326 (Rom.
2774 3268 2844 3319 ιι,
2874 3252 2929 3318 4,
2958 3249 3036 3323 5).
3086 3250 3325 3320 Namque
3368 3250 3525 3304 istam

1930 3344 2026 3400 Dei
2055 3344 2361 3417 patientiam
2408 3352 2463 3401 et
2490 3344 2780 3400 bonitatem
2820 3344 2981 3399 etiam
3008 3342 3272 3410 Pr0pheta
3323 3341 3525 3411 praedi-

1930 3446 2036 3505 cat,
2061 3437 2263 3503 dicens,
2292 3435 2471 3490 Parcis
2490 3444 2657 3490 autem
2684 3435 2914 3490 omnibus
2934 3476 2949 3501 ,
2996 3434 3236 3499 quoniam
3270 3442 3358 3487 tua
3401 3438 3522 3487 sunt

1932 3530 2122 3596 omnia,
2150 3530 2237 3599 qui
2264 3528 2461 3582 animas
2490 3543 2631 3582 amas
2671 3526 2824 3600 (Sap.
2851 3543 2908 3581 ιι
2933 3566 2947 3589 ,
2980 3524 3073 3597 27)
3103 3543 3116 3578 :
3145 3536 3199 3581 et
3221 3536 3411 3581 caetera
3440 3524 3528 3580 in-

1933 3620 2282 3676 numerabilia
2310 3620 2505 3690 quibus
2530 3618 2838 3689 intelligitur
2862 3627 2916 3673 et
2940 3617 2993 3671 in
3016 3616 3250 3672 bonitate
3278 3627 3331 3672 et
3358 3617 3411 3671 in
3441 3631 3529 3671 se-

1934 3715 2156 3771 veritate
2184 3711 2608 3768 misericordiam
2635 3720 2688 3768 et
2709 3710 2970 3782 justitiam
2998 3710 3093 3765 Dei
3122 3710 3526 3766 Testamentum

1936 3815 2221 3874 utrumque
2241 3803 2550 3873 praedicare.

2006 3898 2061 3952 4.
2085 3896 2141 3952 Si
2165 3892 2342 3950 autem
2384 3902 2673 3949 moventur
2716 3891 2860 3964 quod
2906 3892 3103 3949 dictum
3141 3901 3242 3959 est,
3275 3891 3387 3963 Ego
3416 3908 3529 3946 sunt

1937 3990 2153 4052 zelans;
2184 3995 2497 4042 moveantur
2542 3986 2701 4041 etiam
2756 3985 2849 4039 illo
2890 3984 3030 4055 quod
3085 3983 3214 4039 dicit
3255 3983 3529 4054 apostolus

1938 4081 2154 4147 Paulus,
2182 4077 2305 4134 Zelo
2335 4075 2434 4132 Dei
2462 4094 2547 4131 vos
2566 4078 2697 4143 zelo;
2719 4076 3017 4147 desponsavi
3040 4076 3169 4130 enim
3194 4091 3279 4129 vos
3309 4075 3397 4129 uni
3424 4075 3530 4128 viro

1938 4173 2182 4244 uirginem
2208 4179 2399 4224 castam
2425 4169 2656 4225 exhibere
2675 4167 2875 4224 Christo
2897 4167 2964 4239 (ll
2987 4168 3104 4222 Cor.
3131 4184 3206 4233 χι,
3234 4168 3312 4238 2).
3336 4166 3532 4223 Sancta

1941 4266 2084 4320 enim
2114 4263 2389 4334 Scriptura
2414 4261 2593 4317 verbis
2617 4261 2815 4315 nostris
2840 4260 3086 4331 loquens,
3109 4260 3269 4315 etiam
3298 4276 3393 4330 per
3415 4259 3532 4315 haec

1940 4354 2105 4411 verba
2152 4354 2519 4419 demonstrat,
2556 4350 2687 4406 nihil
2730 4350 2889 4420 digne
2931 4349 2999 4405 de
3042 4350 3150 4405 Deo
3195 4364 3352 4421 posse
3403 4348 3531 4403 dici.

1943 4447 2053 4504 Cur
2099 4446 2239 4502 enim
2271 4460 2377 4500 non
2409 4445 2567 4500 etiam
2594 4443 2755 4498 verba
2785 4442 2884 4497 ista
2928 4441 3171 4494 dicantur
3198 4436 3264 4492 de
3292 4438 3380 4492 illa
3408 4454 3527 4493 ma-

1940 4538 2170 4607 jestate,
2202 4536 2270 4589 de
2316 4547 2420 4601 qua
2456 4529 2711 4601 quidquid
2741 4528 2941 4583 dictum
2972 4528 3127 4584 fuerit
3154 4568 3170 4595 ,
3213 4526 3428 4599 indigne
3451 4528 3535 4585 di-

1948 4630 2109 4692 citur;
2142 4626 2263 4699 quia
2294 4639 2483 4680 omnes
2504 4637 2633 4693 opes
2654 4623 2951 4693 linguarum
2998 4621 3237 4676 omnium
3282 4621 3536 4678 ineﬂ‘abili

1945 4718 2272 4778 sublimitate
2316 4712 2768 4787 prmeedit?Nam
2810 4712 3061 4783 quoniam
3093 4712 3319 4768 zelando
3360 4713 3537 4770 solent

1946 4809 2125 4867 mariti
2151 4822 2377 4864 uxorum
2417 4805 2721 4877 pudicitiam
2769 4803 3041 4859 custodire
3066 4845 3080 4869 ,
3112 4813 3430 4874 potestatem
3479 4810 3539 4859 et

1946 4903 2282 4975 disciplinam
2308 4900 2440 4965 Dei,
2470 4914 2573 4969 qua
2618 4896 2867 4953 fornicari
2904 4898 3137 4952 animam
3186 4899 3400 4967 impune
3426 4912 3535 4952 non

1950 4993 2075 5049 sinit
2102 5034 2117 5058 ,
2149 4991 2322 5047 zelum
2352 4989 2449 5044 Dei
2497 4988 2786 5058 Scripturae
2832 4997 3173 5044 vocaverunt.
3216 4988 3312 5043 Est
3354 4996 3534 5043 autem

1950 5083 2143 5137 anima:
2172 5080 2480 5145 fornicatio,
2506 5079 2717 5134 aversio
2742 5092 2773 5132 a
2803 5077 3128 5133 fecunditate
3154 5077 3449 5147 sapientiae,
3481 5084 3539 5133 et

1952 5173 2019 5229 ad
2062 5180 2376 5242 conceptum
2418 5168 2789 5239 temporalium
2835 5168 3203 5224 illecebrarum
3241 5169 3541 5239 corruptio~

1953 5275 2187 5330 numque
2213 5258 2515 5315 conversio.

2027 5352 2080 5408 5.
2106 5350 2238 5405 Illud
2269 5366 2397 5405 vero
2434 5348 2577 5421 quod
2620 5348 2992 5405 dimittendum
3041 5363 3161 5405 esse
3189 5348 3318 5406 dicit
3346 5351 3495 5408 fratri
3523 5397 3539 5423 ,

1956 5459 2065 5501 non
2089 5444 2262 5499 solum
2291 5443 2492 5514 septies
2513 5483 2529 5508 ,
2573 5442 2667 5497 sed
2695 5452 2749 5497 et
2774 5440 3075 5511 septuagies
3105 5443 3332 5512 septies,
3369 5446 3542 5513 pceni~

1965 5536 2097 5592 tenti
2125 5535 2304 5607 utique
2327 5534 2475 5589 dicit.
2505 5534 2643 5588 Deus
2667 5540 2843 5585 autem
2873 5532 2978 5587 illis
3010 5547 3069 5587 se
3094 5532 3223 5588 dicit
3247 5535 3547 5590 retribuere

1958 5639 2175 5701 peccata
2196 5670 2210 5695 ,
2242 5628 2330 5699 qui
2358 5641 2480 5682 eum
2503 5623 2768 5689 oderunt,
2791 5637 2899 5677 non
2924 5623 3014 5694 qui
3058 5624 3107 5679 ei
3157 5641 3251 5695 per
3278 5627 3547 5697 pceniten-

1962 5720 2089 5776 tiam
2118 5718 2546 5775 reconciliantur.
2576 5713 2710 5770 Nam
2737 5723 2793 5770 et
2831 5715 2971 5786 apud
3012 5715 3324 5787 prephetam
3372 5718 3552 5770 Domi-

1963 5828 2065 5868 nus
2106 5811 2234 5866 dicit
2268 5828 2280 5862 :
2314 5807 2451 5861 Nolo
2481 5815 2691 5861 mortem
2731 5807 3005 5876 peccatoris
3034 5817 3275 5876 quantum
3301 5816 3353 5860 ut
3382 5823 3551 5860 rever-

1965 5914 2100 5961 tatur
2119 5912 2165 5957 et
2194 5902 2319 5955 vivat
2349 5898 2562 5973 (Ezeclt.
2594 5915 2738 5963 xvnt.
2768 5899 2838 5957 25
2858 5941 2873 5971 ,
2903 5909 2951 5955 et
2974 5914 3138 5955 χχχιιι
3158 5939 3175 5962 ,
3210 5899 3322 5970 ll).
3344 5898 3423 5956 Ex
3446 5913 3555 5967 (tuo

3052 5987 3304 6078 (δέπᾳ.)
