4082 6460
532 324 635 383 159

519 446 680 512 facile
706 453 964 518 apparet,
994 452 1050 502 et
1076 444 1130 500 in
1155 458 1217 500 ea
1259 443 1512 516 patientia
1543 457 1661 512 quae
1689 441 1874 496 invitat
1899 438 1965 494 ad
1993 451 2110 508 ρω-

524 540 826 597 nitentiam.
849 547 902 594 et
928 539 1065 600 inea
1085 537 1410 610 indulgentia
1441 549 1557 606 quae
1596 532 1823 604 ignoscit
1847 531 2113 603 paeniten-

525 635 673 692 tibus
698 641 791 704 ,et
835 633 889 687 in
928 647 990 688 ea
1039 631 1243 703 iustitia
1284 644 1403 702 qum
1438 628 1589 699 punit
1632 642 1725 683 eos
1771 626 1864 700 qui
1914 626 2112 700 corrigi

523 727 735 796 nolunt,
763 735 1048 796 utrumque
1068 724 1468 780 Testamentum
1490 720 1778 777 convenire
1802 729 1960 792 atque
1980 736 2111 777 con-

525 832 754 892 gruere,
805 825 1058 892 tanquam
1096 816 1165 872 ab
1213 827 1322 871 uno
1371 813 1483 871 Deo
1533 820 1820 888 utrumque
1874 814 2112 872 conscri-

526 920 677 985 ptum
688 953 702 967 .

598 1005 825 1064 CAPUT
845 1004 977 1061 Vill.
1006 1031 1074 1045 -—
1091 1003 1168 1058 De
1196 1015 1261 1058 eo
1286 1002 1426 1074 quod
1447 1003 1698 1074 scriptum
1715 1009 1797 1056 est
1820 1002 1873 1056 in
1904 1000 2110 1070 Exodo,

529 1099 746 1156 Oculum
768 1115 859 1170 pro
891 1097 1057 1163 oculo,
1087 1095 1283 1151 dentem
1311 1112 1402 1168 pro
1445 1095 1591 1150 dente
1617 1093 1812 1168 (Exod.
1848 1109 1965 1160 χιιι,
1990 1093 2109 1165 24);

524 1203 580 1250 et
622 1201 813 1248 uetera
844 1190 986 1246 talia.
1008 1188 1143 1245 Huic
1192 1189 1308 1246 loco
1330 1187 1603 1244 Manichmi
1625 1229 1638 1253 ,
1669 1186 1808 1258 quod
1862 1186 1915 1240 in
1945 1185 2114 1242 veteri

523 1282 666 1356 Lege
692 1298 789 1356 par
810 1281 1039 1338 vindicta
1063 1281 1406 1354 permittitur,
1439 1289 1492 1336 et
1531 1280 1725 1335 dicitur
1765 1279 1977 1334 oculum
2018 1293 2115 1349 pro

524 1379 701 1446 oculo,
715 1377 927 1433 dentem
949 1393 1046 1449 pro
1069 1377 1228 1434 dente
1244 1391 1364 1433 esse
1385 1373 1737 1446 perdendum,
1761 1374 1839 1431 sic
1855 1373 2114 1429 calumni-

521 1479 700 1539 antur,
723 1471 874 1544 quasi
903 1478 960 1528 et
1001 1471 1113 1544 ipse
1141 1470 1394 1526 Dominus
1421 1469 1536 1525 haec
1566 1468 1671 1524 duo
1701 1469 1801 1524 sibi
1831 1468 1993 1526 veluti
2015 1468 2113 1524 ad-

520 1563 789 1619 versantia
815 1571 972 1634 atque
1002 1563 1266 1618 contraria
1305 1562 1357 1617 in
1384 1560 1674 1634 Evangelia
1712 1561 2114 1619 demonstrave-

519 1651 611 1708 rit.
641 1651 761 1723 Ipse
796 1653 940 1708 enim
975 1653 1050 1708 ait
1076 1670 1089 1707 :
1117 1651 1344 1707 Audistis
1369 1653 1487 1724 quia
1515 1652 1704 1706 dictum
1744 1659 1816 1707 est
1853 1653 2112 1737 antiquis‘z,

526 1749 744 1806 Oculum
769 1767 860 1824 pro
887 1749 1054 1818 oculo,
1083 1757 1129 1804 et
1158 1748 1356 1804 dentem
1383 1766 1473 1820 pro
1489 1749 1635 1804 dente
1656 1764 1674 1804 :
1693 1764 1785 1822 ego
1805 1757 1973 1804 autem
2000 1749 2113 1805 dico

520 1843 695 1909 vobis,
727 1859 827 1898 non
851 1842 1080 1898 resistere
1124 1840 1292 1906 malo;
1321 1841 1408 1896 sed
1437 1842 1480 1895 si
1519 1841 1631 1914 quis
1657 1850 1703 1896 te
1737 1843 2036 1913 percusserit
2061 1844 2114 1898 in

520 1935 789 1991 maxillam
811 1977 826 2004 ,
859 1934 1022 2007 prtebe
1047 1933 1127 1990 illi
1152 1942 1196 1988 et
1221 1935 1473 2001 alteram;
1500 1942 1547 1989 et
1570 1932 1868 2005 quicumque
1902 1933 2114 1990 voluerit

519 2038 685 2098 tecum
699 2029 898 2103 judicio
925 2027 1240 2096 contendere,
1270 2035 1316 2082 et
1343 2027 1564 2082 tunicam
1601 2034 1742 2083 tuam
1765 2030 1998 2101 auferre,
2031 2029 2113 2084 di-

520 2122 661 2176 mitte
703 2120 784 2177 illi
831 2130 878 2176 et
925 2121 1139 2193 pallium
1181 2119 1393 2194 (Matth.
1422 2133 1492 2189 v,
1521 2119 1739 2193 58-40).
1803 2120 1862 2176 In
1920 2121 2115 2192 quibus

520 2213 727 2270 duabus
749 2213 1026 2269 sententiis
1053 2228 1240 2269 revera
1260 2211 1489 2270 duorum
1515 2212 1980 2272 Testamentorum
2013 2214 2116 2271 dif-

519 2304 748 2362 ferentia
788 2304 1212 2372 demonstratur,
1244 2304 1339 2363 sed
1367 2305 1647 2363 amborum
1692 2314 1871 2362 tamen
1913 2306 1983 2363 ab
2008 2322 2115 2364 uno

518 2401 631 2457 Deo
658 2401 1088 2458 constitutorum.
1114 2398 1247 2456 Nam
1269 2401 1521 2472 quoniam
1549 2401 1722 2473 primo
1741 2401 1984 2460 carnales
2015 2401 2114 2457 ho-

520 2496 695 2551 mines
736 2493 996 2551 ardebant
1035 2493 1203 2550 multo
1229 2492 1462 2565 amplius,
1504 2509 1564 2551 se
1601 2493 1873 2550 vindicare
1897 2535 1912 2560 ,
1956 2509 2116 2567 quam

520 2597 638 2644 erat
661 2586 752 2642 illa
776 2586 989 2659 injuria,
1021 2585 1090 2643 de
1127 2601 1231 2659 qua
1273 2585 1654 2658 querebantur,
1686 2586 2006 2642 constitutus
2035 2594 2120 2643 est

518 2681 598 2738 eis
623 2681 825 2752 primus
843 2680 1077 2736 lenitatis
1094 2680 1308 2752 gradus,
1325 2687 1384 2734 ut
1409 2679 1616 2750 injuriae
1640 2690 1870 2750 accepta!
1895 2696 2117 2738 mensu-

516 2787 636 2828 ram
661 2772 805 2827 nullo
830 2771 991 2827 modo
1012 2772 1166 2828 dolor
1192 2770 1512 2828 vindicantis
1536 2773 1838 2830 excederet.
1865 2773 1954 2830 Sic
1973 2775 2118 2830 enim

519 2873 575 2920 et
601 2863 803 2920 donare
846 2863 1133 2934 aliquando
1171 2872 1348 2934 posset
1373 2863 1649 2935 injuriam,
1684 2865 1771 2936 qui
1800 2880 1917 2921 eam
1943 2867 2119 2936 primo

521 2975 627 3014 non
652 2973 906 3030 superare
932 2956 1224 3014 didicisset.
1244 2957 1395 3015 Unde
1414 2959 1670 3015 Dominus
1686 2962 1798 3030 jam
1827 2975 1922 3030 per
1941 2959 2120 3015 Evan-

517 3053 641 3125 gelii
670 3054 896 3126 gratiam
923 3051 991 3108 ad
1016 3067 1278 3108 summam
1315 3066 1504 3123 pacem
1526 3053 1782 3124 pupulum
1811 3053 2116 3124 deducens,

518 3145 649 3202 huic
675 3146 866 3219 gradui
905 3145 1354 3219 supersediﬁcavit
1381 3146 1610 3202 alterum
1633 3164 1660 3214 ;,
1682 3155 1743 3204 ut
1768 3148 1860 3219 qui
1885 3149 1994 3220 jam
2023 3165 2120 3205 au-

520 3242 692 3300 dierat
715 3256 822 3296 non
844 3241 1160 3312 ampliorem
1189 3239 1502 3310 vindictam,
1527 3255 1688 3316 quam
1708 3243 1943 3322 quisque,
1959 3243 2118 3300 laesus

520 3339 684 3401 esset,
713 3331 943 3389 reddere
961 3374 978 3402 ,
1005 3333 1214 3404 placata
1258 3339 1439 3392 mente
1476 3339 1733 3400 totumse
1761 3334 1964 3392 donare
1988 3351 2120 3408 gau-

521 3423 691 3482 deret.
720 3424 874 3494 Quod
913 3425 1072 3482 etiam
1121 3425 1174 3482 in
1201 3424 1308 3483 illis
1332 3424 1604 3490 veteribus
1637 3425 1814 3486 Libris
1851 3428 2119 3500 PrOpheta

522 3517 812 3588 praedicat,
847 3516 1076 3575 dicens:
1108 3516 1329 3576 Domine
1376 3517 1517 3578 Deus
1558 3537 1732 3589 meus,
1753 3522 1796 3577 si
1823 3523 1920 3594 feci
1944 3523 2115 3593 istud,

519 3611 566 3665 si
594 3617 665 3666 est
700 3610 938 3682 iniquitas
966 3609 1021 3666 in
1043 3609 1275 3669 manibus
1297 3611 1420 3687 meis
1438 3652 1454 3679 ,
1483 3612 1538 3670 si
1564 3612 1765 3670 reddidi
1796 3615 2119 3674 reti-ibanti-

520 3698 612 3755 bus
633 3701 758 3762 mihi
773 3703 909 3759 mata
927 3700 1108 3776 .(Psal.
1136 3719 1229 3772 vn,
1251 3703 1306 3774 ι,
1332 3703 1412 3778 5).
1441 3706 1509 3761 Et
1531 3705 1670 3766 alius
1697 3708 1967 3779 propheta
1989 3710 2121 3769 dicit

521 3795 590 3851 de
618 3795 926 3867 huiusmodi
952 3797 1066 3854 viro
1091 3797 1326 3872 patiente
1352 3797 1612 3871 injurias,
1641 3809 1698 3863 et
1737 3802 2012 3861 lenissime
2037 3813 2118 3861 to—

521 3888 728 3947 lerante
751 3908 764 3944 :
786 3889 944 3947 Dabit
971 3893 1268 3964 percutienti
1291 3910 1346 3950 se
1371 3895 1657 3966 mamillam,
1685 3899 1998 3954 saturabitur
2019 3915 2115 3971 op-

523 3981 739 4052 probriis
765 3981 978 4056 (Thren.
1006 3999 1101 4053 ιιι,
1130 3984 1246 4057 50).
1286 3985 1370 4041 Ex
1403 4002 1512 4058 quo
1535 3987 1847 4063 intelligitur
1869 4000 1926 4049 et
1961 4009 2114 4050 men-

524 4087 705 4130 suram
743 4074 1046 4134 vindicandi
1091 4086 1240 4136 recte
1281 4081 1585 4138 carnalibus
1633 4085 1978 4142 constitutam
2003 4127 2021 4155 ,
2059 4095 2118 4144 et

523 4166 887 4224 omnimodam
940 4169 1155 4241 injuria:
1197 4172 1566 4232 remissionem
1589 4215 1606 4244 ,
1657 4191 1765 4234 non
1815 4185 2018 4235 tantum
2061 4181 2116 4236 in

521 4257 673 4316 Novo
698 4260 1040 4320 Testamento
1067 4277 1188 4322 esse
1215 4275 1540 4339 praeceptam
1560 4309 1576 4337 ,
1597 4269 1695 4327 sed
1727 4269 1885 4344 longe
1911 4282 2036 4329 ante
2060 4274 2116 4330 in

521 4349 716 4410 Vetere
745 4357 1171 4425 praenuntiatum.

594 4443 821 4502 CAPUT
858 4448 953 4502 1X.
975 4479 1049 4492 -
1076 4453 1129 4508 ι.
1171 4453 1248 4511 De
1270 4468 1336 4510 eo
1363 4455 1506 4527 quod
1534 4459 1789 4529 scriptum
1826 4468 1931 4528 est,
1973 4461 2118 4532 quod

523 4537 732 4595 locutus
760 4546 846 4596 est
868 4538 1010 4597 Deus
1031 4555 1156 4597 cum
1173 4541 1346 4598 Adam
1373 4553 1428 4600 et
1455 4546 1590 4616 Eva,
1619 4557 1676 4603 et
1692 4563 1815 4604 cum
1841 4563 2112 4622 serpente,

523 4639 579 4686 et
632 4645 754 4687 cum
809 4629 976 4701 Cain,
1030 4642 1090 4691 et
1141 4637 1353 4694 caeteris
1400 4639 1634 4710 antiquis
1687 4641 1842 4711 (Gen.
1891 4661 1970 4709 ιιι,
2021 4661 2111 4716 tv,

523 4739 640 4794 χιιι,
665 4724 792 4798 etc.)
819 4742 834 4781 :
864 4725 1006 4784 inter
1031 4742 1168 4800 quos
1213 4730 1374 4787 etiam
1412 4740 1469 4788 et
1494 4734 1766 4792 nonnullis
1804 4741 2114 4810 apparuisse

523 4816 797 4887 scribitur,
841 4826 897 4874 et
938 4818 1008 4875 ab
1037 4821 1116 4878 eis
1144 4821 1292 4878 visus
1319 4837 1462 4890 esse,
1506 4839 1614 4882 non
1643 4841 1769 4898 uno,
1807 4831 1902 4886 sed
1932 4834 2114 4891 multis

524 4905 920 4980 Scripturarum
956 4910 1110 4981 locis,
1151 4912 1207 4968 in
1234 4913 1427 4984 quibus
1467 4923 1526 4971 et
1565 4917 1776 4978 locutus
1819 4936 1940 4981 esse
1973 4925 2114 4983 Deus

525 5015 647 5058 cum
685 5002 994 5060 hominibus
1030 5004 1320 5073 invenitur,
1357 5015 1414 5063 et
1450 5011 1718 5068 nonnullis
1757 5019 2065 5087 apparuisse
2097 5038 2110 5076 :

523 5091 847 5150 insidiantur
871 5093 1168 5166 Manicbzei,
1200 5106 1255 5154 et
1277 5097 1463 5156 dicunt
1498 5103 1675 5158 omnia
1703 5109 1968 5163 contraria
1995 5125 2113 5169 esse

523 5179 675 5239 Novo
723 5181 1090 5254 Testamento,
1143 5191 1396 5259 quoniam
1444 5193 1702 5251 Dominus
1751 5198 1898 5267 dicit,
1948 5201 2114 5259 Deum

525 5288 672 5327 nemo
697 5273 820 5328 vidit
851 5292 1092 5345 unquam,
1130 5277 1228 5332 nisi
1267 5281 1444 5336 unicus
1475 5281 1662 5348 Filius,
1698 5288 1783 5356 qui
1824 5298 1896 5342 est
1920 5290 1972 5344 in
1997 5292 2113 5346 sinu

531 5365 702 5422 Patris
725 5383 746 5434 ,°
773 5368 860 5424 ille
901 5371 1216 5425 annuntiavit
1256 5375 1396 5430 nobis
1432 5377 1494 5430 de
1531 5396 1588 5434 eo
1621 5381 1796 5453 (Joan.
1825 5399 1863 5450 ι,
1901 5385 2026 5451 18);
2059 5396 2113 5442 et

526 5459 719 5516 iterum
757 5463 895 5533 quod
932 5464 1061 5519 dicit
1083 5465 1302 5536 Judmis,
1335 5469 1444 5525 Nec
1475 5489 1639 5527 vocem
1671 5477 1810 5530 illius
1837 5479 2110 5547 aliquando

525 5553 756 5619 audistis,
790 5570 880 5607 nec
910 5557 1090 5622 {aciem
1129 5560 1236 5631 ejus
1269 5563 1479 5629 vidistis,
1513 5582 1601 5618 nec
1640 5569 1844 5622 verbum
1884 5573 1990 5642 ejus
2020 5573 2113 5625 ha-

526 5645 650 5697 betis
674 5647 724 5698 in
752 5647 888 5699 vobis
919 5665 1126 5705 manens
1145 5669 1164 5704 :
1190 5657 1307 5724 quia
1334 5658 1377 5710 ei
1398 5675 1542 5731 quem
1571 5663 1657 5715 ille
1684 5665 1836 5724 misit,
1869 5683 1967 5720 non
1998 5684 2110 5721 cre-

527 5736 726 5833 didistis
756 5737 869 5811 (Id.
900 5757 953 5807 ν,
987 5745 1074 5811 '57,
1103 5747 1216 5820 58).
1239 5750 1445 5820 Quibus
1470 5751 1857 5826 respondemus
1881 5776 1945 5815 eo
1971 5761 2110 5833 ipso,

526 5828 669 5906 quod
695 5831 750 5890 iu
775 5833 1060 5967 Evil‘n'gelio
1084 5844 1338 5922 scriptum
1363 5859 1460 5920 est,
1490 5848 1657 5914 Deum
1683 5869 1828 5913 nemo
1856 5828 2109 5918 vidit—un;

1126 325 1399 384 CONTRA
1439 324 1846 383 ADIMANTUM
1887 317 2240 377 MANICHAEI
2281 322 2703 396 DlSClPULUM,
2746 333 2802 390 s.
2845 334 3211 396 nueusrm

2215 454 2389 509 quam,
2437 445 2534 500 nisi
2569 449 2747 506 unicus
2795 451 2958 508 Filius
2997 457 3084 522 qui
3111 467 3182 512 est
3223 459 3276 513 in
3309 459 3423 515 sinu
3454 461 3664 530 Patris;
3691 465 3804 538 ipse

2219 537 2536 594 annuntiavit
2561 541 2703 597 nobis
2722 543 2784 597 de
2803 560 2883 612 ea,
2916 555 3080 602 totam
3111 549 3278 620 ipsam
3309 553 3442 610 solvi
3473 569 3629 625 posse
3655 537 3806 628 quaa-

2217 626 2447 684 stionem
2481 647 2495 685 :
2527 632 2648 702 quia
2692 633 2808 706 ipse
2854 635 3040 707 Filius,
3098 641 3242 710 quod
3287 652 3371 700 est
3411 643 3642 704 Verbum
3673 626 3801 721 Dei,

2218 736 2324 777 non
2351 723 2525 779 solum
2550 725 2856 797 novissimis
2883 731 3234 801 temporibus,
3262 749 3383 794 cum
3418 737 3476 794 in
3512 753 3673 797 carne
3699 758 3803 814 ap-

2222 829 2415 885 parere
2440 815 2690 888 dignatus
2713 828 2816 887 est,
2851 821 2946 878 sed
2971 823 3131 880 etiam
3165 826 3311 896 prius
3351 843 3384 885 a
3423 832 3808 894 constitutione

2221 908 2428 976 mundi,
2447 911 2532 966 cui
2553 913 2720 969 voluit
2734 913 2802 970 de
2821 915 2978 974 Patre
3001 921 3350 988 annuntiavit,
3375 923 3494 981 sive
3511 925 3804 1001 loquendo,

2221 1002 2336 1059 sive
2363 1006 2693 1077 apparendo,
2722 1009 2806 1064 vel
2835 1025 2931 1080 per
2969 1015 3260 1083 angelicam
3306 1018 3536 1090 aliquam
3563 1031 3805 1093 potesta-

2221 1101 2351 1162 tem,
2382 1096 2465 1152 vel
2494 1111 2592 1168 per
2627 1101 2918 1169 quamlibet
2943 1114 3240 1164 creaturam
3277 1110 3440 1180 :quia
3472 1112 3584 1182 ipse
3626 1123 3710 1170 est
3746 1116 3808 1172 in

2220 1187 2470 1244 omnibus
2498 1191 2714 1258 veritas,
2745 1202 2801 1249 et
2825 1197 3004 1252 omnia
3029 1198 3103 1253 illi
3133 1209 3397 1269 constant,
3430 1213 3486 1260 et
3517 1207 3694 1263 omnia
3725 1209 3806 1266 illi

2219 1277 2286 1335 ad
2328 1289 2513 1338 nutum
2559 1285 2822 1354 serviunt,
2860 1299 3021 1360 atque
3061 1290 3298 1364 subjecta
3337 1305 3498 1364 sunt;
3542 1308 3599 1354 ut
3638 1300 3803 1359 etiam

2217 1372 2388 1430 oculis
2428 1391 2525 1446 per
2551 1377 2812 1436 visibilem
2840 1391 3140 1442 creaturam
3181 1388 3269 1443 cui
3315 1390 3444 1460 vult,
3475 1394 3688 1463 qua-nde
3715 1395 3803 1453 dl-

2216 1473 2432 1540 gnatur,
2462 1479 2717 1539 appareat
2741 1489 2755 1528 :
2779 1488 2901 1530 cum
2929 1475 3048 1547 ipse
3077 1488 3254 1536 tamen
3281 1483 3575 1541 secundum
3601 1488 3802 1546 divini-

2217 1563 2384 1620 tatem
2421 1575 2594 1629 suam,
2625 1572 2681 1620 et
2715 1568 3009 1625 secundum
3049 1571 3105 1626 id
3131 1575 3274 1644 quod
3305 1576 3537 1634 Verbum
3573 1591 3658 1638 est
3697 1583 3804 1640 Pa-

2217 1653 2339 1723 tris,
2381 1665 2705 1714 coaeternum
2736 1660 2900 1731 Patri,
2927 1673 2986 1720 et
3024 1664 3476 1740 incommutabile,
3528 1689 3622 1744 per
3659 1677 3802 1746 quod

2218 1743 2357 1804 facta
2395 1757 2519 1804 sunt
2549 1753 2746 1818 omnia,
2791 1770 2898 1810 non
2940 1757 3044 1813 nisi
3087 1761 3460 1830 purgatissimo
3501 1743 3554 1820 et
3595 1743 3807 1838 simpli-

2219 1839 2435 1896 cissimo
2488 1843 2649 1898 corde
2699 1844 2958 1902 videatur.
3012 1850 3079 1904 Et
3133 1851 3255 1908 ideo
3305 1855 3620 1925 quibusdam
3674 1858 3806 1915 locis

2219 1932 2380 1989 etiam
2407 1933 2674 2005 Scriptura
2705 1939 2817 2009 ipsa
2839 1947 3061 1998 testatur
3080 1945 3324 2016 angelum
3347 1948 3537 2016 visum,
3566 1951 3651 2006 ubi
3675 1952 3808 2008 dic’tt

2219 2023 2391 2081 Deum
2419 2027 2589 2084 visum
2620 2029 2772 2102 (Gen.
2804 2049 2953 2102 xvnt,
2992 2037 3015 2091 l
3041 2046 3087 2091 et
3105 2037 3183 2112 2).
3227 2039 3377 2096 Sicut
3420 2041 3472 2096 in
3501 2043 3592 2100 illa
3637 2045 3808 2102 lucta-

2220 2115 2364 2174 tione
2389 2117 2574 2190 Jacob,
2619 2132 2672 2178 et
2718 2125 2937 2196 angelus
2980 2127 3153 2186 dictus
3193 2141 3276 2187 est
3312 2133 3401 2189 ille
3436 2136 3525 2206 qui
3561 2139 3810 2208 apparuit

2221 2211 2334 2303 (Id.
2364 2231 2536 2283 χχιιι,
2564 2217 2774 2289 24-50).
2808 2221 2874 2276 Et
2915 2237 3038 2278 cum
3079 2227 3324 2296 apparuit
3367 2228 3421 2284 in
3463 2231 3597 2286 rubo
3637 2232 3807 2303 Moysi

2226 2302 2419 2376 (Exod.
2454 2322 2530 2376 ιιι,
2560 2308 2616 2380 2)
2652 2328 2665 2364 :
2695 2320 2751 2366 et
2775 2313 2900 2369 item
2925 2315 2978 2370 in
3010 2331 3213 2388 eremo,
3247 2335 3367 2376 cum
3393 2321 3502 2392 jam
3533 2302 3808 2382 eduxisset

2219 2399 2476 2469 populum
2519 2402 2590 2458 de
2629 2410 2772 2460 terra
2811 2404 3053 2480 Egypti,
3103 2412 3316 2481 quando
3355 2413 3528 2484 legem
3575 2419 3803 2488 accepit,

2222 2490 2365 2549 Deus
2401 2493 2453 2550 ei
2479 2492 2690 2553 locutus
2731 2506 2814 2553 est
2845 2499 2955 2571 (Id.
2988 2517 3106 2568 xix,
3139 2503 3218 2576 5).
3254 2504 3361 2561 Sed
3402 2508 3514 2563 sive
3551 2508 3606 2564 in
3643 2510 3804 2581 rubo,

2220 2599 2343 2642 cum
2382 2602 2502 2644 eum
2542 2590 2723 2656 misit;
2772 2593 2885 2650 sive
2923 2605 3128 2665 postea,
3170 2591 3292 2654 cum
3338 2600 3598 2676 eilegem
3625 2603 3809 2674 dedit;

2221 2679 2467 2750 angelum
2491 2681 2622 2738 dicit
2650 2684 2950 2756 Stephanus
2997 2689 3048 2742 in
3082 2691 3302 2748 Actibus
3339 2695 3716 2765 Apostolorum
3756 2698 3811 2754 ei

2207 2774 2534 2843 apparuisse
2566 2776 2700 2848 (Act.
2735 2795 2826 2847 vn,
2857 2781 2946 2849 50,
2976 2783 3089 2853 55).
3119 2783 3270 2852 Quod
3299 2786 3420 2842 ideo
3444 2788 3690 2859 dicimus,
3742 2807 3813 2847 ne

2222 2865 2342 2934 quis
2388 2865 2678 2924 arbitretur
2726 2870 2959 2926 Verbum
2999 2874 3114 2943 Dei,
3165 2892 3262 2947 per
3309 2879 3451 2949 quod
3505 2881 3643 2937 facta
3681 2892 3813 2940 sunt

2222 2957 2425 3024 omnia,
2468 2958 2621 3028 quasi
2649 2974 2743 3029 per
2769 2961 2916 3020 locos
2945 2980 3103 3036 posse
3140 2969 3371 3038 deliniri,
3405 2980 3460 3028 et
3499 2973 3656 3030 alicui
3683 2977 3812 3032 visi-

2222 3045 2399 3104 biliter
2427 3063 2706 3120 apparere,
2750 3055 2853 3111 nisi
2883 3071 2979 3127 per
3006 3059 3238 3130 aliquam
3283 3062 3544 3121 visibilem
3589 3076 3807 3122 creatu-

2221 3155 2358 3200 ram.
2413 3141 2562 3201 Sicut
2611 3147 2756 3204 enim
2796 3149 3030 3208 Verbum
3069 3155 3161 3211 Dei
3204 3167 3287 3214 est
3334 3160 3388 3214 i-n
3416 3162 3697 3232 propheta,
3754 3172 3810 3220 et

2221 3243 2368 3291 recte
2397 3236 2612 3307 dicitur,
2641 3241 2784 3298 Dixit
2804 3244 3089 3315 Dominus;
3119 3251 3240 3321 quia
3262 3251 3496 3310 Verbum
3524 3255 3640 3326 Dei,
3660 3255 3810 3328 quod

2221 3338 2304 3386 est
2325 3331 2591 3404 Christus,
2614 3335 2667 3392 in
2684 3339 2946 3411 propheta
2975 3343 3207 3414 loquitur
3231 3349 3542 3406 veritatem:
3567 3351 3644 3408 sic
3668 3361 3723 3408 et
3752 3353 3809 3409 in

2221 3425 2411 3496 angelo
2440 3427 2553 3498 ipse
2595 3429 2846 3502 loquitur,
2902 3436 3114 3506 quando
3139 3439 3417 3496 veritatem
3451 3444 3669 3513 angelus
3711 3428 3838 3500 an-l

2222 3519 2464 3587 nuntiat;
2502 3531 2556 3577 et
2583 3533 2730 3581 recte
2764 3527 2978 3598 dicitur,
3009 3529 3150 3587 Deus
3176 3531 3344 3600 dixit;
3375 3542 3446 3599 et,
3479 3535 3619 3593 Deus
3645 3551 3810 3608 appa-

2221 3613 2330 3668 ruit
2359 3631 2374 3669 :
2404 3623 2458 3670 et
2481 3616 2608 3674 item
2635 3619 2826 3676 dicitur
2846 3633 3013 3692 recte,
3058 3625 3293 3697 Angelus
3322 3627 3482 3696 dixit,
3523 3639 3594 3698 et,
3629 3632 3810 3702 Ange—

2221 3705 2306 3763 lus
2333 3711 2609 3780 apparuit;
2655 3728 2777 3770 cum
2807 3715 2937 3772 illud
2973 3718 3178 3775 dicatur
3226 3736 3293 3776 ex
3326 3737 3549 3793 persona
3592 3723 3806 3781 inhabi-

2225 3803 2386 3858 tantis
2419 3804 2536 3872 Dei,
2579 3807 2706 3862 illud
2745 3825 2810 3864 ex
2837 3825 3064 3882 persona
3092 3815 3374 3872 servientis
3402 3825 3681 3875 creaturae.
3726 3819 3808 3875 Ex

2221 3893 2323 3952 hac
2337 3897 2520 3968 regula
2539 3900 2758 3957 etiam'A
2766 3905 3006 3974 postolus
3022 3907 3096 3962 ait
3115 3923 3126 3961 :
3151 3907 3231 3962 An
3245 3909 3395 3964 vultis
3413 3911 3809 3982 experimentum

2220 3989 2332 4063 ejus
2353 3993 2602 4062 accipere,
2622 3995 2709 4066 qui
2727 3995 2782 4052 in
2799 4013 2878 4053 me
2893 3998 3115 4070 loquitur
3139 3999 3329 4058 Christi
3346 4003 3413 4076 (ll
3433 4001 3552 4060 Cor.
3576 4020 3690 4072 xui,
3711 4002 3765 4076 3)
3784 4004 3812 4058 ?

2289 4081 2346 4138 2.
2385 4081 2638 4142 Siautem
2664 4085 2766 4144 hoc
2792 4099 2990 4159 movet,
3017 4095 3158 4164 quod
3184 4093 3240 4150 in
3272 4095 3446 4153 Veteri
3467 4095 3814 4154 Testamento

2219 4177 2380 4236 etiam
2405 4183 2778 4252 peccatoribus
2802 4187 2942 4244 Deus
2968 4189 3219 4259 loquitur,
3251 4191 3337 4246 vel
3377 4191 3510 4247 Adet
3535 4193 3621 4248 vel
3651 4193 3805 4262 Evze,

2217 4272 2306 4330 vel
2349 4278 2614 4347 serpenti;
2666 4280 2939 4336 attendant
2988 4283 3146 4338 etiam
3195 4284 3250 4338 in
3302 4283 3451 4339 Novo
3507 4285 3814 4356 cujusmodi

2219 4370 2523 4442 exemplum
2568 4371 2822 4429 Dominus
2851 4374 3030 4445 posuit
3056 4375 3124 4430 de
3155 4375 3372 4432 homine
3406 4378 3568 4427 stulto
3611 4382 3667 4428 et
3714 4389 3812 4430 cu-

2219 4459 2366 4530 pido,
2411 4463 2680 4535 quomodo
2721 4466 2772 4521 ei
2825 4465 3032 4521 locutus
3068 4476 3150 4516 est
3193 4462 3471 4531 Dominus,
3522 4478 3645 4519 cum
3686 4464 3808 4522 ait:

2221 4549 2409 4620 Stulte,
2442 4553 2536 4607 hac
2577 4559 2721 4606 nocte
2746 4551 3003 4622 auferetur
3036 4569 3067 4606 a
3100 4559 3146 4608 te
3181 4555 3353 4609 anima
3395 4564 3520 4624 tua;
3565 4557 3670 4612 htec
3695 4574 3813 4629 qua;

2221 4644 2525 4713 prwparasti
2551 4645 2697 4715 cujus
2717 4654 2863 4699 erunt
2890 4643 3038 4717 (Luc.
3062 4661 3156 4716 xu,
3183 4645 3318 4720 20)?
3347 4647 3479 4704 Cum
3503 4649 3646 4706 enim
3671 4651 3811 4706 verio

2221 4743 2305 4791 tas
2343 4737 2505 4792 etiam
2534 4737 2905 4807 peccatoribus
2934 4738 3146 4805 dicitur,
3180 4753 3276 4810 per
3312 4741 3607 4812 quamlibet
3653 4757 3810 4799 crea-

2220 4839 2392 4886 turam
2423 4829 2651 4899 dicatur,
2682 4845 2788 4886 nou
2833 4832 2934 4887 nisi
2968 4832 3036 4887 ab
3080 4833 3170 4888 illo
3199 4833 3415 4902 dicitur,
3447 4834 3536 4906 qui
3564 4849 3699 4891 unus
3727 4845 3809 4892 est

2219 4938 2402 4980 verax.
2433 4921 2584 4989 Quod
2612 4931 2790 4979 autem
2820 4923 3021 4980 Judtnis
3041 4925 3190 4995 dicit,
3223 4925 3333 4982 Nec
3361 4943 3532 4983 vocem
3569 4930 3680 5000 ejus
3707 4929 3809 4981 ali-

2218 5022 2423 5094 quando
2463 5025 2710 5093 audistis;
2757 5023 2878 5082 ideo
2903 5026 3051 5096 dicit,
3097 5028 3220 5098 quia
3251 5043 3357 5083 non
3401 5029 3806 5096 obtemperaveo

2220 5125 2346 5170 runt
2411 5115 2497 5172 isti
2541 5116 2798 5174 duntaxat
2845 5134 2966 5174 cum
3009 5120 3200 5185 quibus
3237 5115 3573 5187 loquebatur.
3607 5117 3814 5185 Quibus

2218 5208 2347 5261 dicit
2374 5212 2555 5271 etiam,
2593 5210 2702 5261 Nec
2727 5207 2909 5278 [aciem
2930 5209 3039 5278 ejus
3069 5209 3300 5275 vidistis;
3325 5210 3448 5282 quia
3477 5225 3584 5266 non
3607 5220 3808 5280 potest.

2217 5298 2373 5365 Quod
2402 5309 2579 5354 autem
2609 5298 2759 5368 dicit,
2792 5299 2971 5372 Neque
3007 5302 3208 5358 verbum
3234 5305 3343 5374 ejus
3371 5304 3565 5366 habetis
3591 5304 3644 5358 in
3670 5305 3812 5360 vobis

2219 5406 2429 5445 manens
2460 5406 2478 5444 :
2508 5391 2629 5461 quia
2663 5392 2716 5446 in
2748 5407 2855 5462 quo
2881 5404 3058 5449 manet
3086 5396 3304 5450 verbum
3331 5396 3446 5463 Dei,
3471 5395 3714 5452 Christus
3754 5398 3812 5457 in

2220 5483 2314 5538 illo
2345 5494 2542 5544 manet,
2575 5501 2733 5554 quem
2762 5486 2844 5539 isti
2881 5497 3215 5540 resonarunt.
3250 5488 3376 5542 Nam
3406 5507 3524 5542 cum
3558 5491 3667 5558 ipso
3701 5492 3810 5542 Du-

2219 5579 2395 5631 minus
2412 5580 2650 5641 dixisset,
2665 5581 3066 5650 l‘uh.'r,clcri/iru
3083 5603 3123 5632 ιι.
3137 5601 3157 5631 ,³
3173 5600 3228 5635 ea
3244 5586 3576 5656 claritateth
3589 5588 3661 5655 [ui
3675 5585 3818 5654 apud

2223 5682 2286 5736 te,
2327 5677 2622 5745 priusquam
2666 5677 2885 5730 mundus
2912 5679 3088 5744 ﬁeret;
3118 5681 3297 5732 sonuit
3325 5695 3420 5733 vox
3453 5659 3518 5733 de
3549 5680 3708 5736 caelo,
3741 5673 3814 5729 Et

2220 5767 2516 5837 clariﬁcavi,
2540 5779 2586 5823 et
2607 5769 2897 5838 clari/icabo
2919 5769 3094 5841 (Joau.
3120 5788 3209 5831 xtl,
3235 5773 3321 5830 93,
3338 5774 3382 5819 ει
3404 5767 3616 5835 “11.5).
3635 5767 3813 5836 Quam

2220 5878 2405 5923 vocem
2427 5864 2579 5926 multi
2596 5863 2904 5925 Judzeorum
2925 5871 3216 5938 praesentes
3235 5861 3542 5934 audierunt,
3565 5878 3666 5923 uec
3685 5864 3817 5926 ideo
