4082 6438
519 311 632 331 -.ὴ-ό-

210 350 314 420 ω

212 481 400 528 tamen
429 467 651 526 audisse
689 465 900 524 dicendi
929 472 1071 536 sunt,
1104 463 1227 538 quia
1256 475 1364 518 non
1408 459 1812 531 obtemperave-

210 571 341 622 runt
379 571 438 619 nt
466 562 774 618 crederent.
805 560 1138 631 Quapropter
1163 557 1208 612 si
1253 571 1359 611 non
1388 561 1470 610 est
1511 551 1813 608 mirandum

212 656 360 729 quod
386 653 627 710 Verbum
659 653 773 720 Dei,
822 651 875 706 id
905 660 1004 718 est,
1039 652 1226 704 unicus
1271 648 1440 703 Filius
1484 646 1600 715 Dei,
1629 645 1717 716 qui
1746 643 1812 698 de

213 748 376 804 Patre
419 746 732 810 annuntiat,
763 745 846 800 cui
878 743 990 798 vult
1014 757 1108 812 per
1149 756 1206 796 se
1234 741 1429 812 ipsum,
1461 739 1546 795 cui
1578 737 1688 792 vult
1716 752 1812 808 per

211 840 446 911 aliquam
477 847 782 898 creaturam
805 835 1174 892 manifestatur
1197 834 1282 889 vel
1309 831 1570 900 sonando,
1598 831 1684 886 vel
1715 845 1811 900 ap-

212 933 478 1004 parendo,
507 949 632 988 cum
665 941 842 987 tamen
873 931 983 1001 ipse
1005 943 1105 1000 per
1130 942 1189 983 se
1216 928 1389 998 ipsum
1420 924 1618 980 mundo
1647 921 1812 978 mrde

214 1027 483 1093 videatur,
534 1036 587 1080 et
615 1040 713 1096 per
741 1023 888 1079 illum
929 1023 1121 1088 Pater;
1155 1018 1301 1074 Beati
1336 1019 1470 1073 enim
1518 1007 1821 1091 mundicorf

211 1120 320 1188 des,
349 1120 474 1190 quia
522 1119 623 1190 ipsi
663 1117 829 1172 Deum
869 1116 1100 1170 videbunt
1130 1114 1346 1185 (Matth.
1379 1128 1432 1182 v,
1462 1111 1554 1182 8):
1583 1125 1689 1165 non
1728 1117 1813 1164 est

214 1210 551 1278 mirandum,
585 1226 650 1264 cx
689 1218 914 1280 utroque
943 1208 1283 1264 Testamento
1313 1205 1415 1260 ista
1453 1202 1632 1258 omnia
1661 1199 1810 1257 testi-

214 1302 389 1358 monia
423 1315 750 1355 consonare.

280 1390 516 1448 CAPUT
556 1390 627 1446 Χ.
658 1421 729 1430 -
755 1391 829 1446 De
855 1403 920 1445 eo
947 1387 1091 1460 quod
1138 1387 1395 1458 scriptum
1418 1392 1524 1453 est,
1557 1382 1699 1455 quod
1727 1381 1809 1438 lo-

214 1491 365 1540 cutus
413 1491 502 1538 est
529 1483 674 1538 Deus
709 1481 877 1554 Moysi
917 1489 971 1537 et
996 1479 1130 1536 dixit
1170 1479 1248 1536 illi
1280 1478 1542 1550 :Loquere
1569 1477 1637 1531 ad
1675 1475 1811 1546 ﬁlios

214 1575 379 1632 Israel
406 1591 426 1631 :
460 1575 665 1632 Sumite
691 1575 940 1647 primitias
977 1573 1039 1628 ab
1082 1574 1219 1629 omni
1258 1573 1478 1638 homine,
1521 1569 1656 1643 quod
1688 1569 1812 1624 mihi

214 1669 498 1737 destinatis,
521 1669 618 1724 hoc
648 1677 741 1734 est,
769 1683 971 1736 aurum,
1003 1675 1286 1738 argentum,
1311 1673 1661 1728 aeramentum,
1691 1678 1812 1730 pur-

216 1777 428 1833 puram,
462 1760 684 1832 byssum,
726 1775 950 1826 coccum,
983 1757 1114 1828 pilos
1143 1757 1401 1828 caprinos,
1445 1753 1600 1826 pelles
1636 1752 1812 1808 rubras

215 1867 487 1922 agnorum,
520 1850 664 1923 ligna
687 1849 904 1920 integra,
932 1847 1098 1902 oleum
1125 1847 1194 1900 ad
1218 1845 1657 1910 illuminationem,
1695 1843 1811 1914 thy-
1845 1864 1860 1876 -

219 1944 485 2009 iniamata,
517 1941 716 2012 lapides
756 1941 1017 2013 pretiosos,
1054 1939 1149 1994 hoc
1191 1947 1284 2007 est,
1313 1937 1566 2010 beryllos;
1611 1943 1657 1989 et
1687 1952 1810 1989 con-

215 2035 404 2089 stituite
437 2034 841 2101 tabernaculum,
873 2034 928 2088 in
948 2051 1046 2105 quo
1075 2032 1381 2088 commorari
1405 2031 1656 2086 vobiscum
1691 2017 1823 2102 1108-,

216 2127 305 2181 sim
326 2124 534 2198 (Exod.
567 2142 698 2195 xxv,
730 2125 878 2198 2—8).
906 2125 1259 2181 Commoveat
1283 2125 1447 2181 etiam
1484 2124 1608 2178 hinc
1643 2121 1812 2176 Mani-

216 2218 340 2275 chtei
370 2220 754 2290 quaestionem,
788 2231 844 2276 et
870 2218 992 2274 huic
1017 2219 1412 2292 Scripturarum
1440 2217 1559 2273 loco
1598 2215 1726 2272 illud
1759 2213 1812 2268 in

217 2312 510 2384 Evangelia
542 2313 727 2368 dicunt
748 2326 868 2368 esse
889 2310 1240 2377 contrarium,
1270 2309 1412 2382 quod
1438 2310 1512 2364 ait
1532 2307 1812 2377 Dominus,

218 2403 332 2460 Non
343 2408 583 2479 jurabis,
607 2421 767 2482 neque
791 2424 880 2479 per
904 2407 1107 2476 calum,
1150 2407 1271 2478 quia
1299 2406 1437 2461 sedes
1469 2404 1563 2459 Dei
1583 2413 1698 2468 est;
1728 2419 1815 2458 ne-

219 2514 303 2570 que
318 2517 411 2568 per
435 2510 650 2568 terram,
669 2501 787 2572 quia
805 2500 1080 2556 scabellum
1099 2500 1284 2571 pedum
1304 2499 1412 2570 ejus
1434 2507 1504 2554 est
1527 2495 1742 2569 (Matth.
1759 2511 1814 2565 v,

221 2592 477 2664 34655).
508 2591 798 2664 Disputant
825 2593 986 2660 enim,
1017 2600 1074 2648 et
1101 2605 1350 2663 magnum
1377 2589 1574 2660 aliquid
1606 2587 1707 2643 sibi
1732 2587 1815 2642 vi-

220 2683 409 2742 dentur
443 2685 650 2754 dicere,
680 2701 802 2742 cum
829 2686 1014 2742 dicunt
1044 2703 1057 2740 :
1085 2683 1364 2754 Quomodo
1407 2683 1500 2739 ille
1528 2684 1690 2751 Deus,
1722 2695 1816 2737 cu-

227 2777 304 2850 jus
332 2779 539 2834 emtum
567 2779 747 2846 sedes,
776 2786 831 2834 et
858 2788 996 2835 terra
1022 2777 1310 2834 scabellum
1350 2774 1547 2846 pedum
1572 2774 1688 2845 ejus
1712 2780 1814 2840 est,
1848 2835 1852 2840 ,

220 2871 272 2927 in
294 2871 653 2928 tabernaculo
679 2872 904 2939 habitat,
948 2870 1091 2942 quod
1123 2885 1189 2926 ex
1217 2883 1369 2938 auro,
1413 2878 1467 2924 et
1491 2875 1734 2938 argento,
1763 2873 1818 2921 et

221 2979 344 3034 aere,
391 2973 449 3020 et
475 2980 742 3037 purpura,
771 2974 826 3021 et
861 2961 983 3038 pilis
1013 2979 1289 3036 pecorum,
1321 2962 1653 3033 pellibusque
1681 2974 1814 3015 con-

220 3067 480 3116 structum
523 3060 647 3116 est?
689 3059 1020 3115 Adhibentes
1059 3060 1218 3114 etiam
1274 3067 1464 3112 testem
1511 3054 1816 3126 apostolum

221 3150 460 3215 Paulum.
489 3154 617 3225 quia
645 3152 775 3210 dicit
805 3154 972 3209 Deum
998 3153 1171 3209 lucem
1201 3151 1443 3207 habitare
1464 3148 1814 3205 inaccessibi-

220 3240 320 3299 lem
354 3245 402 3316 (l
428 3243 568 3299 Tim.
597 3260 674 3311 vt,
718 3244 833 3316 16).
871 3245 1075 3312 Quibus
1104 3259 1201 3300 nos
1239 3259 1422 3314 parem
1463 3241 1820 3313 quaestionem

219 3335 534 3404 referimus,
567 3346 622 3394 st
650 3337 795 3408 quod
818 3336 883 3392 de
910 3336 1061 3392 Novo
1087 3335 1432 3392 Testamento
1455 3333 1815 3405 protulerunt,

221 3426 286 3484 de
315 3427 496 3485 Veteri
519 3428 865 3486 Testamento
892 3428 1232 3500 proferimus.
1265 3427 1344 3482 lbi
1369 3426 1510 3482 enim
1538 3425 1813 3481 invenitur

221 3517 372 3588 prius
419 3519 678 3590 scriptum
705 3537 720 3576 :
747 3520 942 3576 Cazlum
992 3521 1118 3576 mihi
1156 3518 1296 3575 sedes
1337 3528 1432 3586 est,
1476 3528 1611 3573 terra
1649 3525 1821 3573 autem

219 3609 500 3668 scabellum
532 3613 718 3680 pedum
764 3629 990 3668 meorum
1020 3627 1040 3668 :
1065 3628 1221 3682 quam
1259 3612 1466 3665 domum
1503 3609 1821 3680 azdificabitis

220 3702 370 3770 mihi,
402 3712 492 3757 aut
529 3705 642 3774 quis
686 3704 824 3760 locus
852 3704 1042 3775 requiei
1075 3703 1239 3759 mete?
1282 3702 1468 3758 Nonne
1492 3718 1672 3758 manus
1708 3716 1822 3756 mea

221 3791 347 3864 fecit
371 3796 481 3850 htec
507 3795 677 3850 omnia
714 3793 866 3869 (lsai.
898 3811 1048 3863 var,
1075 3796 1102 3852 l
1131 3804 1176 3850 et
1195 3794 1294 3866 2)?
1323 3795 1461 3852 Ecce
1501 3794 1699 3851 habent
1730 3793 1822 3852 ubi

229 3885 360 3942 libri
403 3887 616 3945 Veteris
643 3888 974 3946 Testamenti
999 3889 1292 3962 praedicant
1324 3891 1488 3945 Deum
1526 3890 1583 3945 in
1610 3889 1823 3960 templis

217 3979 559 4035 manufactis
579 3996 683 4036 non
706 3981 945 4039 habitare
977 4000 990 4037 :
1016 3989 1074 4038 et
1099 3992 1278 4039 tamen
1309 3981 1471 4037 Filius
1499 3981 1596 4038 Dei
1622 3981 1819 4052 nostri,

218 4070 455 4142 ﬂagello
487 4072 554 4127 de
589 4074 807 4130 restibus
831 4074 993 4142 facto,
1027 4075 1231 4146 expulit
1273 4073 1339 4130 de
1381 4073 1580 4144 templo
1609 4087 1705 4128 eos
1730 4072 1823 4143 qui

219 4161 404 4220 boves
450 4173 506 4218 et
543 4165 807 4222 columbas
857 4165 1180 4234 vendebant,
1239 4175 1292 4219 et
1338 4161 1823 4219 nummulariorum

224 4255 425 4310 evertit
458 4270 674 4312 mensas
697 4273 713 4325 ;
741 4266 794 4312 et
820 4257 916 4325 ait,
944 4257 1139 4312 Domus
1169 4255 1346 4311 Putris
1373 4255 1471 4310 mei
1497 4255 1677 4311 domus
1708 4271 1826 4310 ora-

229 4343 381 4398 tionis
411 4348 688 4419 vocabitur,
715 4367 800 4408 vos
827 4362 996 4406 autem
1024 4352 1213 4424 fecistis
1237 4351 1381 4405 illam
1405 4349 1702 4421 speluncam
1739 4349 1820 4404 la-

230 4444 430 4490 tronum
465 4435 646 4509 (Joan.
679 4454 739 4504 n,
774 4443 861 4510 13,
893 4442 981 4506 16,
1009 4452 1056 4498 et
1094 4441 1280 4496 Matth.
1318 4453 1434 4510 xm,
1477 4439 1567 4509 12,
1611 4438 1730 4511 15).
1762 4437 1822 4495 Si

229 4543 358 4599 ergo
384 4529 577 4600 aliquis
608 4531 725 4586 istis
755 4531 962 4586 duobus
990 4546 1056 4586 ex
1084 4530 1312 4586 adverso
1341 4531 1586 4600 capitulis
1622 4531 1826 4586 consti-

234 4621 384 4689 tutis,
416 4621 551 4677 velit
590 4621 867 4692 imperitos
914 4621 1186 4694 decipere,
1233 4630 1289 4676 et
1331 4620 1508 4678 dicere
1552 4623 1606 4676 in
1645 4620 1828 4677 Veteri

231 4712 579 4774 Testamento
618 4714 947 4786 magnificari
993 4714 1186 4784 Deum,
1235 4713 1387 4795 cujus
1428 4711 1630 4770 dicitur
1670 4712 1828 4769 sedes

231 4807 452 4874 cmlum,
495 4815 552 4862 et
576 4815 720 4864 terra
759 4807 1053 4863 scabellum
1082 4805 1302 4878 pedum,
1341 4812 1398 4862 et
1424 4814 1647 4878 negatur
1671 4803 1826 4860 habi-

232 4905 348 4952 tare
375 4898 430 4952 in
459 4898 625 4954 domo
655 4898 994 4966 manufacta;
1023 4899 1080 4955 in
1106 4897 1257 4956 Novo
1278 4907 1458 4954 autem
1483 4897 1828 4954 Testamento

230 4989 428 5044 domus
466 4991 584 5060 ejus
611 4992 807 5047 dicitur
836 4992 1090 5063 templum
1115 4999 1482 5048 constructum
1507 4991 1575 5047 ab
1598 4987 1831 5044 homini-

232 5082 336 5138 bus
361 5100 376 5135 :
406 5097 588 5138 nonne
617 5081 895 5137 Manichmi
935 5083 1020 5140 vel
1063 5098 1183 5141 sero
1210 5084 1532 5151 fatebuntur,
1580 5091 1636 5140 et
1676 5080 1831 5138 habi-

237 5174 472 5228 taculum
506 5172 600 5228 Dei
627 5187 725 5243 per
749 5186 940 5227 manus
967 5171 1242 5226 hominum
1267 5175 1486 5237 factum,
1513 5175 1581 5230 ad
1600 5173 1833 5246 aliquam

237 5264 692 5336 significationem
742 5264 794 5320 in
840 5272 1066 5335 utroque
1125 5263 1468 5319 Testamento
1522 5262 1726 5334 accipi;
1779 5271 1836 5319 et

241 5357 411 5412 Deum
443 5371 555 5412 non
583 5355 827 5412 habitare
854 5356 906 5412 in
937 5356 1069 5412 locis
1096 5355 1166 5410 ab
1203 5355 1507 5412 hominibus
1539 5355 1832 5425 fabricatis,

240 5446 294 5501 in
325 5459 559 5519 utroque
578 5448 924 5504 Testamento
950 5447 1270 5519 praedicari?
1631 5447 1633 5449 ’

313 5540 398 5595 C.-\
411 5542 547 5596 I‘UT
581 5543 664 5596 XI.
683 5573 752 5582 -—
771 5543 844 5597 De
861 5559 925 5594 eo
941 5542 1082 5610 qum}
1100 5543 1148 5596 in
1169 5541 1350 5595 Exodo
1363 5541 1614 5610 scriptum
1635 5551 1734 5604 est,
1756 5539 1838 5598 Ne

245 5634 578 5688 adm'avet'itis
606 5636 724 5689 deos
746 5637 935 5689 alium.»
961 5655 976 5688 :
999 5651 1049 5691 et
1078 5635 1291 5700 iterum,
1322 5633 1457 5687 Deus
1488 5646 1641 5687 vester
1668 5636 1838 5691 celans

247 5719 579 5787 appellatur;
606 5727 776 5781 aetatis
801 5729 930 5781 enim
958 5728 1132 5785 zelat'it
1158 5725 1349 5799 (Exod.
1380 5742 1472 5790 xx,
1505 5727 1558 5794 5,
1581 5737 1624 5780 ct
1643 5745 1836 5800 xxxrv,

251 5808 363 5883 η).
396 5810 538 5868 Huic
575 5814 810 5898 capitulo
839 5820 981 5887 quod
1006 5819 1266 5890 scriptum
1291 5828 1395 5891 est,
1436 5818 1524 5880 Nc
1543 5821 1836 5880 ador-aueri-

1601 338 1809 399 LlBER
1847 336 2050 400 UNL'S'.

3399 361 3504 420 με

1923 457 1987 512 tis
2024 459 2142 516 deos
2181 461 2391 531 alienos,
2434 477 2555 521 cum
2600 463 2990 526 calumniantur
3025 468 3320 542 Manichaei,
3367 477 3498 534 satis

1921 553 2205 611 ostendunt
2230 557 2441 628 placere
2470 557 2569 614 sibi
2607 559 2816 616 adorari
2861 562 3058 620 multos
3085 565 3234 622 deos.
3265 565 3374 625 Nec
3398 569 3500 626 mi-

1919 660 2057 713 rum,
2106 649 2531 722 quandoquidem
2576 651 2632 706 in
2679 661 2824 709 secta
2871 668 2968 710 sua
3007 660 3497 720 numerosissimam

1917 736 2141 794 deorum
2173 739 2424 796 familiam
2452 754 2876 801 commemorant
2903 755 3059 818 atque
3085 753 3460 810 commendant
3484 772 3501 810 :

1921 832 2117 904 quippe
2153 833 2241 904 qui
2272 833 2431 890 etiam
2466 835 2534 890 ad
2559 837 2656 892 ista
2683 837 2910 894 visibilia
2937 852 3220 912 venerunt,
3251 860 3370 916 qum
3398 860 3500 916 pro

1916 922 2071 978 istius
2115 926 2354 981 veritatis
2383 925 2500 982 luce
2526 938 2850 986 venerantur
2891 941 2946 987 et
2991 932 3246 1002 adorant;
3294 946 3350 993 et
3379 936 3502 994 ideo

1917 1015 2166 1088 diSplicet
2195 1018 2272 1071 eis
2303 1017 2443 1089 quod
2473 1019 2726 1090 scriptum
2763 1031 2847 1079 est
2875 1023 2928 1079 in
2957 1021 3168 1090 Exodo,
3200 1026 3282 1084 Ne
3308 1030 3500 1086 adora-

1915 1108 2085 1163 ueritis
2124 1109 2242 1163 deos
2268 1109 2481 1165 alienos.
2520 1109 2737 1168 Addunt
2778 1115 2938 1171 etiam
2967 1116 3097 1173 illud
3129 1128 3350 1191 propter
3395 1122 3500 1182 hoc

1915 1197 2114 1255 dictum
2170 1216 2311 1270 esse,
2362 1199 2503 1257 Deus
2545 1212 2705 1258 vester
2742 1205 2913 1261 zelans
2956 1210 3278 1281 appellatur;
3324 1212 3499 1270 zelans

1917 1291 2050 1345 enim.
2074 1292 2254 1346 zelavit
2277 1307 2295 1346 :
2319 1299 2377 1348 ut
2420 1300 2669 1364 tanquam
2700 1294 2869 1351 Deum
2910 1298 3172 1356 zelantem
3210 1317 3320 1360 non
3351 1316 3500 1362 ame-

1916 1398 2057 1452 mus,
2089 1385 2241 1456 cujus
2268 1385 2382 1441 zelo
2403 1387 2532 1443 deos
2557 1387 2760 1444 alienos
2782 1389 3008 1448 adorare
3028 1409 3133 1449 non
3163 1394 3405 1452 sinimur.
3428 1397 3496 1455 Et

1918 1475 2040 1532 ideo
2069 1477 2254 1534 dicunt
2283 1479 2384 1535 ista
2430 1480 2723 1552 Evangelio
2760 1497 2882 1539 esse
2923 1487 3210 1556 contraria,
3241 1489 3496 1558 quoniam

1918 1567 2174 1625 Dominus
2215 1569 2366 1639 dicit,
2413 1570 2570 1626 Pater
2584 1573 2743 1644 juste,
2785 1575 2867 1629 et‘
2915 1576 3137 1632 mundus
3181 1588 3228 1634 te
3273 1596 3375 1636 non
3409 1598 3500 1636 co-

1915 1659 2085 1731 gnovit
2113 1659 2291 1732 (Joan.
2319 1677 2450 1732 xvn,
2480 1663 2573 1736 25')
2602 1682 2614 1716 :
2649 1665 2801 1737 quasi
2827 1681 2938 1723 non
2976 1667 3048 1723 sit
3075 1667 3332 1726 dicendus
3357 1670 3503 1728 Deus

1893 1749 2107 1821 .justus,
2137 1752 2238 1808 nisi
2280 1767 2378 1810 nos
2421 1753 2552 1810 deos
2590 1755 2793 1813 alienos
2833 1757 3059 1815 adorare
3088 1760 3378 1830 permittat.
3406 1760 3503 1818 Ju-

1916 1850 2060 1898 stum
2091 1845 2232 1899 enim
2261 1843 2428 1901 Deum
2451 1853 2505 1902 et
2531 1847 2790 1904 zelantem
2814 1849 2981 1905 Deum
3011 1859 3260 1922 tanquam
3286 1861 3504 1910 contra-

1917 1934 1996 1989 ria
2048 1934 2148 1990 sibi
2187 1951 2306 1993 esse
2336 1937 2662 2007 dissertant,
2710 1949 2764 1996 et
2799 1941 3072 2014 decipiunt
3112 1944 3360 2015 miseros,
3399 1963 3507 2004 non

1917 2023 2277 2098 intelligentes
2305 2037 2469 2085 totam
2500 2046 2649 2102 spem
2695 2031 2884 2088 salutis
2925 2044 3121 2091 nostrae
3165 2052 3287 2094 esse
3330 2037 3506 2096 zelum

1918 2116 2033 2171 Dei.
2068 2117 2178 2172 Hoc
2216 2120 2358 2174 enim
2406 2123 2624 2179 nomine
2667 2123 2755 2179 illa
2804 2125 2922 2195 ejus
2969 2126 3300 2198 significatur
3327 2131 3506 2200 provi-

1917 2205 2117 2275 dentia,
2164 2225 2266 2281 qua
2313 2211 2510 2268 nullam
2558 2229 2590 2269 a
2635 2229 2694 2270 se
2731 2216 2964 2272 animam
3005 2218 3252 2275 fornicari
3287 2218 3506 2292 impune

1917 2301 2198 2370 permittit,
2231 2301 2367 2358 sicut
2394 2303 2658 2375 Propheta
2691 2306 2853 2362 dicit:
2879 2305 3072 2364 Perdes
3097 2326 3268 2367 omnes
3294 2313 3382 2383 qui
3401 2314 3511 2384 for-

1921 2392 2162 2447 nicamur
2189 2394 2276 2448 abs
2316 2402 2361 2450 te
2389 2395 2563 2468 (Psal.
2604 2412 2768 2466 Lxxu,
2799 2399 2915 2471 27).
2947 2396 3094 2456 Sicut
3121 2403 3262 2458 enim
3298 2419 3362 2459 ea
3387 2421 3507 2476 quas

1920 2479 2115 2541 dicitur
2158 2486 2237 2541 ira
2267 2486 2381 2556 Dei,
2420 2504 2529 2544 non
2557 2492 2884 2561 perturbatio
2912 2494 3107 2549 mentis
3147 2505 3250 2562 est,
3287 2497 3383 2553 sed
3413 2512 3508 2568 po-

1921 2579 2089 2635 tentia
2142 2581 2445 2638 vindicandi
2493 2601 2507 2640 :
2554 2585 2631 2640 sic
2675 2586 2849 2640 zelum
2907 2586 3005 2644 Dei
3048 2603 3158 2644 non
3212 2591 3510 2648 cruciatum

1923 2671 2111 2752 animi,
2154 2689 2261 2745 quo
2291 2675 2516 2733 maritus
2549 2677 2808 2734 adversus
2849 2695 3096 2751 uxorem,
3130 2682 3214 2738 vel
3257 2698 3392 2741 uxor
3424 2685 3513 2742 ad-

1925 2779 2114 2822 versus
2135 2767 2387 2823 maritum
2411 2769 2650 2840 torqueri
2675 2771 2868 2839 solent,
2898 2771 2993 2827 sed
3024 2773 3514 2843 tranquillissimam

1923 2856 2444 2930 sincerissimamque
2459 2858 2722 2930 justitiam
2739 2861 2842 2934 (a),
2865 2878 2969 2932 qua
2995 2863 3140 2918 nulla
3160 2864 3337 2920 anima
3358 2865 3514 2923 beata

1923 2961 2042 3004 esse
2080 2949 2288 3018 sinitur,
2336 2949 2486 3007 falsis
2515 2952 2856 3024 Opinionibus
2886 2953 3172 3024 pravisque
3212 2955 3516 3025 cupiditati-

1924 3040 2023 3097 bus
2050 3052 2322 3114 corrupta,
2369 3054 2424 3100 et
2451 3045 2684 3116 quodam
2719 3046 2883 3102 modo
2922 3047 3219 3120 gravidata.
3252 3047 3332 3104 llli
3372 3050 3516 3108 enim

1924 3133 2041 3190 lucc
2078 3137 2239 3192 verba
2281 3137 2619 3204 horrescunt,
2651 3139 2741 3210 qui
2781 3139 3018 3195 nondum
3045 3139 3294 3196 viderunt
3324 3140 3516 3198 ineffa-

1924 3225 2021 3282 bili
2062 3227 2330 3298 majestati
2378 3228 2525 3284 nulla
2563 3231 2726 3285 verba
2770 3245 3091 3302 congruere.
3140 3232 3232 3288 Sic
3268 3232 3412 3288 enim
3449 3231 3518 3290 ab

1924 3317 2041 3373 istis
2080 3319 2258 3374 verbis
2290 3319 2698 3390 temperandum
2744 3331 2951 3393 putant,
2999 3324 3152 3394 quasi
3194 3323 3394 3396 aliquid
3438 3324 3520 3381 di-

1925 3426 2088 3482 gnum
2129 3412 2239 3467 Deo
2285 3411 2464 3469 dicant
2481 3415 2522 3479 ⁸,
2575 3430 2696 3471 cum
2746 3416 2847 3472 ista
2885 3433 2994 3473 non
3037 3417 3242 3475 dicunt.
3293 3419 3520 3477 Sanctus

1926 3503 2072 3559 enim
2119 3503 2349 3575 Spiritus
2383 3504 2487 3562 hoc
2527 3506 2702 3576 ipsum
2745 3506 3055 3566 hominibus
3099 3510 3521 3583 intelligentibus

1926 3593 2223 3662 insinuans,
2275 3612 2435 3668 quam
2476 3601 2584 3654 sint
2615 3598 2900 3656 ineffabilia
2942 3617 3150 3657 summa
3187 3601 3389 3670 divina,
3435 3601 3520 3659 his

1927 3688 2090 3744 etiam
2116 3689 2295 3746 verbis
2335 3688 2412 3746 uti
2456 3690 2647 3759 voluit,
2679 3706 2800 3762 quae
2839 3691 2978 3764 apud
3025 3692 3271 3749 homines
3309 3693 3363 3748 in
3389 3693 3520 3751 vitio

1926 3780 2054 3852 poni
2084 3780 2295 3848 solent;
2343 3787 2401 3836 ut
2441 3778 2566 3837 inde
2610 3781 3046 3851 admonerentur,
3079 3783 3240 3839 etiam
3287 3783 3375 3840 illa
3400 3799 3521 3856 qua:

1927 3887 2051 3930 cum
2093 3873 2269 3944 aliqua
2296 3871 2554 3945 dignitate
2596 3872 2693 3930 Dei
2723 3889 2784 3931 se
2831 3884 3018 3947 putant
3045 3875 3291 3932 homines
3316 3876 3520 3945 dicere,

1928 3963 2145 4036 indigna
2176 3979 2298 4020 esse
2337 3964 2478 4022 illius
2504 3965 2810 4038 majestate,
2841 3967 2928 4022 cui
2957 3967 3310 4024 honoriﬁcum
3344 3969 3523 4040 potius

1929 4055 2223 4124 silentium,
2247 4072 2407 4128 quam
2432 4057 2542 4116 ulla
2566 4073 2669 4114 vox
2696 4057 2929 4114 humana
2953 4069 3301 4132 competeret.
3327 4059 3523 4132 Qumro

1929 4145 2105 4202 zelum
2133 4141 2388 4214 hominis,
2433 4155 2489 4204 et
2538 4147 2756 4205 invenio
2782 4149 3248 4221 perturbationem
3274 4152 3523 4208 crucian-

1931 4249 2042 4297 tem
2070 4255 2185 4297 cor.
2217 4239 2419 4298 Tamen
2463 4256 2586 4298 cum
2614 4257 2799 4314 quaero
2829 4257 3069 4313 causam,
3099 4243 3233 4301 nihil
3262 4245 3407 4302 aliud
3435 4245 3522 4302 in-

1921 4322 2111 4400 venio,
2163 4331 2265 4388 nisi
2308 4332 2453 4404 quod
2497 4349 2605 4390 non
2646 4333 2847 4405 patitur
2888 4321 3131 4407 conjugis
3174 4335 3519 4393 adulterium.

1933 4421 2161 4482 Maxime
2189 4425 2332 4482 enim
2357 4434 2413 4482 et
2435 4427 2652 4498 proprie
2681 4425 2820 4483 inter
2846 4427 3092 4498 conjugia
3118 4427 3384 4498 zelotypia
3411 4427 3518 4484 dici

1935 4517 2090 4572 solet.
2119 4515 2302 4587 Itaque
2326 4517 2372 4570 si
2406 4517 2628 4570 maritus
2659 4525 2802 4570 esset
2824 4528 2922 4585 per
2957 4529 3016 4570 se
3043 4515 3217 4586 ipsum
3246 4516 3438 4573 beatus
3470 4527 3525 4575 et

1935 4610 2274 4681 omnipotens
2310 4615 2365 4664 et
2386 4607 2586 4677 justus,
2613 4608 2730 4664 sine
2761 4607 2871 4663 ullo
2899 4609 3164 4676 cruciatu,
3211 4618 3266 4666 et
3304 4617 3414 4668 tota
3444 4610 3525 4670 fa-

1934 4694 2158 4764 cilitate,
2205 4701 2261 4772 et
2293 4693 2439 4749 nulla
2484 4692 2760 4764 iniquitate
2805 4702 3083 4764 peccatum
3121 4695 3364 4768 conjugis
3406 4697 3524 4752 vin-

1936 4785 2159 4844 dicaret.
2189 4783 2360 4855 Quam
2382 4794 2561 4842 tamen
2586 4785 2701 4856 ejus
2720 4784 2986 4842 actionem
3014 4785 3248 4843 humano
3273 4777 3524 4861 loquendi

1937 4880 2099 4938 modo
2123 4880 2335 4937 etiamsi
2367 4894 2476 4936 non
2506 4879 2741 4951 proprie,
2776 4880 3030 4936 translate
3071 4888 3248 4937 tamen
3291 4889 3346 4936 ct
3377 4888 3526 4938 recte

1937 4973 2113 5030 zelum
2154 4985 2425 5028 vacarem.
2457 4971 2586 5041 Quis
2631 4971 2774 5029 enim
2816 4970 2992 5029 Tullio
3034 4971 3384 5029 calumniatus
3420 4981 3526 5040 est,

1937 5063 2030 5136 qui
2057 5072 2203 5120 certe
2226 5072 2453 5120 noverat
2478 5063 2642 5119 latine
2666 5062 2831 5135 loqui,
2853 5079 2978 5121 cum
2995 5064 3072 5120 ait
3092 5059 3291 5120 Caesari
3321 5079 3335 5117 :
3363 5057 3529 5120 Nulla

1940 5157 2002 5212 de
2021 5155 2285 5213 virtutibus
2311 5155 2430 5222 tuis,
2469 5171 2558 5210 nec
2582 5153 2953 5223 admirabilior,
2982 5172 3072 5210 nec
3108 5154 3302 5226 gratior
3327 5153 3527 5210 miseri-

1942 5249 2116 5301 cordia
2154 5257 2224 5300 est
2250 5247 2381 5318 (Pro
2410 5246 2478 5314 ρ.
2503 5246 2731 5316 Ligario,
2763 5250 2815 5301 in
2859 5235 3022 5319 ﬁne)?
3059 5245 3127 5302 Et
3155 5253 3331 5302 tamen
3366 5263 3434 5304 ex
3461 5263 3529 5306 eo

1942 5337 2257 5408 appellatam
2296 5336 2714 5393 misericordiam
2745 5337 2944 5403 dicunt,
2973 5336 3115 5407 quod
3155 5338 3409 5395 miserum
3434 5353 3530 5397 cor

1943 5427 2103 5484 faciat
2139 5426 2370 5484 dolentis
2415 5428 2588 5484 aliena
2627 5428 2857 5484 miseria.
2905 5425 3170 5499 Numquid
3207 5445 3337 5502 ergo
3362 5431 3529 5489 virtus

1944 5709 1956 5722 .
2008 5646 2144 5722 {Hic
2165 5646 2382 5696 addimus
2418 5646 2718 5709 particulam,
2749 5652 2813 5708 et,
2845 5660 2992 5712 quam
3014 5650 3065 5701 in
3096 5659 3528 5717 MSS-mpm!

1938 5716 2078 5773 juxta
2103 5721 2332 5771 graecum.
2504 5755 2508 5759 .

2009 5773 2030 5842 ξ
2062 5771 2134 5842 sig
2159 5780 2262 5842 uss.
2285 5777 2340 5839 At
2373 5767 2733 5842 editi,_dignum
2762 5780 2863 5827 Deo
2885 5778 3064 5842 praeut.

2009 5831 2083 5896 (α)
2103 5832 2300 5911 supple,
