4054 6444
593 386 697 444 145

591 507 846 563 miserum
876 514 969 558 eor
994 500 1152 557 facit?
1178 499 1313 568 Quid
1338 514 1465 570 ergo
1486 498 1824 555 calumniosis
1853 495 2055 551 Tullius
2083 509 2175 551 re-

589 595 898 668 sponderet,
947 592 1045 647 nisi
1076 590 1455 646 misericordiae
1497 590 1710 643 nomine
1752 588 2087 644 clementiam
2116 601 2176 641 se

588 689 858 761 appellare
882 684 1424 752 voluisse?Quoniam
1449 691 1591 738 recte
1618 682 1852 737 solemus
1881 682 2045 751 loqui,
2071 697 2179 735 non

590 782 765 837 solum
803 780 963 835 verba
1006 778 1238 850 propria,
1288 776 1379 831 sed
1420 776 1578 831 etiam
1617 776 1791 831 vicina
1838 784 2175 844 usurpantes.

592 876 756 945 Cujus
783 874 1013 929 auctoris
1034 872 1354 927 mentionem
1392 869 1565 924 facere
1599 869 1763 934 volui,
1796 871 2042 939 quoniam
2070 882 2177 922 non

590 968 661 1024 de
708 984 764 1022 re
792 965 1015 1037 quazstio
1044 964 1149 1027 hic,
1180 961 1273 1016 sed
1296 961 1362 1017 de
1397 960 1559 1015 verbo
1584 968 1684 1015 est.
1719 960 1865 1015 Sicut
1905 959 2047 1015 enim
2077 974 2178 1013 no-

591 1061 691 1117 stri
731 1068 997 1124 auctores,
1036 1056 1334 1110 divinarum
1364 1054 1569 1109 scilicet
1614 1053 1955 1117 Litterarum,
1986 1053 2055 1107 de
2093 1067 2180 1107 re-

587 1152 690 1209 bus
730 1152 958 1205 maxime
996 1148 1396 1219 cogitaverunt;
1438 1147 1515 1201 sic
1566 1136 1955 1200 mundanorum
1997 1154 2181 1199 aucto-

537 1246 548 1284 ι
589 1258 710 1296 rum
742 1256 907 1312 prope
928 1240 1101 1294 omnis
1126 1256 1251 1295 cura
1274 1239 1341 1294 de
1363 1237 1538 1293 verbis
1562 1246 1662 1293 est.
1691 1236 1795 1292 Sed
1820 1236 1989 1291 habeo
2006 1235 2182 1290 Evan-

589 1332 807 1403 gelium,
839 1339 896 1388 et
920 1346 1107 1387 omnes
1141 1330 1275 1385 Novi
1315 1328 1643 1385 Testamenti
1674 1328 1859 1391 libros,
1907 1326 1959 1381 in
1989 1326 2182 1397 quibus

586 1424 953 1479 misericordia
984 1422 1075 1477 Dei
1101 1421 1533 1492 frequentissime
1554 1418 1971 1475 commendatur.
2004 1417 2059 1473 Si
2089 1432 2183 1471 au-

588 1517 720 1573 dent
740 1530 866 1588 ergo
892 1515 979 1570 isti
1012 1514 1215 1579 miseri,
1249 1515 1409 1569 etiam
1438 1512 1562 1567 inde
1588 1511 1781 1565 faciant
1809 1510 2178 1581 quaestionem,

586 1621 643 1666 et
672 1620 865 1682 negent
892 1624 1009 1664 eSse
1040 1606 1438 1663 misericordem
1468 1607 1658 1673 Deum,
1698 1620 1767 1661 ne
1810 1605 2063 1659 miserum
2089 1618 2184 1659 cor

589 1700 790 1757 habere
828 1701 1165 1772 intelligatur.
1191 1700 1338 1756 Sicut
1363 1715 1490 1771 ergo
1514 1707 1691 1771 potest
1715 1712 1834 1753 esse
1863 1697 1916 1752 in
1939 1696 2051 1751 Deo
2085 1695 2186 1749 mi-

588 1792 879 1848 sericordia
922 1792 1037 1847 sine
1075 1792 1252 1847 cordis
1298 1792 1509 1847 miseria
1538 1791 1651 1846 :sic
1697 1790 1857 1845 etiam
1901 1789 2016 1842 sine
2061 1787 2185 1843 tabe

588 1894 749 1957 atque
776 1889 1013 1941 cruciatu
1041 1885 1204 1940 animi
1236 1885 1410 1941 zelum
1441 1884 1535 1940 Dei
1575 1899 1682 1938 non
1710 1882 2059 1952 dedignemur
2096 1893 2185 1933 ac-

588 1978 804 2050 cipere;
844 1987 897 2032 et
924 1978 1140 2032 humani
1163 1976 1519 2031 conditionem
1550 1974 1813 2030 sermonis
1846 1972 2097 2035 feramus,
2128 1978 2189 2025 ut

590 2073 658 2128 ad
688 2074 926 2128 divinum
955 2071 1327 2144 perveniamus
1370 2069 1660 2125 silentium.
1693 2066 1800 2122 Sed
1840 2066 1885 2120 si
1919 2062 2186 2120 contraria

589 2164 775 2221 dicunt
824 2180 943 2219 esse
982 2165 1243 2219 zelantem
1284 2163 1470 2228 Deum,
1517 2172 1570 2216 et
1591 2160 1792 2230 justum
1820 2159 2022 2223 Deum;
2060 2155 2187 2226 quid

589 2254 781 2309 dicturi
826 2262 973 2319 sunt,
1010 2268 1131 2307 eum
1179 2262 1234 2307 et
1283 2252 1337 2307 in
1383 2252 1529 2306 Novo
1570 2248 1913 2306 Testamento
1952 2246 2185 2312 invenio,

588 2344 712 2399 Zela
744 2344 835 2398 Dei
870 2361 956 2399 vos
978 2343 1087 2397 zelo
1116 2343 1183 2410 (ll
1211 2341 1332 2398 Cor.
1354 2358 1431 2409 ιι,
1452 2342 1546 2415 2);
1580 2341 1661 2396 vel
1688 2341 1986 2396 adhibitum
2028 2340 2188 2393 etiam

589 2436 658 2491 de
683 2437 952 2492 veteribus
982 2438 1033 2490 in
1067 2435 1358 2506 Evangelio
1387 2436 1772 2498 testimonium,
1818 2432 1971 2488 Zelus
2000 2433 2180 2487 domus

591 2541 693 2584 (me
720 2530 934 2583 comedit
972 2546 1051 2583 me
1073 2527 1251 2601 (Joan.
1283 2544 1341 2596 ιι,
1374 2529 1471 2593 i7;
1503 2527 1649 2583 Psal.
1680 2542 1861 2591 vam,
1885 2525 2019 2597 10)?
2045 2525 2190 2580 Rur-

589 2636 685 2678 sus
712 2621 764 2675 in
802 2621 989 2677 Vetere
1017 2636 1139 2676 cum
1166 2622 1368 2691 legunt,
1395 2619 1577 2674 Justus
1600 2617 1869 2685 Dominus,
1898 2628 1945 2671 et
1962 2617 2193 2688 justitias

592 2712 791 2780 dilexit,
820 2712 1103 2782 wquitatem
1128 2713 1251 2765 vidit
1276 2712 1445 2767 vultus
1466 2714 1573 2785 ejus
1602 2710 1773 2779 (Psat.
1801 2726 1859 2773 χ,
1887 2708 1942 2781 8)
1970 2727 1983 2763 :
2013 2725 2193 2765 nonne

596 2802 905 2859 fatebuntur
959 2806 1118 2858 etiam
1145 2803 1246 2859 hoc
1268 2804 1428 2859 modo
1445 2804 1706 2873 imperitis
1729 2802 1833 2856 duo
1853 2801 2194 2855 Testamenta

592 2896 767 2951 videri
797 2910 955 2966 posse
980 2898 1270 2961 contraria,
1301 2905 1359 2950 ut
1388 2896 1439 2949 in
1475 2894 1624 2949 Novo
1650 2893 1984 2948 inveniamus
2015 2892 2190 2947 zelum

595 2987 715 3054 Dei,
748 2989 802 3043 in
831 2988 1025 3043 Vetere
1047 2987 1307 3059 justitiam
1340 2987 1473 3042 Dei?
1504 2987 1641 3042 bene
1684 2995 1861 3040 autem
1891 2985 2195 3055 intelligen-

595 3080 741 3136 tibus
771 3089 1055 3153 utrumque
1082 3082 1133 3136 in
1161 3090 1388 3153 utroque
1410 3094 1601 3152 magna
1626 3080 1797 3135 sancti
1819 3078 2049 3150 Spiritus
2075 3077 2195 3133 uni-

597 3181 709 3230 tate
739 3186 792 3229 ct
822 3189 952 3243 pace
978 3174 1296 3230 concinere?

606 3260 609 3263 λ
681 3266 906 3322 CAPUT
964 3265 1080 3321 Xll.
1120 3294 1192 3307 —-
1232 3270 1283 3321 t.
1340 3266 1415 3321 De
1463 3280 1528 3321 eo
1580 3263 1722 3335 quod
1778 3264 2038 3335 scriptum
2090 3270 2194 3328 est,

610 3372 719 3413 non
752 3371 874 3412 esse
912 3356 1340 3411 manducandum
1368 3358 1703 3427 sanguinem,
1746 3356 1885 3426 quod
1921 3356 2097 3410 anima
2130 3356 2201 3410 sit

606 3449 785 3503 carnis
813 3449 1028 3519 sanguis
1058 3447 1235 3519 (Deut.
1275 3465 1371 3529 xu,
1399 3448 1524 3521 ΩΒ).
1570 3447 1705 3503 Huic
1737 3448 2017 3502 sententia:
2047 3457 2197 3501 vete-

602 3540 679 3596 ris
732 3540 888 3612 Legis
937 3540 1213 3595 Mauiehzei
1266 3558 1332 3596 ex
1393 3541 1685 3611 Evangelio
1733 3539 1862 3594 illud
1919 3547 2201 3609 opponunt

602 3634 745 3707 quod
778 3634 1033 3690 Dominus
1057 3634 1224 3701 dicit,
1255 3650 1363 3690 non
1393 3650 1513 3690 esse
1541 3634 1803 3689 timendos
1829 3648 1924 3689 eos
1947 3634 2035 3704 qui
2060 3633 2204 3688 oeci-

602 3727 738 3781 dnnt
806 3743 1041 3798 corpus,
1094 3728 1288 3781 animre
1335 3736 1516 3781 autem
1568 3742 1763 3783 nocere
1817 3741 1922 3782 non
1977 3735 2202 3795 possunt

578 3819 820 3889 (Μαιιιι.
866 3836 920 3887 x,
968 3820 1095 3889 28);
1142 3829 1196 3874 et
1245 3820 1519 3890 disputant
1560 3819 1843 3875 dicentes:
1883 3819 1939 3875 Si
1987 3818 2202 3889 sanguis

604 3911 781 3964 anima
810 3919 910 3976 est,
941 3910 1208 3979 quomodo
1238 3911 1483 3966 homines
1514 3921 1830 3980 potestatem
1856 3910 1906 3965 in
1935 3926 2052 3965 eam
2095 3924 2202 3965 non

602 4000 827 4066 habent,
878 4017 997 4055 eum
1029 4002 1096 4056 de
1140 4003 1399 4070 sanguine
1446 4004 1609 4055 multa
1658 4002 1873 4067 faciant,
1904 4002 2016 4056 sive
2054 4002 2201 4055 exci-

606 4093 816 4162 pientes
842 4102 893 4147 et
922 4093 1142 4147 canibus
1168 4092 1575 4161 volueribusquc
1606 4093 1657 4145 in
1686 4107 1863 4147 escam
1902 4107 2204 4161 proponen-

608 4193 712 4251 tes,
760 4190 870 4240 sive
918 4184 1275 4249 ell'unduutes,
1308 4194 1400 4239 aut
1436 4200 1592 4239 emno
1623 4184 1841 4253 lutoque
1872 4182 2205 4237 miscentes?

609 4276 734 4331 llaec
761 4278 902 4331 enim
932 4286 986 4331 et
1010 4276 1109 4330 alia
1143 4276 1545 4330 inmnncrabiha
1576 4274 2012 4330 sinedil'ticultate
2035 4273 2205 4327 homi-

610 4383 710 4423 nes
736 4368 799 4421 de
839 4372 1097 4439 sanguine
1128 4377 1351 4437 possunt
1399 4367 1594 4422 facere.
1639 4367 1761 4421 hlco
1823 4366 1911 4421 isti
1956 4373 2204 4435 qua-runt

612 4458 949 4516 insultantes.
983 4458 1270 4525 quomodo,
1302 4458 1346 4512 si
1376 4458 1591 4527 sanguis
1617 4466 1699 4511 cst
1726 4457 1931 4520 anima,
1956 4470 2059 4509 non
2091 4470 2206 4523 pos-

620 4551 689 4603 sit
716 4548 943 4602 hominis
974 4548 1285 4601 inter-lector
1312 4561 1507 4601 nocere
1536 4548 1751 4613 anima),
1782 4561 1901 4599 cum
1930 4553 2128 4599 tantam
2152 4545 2205 4599 in

616 4642 731 4710 ejus
780 4642 1091 4709 sanguinem
1146 4637 1337 4692 habeat
1393 4647 1732 4707 potestatem.
1779 4635 1997 4690 Addunt
2045 4636 2204 4690 etiam

615 4731 759 4802 quod
802 4733 874 4785 ait
920 4730 1191 4799 apostolus
1221 4729 1434 4788 Paulus.
1482 4728 1617 4796 Quia
1657 4744 1778 4781 caro
1812 4737 1859 4781 et
1887 4727 2094 4798 sanguis
2122 4742 2206 4779 re—

617 4841 773 4895 gnum
798 4823 888 4876 Dri
911 4838 1007 4876 non
1037 4821 1357 4893 possidebunt
1386 4821 1424 4890 (Ι
1455 4819 1571 4876 Cor.
1605 4836 1675 4873 xv
1698 4860 1711 4883 ,
1741 4818 1832 4887 50)
1867 4834 1880 4871 :
1914 4826 1968 4873 ct
2002 4816 2205 4883 dicunt,

617 4915 674 4971 Si
704 4915 921 4985 sanguis
942 4925 1021 4967 est
1050 4914 1225 4967 anima
1251 4953 1267 4978 ,
1298 4913 1436 4966 sicut
1467 4911 1674 4983 Moyses
1699 4910 1862 4975 dicit,
1892 4908 2035 4962 nulla
2063 4908 2210 4961 iuve-

620 5008 798 5062 nietnr
822 5008 997 5061 anima
1028 5020 1184 5076 posse
1212 5019 1432 5075 regnum
1463 5003 1555 5057 Dei
1594 5000 1841 5070 adipisci.
1882 4998 1976 5053 Cui
2009 4997 2210 5053 calum-

624 5101 727 5155 nia:
756 5099 930 5171 primo
975 5098 1046 5153 ita
1085 5095 1515 5167 respondendum
1554 5102 1656 5155 est,
1705 5101 1762 5146 ut
1806 5090 1905 5161 ipsi
1953 5098 2211 5160 cogantur

623 5190 909 5245 ostendere
952 5188 1042 5244 ubi
1084 5188 1337 5256 scriptum
1389 5185 1458 5239 sit
1503 5185 1556 5239 in
1601 5182 1749 5238 libris
1792 5182 1987 5236 veteris
2030 5180 2205 5251 chis,

627 5282 771 5351 quod
796 5282 968 5335 anima
1004 5281 1232 5335 hmnana
1263 5276 1479 5345 sanguis
1516 5274 1604 5329 sit.
1636 5271 1907 5342 Nusquam
1932 5269 2074 5325 enim
2108 5267 2211 5322 hoc

627 5373 900 5428 invenient
953 5372 1003 5425 in
1050 5372 1137 5425 illa
1179 5368 1492 5437 Scriptura,
1541 5380 1699 5435 quam
1756 5364 1989 5417 lacerare
2029 5359 2211 5416 miseri

632 5460 881 5532 qnannliu
910 5472 1187 5524 conantur,
1235 5459 1378 5512 nullo
1403 5455 1560 5510 modo
1597 5441 1972 5524 permittuntur
2016 5450 2210 5504 intelli-

636 5570 780 5624 gcrc.
809 5551 957 5617 Quod
994 5553 1033 5603 si
1071 5551 1137 5604 de
1164 5550 1337 5603 anima
1369 5548 1597 5603 humana
1626 5545 1752 5600 nihil
1783 5544 1885 5597 tale
1911 5543 1979 5595 ibi
2012 5542 2210 5597 dictum

633 5655 738 5710 est,
769 5642 893 5715 quid
923 5642 985 5696 ad
1014 5657 1110 5695 nos
1138 5644 1384 5711 pertinet,
1426 5643 1468 5696 si
1495 5643 1670 5695 anima
1713 5640 1921 5707 pecoris
1960 5645 2050 5690 aut
2089 5634 2211 5690 laedi

634 5736 701 5789 ab
734 5734 1069 5788 interfectore
1104 5741 1296 5802 potest,
1329 5744 1419 5786 aut
1442 5732 1715 5802 possidere
1742 5729 1836 5784 Dei
1859 5743 2080 5798 regnum
2104 5741 2211 5781 non

631 5828 842 5898 potest?
867 5825 970 5881 Sed
997 5825 1118 5896 quia
1151 5826 1217 5880 de
1256 5825 1445 5879 animis
1483 5839 1731 5895 pecorum
1773 5822 1931 5879 nimis
1969 5830 2092 5878 sunt
2126 5820 2212 5877 isti

1160 380 1436 439 CONTRA
1471 377 1879 437 ADIMANTUM
1914 372 2195 435 ΜΑΝΙΟΗΑ

2320 373 2755 448 DlSClPULUM,
2796 377 2855 436 s.
2900 347 3270 440 aueosruu

2834 279 2907 295 ν-δ-

3760 390 3859 452 ΙΙᾶ

2284 495 2495 552 solliciti
2529 498 2670 569 (cum
2710 497 2851 554 enim
2890 499 2997 554 sint
3024 497 3295 555 hominum
3321 500 3513 559 animae
3554 506 3857 579 ratidnales,

2286 590 2483 644 revolvi
2515 600 2691 645 tamen
2726 607 2816 646 cas
2866 592 2917 645 in
2958 608 3150 661 pecora
3177 595 3523 663 existimant),
3556 599 3734 655 clausa
3761 604 3856 657 sibi

2286 695 2405 736 esse
2443 682 2767 737 arbitrantur
2791 698 2955 753 regna
2992 683 3270 754 ctelorum,
3301 686 3347 741 si
3387 702 3639 757 pecorum
3672 692 3858 747 animis

2284 771 2464 828 clausa
2496 788 2617 829 esse
2644 775 2997 829 consentiant.

2357 863 2411 915 2.
2451 862 2610 931 Quid,
2652 865 2792 935 quod
2830 866 2990 921 etiam
3039 866 3293 923 insultare
3336 884 3497 925 ausus
3541 880 3622 927 est
3668 876 3861 945 populo

2286 950 2449 1007 Israel
2475 953 2788 1010 Adimantus
2813 972 2949 1013 unus
2978 972 3041 1013 ex
3068 957 3339 1027 discipulis
3368 960 3665 1027 Manichtei.
3707 983 3859 1035 quem

2287 1060 2536 1115 magnum
2566 1046 2836 1103 doctorem
2868 1050 3005 1104 illius
3033 1058 3191 1105 secta:
3219 1049 3383 1107 fuisse
3407 1058 3864 1113 commemorant?

2287 1137 2547 1195 Insultare
2570 1156 2697 1212 ergo
2717 1156 2879 1198 ausus
2912 1152 2994 1197 est
3023 1145 3217 1213 populo
3244 1144 3571 1211 Judzeorum,
3605 1148 3744 1218 quod
3781 1164 3865 1206 se-

2286 1233 2517 1287 cundum
2548 1250 2731 1289 eorum
2766 1236 3090 1291 intellectum
3119 1278 3135 1305 ,
3176 1252 3284 1307 quo
3316 1238 3621 1295 existimant
3658 1244 3869 1313 sangui-

2287 1340 2412 1381 nem
2439 1340 2558 1380 esse
2579 1327 2828 1393 animam,
2860 1337 3139 1397 parentum
3166 1329 3403 1400 ipsorum
3424 1332 3649 1399 animas,
3679 1336 3865 1405 partim

2287 1430 2318 1471 a
2344 1417 2680 1486 serpentibus
2699 1417 2989 1485 devoratte,
3015 1419 3205 1489 partim
3232 1421 3352 1492 igne
3371 1432 3722 1493 consumptae,
3750 1440 3870 1496 par.

2290 1508 2384 1562 tim
2422 1507 2475 1563 in
2502 1507 2729 1563 desertis
2770 1518 2931 1580 atque
2971 1512 3278 1581 asperrimis
3309 1514 3567 1568 montium
3595 1514 3725 1572 locis
3750 1531 3867 1573 are-

2288 1600 2439 1658 facta:
2465 1611 2603 1657 sunt.
2633 1602 2785 1671 Quod
2806 1604 2851 1659 si
2873 1621 3061 1661 verum
3088 1622 3208 1663 esse
3226 1608 3503 1679 quisquam
3530 1610 3868 1681 concederet,

2289 1694 2406 1750 sine
2431 1695 2634 1750 scelere
2661 1705 2836 1752 tamen
2864 1711 3047 1752 eorum
3075 1700 3266 1769 quibus
3288 1700 3388 1755 iste
3409 1701 3667 1759 insultare
3682 1702 3867 1771 voluit,
3954 1736 3959 1743 -

2290 1787 2486 1843 factum
2507 1804 2627 1845 esse
2655 1790 3016 1847 convinceret.
3041 1791 3158 1847 Non
3184 1794 3326 1848 enim
3353 1804 3633 1865 parentum
3653 1812 3869 1851 suorum

2291 1881 2515 1947 animas,
2544 1883 2735 1952 quibus
2769 1883 2859 1939 illa
2883 1885 3063 1940 omnia
3105 1885 3397 1941 secundum
3435 1886 3626 1942 horum
3667 1888 3871 1944 intelle-

2290 1982 2436 2029 ctum
2478 1974 2737 2030 accidisse
2762 1974 2915 2042 dixit,
2947 1976 3046 2045 ipsi
3087 1977 3263 2047 aliqua
3290 1993 3356 2032 ex
3389 1987 3539 2047 parte
3577 1978 3868 2033 laeserunt:

2290 2075 2613 2136 quapropter
2636 2066 2834 2122 luctum
2862 2067 2986 2123 inde
3014 2079 3239 2139 possunt
3265 2068 3483 2137 habere,
3506 2085 3612 2125 non
3638 2081 3866 2126 reatum.

2293 2156 2429 2226 Quid
2456 2167 2635 2212 autem
2666 2157 2782 2228 ipse
2819 2158 3138 2215 Adimantus
3159 2160 3317 2215 faciet
3354 2160 3643 2215 secundum
3669 2162 3876 2231 Opinio-

2293 2263 2416 2303 nem
2443 2264 2611 2314 suam,
2646 2265 2748 2321 qua
2777 2251 3004 2306 credidit
3027 2251 3186 2306 etiam
3223 2253 3527 2319 rationales,
3556 2254 3607 2307 id
3648 2262 3751 2322 est,
3788 2254 3879 2309 bo-

2294 2340 2498 2395 minum
2537 2342 2744 2397 animas
2784 2344 2839 2397 in
2874 2343 3105 2399 belluina
3143 2359 3369 2414 corpora
3398 2360 3556 2415 posse
3584 2346 3878 2401 contrudi?

2292 2430 2431 2500 Quid
2474 2448 2604 2504 ergo
2638 2433 2793 2489 faciet
2833 2434 2901 2489 de
2926 2444 3074 2491 tanto
3106 2436 3328 2503 scelere,
3359 2436 3403 2490 si
3429 2436 3639 2505 quando
3670 2436 3878 2492 tardqu

2291 2526 2593 2601 iumentum
2629 2530 2818 2601 plagis,
2858 2539 2951 2584 aut
2995 2531 3316 2587 concitatum
3354 2529 3505 2585 freno
3543 2529 3799 2600 fatigavit,
3830 2529 3882 2584 iu

2296 2637 2403 2694 quo
2430 2622 2567 2679 forte
2594 2624 2760 2694 patris
2785 2624 2903 2694 ejus
2924 2625 3100 2679 anima
3126 2623 3318 2679 fuerit?
3342 2633 3403 2679 ut
3426 2639 3531 2679 non
3553 2622 3725 2679 dicam
3744 2622 3882 2693 quod

2296 2714 2457 2770 etiam
2487 2715 2731 2773 occidere
2759 2725 3007 2787 parentes
3032 2731 3159 2771 suos
3186 2717 3326 2771 inter
3366 2715 3639 2787 pediculos
3666 2723 3721 2771 et
3748 2716 3881 2787 puli—

2297 2819 2390 2861 ces
2419 2808 2669 2876 potuerit,
2698 2823 2729 2862 a
2758 2823 2985 2878 quorum
3016 2808 3103 2863 isti
3136 2807 3510 2863 interiectione
3539 2822 3647 2861 non
3675 2815 3882 2877 tempe-

2298 2909 2439 2956 rant.
2466 2900 2601 2968 Quid
2628 2901 2772 2956 enim
2803 2902 2882 2957 eis
2912 2900 3153 2971 prodest,
3184 2899 3326 2970 quod
3368 2898 3661 2969 aliquando
3692 2906 3886 2970 negant

2301 3008 2469 3063 usque
2497 2994 2565 3047 ad
2608 2993 2707 3047 ista
2734 2992 3091 3048 minutissima
3129 2992 3418 3047 animantia
3448 2991 3649 3047 revolvi
3679 2991 3886 3046 animas

2300 3080 2562 3137 humanas
2593 3083 2786 3153 posse?
2814 3083 2925 3138 Hoc
2947 3083 3091 3138 enim
3120 3092 3333 3154 negant,
3363 3097 3431 3137 ne
3459 3090 3567 3137 tam
3598 3081 3886 3136 multarum

2302 3175 2731 3231 interiectionum
2772 3177 2849 3230 rei
2896 3184 3205 3241 teneantur,
3255 3183 3347 3229 aut
3385 3180 3645 3245 cogantur
3673 3185 3890 3241 parcere

2302 3266 2563 3339 pediculis
2587 3277 2641 3323 et
2677 3267 2940 3338 pulicibus
2980 3276 3036 3322 et
3077 3266 3374 3331 cimicibus,
3416 3274 3471 3320 et
3505 3273 3681 3319 tantas
3705 3262 3782 3317 ab
3807 3262 3885 3318 eis

2304 3362 2579 3417 molestias
2618 3362 2735 3415 sine
2771 3361 2879 3415 ulla
2912 3360 3075 3415 ctedis
3118 3376 3301 3416 eorum
3344 3359 3557 3415 licentia
3600 3358 3888 3413 sustinere.

2304 3451 2438 3507 Nam
2477 3451 2824 3507 vehementer
2866 3461 3145 3521 urgentur,
3186 3466 3283 3507 cur
3329 3451 3382 3505 in
3433 3450 3771 3521 vulpeculam
3809 3463 3893 3505 re-

2304 3543 2444 3597 volvi
2472 3546 2647 3599 anima
2677 3544 2906 3599 humana
2944 3545 3133 3614 possit,
3170 3552 3225 3599 et
3253 3558 3358 3599 non
3390 3543 3556 3613 possit
3592 3542 3646 3597 in
3688 3548 3894 3596 muste-

2304 3634 2442 3701 lam;
2474 3650 2595 3691 cum
2622 3637 2827 3691 catulus
2854 3636 3147 3706 vulpeculae
3174 3635 3399 3690 fortasse
3421 3634 3579 3689 etiam
3602 3632 3783 3689 minor
3803 3632 3889 3698 sit,

2306 3743 2463 3798 quam
2487 3744 2676 3799 magna
2705 3731 2949 3785 mustela.
2992 3729 3191 3785 Deinde
3220 3730 3265 3785 si
3304 3729 3358 3783 in
3385 3728 3664 3783 mustelam
3694 3733 3890 3796 potest,

2306 3835 2402 3874 cur
2430 3820 2480 3874 in
2508 3837 2713 3876 murem
2738 3837 2843 3877 non
2866 3820 3079 3892 potest?
3102 3821 3168 3876 Et
3191 3821 3236 3875 si
3254 3820 3304 3874 in
3334 3820 3490 3874 istum
3520 3827 3711 3889 potest,
3727 3813 3893 3874 curin

2306 3912 2607 3969 stellibnem
2636 3931 2740 3969 non
2770 3914 2985 3983 potest?
3011 3913 3079 3977 Et
3099 3914 3143 3968 si
3167 3913 3218 3967 in
3244 3927 3365 3968 eum
3388 3920 3583 3980 potest,
3613 3925 3710 3964 cur
3743 3909 3799 3963 in
3822 3909 3897 3963 lo-

2308 4014 2512 4058 custam
2543 4022 2648 4058 non
2684 4006 2896 4076 potest?
2924 4004 3128 4062 Deinde
3157 4005 3209 4059 in
3236 4019 3420 4073 apem,
3457 4002 3651 4057 deinde
3688 4002 3744 4055 in
3780 4016 3898 4055 mu-

2307 4112 2477 4164 scam,
2510 4098 2702 4153 deinde
2744 4099 2799 4153 in
2824 4098 3066 4154 cimicem
3094 4139 3109 4162 ,
3140 4106 3300 4166 atque
3324 4094 3449 4150 inde
3480 4110 3647 4163 usque
3671 4093 3723 4148 in
3761 4092 3898 4163 puli-

2309 4203 2445 4252 cem,
2475 4198 2527 4242 et
2552 4190 2595 4243 si
2622 4189 2747 4259 quid
2788 4200 2870 4245 est
2904 4189 3047 4244 aliud
3083 4189 3251 4243 multo
3272 4186 3549 4252 minutius,
3576 4184 3901 4254 pervenire?

2310 4276 2412 4333 Ubi
2441 4279 2585 4332 enim
2618 4280 2905 4333 terminum
2948 4280 3309 4345 constituant,
3339 4292 3446 4331 non
3474 4274 3757 4329 inveniunt
3782 4290 3795 4322 :
3824 4279 3902 4323 at-

2310 4386 2414 4441 que
2455 4372 2528 4426 ita
2569 4388 2666 4441 per
2699 4373 2855 4427 istam
2903 4372 3235 4443 nugatoriam
3279 4370 3645 4427 credulitatem
3680 4361 3717 4426 ⁸,
3772 4377 3901 4417 (ἒοη-

2311 4463 2548 4519 scientia:
2571 4464 2781 4518 illorum
2806 4463 3279 4518 innumerabilibus
3300 4458 3705 4517 homicidiorum
3727 4456 3902 4514 scele-

2310 4553 2460 4608 ribus
2488 4553 2807 4608 obruuntur.

2385 4646 2438 4700 5.
2480 4644 2611 4699 Nam
2641 4659 2706 4699 ex
2728 4658 2795 4699 eo
2817 4641 2958 4711 quod
2983 4642 3239 4712 scriptum
3264 4648 3370 4702 est.
3397 4639 3707 4711 sanguinem
3736 4653 3903 4711 peoo-

2311 4738 2389 4793 ris
2417 4736 2651 4791 animam
2691 4735 2810 4805 ejus
2851 4749 3009 4798 esse;
3058 4742 3249 4803 prieter
3290 4732 3344 4788 id
3390 4730 3533 4802 quod
3572 4744 3734 4800 supra
3766 4728 3902 4795 dixi,

2312 4846 2421 4887 non
2449 4830 2517 4885 ad
2549 4844 2636 4885 me
2664 4828 2936 4898 pertinere
2961 4826 3091 4897 quid
3117 4834 3304 4895 agatur
3337 4824 3406 4880 de
3436 4823 3643 4894 pecoris
3679 4823 3903 4886 anima;

2313 4938 2533 4997 possum
2574 4922 2734 4977 etiam
2760 4920 3101 4992 interpretari
3134 4926 3459 4989 praeceptum
3495 4915 3619 4971 illud
3660 4915 3715 4970 in
3748 4914 3907 4983 signo

2313 5030 2435 5072 esse
2480 5014 2731 5085 positum.
2771 5012 2889 5068 Non
2922 5012 3067 5067 enim
3110 5010 3367 5065 Dominus
3399 5006 3657 5062 dubitavit
3697 5002 3904 5068 dicere,

2318 5106 2433 5161 Hoc
2457 5116 2527 5161 est
2555 5122 2741 5176 corpus
2766 5120 2933 5159 meum
2961 5102 3173 5177 (Matth.
3203 5112 3355 5164 xxvi,
3385 5094 3509 5170 26);
3539 5111 3661 5154 cum
3687 5097 3907 5168 signum

2315 5200 2473 5257 daret
2490 5199 2730 5263 corporis
2749 5198 2852 5247 sui.

2386 5288 2441 5343 4.
2479 5284 2632 5353 Quod
2668 5294 2843 5340 autem
2884 5283 2959 5338 ait
2992 5281 3300 5354 Apostolus,
3342 5279 3473 5337 Caro
3498 5290 3545 5336 et
3572 5279 3785 5352 sanguis
3820 5295 3908 5336 re-

2317 5394 2473 5452 gnum
2502 5376 2595 5431 Dei
2616 5394 2715 5431 non
2740 5374 3102 5446 possidebunt:
3130 5375 3292 5430 etiam
3321 5375 3375 5429 in
3402 5374 3543 5444 Lege
3570 5372 3774 5428 dictum
3799 5380 3908 5438 est,

2320 5479 2441 5534 Non
2483 5477 2787 5550 permanebit
2829 5477 2882 5529 in
2922 5474 3031 5541 istis
3071 5473 3276 5544 spiritus
3315 5488 3473 5537 meus,
3516 5470 3755 5539 quoniam
3783 5480 3910 5521 caro

2316 5581 2433 5626 sunt
2462 5570 2626 5644 (Gen.
2654 5584 2725 5631 γι,
2754 5568 2846 5639 5).
2880 5567 2947 5621 Et
2969 5558 3125 5621 toties
3151 5566 3205 5619 in
3232 5563 3501 5619 veteribus
3525 5560 3701 5617 Libris
3720 5559 3913 5629 justo-

2320 5680 2439 5722 rum
2455 5663 2647 5720 animis
2665 5662 2939 5732 praemium
2963 5659 3197 5715 futurum
3214 5656 3561 5729 promittitur.
3584 5651 3690 5712 Sed
3715 5658 3913 5703 tamen

2384 5827 2403 5858 ι
2441 5820 2659 5873 Nonnulli
2682 5826 2809 5882 uss,
2837 5816 3183 5870 crudelitatem.
