4082 6504
189 469 288 532 “5

192 578 472 654 Apostolus
491 577 686 633 volens
705 573 976 631 insinuare
993 570 1154 642 quale
1173 582 1367 640 corpus
1390 568 1654 640 iustorum
1677 579 1772 635 per

192 671 612 733 immutationem
641 669 693 723 in
724 664 1118 722 resurrectione
1147 663 1381 717 futurum
1405 661 1493 725 sit,
1523 658 1644 729 quia
1673 673 1775 710 non

192 769 387 825 nubent,
422 778 584 832 neque
611 776 795 814 uxores
822 759 1024 822 ducent,
1050 755 1138 811 sed
1165 762 1309 808 erunt
1346 753 1473 807 sicut
1513 749 1694 820 Angeli
1723 748 1777 802 in

191 856 320 912 πει
342 853 560 926 (Matth.
597 865 730 917 xxn,
751 850 848 922 50)
874 868 887 902 :
912 848 1050 902 hanc
1079 861 1208 916 ergo
1236 843 1660 900 immutationem
1693 841 1778 894 iu-

193 957 356 1002 turam
399 958 692 1012 corporum
731 938 1266 997 sanctorumvolens
1305 936 1602 1001 insinuare,
1646 931 1781 988 dixit

191 1035 502 1106 Apostolus,
529 1034 658 1088 Dico
698 1033 831 1086 enim
855 1031 1012 1100 vobis,
1045 1033 1250 1101 fratres,
1278 1029 1397 1099 quia
1427 1043 1548 1081 caro
1582 1035 1634 1080 et
1660 1041 1783 1080 san-

192 1130 300 1201 guis
323 1145 542 1200 regnum
585 1125 682 1180 Dei
709 1141 811 1179 non
839 1121 1180 1196 possidebunt.
1224 1121 1377 1188 Quod
1421 1135 1527 1175 non
1555 1134 1658 1174 una
1689 1131 1777 1173 se-

193 1231 370 1293 parata
419 1229 475 1275 et
514 1219 580 1274 ad
622 1217 862 1274 fraudem
906 1222 1322 1271 commemorata
1359 1211 1645 1275 sententia,
1686 1207 1781 1264 sed

194 1325 302 1370 toto
331 1317 453 1384 ipso
482 1311 736 1382 Epistula:
765 1311 884 1364 loco
926 1315 1271 1380 pertractata,
1300 1306 1383 1361 vel
1424 1305 1600 1376 pntius
1639 1302 1779 1358 lecto

195 1408 322 1481 (non
345 1407 494 1463 enim
520 1421 610 1461 res
632 1403 857 1459 obscura
893 1400 996 1474 est)
1026 1399 1250 1455 inveniri
1291 1406 1488 1472 potest.
1517 1396 1606 1453 Sic
1639 1396 1782 1451 enim

195 1500 354 1555 dicit:
385 1498 600 1568 Oportet
625 1495 946 1568 corruptibile
963 1496 1059 1548 hoc
1087 1491 1296 1547 induere
1321 1489 1773 1560 incorruptionem,

195 1600 233 1646 et
277 1591 496 1646 mortale
521 1589 616 1644 hoc
642 1587 854 1642 induere
889 1583 1340 1640 immortalitatem.
1383 1581 1534 1651 Quod
1567 1595 1691 1637 eum
1718 1578 1785 1635 de

197 1699 426 1755 corpore
461 1683 663 1748 dicere,
693 1680 762 1736 de
787 1678 1153 1750 superioribus
1188 1674 1468 1732 manifeste
1497 1673 1783 1738 invenitur,

198 1792 328 1833 cum
371 1778 487 1832 ait:
521 1768 646 1830 Non
685 1772 848 1828 omnis
885 1787 1004 1825 caro
1029 1769 1202 1824 eadem
1239 1785 1358 1822 caro
1399 1783 1418 1822 :
1458 1766 1560 1820 alia
1587 1765 1788 1832 quidem

202 1868 480 1931 hontinum,
525 1866 637 1919 alia
679 1873 848 1918 autem
885 1876 1168 1934 pecorum;
1206 1859 1311 1914 alia
1351 1874 1470 1912 caro
1505 1856 1785 1922 volucrum,

201 1958 311 2011 alia
334 1957 565 2028 piscium.
592 1954 661 2009 Et
679 1970 893 2024 corpora
912 1938 1152 2018 celestia,
1178 1960 1224 2004 et
1252 1965 1468 2020 corpora
1493 1947 1745 2002 terrestria
1769 1960 1790 2002 :

202 2051 290 2107 sed
333 2050 440 2104 alia
478 2059 554 2104 est
590 2047 865 2104 caelestium
903 2045 1070 2116 gloria
1089 2085 1105 2111 ,
1157 2043 1262 2097 alia
1299 2039 1646 2103 terrestrium;
1687 2038 1792 2093 alia

206 2145 362 2216 gloria
383 2143 532 2209 solis,
559 2141 667 2195 alia
693 2139 857 2211 gloria
894 2139 1051 2203 (ante,
1082 2144 1132 2190 et
1172 2135 1278 2189 alia
1311 2132 1477 2205 gloria
1504 2132 1789 2186 stellarum.

209 2239 368 2296 Stella
391 2239 526 2293 enim
552 2239 617 2291 ab
653 2236 800 2290 stella
819 2231 989 2303 diﬁ'ert
1012 2233 1066 2288 in
1094 2233 1296 2305 gloria;
1321 2232 1394 2285 sic
1425 2238 1471 2286 et
1496 2227 1792 2285 resurrectio

211 2342 538 2386 mortuorum.
571 2329 866 2384 Seminatur
889 2329 943 2380 in
964 2325 1308 2396 corruptione,
1335 2330 1502 2394 surget
1531 2322 1584 2376 in
1618 2321 1793 2376 incor-

211 2425 437 2489 ruptione
456 2438 477 2477 :
503 2422 781 2477 seminatur
802 2421 856 2474 in
882 2418 1206 2484 contumelia,
1228 2425 1395 2488 surget
1417 2416 1470 2470 in
1491 2415 1656 2486 gloria
1676 2429 1698 2470 :
1716 2429 1796 2470 σε·

214 2518 428 2570 minatur
451 2516 504 2569 in
530 2515 842 2585 inﬁrmitate,
869 2522 1036 2584 surget
1063 2513 1118 2566 in
1137 2509 1360 2566 uirtute:
1389 2509 1666 2564 seminatur
1683 2524 1800 2563 cor-

218 2625 302 2680 pas
326 2605 572 2672 animale,
613 2614 780 2676 surget
823 2620 1005 2672 corpus
1047 2601 1334 2674 spirituale,
1383 2601 1511 2655 sicut
1553 2601 1800 2669 scriptum

219 2713 280 2754 est
300 2716 319 2754 :
346 2698 543 2754 Factus
564 2708 637 2753 est
659 2698 852 2770 primus
897 2697 1045 2752 (tonio
1067 2696 1233 2750 Adam
1271 2695 1325 2749 in
1369 2694 1593 2748 animam
1635 2692 1802 2748 viven-

221 2802 324 2860 tem,
373 2792 679 2846 novissimus
720 2791 886 2844 Adam
930 2791 985 2843 in
1027 2789 1263 2858 spiritum
1291 2786 1646 2855 viviﬁcantem.
1691 2783 1804 2840 Sed

221 2901 308 2940 non
364 2885 588 2956 primum
625 2881 761 2954 quod
801 2883 1068 2953 spirituale
1105 2891 1197 2949 est,
1243 2879 1333 2934 sed
1376 2878 1510 2950 quod
1545 2877 1804 2945 animale;

225 2991 401 3050 postea,
432 2977 571 3048 quod
599 2976 883 3046 spirituale.
933 2974 1141 3029 Primus
1173 2974 1324 3028 homo
1367 2972 1430 3028 de
1455 2982 1610 3038 terra,
1651 2981 1807 3044 terre-

224 3089 346 3138 us;
371 3071 628 3128 secundus
649 3071 798 3125 homo
826 3070 888 3124 de
902 3069 1047 3132 caelo,
1073 3067 1309 3122 caelestis.
1340 3065 1524 3133 Qualis
1548 3075 1796 3131 terrenus,

224 3167 335 3222 tales
357 3176 407 3222 et
433 3165 659 3229 terreni;
693 3174 739 3218 et
764 3163 929 3235 qualis
954 3160 1185 3227 caelestis,
1218 3160 1341 3214 tales
1376 3158 1696 3229 etlctelestes.
1725 3155 1796 3210 Et

224 3259 460 3330 mundo
485 3257 746 3311 induimus
771 3255 1043 3326 imaginem
1072 3252 1279 3319 terreni,
1300 3250 1575 3306 induantus
1601 3257 1649 3305 et
1677 3249 1803 3304 ima-

225 3352 380 3422 ginem
417 3350 530 3422 ejus
565 3348 654 3419 qui
686 3347 750 3401 de
792 3347 917 3401 caelo
956 3355 1048 3401 est.
1084 3343 1196 3399 Hoc
1224 3352 1393 3398 autent
1422 3342 1556 3406 dico,
1603 3345 1806 3413 fratres,

225 3443 333 3512 quia
355 3457 475 3496 caro
508 3449 557 3495 et
583 3438 792 3512 sanguis
825 3454 1038 3509 regnum
1071 3436 1166 3490 Dei
1209 3434 1504 3490 hereditate
1551 3432 1812 3502 possidere

229 3551 323 3588 non
377 3542 632 3606 possunt;
673 3548 833 3608 neque
876 3530 1134 3601 corruptio
1183 3527 1606 3597 incorruptionem
1654 3525 1813 3580 ha're-

229 3626 376 3681 ditote
425 3625 722 3697 possidebit.
768 3621 927 3679 Certe
963 3621 1075 3692 jam
1117 3619 1323 3676 clarum
1374 3625 1459 3674 est
1503 3631 1669 3687 quare
1709 3615 1814 3672 hoc

228 3718 516 3788 Apostolus
557 3717 770 3773 dixerit.
811 3714 946 3784 Quid
976 3729 1105 3787 ergo
1145 3713 1246 3770 iste
1290 3721 1397 3768 tam
1446 3711 1585 3782 turpi
1631 3709 1815 3767 fraude

229 3825 331 3865 non
358 3816 767 3876 commemorat,
791 3807 895 3864 nisi
927 3807 1031 3863 hoc
1055 3806 1324 3870 ultimum,
1350 3811 1406 3860 et
1435 3812 1576 3858 tacet
1601 3803 1690 3858 illa
1725 3813 1816 3857 su-

230 3905 460 3975 periora,
509 3902 706 3973 quibus
738 3900 843 3957 hcc
882 3899 1025 3972 quod
1062 3899 1204 3954 male
1249 3899 1648 3968 interpretatur,
1681 3894 1816 3950 bene

229 4001 399 4066 possit
424 3995 688 4064 intelligi?
728 3994 860 4049 Nam
888 3993 1136 4064 quoniam
1179 3991 1391 4047 Domini
1427 3989 1595 4044 nostri
1624 4001 1818 4058 corpus

229 4094 356 4157 post
399 4085 837 4140 resurrectionem
881 4085 962 4139 sic
1005 4084 1238 4139 levatum
1279 4090 1362 4137 est
1405 4081 1458 4134 in
1493 4080 1712 4148 coelum,
1758 4085 1819 4134 ut

230 4190 333 4245 pro
375 4175 494 4245 ipsa
527 4175 724 4230 caelesti
756 4175 1082 4230 habitatione
1108 4173 1381 4230 cmlestem
1411 4172 1674 4243 acceperit
1703 4186 1822 4226 mu-

235 4267 516 4330 tationem,
545 4274 597 4320 et
624 4266 722 4321 hoc
749 4281 970 4337 sperare
999 4267 1053 4321 in
1081 4265 1170 4321 die
1210 4264 1398 4319 ultimo
1422 4262 1556 4334 jussi
1583 4277 1767 4318 sumus
1801 4280 1815 4317 :

239 4357 350 4412 ideo
373 4357 514 4412 dixit
547 4359 853 4428 Apostolus,
895 4357 1074 4425 Qualis
1109 4367 1354 4420 terrenus,
1390 4356 1514 4410 tales
1545 4364 1590 4409 et
1615 4355 1818 4421 terreni,

239 4449 286 4502 id
306 4457 409 4516 est,
433 4449 720 4516 mortales;
747 4460 793 4505 et
829 4450 994 4522 qualis
1016 4448 1248 4512 caelestis,
1281 4449 1407 4503 tales
1428 4457 1474 4502 et
1501 4448 1742 4515 cclestes,
1767 4446 1822 4502 id

241 4550 330 4604 est,
356 4542 711 4610 imortales,
740 4557 848 4598 non
868 4543 1038 4598 solum
1061 4542 1274 4606 animis,
1321 4541 1415 4596 sed
1442 4542 1602 4597 etiam
1628 4555 1822 4611 corpo-

242 4634 400 4688 ribus.
433 4632 592 4690 Unde
633 4643 688 4690 et
727 4648 886 4704 supra
912 4634 1141 4700 dixerat,
1186 4633 1346 4687 aliam
1385 4647 1505 4687 esse
1525 4631 1826 4687 ccelestium

239 4739 522 4794 seniorum
549 4726 798 4796 gloriam,
821 4734 875 4781 et
901 4726 1058 4780 aliam
1084 4725 1440 4781 terrestrium.
1469 4723 1621 4792 Quod
1647 4732 1826 4779 autem

243 4817 513 4886 spirituale
538 4817 675 4874 dixit
703 4833 898 4890 corpus
923 4820 978 4874 in
1007 4817 1403 4873 resurrectione
1425 4816 1682 4882 futurum,
1719 4830 1828 4873 non

241 4916 522 4978 propterea
545 4909 836 4977 putandum
861 4918 965 4978 est,
993 4908 1135 4980 quod
1161 4923 1268 4962 non
1297 4922 1513 4979 corpus,
1546 4907 1642 4964 sed
1671 4907 1828 4978 Spiri-

244 5010 321 5059 tus
359 5005 508 5058 erit:
553 5003 649 5059 sed
687 5003 961 5076 spirituale
999 5017 1194 5073 corpus
1231 5003 1378 5059 omni
1419 5001 1580 5058 modo
1620 5000 1831 5074 spiritui

241 5097 514 5152 subditum
558 5097 724 5163 dicit,
763 5098 880 5153 sine
921 5097 1097 5168 aliqua
1131 5095 1474 5167 corruptione
1505 5093 1590 5150 vel
1636 5102 1829 5150 morte.

242 5187 351 5244 Non
379 5190 532 5246 enim
574 5189 697 5260 quia
722 5187 864 5259 quod
895 5187 1058 5244 modo
1081 5187 1340 5243 habemus
1383 5200 1580 5255 corpus
1604 5185 1835 5240 animale

241 5281 498 5351 appellat,
548 5281 668 5336 ideo
710 5281 1003 5351 putandum
1047 5286 1130 5334 est
1167 5293 1273 5333 non
1308 5276 1438 5332 illud
1466 5291 1587 5333 esse
1614 5290 1833 5345 corpus,

240 5371 333 5427 sed
373 5373 636 5428 animam.
683 5371 828 5444 Ergo
865 5371 1314 5446 quemadmodum
1370 5385 1566 5442 corpus
1606 5369 1838 5425 animale

242 5480 383 5521 r.unc
427 5466 651 5534 dicitur,
695 5465 820 5537 quia
862 5465 1130 5521 subditum
1161 5473 1248 5520 est
1284 5463 1518 5530 animas;
1561 5461 1838 5534 spirituale

245 5567 422 5614 autem
469 5557 708 5615 nondum
746 5558 853 5613 dici
897 5565 1111 5628 potest,
1157 5557 1280 5626 quia
1343 5554 1580 5610 nondum
1627 5551 1838 5624 spiritui

246 5650 404 5716 plene
449 5651 750 5718 subjectum
777 5660 880 5714 est,
908 5649 1163 5722 quamdiu
1189 5648 1458 5717 corrumpi
1501 5653 1674 5716 potest
1715 5662 1726 5698 :
1759 5644 1839 5699 sic

247 5747 294 5792 et
327 5748 461 5794 tunc
485 5741 761 5806 spirituale
784 5741 1082 5808 vocabitur,
1121 5755 1241 5794 cum
1269 5737 1475 5808 Spiritui
1503 5746 1660 5807 atque
1679 5742 1840 5790 reter-

243 5833 402 5887 nitati
431 5829 580 5886 nulla
607 5836 948 5900 COrruptione
970 5833 1222 5890 resistere
1253 5831 1468 5902 poterit.

320 5924 376 5982 5.
418 5922 534 5982 Aut
556 5923 605 5983 si
645 5921 817 5982 adhuc
839 5936 1030 5996 parum
1070 5922 1281 5982 videtur
1316 5936 1438 6000 esse
1460 5927 1841 5996 monstratum,

609 6038 642 6063 ι.

1609 448 1813 508 LIBER
1849 443 2052 506 UNUS.
2906 444 2911 450 ”
3343 446 3379 508 ’1
3404 453 3464 508 ιϐ

1885 563 2025 632 quod
2068 563 2384 620 sententiam
2431 563 2584 619 istam
2629 571 2845 635 propter
2883 565 3300 621 immutationem
3345 585 3463 638 qum

1883 655 2058 710 futura
2085 665 2168 711 est
2193 658 2473 726 Apostolus
2494 657 2708 724 dixerit,
2740 673 2862 738 cum
2891 661 2985 726 ait,
3019 658 3148 714 Caro
3177 669 3225 714 ct
3247 665 3430 730 stingui
3445 679 3466 717 ι

1882 763 2092 816 regnum
2139 748 2234 802 Dei
2265 750 2556 804 htereditate
2600 750 2854 820 possidere
2895 769 2995 806 non
3041 764 3279 822 possunt,
3311 769 3467 822 neque

1884 842 2141 912 corruptio
2168 841 2594 911 incorruptionem
2625 844 2913 899 haereditate
2945 845 3253 913 possidebit;
3285 853 3463 900 atten-

1883 932 1995 989 dite
2021 932 2147 1002 quid
2175 933 2428 988 continuo
2451 934 2714 1003 subjiciat,
2744 944 2797 990 et
2816 935 3067 1006 adjungat
3093 956 3106 991 :
3131 937 3264 991 Ecce
3285 947 3471 1009 myste-

1883 1028 2016 1082 rium
2035 1025 2172 1082 vobis
2199 1027 2312 1081 dico
2335 1042 2539 1083 :o'nnes
2568 1028 2766 1098 quidem
2797 1047 3132 1102 resurgemus,
3173 1049 3274 1086 non
3305 1041 3470 1085 tamen

1887 1135 2056 1175 omnes
2076 1118 2476 1184 immutabimur,
2507 1121 2559 1174 in
2589 1131 2774 1187 atomo,
2805 1125 2857 1176 in
2886 1123 2988 1176 ictu
3011 1123 3179 1189 oculi,
3211 1125 3264 1177 in
3297 1124 3469 1177 novis-

1887 1213 2018 1268 sima
2044 1213 2180 1267 tuba.
2205 1211 2363 1268 Canet
2385 1213 2518 1267 enim
2543 1214 2681 1281 tuba,
2721 1224 2769 1268 et
2808 1217 2992 1269 mortui
3020 1225 3280 1288 resurgent
3305 1218 3471 1270 incor-

1886 1307 2056 1377 rupti,
2083 1318 2131 1361 et
2155 1323 2247 1362 nos
2283 1307 2682 1362 immutabimur.
2715 1309 2914 1364 Deinde
2957 1312 3226 1379 contexit,
3260 1320 3315 1366 et
3339 1311 3472 1366 dicit

1888 1398 2047 1454 etiam
2077 1399 2203 1454 illud
2230 1398 2369 1470 quod
2395 1400 2551 1470 paulo
2575 1408 2698 1456 ante
2723 1403 3136 1458 commemoravi
3161 1445 3177 1471 ,
3211 1412 3266 1458 ut
3293 1411 3474 1459 osten-

1889 1493 1981 1551 dat
2007 1497 2178 1567 qualis
2215 1495 2391 1553 futura
2435 1499 2504 1553 sit
2540 1498 2655 1567 ipsa
2699 1498 3016 1555 immutatio.
3059 1499 3247 1558 Statim
3278 1503 3474 1574 quippe

1889 1587 2057 1644 dicit:
2087 1588 2295 1661 Oportet
2331 1591 2466 1646 enim
2502 1591 2823 1664 corruptibile
2865 1592 2958 1649 hoc
2990 1593 3198 1648 induere
3238 1595 3477 1652 incorru-

1890 1682 2130 1754 ptionem,
2160 1691 2206 1737 et
2231 1685 2442 1738 mortale
2469 1684 2564 1738 hoc
2586 1683 2795 1738 induere
2814 1685 3247 1740 immortalitatem
3278 1687 3318 1757 (I
3351 1686 3474 1742 Cor.

1889 1791 1981 1843 xv,
2013 1775 2083 1833 59
2116 1775 2226 1849 55).
2260 1777 2394 1834 Hinc
2433 1793 2560 1849 ergo
2590 1787 2811 1848 apparet
2852 1778 2974 1848 quia
3017 1795 3143 1835 caro
3168 1788 3223 1834 et
3263 1780 3481 1850 sanguis

1892 1881 2113 1937 regnum
2145 1868 2236 1924 Dei
2266 1883 2371 1924 non
2403 1868 2750 1938 possidebunt
2777 1911 2792 1933 ,
2819 1869 2943 1940 quia
2975 1885 3096 1924 cum
3139 1869 3372 1925 induerit
3397 1872 3484 1926 in-

1893 1959 2286 2029 corruptionem
2309 1967 2364 2015 et
2385 1961 2857 2029 immortalitatem,
2878 1961 2987 2031 jam
3010 1978 3114 2016 non
3141 1977 3267 2018 caro
3288 1971 3342 2018 et
3361 1977 3486 2018 san-

1895 2049 2012 2122 guis
2041 2051 2144 2105 erit
2177 2049 2250 2123 (a)
2276 2093 2290 2117 ,
2320 2051 2412 2107 sed
2442 2051 2494 2106 in
2521 2067 2716 2122 corpus
2740 2053 2960 2109 caeleste
2989 2055 3298 2110 mutabitur.
3330 2055 3487 2124 Quod

1896 2143 2112 2215 quidem
2144 2160 2207 2200 ex
2235 2144 2514 2200 occasione
2552 2147 2895 2200 tractavimus
2918 2187 2933 2213 ,
2964 2147 3084 2217 quia
3115 2146 3239 2203 huic
3275 2161 3489 2218 quoque

1899 2236 2178 2292 sententia:
2200 2237 2424 2292 multum
2441 2237 2679 2292 insidiari
2707 2237 2900 2298 solent.
2925 2248 3180 2309 negantes
3200 2253 3489 2308 corporum

1898 2330 2372 2384 resurrectionem.
2400 2326 2534 2384 Nam
2573 2329 2673 2384 ista
2709 2329 2932 2400 qumstio
2959 2345 3066 2385 non
3111 2329 3178 2386 de
3221 2345 3446 2400 corpore
3471 2372 3489 2400 ,

1899 2419 1997 2476 sed
2025 2419 2092 2476 de
2117 2421 2291 2476 anima
2324 2420 2595 2491 pr0posita
2619 2429 2723 2486 est,
2752 2436 2912 2492 quam
2935 2429 3122 2491 putant
3145 2422 3221 2478 sic
3241 2422 3412 2492 accipi
3435 2422 3493 2478 in

1902 2511 2077 2584 Lege,
2109 2521 2167 2569 ut
2205 2511 2420 2583 sanguis
2462 2527 2582 2568 esse
2623 2512 3164 2583 existimeturzquod
3209 2529 3306 2569 nos
3347 2515 3494 2570 nullo

1905 2605 2064 2661 modo
2098 2605 2174 2660 sic
2204 2605 2567 2676 intelligimus.
2597 2603 2704 2661 Sed
2731 2605 2973 2675 quamvis
2993 2605 3061 2661 de
3098 2621 3348 2676 pecorum
3378 2604 3496 2662 ani-

1905 2699 2007 2756 mis
2035 2712 2140 2753 non
2165 2711 2434 2764 curemus,
2464 2712 2584 2753 cum
2606 2697 2800 2768 quibus
2828 2712 2933 2753 non
2960 2697 3218 2754 habemus
3257 2697 3486 2754 rationis

1907 2791 2137 2862 aliquam
2164 2791 2472 2848 societatem
2499 2809 2514 2845 :
2541 2798 2716 2846 tamen
2737 2790 2868 2846 illud
2894 2790 3038 2862 quod
3065 2789 3176 2845 Lex
3201 2790 3353 2856 dixit,
3375 2790 3500 2846 lun-

1908 2885 2141 2941 dendum
2169 2900 2288 2940 esse
2320 2884 2653 2956 sanguinem,
2678 2899 2778 2940 nec
2800 2883 2858 2939 in
2885 2899 3065 2940 escam
3085 2883 3496 2950 assumendum,

1910 2979 2031 3049 quia
2061 2977 2277 3048 sanguis
2317 2985 2400 3032 est
2438 2977 2615 3032 anima
2636 3019 2651 3043 ,
2681 2991 2800 3033 esse
2841 2976 3070 3046 positum
3098 2975 3324 3030 dicimus
3361 2975 3503 3032 sicut

1910 3069 2013 3123 alia
2043 3069 2240 3134 multa;
2271 3076 2326 3122 et
2352 3082 2492 3138 pene
2526 3067 2706 3121 omnia
2744 3065 3138 3136 Scripturarum
3161 3065 3378 3120 illarum
3409 3078 3502 3120 sa-

1911 3169 2180 3216 cramenta
2205 3160 2370 3231 signis
2397 3167 2452 3216 et
2479 3158 2660 3230 ﬁguris
2690 3159 2846 3229 plena
2871 3166 2996 3215 sunt
3021 3157 3213 3214 l‘uturte
3241 3157 3504 3229 prmdica-

1914 3253 2092 3318 tionis,
2123 3267 2241 3324 quae
2265 3252 2374 3322 jam
2407 3266 2502 3321 per
2544 3251 2824 3306 Dominum
2855 3259 3098 3307 nostrum
3128 3249 3310 3306 Jesum
3341 3249 3498 3306 Chris

1913 3352 2053 3401 stum
2079 3343 2347 3399 declarata
2374 3351 2475 3400 est.
2504 3341 2594 3400 Sic
2620 3352 2702 3400 est
2725 3344 2871 3400 enim
2898 3342 3113 3414 sanguis
3141 3342 3341 3410 anima,
3365 3355 3501 3412 quo-

1915 3441 2081 3496 modo
2122 3450 2272 3511 petra
2325 3448 2442 3495 erat
2489 3438 2773 3505 Christus,
2820 3439 2958 3494 sicut
2998 3436 3127 3492 dicit
3172 3434 3504 3508 Apostolus:

1915 3532 2158 3588 Bibebant
2183 3533 2316 3586 enim
2343 3531 2407 3586 de
2442 3531 2700 3598 spirituali
2729 3539 2960 3602 sequente
2980 3530 2998 3562 ³
3027 3538 3189 3601 petra,
3230 3536 3375 3600 petra
3412 3543 3508 3581 au-

1919 3632 2016 3678 tem
2041 3632 2146 3677 erat
2187 3620 2416 3678 Christus
2455 3621 2569 3691 (Id.
2599 3637 2668 3685 x,
2695 3619 2774 3692 4).
2805 3620 3000 3676 Notum
3029 3629 3113 3676 est
3150 3628 3329 3675 autem
3369 3617 3508 3674 ﬁlios

1919 3715 2080 3770 Israel
2113 3723 2265 3784 petra
2294 3729 2549 3786 percussa
2570 3713 2770 3769 bibisse
2795 3729 2987 3784 aquam
3018 3713 3069 3768 in
3100 3727 3282 3768 eremo
3313 3709 3505 3785 (Nam.

1919 3823 2014 3872 xx,
2044 3806 2133 3878 il)
2159 3847 2173 3873 ,
2204 3805 2272 3861 de
2311 3805 2506 3876 quibus
2531 3803 2850 3876 loquebatur
2885 3803 3172 3874 Apostolus
3192 3845 3207 3870 ,
3237 3817 3358 3858 cum
3389 3802 3508 3862 hare

1921 3901 2158 3967 diceret;
2189 3915 2289 3955 nec
2311 3907 2487 3954 tamen
2514 3899 2608 3964 ait,
2637 3898 2792 3954 Petra
2824 3897 3154 3969 signiﬁcabat
3192 3895 3503 3964 Christum;

1921 3995 2016 4052 sed
2041 3995 2135 4061 ait,
2164 3993 2321 4048 Petra
2346 4002 2454 4048 erat
2485 3991 2731 4048 Christus.
2763 3991 2892 4058 Qum
2916 4005 3101 4045 rursus
3126 4004 3195 4045 ne
3219 3988 3507 4045 carnaliter

1922 4088 2271 4157 acciperetur,
2295 4085 2628 4156 spiritualem
2655 4083 2797 4137 illam
2831 4091 3023 4149 vocat;
3054 4079 3104 4136 id
3130 4088 3232 4147 est,
3263 4095 3380 4135 eam
3406 4078 3510 4149 spi-

1924 4181 2187 4237 ritualiter
2232 4179 2447 4248 intelligi
2477 4177 2653 4232 docet.
2693 4175 2936 4246 Longum
2965 4183 3082 4240 est,
3126 4181 3182 4229 et
3220 4187 3362 4228 nunc
3404 4185 3510 4225 non

1925 4273 2284 4330 necessarium
2306 4314 2320 4339 ,
2349 4280 2683 4326 sacramenta
2725 4267 2965 4339 ejusdem
3003 4266 3158 4336 Legis
3200 4278 3469 4334 exponere
3495 4303 3513 4329 ,

1927 4366 2028 4420 nisi
2057 4379 2177 4420 cum
2221 4363 2455 4418 breviter
2480 4362 2706 4431 possint:
2735 4356 2944 4414 Sufﬁcit
2977 4366 3153 4412 autem
3181 4363 3238 4410 ut
3263 4353 3514 4409 noverint

1929 4457 2004 4513 illi
2031 4457 2119 4528 qui
2147 4455 2213 4511 de
2243 4454 2328 4510 his
2369 4453 2783 4516 calumniantur,
2811 4465 2918 4505 non
2947 4464 3010 4503 ea
3057 4461 3154 4502 nos
3195 4446 3266 4501 ita
3309 4444 3514 4500 intelli-

1927 4565 2076 4621 gere,
2109 4558 2166 4603 ut
2189 4549 2276 4602 illa
2301 4546 2475 4602 solent
2498 4545 2718 4601 irridere
2745 4562 2760 4611 ;
2784 4543 2877 4598 sed
2899 4539 3345 4613 quemadmodum
3367 4539 3519 4608 Apo-

1930 4642 2054 4697 stoli
2075 4641 2247 4697 omnia
2271 4639 2622 4708 intelligentes
2643 4652 2807 4708 pauca
2829 4642 3207 4707 exposuerunt,
3227 4641 3287 4688 ut
3305 4631 3371 4688 ad
3397 4646 3520 4687 eas-

1931 4733 2054 4790 dem
2083 4733 2292 4804 regulas
2315 4742 2504 4788 cmtera
2523 4731 2751 4802 posteris
2772 4728 3109 4800 intelligenda
3133 4727 3518 4797 relinquerent.

2007 4824 2233 4882 CAPUT
2250 4824 2459 4880 Xlll.—
2480 4826 2530 4879 l.
2558 4824 2634 4878 De
2657 4837 2722 4877 eo
2749 4821 2890 4893 quod
2913 4820 3166 4890 scriptum
3192 4819 3350 4874 estin
3377 4816 3513 4870 Deu-

1935 4920 2267 4986 teronomio,
2309 4917 2484 4972 Videte
2529 4933 2593 4971 ne
2625 4913 2987 4970 obliviscamini
3023 4921 3370 4967 testamentum
3423 4907 3522 4960 Dei

1938 5017 2088 5070 vestri
2115 5012 2250 5085 quod
2273 5011 2600 5082 conscripsit,
2629 5018 2675 5064 et
2703 5007 2902 5080 faciatis
2941 5005 3076 5061 vobis
3104 5005 3288 5076 effigies
3318 5010 3361 5056 et
3389 5001 3522 5053 ima-

1938 5111 2077 5182 gines
2102 5106 2286 5162 :addit
2313 5106 2472 5161 etiam
2499 5102 2704 5167 dicens,
2729 5099 2867 5154 Deus
2891 5107 3053 5152 vester
3082 5095 3216 5166 ignis
3245 5102 3315 5148 est
3357 5091 3486 5144 edax
3507 5131 3527 5157 ,

1939 5211 1985 5257 et
2013 5200 2152 5255 Deus
2179 5199 2350 5254 zelans
2374 5197 2550 5272 (Deut.
2581 5211 2656 5262 IV,
2687 5193 2780 5257 25,
2803 5189 2918 5265 ει).
2950 5190 3078 5246 Haec
3100 5187 3260 5242 verba
3286 5184 3352 5240 de
3376 5182 3527 5239 Scri-

1940 5291 2112 5364 pturis
2137 5290 2241 5346 hoc
2261 5288 2421 5346 modo
2447 5289 2538 5344 ille
2562 5286 2879 5343 Adimantus
2905 5278 3200 5353 proposuit.
3232 5277 3362 5347 Ejus
3381 5278 3529 5331 enim

1941 5387 2231 5444 calumnias
2254 5382 2560 5440 refutandas
2580 5378 3009 5446 refellendasque
3035 5370 3388 5442 suscepimus.
3415 5365 3527 5424 Sed

1943 5488 1999 5537 et
2038 5479 2148 5551 jam
2193 5475 2437 5548 superius
2485 5474 2552 5530 de
2594 5473 2708 5528 zelo
2752 5469 2845 5526 Dei
2891 5481 3012 5521 cum
3055 5463 3514 5541 calumniaretur,

1944 5580 2073 5643 puto
2097 5571 2226 5626 satis
2251 5583 2371 5625 esse
2409 5579 2745 5638 responsum.
2778 5557 3179 5616 Meminerimus
3205 5564 3384 5611 tamen
3414 5563 3527 5606 non

1945 5640 2121 5719 solum
2148 5663 2258 5729 ibi,
2287 5659 2382 5716 sed
2411 5660 2571 5715 etiam
2616 5654 2702 5709 hic
2727 5694 2743 5720 ,
2774 5653 2852 5708 sic
2880 5665 3004 5706 cum
3046 5649 3114 5705 de
3144 5649 3259 5704 zelo
3289 5645 3384 5701 Dei
3427 5640 3533 5698 cri-

2011 5801 2028 5833 ί
2062 5800 2200 5874 editi,
2223 5804 2442 5862 sequente
2464 5807 2559 5862 eos.
2588 5791 2754 5852 Abest,
2777 5802 2876 5856 eos,
2891 5802 2919 5842 a
2939 5794 3047 5842 Mss.
3067 5793 3120 5839 et
3142 5800 3172 5839 a
3198 5793 3359 5850 graeco
3385 5780 3531 5830 textu

1949 5861 2362 5993 1|")()t?)uilit'etract.,
2387 5931 2494 5987 cap.
2511 5915 2591 5982 22,
2609 5928 2659 5968 n.
2682 5915 2733 5970 5.
