4082 6480
239 401 370 462 149

239 517 394 586 cide,
447 523 499 573 et
537 515 787 572 manduca
837 529 1034 572 omnem
1074 529 1298 586 carnem,
1338 514 1493 588 juxta
1532 499 1860 587 voluptatem.

241 627 411 681 quam
453 611 590 667 dedit
623 611 714 667 tibi
750 609 1018 666 Dominus.
1063 607 1194 676 Cave
1237 619 1402 666 autem
1449 625 1511 665 ne
1550 609 1844 682 sanguinem

239 705 566 772 manduces;
612 706 700 762 sed
730 704 930 774 effunde
971 713 1209 776 tanquam
1247 721 1427 778 aquam
1461 721 1616 776 super
1660 711 1844 758 terram

241 795 442 870 (Deut.
467 815 565 868 xu,
586 787 798 870 15,16).
817 797 912 855 His
931 795 1110 854 verbis
1128 795 1284 870 Legis
1303 797 1614 854 Adimantus
1634 804 1843 852 contra-

239 889 398 946 rium
427 905 547 948 esse
572 891 861 947 arbitratur
888 889 1030 962 quod
1067 889 1120 946 in
1147 889 1438 962 Evangelio
1465 887 1721 945 Dominus
1745 887 1839 958 ait,

239 984 340 1039 Ne
382 993 649 1058 graventur
688 984 1042 1046 cordavestra
1080 983 1344 1050 cruditate,
1389 991 1436 1037 et
1475 982 1764 1048 vinolentia,
1796 989 1844 1036 et

237 1075 392 1130 curis
435 1075 760 1132 steculuribus
792 1073 941 1148 (Luc.
973 1091 1085 1142 χχι,
1117 1072 1221 1146 54)
1259 1091 1274 1132 :
1306 1081 1358 1130 et
1401 1073 1542 1145 quod
1583 1073 1657 1128 ait
1695 1073 1842 1143 Apo-

239 1173 448 1240 stolus,
477 1167 674 1226 Bonum
697 1181 770 1226 est
793 1189 894 1226 non
925 1170 1231 1225 manducare
1251 1185 1468 1234 carnem,
1501 1182 1657 1238 neque
1682 1165 1845 1221 bibere

237 1265 424 1318 vinum
459 1262 653 1334 (Rom.
697 1278 810 1330 xw,
854 1264 916 1318 Eii
945 1255 994 1336 );
1049 1269 1104 1319 et
1153 1262 1347 1318 iterum
1375 1304 1390 1330 ,
1465 1259 1587 1314 Non
1639 1257 1843 1330 potestis

237 1372 439 1411 mensi:
466 1353 675 1411 Domini
715 1357 1113 1422 communicare,
1164 1366 1208 1408 et
1253 1367 1438 1407 mensos
1480 1351 1842 1406 daemoniorum

237 1445 284 1518 (1
317 1447 442 1504 Cor.
469 1465 526 1518 κ,
553 1445 668 1522 21).
698 1447 805 1504 Nos
847 1455 1022 1504 autem
1069 1447 1248 1504 omnia
1292 1445 1426 1514 haec,
1472 1445 1586 1501 sive
1632 1459 1747 1516 quae
1787 1443 1841 1498 in

239 1539 456 1609 Veteri,
485 1543 600 1597 sive
625 1557 744 1614 qua:
771 1541 824 1596 in
849 1539 998 1596 Novo
1023 1539 1367 1596 Testamento
1390 1540 1584 1608 scripta
1613 1543 1757 1604 sunt,
1788 1541 1842 1592 et

237 1634 363 1690 suis
389 1635 562 1692 causis
589 1635 926 1706 exigentibus
947 1634 1118 1705 posita
1143 1633 1387 1699 dicimus,
1414 1641 1470 1687 et
1496 1629 1595 1686 sibi
1618 1629 1841 1686 adversa

237 1741 364 1781 non
389 1741 504 1782 esse
537 1733 918 1781 monstramus.
954 1725 1268 1796 Quanquam
1296 1733 1349 1780 et
1381 1723 1495 1794 ipse
1524 1724 1576 1777 in
1607 1721 1689 1777 his
1716 1737 1840 1780 ver-

239 1818 342 1874 bis
371 1836 483 1892 qua:
509 1819 688 1890 posuit
713 1819 782 1875 de
803 1817 986 1875 Veteri
1015 1817 1378 1884 Testamento,
1419 1813 1840 1872 animadvertere

237 1913 439 1985 potuit,
487 1931 594 1970 non
640 1912 706 1970 ad
749 1911 1153 1970 immoderatam
1189 1911 1532 1968 voracitatem
1575 1909 1840 1980 pertinere

237 2007 386 2080 quod
407 2007 608 2064 dictum
639 2015 743 2075 est,
773 2005 1064 2062 Secundum
1094 1999 1396 2060 desiderium
1425 2003 1609 2057 animo:
1634 2009 1734 2056 tua:
1756 2017 1840 2055 oc-

235 2099 371 2166 cide,
407 2109 456 2154 et
501 2099 754 2154 manduca
793 2113 988 2154 omnem
1024 2114 1263 2163 carnem;
1305 2094 1516 2168 quando
1551 2093 1809 2165 sequitur,

235 2191 386 2260 iuxta
413 2192 725 2263 voluptatem
753 2207 903 2260 quam
932 2187 1070 2244 dedit
1099 2189 1187 2244 tibi
1206 2185 1476 2243 Dominus.
1509 2184 1840 2242 Immodera-

235 2295 346 2342 tam
376 2287 522 2342 enim
569 2286 895 2356 voluptatem
936 2299 1042 2340 non
1072 2281 1219 2339 dedit
1259 2281 1353 2338 tibi
1399 2279 1688 2348 Dominus,
1739 2277 1836 2334 sed

235 2385 438 2450 quanta
469 2377 848 2434 sustentationi
877 2385 1082 2434 natura:
1111 2375 1372 2446 salutique
1400 2371 1648 2429 sufﬁciat.
1679 2368 1837 2440 Quis-

237 2472 355 2540 quis
379 2478 560 2527 autem
591 2471 833 2542 sequitur
861 2467 1264 2525 immoderatam
1285 2465 1648 2534 voracitatem,
1681 2478 1840 2520 suum

239 2563 424 2616 vitium
447 2563 714 2634 sequitur,
747 2579 855 2618 non
883 2577 1002 2616 eam
1025 2560 1352 2631 voluptatem
1376 2573 1533 2629 quam
1561 2554 1707 2612 dedit
1733 2555 1840 2611 Do-

239 2653 412 2708 minus
442 2671 458 2708 :
487 2663 540 2708 et
569 2653 693 2709 ideo
721 2668 828 2708 non
856 2659 938 2709 est
957 2649 1283 2708 contrarium
1304 2647 1446 2721 quod
1466 2648 1520 2704 in
1547 2647 1839 2720 Evangelio

240 2745 470 2817 positum
497 2755 602 2814 est,
635 2745 758 2801 Non
782 2756 1052 2818 graventur
1077 2741 1234 2799 corda
1275 2751 1435 2798 vestra
1477 2739 1750 2806 cruditate,
1794 2745 1842 2794 et

241 2839 540 2906 vinolentia,
569 2849 614 2892 et
634 2840 770 2894 curis
795 2837 1140 2894 stecularibus.
1163 2835 1299 2892 Cum
1320 2835 1461 2891 enim
1489 2833 1712 2905 quisque
1731 2847 1840 2888 non

241 2931 408 3001 replet
433 2930 540 2986 nisi
570 2945 692 2986 eam
721 2929 1047 3002 voluptatem
1089 2945 1248 3001 quam
1285 2927 1544 2984 Dominus
1571 2924 1738 2993 dedit,
1784 2919 1848 2980 id

243 3031 360 3092 est,
405 3023 710 3080 modestam
755 3031 916 3094 atque
939 3019 1278 3089 "naturalem,
1315 3035 1422 3077 non
1461 3025 1708 3092 gravatur
1745 3031 1840 3076 cor

233 3111 354 3186 ‘ejus
379 3115 670 3181 cruditate,
698 3124 754 3171 et
781 3115 1094 3182 vinolentia,
1119 3123 1174 3170 et
1199 3114 1342 3170 curis
1368 3109 1731 3167 smeularibus.

307 3209 362 3264 2.
409 3210 486 3266 De
510 3225 678 3266 carne
723 3219 906 3267 autem
950 3225 1056 3264 non
1101 3203 1468 3263 manducanda
1509 3213 1564 3262 et
1607 3219 1716 3260 non
1755 3201 1841 3261 bi-

243 3303 418 3360 bendo
439 3303 567 3360 vino
593 3303 739 3376 quod
762 3303 837 3358 ait
854 3301 1160 3374 Apostolus,
1191 3316 1295 3356 non
1314 3299 1436 3370 quia
1459 3297 1545 3354 illa
1569 3295 1844 3353 immunda

241 3397 536 3454 arbitratus
562 3407 670 3466 est,
703 3393 808 3452 hoc
838 3394 1109 3466 praecepit,
1141 3393 1276 3450 sicut
1303 3389 1390 3448 isti
1429 3390 1743 3458 exstimant,
1788 3393 1845 3444 et

243 3497 486 3544 errantes
517 3489 574 3544 in
600 3503 844 3544 errorem
871 3485 1224 3558 praecipitant,
1253 3483 1446 3555 quibus
1471 3483 1598 3538 talia
1627 3495 1846 3554 persua-

243 3591 430 3638 serunt
457 3601 470 3636 :
503 3581 604 3638 sed
637 3596 762 3638 cum
791 3583 905 3652 ipse
935 3580 1174 3652 posuerit
1199 3592 1414 3634 causam
1436 3591 1530 3633 cur
1563 3577 1665 3632 hoc
1690 3574 1846 3632 dixe-2

243 3675 334 3740 rit,
363 3691 472 3732 non
499 3684 586 3732 est
613 3675 770 3731 nobis
807 3674 925 3730 huic
963 3671 1357 3744 interpretanda
1403 3669 1488 3726 vel
1531 3667 1845 3740 exponenda

241 3769 538 3824 sententia.
580 3767 791 3824 Sufﬁcit
829 3769 972 3826 enim
1013 3767 1186 3838 ipsum
1229 3765 1296 3822 de
1327 3761 1569 3836 Apostoli
1607 3761 1848 3834 Epistola

241 3870 418 3920 totum
451 3863 629 3920 locum
658 3864 779 3918 huic
803 3863 1038 3920 sermoni
1065 3870 1376 3927 contexere,
1405 3868 1462 3916 ut
1481 3867 1534 3916 et
1558 3873 1715 3914 causa
1743 3871 1849 3912 ma-

239 3957 450 4013 nifeste
476 3965 836 4028 appareatcur
856 3956 957 4012 hoc
979 3955 1262 4026 Apostolus
1288 3953 1517 4018 dixerit;
1549 3959 1603 4006 et
1623 3951 1850 4006 istorum

241 4047 444 4114 fraus,
473 4049 570 4120 qui
595 4049 869 4118 particulas
895 4047 1155 4119 quasdam
1199 4045 1266 4102 de
1295 4043 1582 4116 Scripturis
1623 4041 1848 4114 eligunt,

241 4143 460 4216 quibus
504 4140 768 4211 decipiant
809 4141 1107 4212 imperitos,
1149 4155 1256 4196 non
1305 4145 1686 4196 connectentes
1731 4148 1851 4206 quas

246 4249 424 4306 supra
453 4243 510 4290 et
535 4232 674 4290 infra
697 4235 894 4305 scripta
923 4243 1068 4300 sunt,
1097 4248 1165 4288 ex
1189 4231 1382 4304 quibus
1407 4230 1657 4285 voluntas
1683 4233 1738 4283 et
1765 4225 1851 4282 in-

251 4329 424 4384 tentio
463 4327 744 4398 scriptoris
771 4327 941 4397 possit
983 4324 1224 4394 intelligi.
1261 4323 1352 4380 Sic
1397 4336 1526 4393 ergo
1564 4317 1853 4392 Apostolus

252 4421 328 4476 ait
358 4439 372 4478 :
405 4419 687 4490 Inﬁrmum
716 4427 885 4474 autem
903 4420 956 4473 in
983 4419 1084 4487 ﬁde
1115 4416 1342 4486 recipite,
1371 4431 1474 4470 non
1507 4413 1562 4467 in
1591 4411 1850 4483 dijudica-

255 4514 472 4568 tionibus
493 4513 510 4544 ¹
541 4513 925 4584 cogitationum.
952 4510 1094 4565 Alius
1122 4508 1326 4580 quidem
1363 4507 1520 4561 credit
1549 4505 1856 4560 manducare

255 4608 460 4660 omnia'
494 4622 514 4662 :
543 4606 630 4678 qui
655 4614 826 4660 autent
850 4603 1082 4676 inﬁrmus
1110 4611 1204 4670 est,
1233 4599 1375 4656 olera
1401 4595 1724 4654 manducet“.
1756 4593 1857 4663 Qui

257 4699 556 4768 mnducat,
597 4715 702 4754 non
736 4697 1128 4754 manducantem
1161 4711 1264 4750 non
1289 4700 1536 4764 spernat;
1565 4697 1612 4746 et
1637 4687 1724 4762 qui
1753 4703 1856 4744 non

260 4792 558 4859 manducat,
590 4791 980 4846 manducantem
1008 4806 1109 4844 non
1127 4787 1323 4860 iudicet
1348 4801 1367 4840 :
1391 4783 1528 4839 Deus
1556 4781 1686 4838 enim
1711 4779 1859 4834 illum

257 4885 466 4954 recepit.
503 4881 592 4936 Tu
615 4882 729 4950 quis
753 4899 840 4950 es,
875 4881 964 4954 qui
992 4879 1194 4950 judices
1227 4877 1450 4932 alienum
1485 4867 1720 4927 servum?
1750 4865 1860 4926 Suo

259 4975 462 5032 ῶτιιὲηο
475 4985 600 5044 stat,
617 4986 706 5032 aut
721 4976 880 5032 cadit.
911 4975 1077 5032 Stabit
1095 4983 1262 5030 autem
1283 4989 1302 5028 :
1319 4979 1494 5044 potens
1513 4979 1586 5026 est
1603 4967 1735 5024 enim
1753 4965 1861 5020 Da-

253 5073 424 5126 minus
439 5079 662 5125 statuere
685 5069 854 5142 illum.
870 5068 1016 5124 Atius
1035 5065 1236 5139 quidem
1251 5063 1454 5137 judicat
1479 5061 1701 5116 alternos
1728 5057 1858 5126 dies,

263 5163 390 5218 caus
401 5171 575 5216 autem
577 5161 604 5234 j
609 5161 778 5216 udicat
793 5175 990 5216 omnem
1001 5159 1151 5214 diem.
1177 5155 1529 5227 Unusquisque
1538 5153 1592 5208 in
1603 5168 1696 5208 suo
1711 5167 1861 5208 sensu

257 5255 498 5310 abundet.
523 5254 622 5322 Qui
639 5253 938 5326 sapitdiem,
957 5249 1174 5307 Domino
1187 5249 1412 5318 sapit:et
1436 5245 1525 5318 qui
1546 5243 1820 5299 mand'ucat
1844 5284 1862 5314 ,

265 5345 485 5402 Domino
519 5347 827 5412 manducat;
866 5345 1056 5418 gratias
1094 5343 1227 5399 enim
1252 5341 1357 5412 agit
1387 5335 1494 5393 Deo
1523 5379 1536 5392 .
1562 5343 1609 5392 et
1643 5335 1735 5407 ,qui
1763 5331 1866 5430 non

263 5444 564 5510 manducal,
591 5440 812 5496 Domino
841 5455 945 5495 non
969 5438 1262 5503 manducat,
1297 5443 1343 5490 et
1369 5431 1559 5506 gratias
1589 5425 1692 5503 agit
1729 5423 1864 5508 Deo}

269 5530 434 5590 Nemo
461 5533 598 5589 enim
623 5541 854 5589 nostrum
870 5529 964 5586 sibi
989 5531 1126 5596 vivit,
1144 5538 1190 5584 et
1215 5542 1358 5582 nemo
1376 5525 1470 5582 sibi
1484 5523 1718 5579 moritur.
1745 5515 1869 5606 Sive

327 5683 350 5715 ι
383 5683 527 5744 aditi,
549 5683 604 5736 in
625 5681 1058 5744 disceptationibus.
1079 5677 1328 5742 uss'xero,
1346 5677 1400 5730 in
1421 5673 1866 5741 dijudicationibus.

269 5749 434 5795 Graece
459 5753 557 5804 est,
580 5745 653 5796 eis
667 5745 940 5796 dialtriset's.

331 5809 354 5839 ³
387 5814 442 5855 In
460 5805 626 5868 editis,
651 5807 948 5859 manducare
983 5821 1032 5866 se
1056 5806 1230 5858 onmia.
1257 5806 1439 5866 mbost,
1479 5816 1546 5864 se,
1583 5815 1612 5853 a
1635 5808 1742 5854 MSS.
1770 5806 1822 5852 et
1843 5811 1874 5852 a

277 5881 457 5934 graeco.

335 5933 358 5967 ³
388 5937 522 5994 155.,
539 5929 820 5982 manducat.

1676 393 1882 458 LIBER
1918 399 2117 460 UNUS.

3429 407 3534 471 150

1956 517 2086 572 enim
2105 515 2332 588 vivimus,
2364 513 2584 574 Domino
2607 517 2857 586 vivimus;
2888 519 2988 576 sive
3012 523 3271 593 morimur,
3315 525 3536 584 Domino

1951 609 2214 664 morimur.
2240 609 2360 666 Sive
2383 625 2500 683 ergo
2527 609 2756 679 vivimus,
2778 611 2881 668 sive
2909 615 3174 686 morimur,
3203 607 3412 674 Domini
3453 637 3528 676 su-

1949 717 2081 756 mus.
2111 699 2194 757 Ad
2214 701 2306 757 hoc
2331 703 2461 758 enim
2490 701 2718 761 Christus
2742 709 2966 764 mortuus
2993 717 3100 775 est,
3129 719 3184 766 ut
3216 721 3528 767 mortuorum

1948 799 1996 848 et
2013 793 2238 850 vivorum
2272 795 2572 853 dominetur.
2606 793 2684 852 Tu
2705 807 2890 868 autem,
2919 815 3074 872 quare
3089 803 3294 875 judicas
3322 809 3534 877 fratrem

1949 883 2137 938 tuum?
2163 893 2253 940 aut
2273 893 2325 940 tu
2351 903 2506 958 quare
2529 889 2723 960 spernis
2743 895 2951 963 fratrem
2979 895 3158 950 tuum?
3189 893 3374 951 Omnes
3398 897 3532 952 enim

1947 978 2190 1034 stabimus
2205 989 2321 1036 ante
2346 980 2564 1036 tribunal
2581 981 2804 1040 Domini.
2831 985 3095 1058 Scriptum
3116 999 3186 1043 est
3207 991 3340 1045 enim
3362 1006 3381 1046 :
3407 989 3526 1046 Vive

1948 1088 2062 1144 ego,
2096 1071 2218 1128 dicit
2245 1071 2513 1140 Dominus,
2542 1075 2662 1144 quia
2685 1073 2811 1130 mihi
2838 1078 3094 1134 curvabit‘
3127 1097 3273 1136 omne
3300 1097 3452 1153 genu,
3485 1091 3533 1138 et

1947 1166 2267 1236 conﬁtebitur
2299 1167 2460 1222 omnis
2486 1167 2658 1239 lingua
2692 1167 2822 1223 Deo.
2853 1169 3021 1242 Igitur
3059 1175 3398 1245 unusquisque
3435 1191 3532 1230 nov

1949 1263 2080 1312 trum
2103 1276 2196 1330 pro
2224 1275 2277 1314 se
2297 1257 2542 1314 rationem
2563 1259 2754 1314 reddet.
2788 1259 2908 1316 Non
2934 1279 3050 1335 ergo
3079 1264 3298 1335 amplius
3322 1267 3534 1322 invicem

1939 1351 2228 1424 judicemus
2257 1369 2275 1408 :
2301 1356 2390 1409 sed
2420 1357 2513 1410 hu
2537 1357 2696 1430 magis
2711 1355 2963 1428 judicate,
3004 1375 3066 1416 ne
3096 1360 3294 1431 ponatis
3317 1357 3534 1428 aliendi-

1945 1445 2118 1500 culum
2150 1455 2236 1501 aut
2269 1447 2566 1504 scandalum
2605 1449 2868 1522 fratribus.
2910 1450 3033 1508 Scio
3067 1463 3112 1508 et
3139 1461 3302 1510 certus
3326 1470 3438 1510 sum
3477 1455 3534 1508 in

1945 1531 2166 1594 Domino
2186 1537 2334 1610 Iesu,
2360 1541 2478 1611 quia
2507 1539 2638 1597 nihil
2665 1559 2928 1598 commune
2951 1559 3042 1616 per
3060 1543 3226 1612 illum,
3250 1543 3348 1600 nisi
3373 1545 3416 1600 ei
3445 1545 3536 1618 qui

1945 1639 2090 1702 putat
2111 1632 2305 1704 aliquid
2331 1651 2439 1692 esse
2461 1651 2745 1704 commune,
2782 1636 2862 1692 illi
2897 1653 3158 1693 commune
3184 1645 3274 1694 est.
3306 1635 3447 1692 Nam
3487 1635 3536 1694 si

1946 1733 2150 1796 prapter
2175 1743 2341 1781 escam
2373 1715 2532 1800 frater
2560 1737 2675 1785 tuus
2711 1730 3054 1800 contristatur,
3085 1731 3200 1802 jam
3221 1747 3323 1786 non
3349 1747 3532 1788 secun-

1945 1813 2066 1870 dum
2096 1815 2391 1874 charitatem
2421 1820 2670 1876 ambulas.
2697 1817 2826 1876 Noli
2859 1821 2912 1876 in
2947 1837 3058 1876 esca
3098 1829 3188 1876 tua
3228 1821 3376 1876 illum
3419 1837 3536 1892 per-

1944 1907 2082 1978 dere,
2113 1927 2205 1982 pro
2225 1928 2324 1981 quo
2343 1911 2573 1969 Christus
2597 1923 2826 1970 mortuus
2865 1923 2956 1970 est.
2991 1913 3114 1970 Non
3146 1930 3263 1986 ergo
3300 1913 3536 1984 blasphe-

1943 2011 2108 2058 metur
2142 2005 2328 2060 bonum
2371 2017 2615 2062 nostrum.
2661 2005 2783 2062 Non
2812 2015 2884 2064 est
2913 2009 3044 2064 enim
3073 2025 3282 2082 regnum
3303 2007 3400 2062 Dei
3424 2024 3538 2063 esca

1945 2101 1991 2150 et
2018 2103 2203 2164 potus;
2245 2097 2334 2152 sed
2370 2097 2584 2167 iustitia,
2635 2109 2682 2154 et
2722 2117 2842 2170 pax,
2877 2109 2924 2155 et
2954 2101 3198 2172 gaudium
3239 2101 3293 2154 in
3333 2097 3536 2172 Spiritu

1943 2197 2135 2243 sancto.
2169 2189 2269 2256 Qui
2293 2191 2425 2244 enim
2453 2191 2504 2245 in
2533 2192 2628 2246 hoc
2665 2195 2816 2248 servit
2854 2191 3070 2260 Christo,
3114 2193 3275 2264 placet
3317 2192 3448 2262 Deo,
3487 2199 3538 2248 et

1943 2278 2182 2350 probatus
2206 2290 2278 2338 est
2305 2282 2606 2338 hominibus.
2637 2281 2818 2355 Itaque
2837 2301 2950 2354 qua:
2968 2287 3107 2357 pacis
3127 2295 3242 2341 sunt
3267 2294 3532 2354 sectemur,

1943 2377 1992 2426 et
2017 2387 2129 2444 qua:
2151 2371 2220 2426 ad
2253 2373 2641 2444 azdi/icationem
2671 2385 2788 2430 sunt
2822 2375 2877 2431 in
2916 2377 3145 2432 invicem.
3177 2373 3304 2430 Noli
3333 2385 3537 2448 propter

1944 2479 2110 2534 eseam
2133 2467 2391 2540 destruere
2415 2486 2543 2538 opus
2567 2467 2682 2524 Dei.
2719 2469 2905 2525 Omnia
2947 2469 3146 2542 quidem
3181 2469 3406 2538 munda,
3445 2467 3537 2526 sed

1919 2558 2134 2626 ,malum
2163 2567 2234 2613 est
2269 2559 2462 2614 homini
2489 2562 2576 2632 qui
2607 2579 2696 2634 per
2740 2563 3067 2630 offensionem
3110 2564 3402 2620 manducat.
3433 2561 3538 2619 Bo-

1943 2665 2067 2703 num
2106 2658 2178 2704 est
2219 2667 2320 2706 non
2360 2651 2667 2709 manducare
2708 2672 2934 2724 carnem,
2959 2672 3120 2727 neque
3144 2655 3308 2711 bibere
3339 2657 3534 2724 vinum,

1945 2758 2102 2814 neque
2130 2743 2182 2797 in
2209 2761 2306 2814 quo
2333 2747 2492 2816 frater
2512 2756 2628 2802 tuus
2649 2747 2948 2816 offenditur.
2983 2749 3058 2804 Tu
3077 2749 3230 2819 ﬁdem
3257 2766 3410 2820 quam
3437 2747 3536 2804 ha-

1943 2835 2031 2894 bes
2057 2856 2210 2910 penes
2234 2843 2569 2914 temetipsum,
2597 2843 2722 2900 habe
2747 2861 2920 2900 coram
2951 2843 3080 2899 Deo.
3113 2843 3302 2899 Beatus
3325 2844 3412 2915 qui
3437 2859 3540 2900 non

1937 2932 2138 3005 judicat
2163 2937 2486 3007 semetipsum
2505 2937 2559 2991 in
2584 2953 2682 3008 quo
2703 2939 2902 3009 probat.
2931 2938 3030 3004 Qui
3053 2947 3218 2992 autem
3241 2935 3534 3004 discernit’,

1945 3027 1992 3084 si
2017 3029 2420 3100 manducauerit,
2448 3029 2716 3086 damnatus
2753 3040 2848 3098 est,
2885 3031 3005 3102 quia
3028 3046 3128 3088 non
3149 3046 3212 3086 ea:
3235 3031 3350 3098 ﬁde.
3377 3028 3539 3084 Omne

1945 3130 2116 3180 autem
2138 3122 2273 3194 quod
2301 3139 2404 3178 non
2429 3133 2502 3178 est
2537 3139 2602 3178 ea:
2633 3124 2756 3192 ﬁde,
2803 3132 3062 3194 peccatum
3095 3131 3166 3178 est
3203 3121 3378 3196 (Rom.
3401 3123 3536 3191 xw).

1947 3213 2214 3286 Numquid
2245 3223 2366 3286 eget
2393 3215 2708 3286 cujusquam
2747 3213 3204 3285 interpretatione,
3245 3221 3303 3268 ut
3345 3212 3542 3268 intelli-

1947 3315 2103 3378 gatur
2127 3321 2222 3362 cur
2238 3307 2341 3364 hoc
2361 3307 2650 3378 Apostolus
2668 3307 2866 3364 dixerit
2890 3324 2906 3374 ;
2934 3315 2990 3362 et
3010 3315 3208 3378 quanta
3237 3307 3310 3361 illi
3336 3305 3544 3362 malitia

1949 3396 2020 3456 de
2045 3398 2338 3470 Scripturis
2368 3409 2516 3456 certa
2559 3415 2786 3472 quaeque
2811 3399 3150 3472 discerpunt,
3200 3398 3393 3469 quibus
3431 3397 3542 3452 cir-

1947 3491 2294 3548 cumveniant
2329 3490 2642 3562 imperitos?
2685 3489 2821 3552 Nam
2866 3498 2921 3548 et
2957 3490 3156 3546 munda
3201 3503 3320 3546 esse
3362 3487 3544 3544 omnia

1949 3581 2084 3646 dixit
2109 3584 2398 3654 Apostolus
2417 3583 2714 3642 secundum
2737 3581 2936 3650 ﬁdem;
2959 3590 3012 3638 et
3037 3581 3086 3637 ei
3103 3595 3222 3636 esse
3247 3578 3542 3648 immunda,

1950 3676 2040 3750 qui
2071 3686 2220 3748 putat
2255 3677 2530 3733 immunda
2558 3694 2572 3733 :
2601 3683 2658 3734 et
2693 3685 2820 3734 tunc
2847 3691 2966 3732 esse
3005 3675 3072 3731 ab
3115 3673 3196 3730 eis
3235 3682 3542 3743 temperan-

1951 3767 2098 3838 dum,
2131 3784 2252 3824 cum
2283 3784 2379 3840 per
2403 3767 2755 3826 offensionem
2793 3767 3144 3836 accipiuntur,
3191 3763 3242 3818 id
3287 3772 3388 3830 est,
3419 3777 3546 3819 cum

1952 3862 2148 3932 aliquis
2171 3861 2416 3918 inﬁrmus
2445 3869 2598 3931 putat
2623 3859 2727 3916 sibi
2751 3858 2820 3914 ab
2849 3857 3097 3914 omnibus
3125 3855 3375 3912 carnibus
3411 3863 3547 3910 tem-

1953 3953 2282 4023 perandum,
2327 3968 2398 4010 ne
2443 3951 2645 4008 incidat
2685 3951 2740 4008 in
2769 3966 2983 4008 carnem
3025 3949 3450 4014 immolatitiam;
3491 3955 3550 4004 et

1953 4044 2075 4102 ideo
2099 4059 2224 4102 eum
2253 4045 2344 4118 qui
2372 4043 2680 4112 manducat.
2711 4049 2890 4114 potest
2924 4042 3174 4099 arbitrari
3207 4043 3260 4096 in
3287 4041 3550 4098 honorem

1955 4135 2222 4194 idolorum
2267 4134 2320 4192 id
2363 4135 2560 4202 facere,
2591 4143 2648 4192 et
2684 4149 2752 4192 ex
2785 4149 2852 4190 eo
2890 4131 3123 4206 graviter
3150 4131 3348 4188 oﬁ‘endi
3381 4148 3394 4186 :
3427 4145 3551 4206 cum

1955 4228 2070 4300 ipsa
2097 4227 2431 4284 immolatitia
2457 4241 2605 4296 caro,
2635 4227 2680 4282 si
2706 4241 2774 4282 ex
2800 4225 2906 4282 ﬁde
2945 4240 2976 4279 a
3023 4223 3294 4282 nesciente
3319 4223 3554 4294 accipia-

1957 4328 2064 4390 tur,
2086 4319 2360 4377 neminem
2385 4319 2637 4376 maculet.
2657 4315 2810 4376 Unde
2829 4317 2936 4374 alio
2962 4317 3081 4374 loco
3107 4303 3249 4372 idem
3280 4313 3555 4385 apostolus

1957 4413 2278 4484 interrogari
2303 4420 2466 4480 vetat,
2497 4426 2618 4468 cum
2639 4407 2767 4482 quid
2792 4408 2861 4464 de
2884 4407 3109 4464 macello
3133 4408 3350 4473 emitur,
3378 4405 3464 4462 vel
3485 4405 3554 4462 ab

1959 4508 2140 4578 aliquo
2165 4505 2366 4562 inﬁdeli
2387 4504 2668 4576 quisquam
2695 4511 2934 4570 vocatus,
2963 4503 3016 4557 in
3047 4517 3233 4558 mensa
3263 4501 3380 4572 ejus
3407 4501 3559 4558 exhi-

1959 4599 2076 4656 beri
2105 4598 2206 4656 sibi
2234 4611 2426 4654 carnes
2455 4595 2621 4663 videt,
2653 4609 2786 4666 quas
2826 4594 2914 4650 isti
2961 4592 3265 4672 immundas
3294 4591 3560 4648 arbitran-

1961 4699 2070 4758 tur,
2098 4704 2206 4747 non
2227 4695 2446 4761 propter
2469 4685 2912 4754 immolationem,
2945 4683 3040 4740 sed
3059 4684 3182 4755 quia
3202 4698 3389 4740 carnes
3410 4689 3558 4750 sunt,

1961 4796 2086 4838 cum
2115 4779 2403 4853 Apostolus
2426 4779 2621 4836 clamet
2648 4778 2826 4834 omnia
2856 4775 3053 4832 munda
3079 4791 3217 4842 esse,
3257 4783 3311 4830 et
3346 4789 3560 4830 omnem

1965 4883 2264 4930 creaturam
2287 4872 2384 4928 Dei
2419 4872 2616 4928 bonam
2649 4883 2791 4936 esse,
2822 4877 2878 4926 et
2901 4865 3078 4924 omnia
3123 4865 3438 4925 sanetiﬁcari
3467 4880 3562 4936 per

1964 4967 2187 5046 verbum
2209 4973 2264 5022 et
2283 4965 2582 5022 orationem
2611 4982 2624 5019 :
2657 4971 2711 5020 et
2736 4972 2912 5020 tamen
2940 4962 3344 5034 temperandum
3366 4959 3432 5015 ab
3458 4957 3557 5028 eis,

1966 5059 2014 5118 si
2038 5059 2158 5131 quis
2179 5057 2316 5114 forte
2338 5055 2582 5114 inﬁrmus
2598 5053 2902 5114 oﬂ'enditur.
2929 5053 2996 5112 Et
3010 5054 3240 5127 quodam
3271 5053 3387 5106 loco
3407 5065 3567 5122 aper-

1967 5135 2175 5208 tissime
2220 5149 2353 5206 istos
2397 5147 2734 5220 signiﬁcavit,
2779 5162 2902 5204 cum
2946 5146 3103 5214 dicit,
3150 5145 3205 5208 in
3253 5141 3565 5198 novissimis

1967 5243 2305 5316 temporibus
2321 5239 2532 5298 futuros
2561 5240 2821 5312 quosdam
2849 5227 3194 5311 prohibentes
3221 5235 3448 5304 nubere,
3471 5235 3568 5291 ab-

1969 5338 2229 5417 stinentes
2265 5349 2298 5392 a
2337 5335 2472 5392 cibis
2511 5351 2644 5406 quos
2675 5335 2819 5392 Deus
2843 5331 3040 5390 creavit
3071 5328 3272 5414 (lTim.
3309 5347 3384 5400 iv,
3418 5327 3565 5404 1-5).

1973 5411 2083 5488 Hos
2109 5429 2250 5486 enim
2272 5427 2490 5498 pr0prie
2509 5425 2769 5498 designat,
2797 5424 2886 5496 qui
2915 5438 3022 5480 non
3051 5411 3570 5494 proptereatempe-

1971 5501 2096 5600 :rant
2114 5535 2143 5574 a
2167 5518 2302 5576 cibis
2326 5517 2538 5584 talibus,
2567 5525 2628 5572 ut
2655 5524 2748 5572 aut
2771 5509 3266 5584 concupiscentiam,
3292 5531 3446 5570 suam
3479 5528 3570 5570 re-

1975 5615 2208 5683 frenent,
2239 5621 2331 5668 aut
2355 5609 2645 5668 inﬁrmitati
2665 5607 2884 5664 alterius
2903 5616 3148 5680 parcant,
3171 5607 3267 5666 sed
3285 5607 3407 5679 quia
3427 5601 3574 5676 ipSas

1985 5797 1992 5802 '
2043 5771 2246 5866 inditi,
2267 5787 2562 5842 amabitur.
2585 5793 2644 5836 At.
2663 5791 2773 5838 uss.
2791 5786 3060 5849 ,curvabit.
3096 5795 3261 5840 Graec
3291 5790 3400 5847 est,
3425 5785 3568 5836 tiaris-

1981 5870 2298 5980 ⁹⁶ῗ²ἠίίιιιοι
2313 5922 2440 5976 Mss,
2465 5909 2726 5977 diiudicat.
