4082 6450
534 376 635 436 181

534 506 724 556 carnes
750 484 1051 547 immundas
1075 490 1280 556 putant,
1308 486 1363 535 et
1398 488 1581 532 earum
1618 475 1913 526 creatorem
1940 462 2109 556 Deum

537 602 657 647 esse
680 589 895 655 negant.
925 578 1033 635 Nos
1061 550 1236 631 autem
1262 580 1536 627 teneamus
1572 558 1916 631 apostolicam
1959 550 2122 655 disci-

539 642 1070 753 plinamvdicentem,
1100 665 1243 739 quod
1294 660 1469 718 omnia
1530 652 1729 711 munda
1770 650 1877 706 sint
1912 642 2124 702 mundis

548 741 674 843 lTit.
706 783 745 833 l,
775 765 882 837 15),
921 770 1130 819 servata
1171 752 1536 812 moderatione
1563 741 1885 815 evangelica,
1918 748 1975 793 ut
2016 749 2124 790 non

541 830 829 930 graventur
843 830 1009 911 corda
1032 857 1213 905 nostra
1236 840 1518 907 cruditate,
1538 845 1595 893 et
1614 830 1923 897 vinolentia,
1946 836 2001 884 et
2024 841 2126 882 cu-

543 951 619 1005 ris
646 945 1011 1004 saecularibus.

618 1042 673 1097 5.
713 1040 843 1095 Nam
870 1037 1007 1091 idem
1033 1028 1161 1087 illud
1181 1025 1324 1099 quod
1349 1020 1635 1094 Apostolus
1650 1018 1743 1082 ait,
1771 1014 1894 1069 Non
1924 1009 2129 1083 potestis

548 1149 735 1191 mensa:
761 1127 966 1185 Domini
993 1121 1389 1181 communicare,
1422 1126 1468 1169 et
1497 1126 1682 1167 mensa:
1715 1105 2087 1161 daemoniorum
2111 1115 2131 1164 ,°

546 1242 656 1282 non
682 1224 835 1278 video
857 1235 951 1274 cur
971 1213 1342 1287 opponendum
1385 1209 1508 1262 lmic
1544 1206 1661 1259 loco
1691 1199 1867 1269 Legis,
1899 1206 1953 1250 et
1981 1190 2133 1263 quasi

548 1314 873 1372 contrarium
901 1306 1175 1364 Manichaei
1200 1318 1320 1359 esse
1339 1297 1684 1356 crediderint.
1726 1291 1841 1347 Non
1888 1287 2029 1342 enim
2064 1284 2134 1339 de

549 1402 998 1461 immolationibus
1026 1398 1137 1453 Lex
1166 1394 1417 1465 loquitur,
1464 1405 1585 1444 cum
1628 1387 1681 1441 in
1722 1376 2135 1438 Deuteronomio

548 1498 760 1564 dicitur,
789 1492 1077 1550 Secundum
1120 1486 1423 1542 desiderium
1464 1481 1647 1535 anima:
1691 1488 1791 1531 tua:
1838 1471 2043 1536 occide,
2091 1475 2138 1523 et

549 1590 802 1646 manduca
832 1601 1027 1641 omnem
1056 1597 1286 1644 carnem,
1311 1578 1463 1648 juxta
1494 1574 1796 1639 voluptatem
1824 1582 1973 1636 quam
2000 1560 2138 1616 dedit

552 1684 638 1736 tibi
666 1681 951 1741 Dominus;
990 1675 1083 1729 sed
1115 1673 1182 1727 de
1211 1669 1345 1725 cibis
1370 1666 1459 1737 qui
1497 1662 1766 1735 pertinent
1802 1657 1869 1712 ad
1909 1653 2140 1709 hominis

551 1774 884 1829 alimentum.
912 1768 1018 1824 Sed
1041 1764 1289 1835 quoniam
1317 1757 1594 1814 Manichmi
1616 1755 1773 1809 etiam
1799 1765 1920 1805 cum
1946 1747 2012 1801 ad
2045 1746 2142 1799 ho-

550 1867 710 1920 minis
740 1877 947 1919 cmnam
978 1872 1199 1929 quaque
1236 1850 1481 1909 animalia
1527 1853 1908 1919 praeparantur,
1949 1840 2141 1893 immo-

552 1960 805 2014 lationem
845 1970 961 2011 esse
1007 1952 1220 2015 dicunt;
1264 1944 1555 2003 secundum
1608 1954 1762 1995 suum
1814 1932 2141 1990 intellectum

553 2051 655 2106 ista
703 2046 967 2103 contraria
1010 2058 1128 2099 esse
1175 2044 1513 2110 putaverunt.
1569 2033 1856 2099 Propterea
1895 2032 1949 2079 ct
1990 2022 2141 2077 illum

555 2144 1107 2196 commemoraverunt
1150 2133 1346 2194 locum,
1405 2126 1493 2181 ubi
1531 2120 1818 2193 Apostolus
1866 2117 1959 2181 ait,
2016 2113 2143 2178 Quce

554 2233 818 2287 immolant
855 2227 1072 2289 Gentes,
1120 2221 1382 2277 daemoniis
1435 2217 1723 2280 immolant,
1751 2221 1796 2266 et
1842 2227 1944 2264 non
1994 2208 2141 2261 Deo:

555 2338 675 2379 eum
719 2320 1002 2392 Apostolus
1044 2314 1377 2389 apertissime
1423 2318 1491 2367 de
1534 2303 1762 2363 victimis
1812 2302 2141 2372 loqueretur,

556 2432 674 2488 quae
716 2417 769 2470 in
815 2413 1012 2481 templo
1054 2408 1346 2464 olleruntur
1392 2401 1753 2463 dmmonihus;
1805 2411 1913 2450 non
1948 2393 2017 2448 de
2061 2390 2145 2445 his

559 2486 697 2564 escis
732 2522 861 2577 quas
903 2504 1002 2560 sibi
1040 2502 1285 2558 homines
1325 2503 1644 2568 praeparant.
1687 2491 1776 2547 Sic
1801 2492 1942 2545 enim
1968 2486 2140 2542 dicit:

563 2600 699 2668 Quid
719 2599 876 2670 ergo?
902 2598 1014 2651 dico
1040 2596 1157 2665 quia
1187 2592 1339 2647 idolis
1363 2589 1676 2644 immolatum
1709 2592 1783 2639 est
1810 2580 2002 2650 aliquid
2021 2621 2035 2645 ,
2059 2584 2147 2631 aut

554 2692 746 2746 idolum
775 2688 1095 2759 estaliquid?
1126 2685 1231 2741 Sed
1259 2684 1377 2755 quia
1400 2696 1512 2752 qua:
1540 2678 1823 2740 immolant,
1855 2672 2141 2737 dcemoniis,

556 2793 603 2836 et
644 2800 743 2836 non
792 2781 898 2835 Deo
936 2778 1215 2833 immolant.
1250 2774 1389 2828 Nolo
1426 2788 1513 2827 vos
1560 2770 1723 2825 socios
1778 2764 2145 2821 dcentoniorum

558 2875 688 2943 fieri.
720 2873 837 2927 Non
876 2872 1079 2943 potestis
1119 2869 1325 2923 calicem
1366 2864 1571 2920 Domini
1612 2862 1807 2927 bibere,
1854 2867 1900 2913 et
1938 2856 2147 2911 calicem

559 2966 941 3019 da'moniorum.
974 2961 1095 3015 Non
1123 2958 1329 3030 potestis
1357 2970 1544 3011 mensa:
1572 2951 1779 3007 Domini
1817 2948 2144 3020 participare,

560 3067 609 3112 et
665 3070 850 3110 mensa:
906 3052 1291 3108 daemoniorum.
1342 3047 1424 3102 An
1473 3043 1775 3101 cemulamur
1825 3036 2149 3093 Dominum?

561 3148 827 3218 Numquid
854 3148 1083 3217 fortiores
1113 3144 1204 3198 illo
1237 3140 1449 3197 sumus?
1489 3138 1674 3193 Omnia
1702 3134 1839 3190 licita
1880 3139 2019 3197 sunt,
2060 3129 2149 3185 sed

559 3262 662 3300 non
688 3245 857 3298 omnia
878 3241 1146 3312 expediunt
1173 3255 1191 3294 :
1218 3236 1388 3292 omnia
1414 3234 1553 3288 licita
1573 3239 1712 3298 sunt,
1740 3228 1828 3283 sed
1854 3243 1954 3281 non
1975 3223 2147 3280 omnia

558 3336 835 3405 wdiﬁcant.’
881 3331 1045 3387 Nemo
1078 3330 1211 3401 quod
1237 3333 1487 3385 suumest
1525 3330 1738 3395 qucerat,
1788 3319 1875 3374 sed
1913 3317 1967 3371 id
2011 3314 2148 3385 quod

560 3426 789 3480 alterius.
822 3422 983 3478 Omne
1001 3421 1134 3492 quod
1162 3420 1215 3474 in
1242 3416 1453 3472 macello
1483 3415 1635 3480 venit,
1677 3410 1999 3474 manducatc,
2020 3405 2153 3461 nihil

558 3516 922 3587 interrogantes
970 3520 1175 3583 propter
1212 3507 1588 3563 conscientiam.
1642 3500 1849 3557 Domini
1900 3499 2033 3555 enim
2078 3505 2152 3553 est

562 3615 697 3663 terra
722 3617 767 3663 et
794 3605 1049 3679 plenitudo
1079 3605 1206 3676 ejus.
1244 3601 1303 3657 Si
1332 3599 1443 3669 quis
1470 3614 1558 3652 vos
1582 3594 1826 3651 vocaverit
1860 3608 1923 3647 ea:
1960 3588 2151 3659 inﬁde-

565 3699 716 3767 libus,
759 3708 804 3754 et
829 3697 1084 3753 volueritis
1110 3696 1223 3759 ire;
1263 3692 1435 3747 omnia
1476 3704 1590 3761 quia
1630 3695 1959 3756 apponuntur
1986 3681 2147 3750 vobis,

562 3798 894 3861 manducate,
932 3792 1059 3847 nihil
1086 3789 1423 3862 dijudicantes
1452 3791 1655 3856 propter
1681 3778 2055 3835 conscientiam.
2089 3775 2153 3831 Si

564 3889 678 3961 quis
705 3896 873 3941 autem
906 3884 1041 3939 vobis
1070 3882 1253 3936 dixerit
1291 3879 1410 3950 quia
1448 3877 1542 3930 hoc
1586 3871 1961 3927 immolatitium
2000 3868 2019 3899 ί
2047 3875 2150 3933 est;

566 3979 722 4033 nolite
760 3977 1094 4043 manducare,
1125 3981 1329 4043 propter
1354 3970 1500 4024 illum
1539 3966 1624 4037 qui
1652 3963 1927 4026 indicavit,
1961 3969 2006 4015 et
2036 3974 2156 4030 pro-

554 4054 678 4143 lpter
704 4070 1058 4125 conscientiam
1082 4082 1103 4120 :
1129 4064 1483 4119 conscientiam
1503 4066 1667 4112 autem
1694 4056 1827 4119 dico,
1860 4068 1959 4107 non
1991 4060 2151 4115 tuam,

563 4142 653 4221 scd
675 4164 899 4218 alterius.
931 4160 1100 4229 Quare
1124 4157 1256 4212 enim
1285 4155 1486 4209 libertas
1515 4165 1625 4204 mea
1642 4147 1907 4220 judicatur
1926 4143 1987 4198 ab
2010 4143 2113 4199 alia
2128 4142 2151 4174 ³

566 4255 911 4313 conscientia?
951 4253 1014 4309 Si
1050 4268 1140 4324 ego
1174 4266 1288 4304 cum
1329 4246 1493 4319 gratia
1520 4242 1789 4316 participe,
1821 4238 1999 4311 utquid
2042 4236 2154 4291 bla-

565 4350 822 4422 sphemor,
855 4362 946 4418 pro
974 4362 1072 4417 quo
1097 4344 1287 4415 gratias
1312 4341 1447 4411 ago?
1477 4337 1596 4393 Sive
1622 4336 1778 4407 igitur
1802 4329 2119 4386 manducatis
2136 4369 2153 4396 ,

566 4441 669 4496 sive
693 4439 874 4505 bibitis,
900 4439 1000 4492 sive
1027 4435 1376 4507 quodcumque
1404 4430 1599 4502 facitis,
1647 4427 1818 4482 omnia
1855 4425 1907 4477 in
1942 4422 2157 4494 gloriam

567 4530 665 4585 Dei
684 4530 835 4601 facite
860 4529 902 4601 (ι
932 4525 1051 4583 Cor.
1074 4543 1130 4593 ι,
1159 4524 1368 4596 19-51).
1398 4523 1521 4577 llaec
1550 4518 1826 4575 attendant
1857 4512 2151 4579 Manicltmi,

572 4633 626 4680 ct
651 4623 865 4678 videant
890 4619 1157 4692 quomodo
1181 4618 1382 4673 dictum
1414 4617 1482 4670 sit
1518 4613 1572 4668 in
1602 4608 2035 4673 Deuteronomio,
2061 4604 2159 4660 Se-

568 4718 787 4772 cundum
837 4714 1140 4769 desiderium
1185 4711 1371 4766 animae
1415 4717 1515 4761 tum
1556 4706 1765 4773 occide,
1818 4711 1866 4757 et
1906 4699 2159 4754 manduca

570 4828 767 4866 omnem
786 4825 1008 4875 carnem,
1028 4808 1181 4878 juxta
1205 4804 1515 4875 voluptatem
1553 4814 1706 4869 quam
1744 4795 1994 4849 Dominus
2020 4790 2159 4844 dedit

569 4904 675 4958 tibi.
701 4901 852 4971 Quod
877 4901 1018 4956 enim
1045 4898 1111 4953 d'e
1136 4894 1451 4968 quibusdam
1490 4890 1738 4946 carnibus
1784 4900 1889 4940 non
1933 4880 2161 4937 mandu-

569 4996 752 5050 ‘candis
768 4993 966 5049 Judazis
982 5000 1307 5062 praeceptum
1328 4995 1429 5050 est,
1449 4994 1503 5039 et
1532 4979 1819 5038 immundae
1837 4986 1961 5032 sunt
1977 4976 2154 5040 dictte,

567 5087 635 5141 ad
657 5085 1096 5157 signiﬁcationem
1126 5081 1267 5136 valet
1306 5076 1583 5133 hominum
1609 5070 2037 5135 immundorum,
2067 5065 2158 5137 qui

570 5193 668 5250 per
716 5179 911 5248 ﬁguras
952 5174 1007 5231 in
1051 5171 1321 5229 veteribus
1367 5165 1656 5238 Scripturis
1707 5172 1831 5219 sunt
1872 5162 2155 5232 designati.

570 5268 737 5326 Sicuti
762 5268 905 5324 enim
938 5267 1036 5323 bos
1079 5266 1169 5321 ille
1189 5305 1203 5329 ,
1249 5262 1334 5319 cui
1374 5258 1641 5315 trituranti
1670 5263 1813 5312 vetat
1843 5270 1905 5311 os
1931 5253 2156 5324 alligari,

569 5361 950 5431 evangelistam
987 5356 1268 5429 signiﬁcat,
1315 5352 1453 5407 sicut
1492 5349 1781 5421 Apostolus
1822 5346 2161 5419 apertissime

569 5456 788 5528 exponit
815 5456 991 5526 (Deut.
1022 5468 1146 5519 xxv,
1176 5451 1242 5516 4;
1272 5449 1289 5502 1
1314 5446 1434 5501 Cor.
1461 5461 1534 5510 ιχ,
1554 5444 1681 5509 7-9;
1710 5453 1756 5497 et
1790 5442 1809 5497 l
1838 5440 1971 5496 Tim.
1994 5455 2047 5507 v,
2068 5439 2157 5504 I7,

569 5548 692 5621 48);
722 5549 799 5603 sic
823 5556 877 5603 et
907 5546 993 5599 illa
1019 5559 1137 5615 qua:
1175 5538 1445 5611 prohibita
1491 5544 1635 5601 sunt,
1679 5532 1939 5605 quasdam
1984 5530 2159 5587 homi-

632 5727 658 5798 ‘_
683 5730 815 5798 hev?
839 5719 1234 5798 at
1268 5725 1343 5767 Er.
1370 5723 1422 5769 et
1449 5712 1969 5798 Mssmimmolatitiwn.

566 5772 825 5900 auxilia,
843 5772 916 5835 ab
945 5783 1119 5836 aliena.
1156 5790 1260 5833 uss.
1286 5794 1435 5841 vero,
1458 5779 1518 5830 ab
1540 5772 1654 5831 alia.
1684 5786 1732 5827 In
1754 5788 1918 5841 graeco
1942 5779 2036 5835 est,
2064 5772 2160 5837 ιφὸ

1134 358 1411 422 CONTRA
1446 345 1853 416 ADIMANTUM
1888 332 2245 405 ΜΑΝΙΟΗΑΕῙ
2270 333 2709 407 DlSClPULUM,
2740 334 2799 394 S.
2841 329 3208 393 AUGUSTINI

3699 330 3821 392 152

2218 470 2349 512 num
2388 452 2751 510 immunditias
2779 450 3099 523 signiﬁcant,
3127 463 3247 520 quae
3270 446 3325 504 in
3358 442 3667 505 societatem
3687 459 3820 505 cor-

2227 546 2374 617 poris
2396 544 2615 613 Christi,
2638 543 2693 600 id
2720 549 2824 611 est,
2855 543 2907 598 in
2938 541 3230 597 Ecclesiam
3259 539 3503 596 stabilem
3530 548 3585 595 et
3612 540 3821 612 sempi-

2230 648 2435 697 ternam
2461 656 2566 696 non
2596 638 2943 708 recipiuntur.
2974 636 3106 691 Nam
3137 635 3277 705 quod
3305 633 3371 690 ad
3414 635 3561 691 cibos
3600 634 3817 701 attinet,

2230 734 2449 791 omnino
2473 734 2604 789 nihil
2633 731 2965 788 immundum
3010 744 3149 796 esse,
3181 729 3273 785 sed
3314 729 3509 784 malum
3553 743 3673 784 esse
3713 727 3823 783 ho-

2232 828 2363 885 mini
2399 830 2489 900 qui
2526 844 2621 900 per
2645 826 2995 884 offensionem
3033 822 3339 893 manducat,
3382 821 3825 879 manifestissime

2234 930 2472 992 apparet.

2304 1009 2530 1067 CAPUT
2554 1010 2671 1066 XV.
2696 1040 2769 1051 —
2793 1011 2844 1066 ι.
2870 1010 2947 1066 De
2972 1023 3036 1064 eo
3056 1008 3197 1080 quod
3221 1008 3273 1065 in
3298 1007 3536 1064 Levitico
3557 1008 3822 1078 scriptum

2234 1112 2319 1160 est
2349 1122 2363 1159 :
2397 1104 2643 1177 Separate
2667 1121 2699 1158 a
2722 1104 2908 1158 mundo
2928 1104 3266 1170 immundum,
3298 1111 3346 1156 et
3376 1118 3523 1155 nemo
3549 1100 3828 1155 manducet

2238 1212 2437 1250 carnem
2469 1197 2663 1261 cameli,
2693 1196 2843 1259 asini,
2874 1204 2921 1249 et
2961 1195 3167 1266 leporis,
3204 1202 3248 1247 et
3278 1194 3439 1264 porci,
3468 1200 3513 1247 et
3538 1192 3742 1261 aquilae.
3773 1197 3831 1246 et

2238 1290 2397 1355 milvi,
2439 1298 2485 1342 et
2523 1291 2679 1355 corvi,
2720 1299 2766 1343 et
2806 1289 3043 1355 vulturis,
3081 1296 3127 1342 et
3159 1288 3466 1357 reliquorum
3502 1284 3683 1355 (Levit.
3717 1280 3829 1359 Il).

2237 1382 2507 1454 Nusquam
2552 1382 2883 1437 manifestius
2927 1381 3231 1453 plenissima
3276 1381 3413 1436 dolis
3460 1388 3517 1436 et
3554 1378 3835 1434 fraudibus

2241 1476 2417 1531 anima
2442 1475 2599 1545 hujus
2626 1474 2853 1531 hominis
2879 1474 3201 1545 deprehendi
3232 1484 3425 1544 potest,
3455 1472 3544 1542 qui
3570 1482 3831 1543 tanquam

2242 1570 2341 1624 sibi
2360 1569 2579 1625 adversa
2592 1578 2747 1639 atque
2764 1568 3028 1623 contraria
3045 1568 3112 1622 de
3128 1577 3354 1637 utroque
3374 1566 3717 1622 Testamento
3730 1579 3835 1620 ca-

2242 1661 2404 1731 pitula
2418 1661 2629 1728 obiecit,
2643 1676 2801 1731 quam
2814 1661 2865 1715 in
2882 1660 2982 1714 hoc
2994 1660 3113 1715 loco
3125 1660 3210 1713 tibi
3224 1658 3657 1714 commemoravit
3671 1658 3723 1712 in
3735 1656 3839 1712 Le-

2243 1752 2403 1807 vitico
2419 1751 2671 1821 scriptum
2692 1767 2827 1817 esse,
2845 1759 2946 1807 uta
2965 1750 3232 1807 nonnullis
3254 1750 3561 1804 animalium
3581 1748 3840 1805 carnibus

2245 1851 2588 1914 temperetur.
2630 1844 2866 1914 Namque
2908 1843 3032 1899 huic
3073 1842 3349 1898 sententiae
3384 1840 3513 1896 illud
3542 1857 3607 1895 ex
3650 1838 3841 1895 Evan-

2244 1936 2384 2007 gelio
2404 1936 2629 1992 credidit
2650 1936 3048 2007 opponendum,
3078 1936 3168 1991 ubi
3196 1934 3451 1989 Dominus
3480 1932 3610 1988 dicit
3634 1951 3649 1987 :
3679 1930 3837 1985 Nihil

2246 2036 2318 2082 est
2341 2028 2626 2098 ingrediens
2644 2028 2696 2082 in
2717 2028 2986 2092 hominem,
3012 2027 3342 2097 coinquinans
3362 2042 3472 2081 eum
3492 2042 3512 2091 ;
3532 2025 3622 2080 sed
3637 2042 3694 2079 ea
3713 2038 3841 2096 quae

2248 2120 2523 2190 procedunt
2550 2121 2612 2174 de
2635 2137 2713 2184 eo,
2751 2120 3074 2192 coinquinant
3104 2118 3332 2189 (Matth.
3358 2134 3448 2182 xv,
3481 2117 3543 2172 11
3569 2115 3613 2187 ).
3649 2116 3759 2172 Hoc
3788 2115 3845 2171 si

2248 2211 2555 2280 imprudens
2584 2210 2722 2276 fecit,
2755 2211 2887 2266 nihil
2916 2212 3108 2267 cmcius
3136 2227 3149 2265 :
3177 2211 3222 2264 si
3249 2218 3425 2266 autem
3453 2210 3630 2265 sciens
3653 2251 3669 2277 ,
3698 2208 3844 2264 nihil

2248 2304 2577 2359 sceleratius.
2616 2303 2803 2359 Nonne
2843 2305 2954 2374 ipse
2983 2304 3138 2374 paulo
3164 2311 3288 2358 ante
3320 2310 3570 2372 posuerat
3592 2299 3843 2371 Apostoli

2250 2396 2613 2450 testimonium
2638 2395 2881 2461 dicentis,
2909 2394 3107 2449 Bonum
3127 2404 3219 2460 est,
3246 2398 3451 2465 fratres,
3487 2409 3589 2446 non
3613 2390 3845 2445 mandu-

2250 2503 2366 2543 care
2389 2505 2610 2557 carnem,
2638 2506 2795 2560 neque
2820 2489 2982 2542 bibere
3007 2488 3177 2542 vinum
3207 2485 3382 2557 (Rom.
3407 2501 3517 2550 x1v,
3546 2484 3667 2555 21);
3707 2483 3844 2539 dum

2249 2582 2396 2652 cupit
2441 2582 2509 2638 de
2547 2582 2695 2637 Novo
2732 2582 3079 2638 Testamento
3103 2579 3283 2637 Veteri
3317 2578 3610 2644 adversari,
3642 2577 3731 2632 ubi
3755 2576 3845 2631 di-

2251 2684 2394 2729 ctum
2421 2684 2523 2742 est,
2552 2674 2846 2729 Secundum
2884 2674 3193 2729 desiderium
3230 2672 3417 2726 anima:
3442 2680 3542 2725 tua:
3570 2668 3760 2733 occide,
3789 2674 3845 2721 et

2250 2768 2501 2822 manduca
2544 2785 2741 2823 omnem
2787 2784 2990 2822 carnent
3036 2765 3226 2839 (Deut.
3254 2762 3516 2832 xtt,15)?
3558 2757 3845 2829 Quomodo

2251 2876 2380 2930 ergo
2411 2876 2552 2916 nunc
2579 2860 2750 2930 placet
2774 2859 2823 2915 ei
2854 2857 3116 2914 sententia
3147 2856 3376 2921 Domini,
3400 2869 3501 2925 qua
3527 2851 3673 2916 dicit,
3701 2848 3842 2905 nihil

2251 2965 2370 3007 esse
2407 2949 2709 3021 ingrediens
2744 2950 2795 3003 in
2832 2949 3101 3004 hominem
3142 2945 3283 3017 quod
3322 2943 3627 3015 coinquinet
3670 2956 3794 2997 eum
3822 2981 3842 3007 ,

2250 3042 2346 3098 sed
2371 3057 2434 3099 ea
2454 3043 2798 3113 coinquinare
2822 3057 2940 3112 quae
2961 3040 3030 3096 de
3054 3040 3270 3115 homine
3297 3036 3628 3108 procedunt?
3657 3034 3754 3090 Ubi
3776 3048 3845 3089 se

2252 3138 2354 3195 iste
2399 3136 2693 3193 abscondat
2729 3136 2798 3191 ab
2839 3136 2938 3190 hac
2980 3133 3278 3191 sententia?
3321 3131 3440 3199 Quo
3483 3128 3668 3201 fugiet,
3697 3127 3846 3183 dicat

2252 3231 2404 3295 mihi,
2432 3229 2646 3300 quando
2684 3226 3072 3284 immunditiam
3114 3223 3355 3281 carnium
3396 3220 3698 3293 fugiendam
3725 3226 3778 3273 et
3807 3231 3848 3274 ι

2253 3326 2386 3383 cibis
2429 3334 2735 3381 sanctorum
2779 3319 3149 3391 separandam,
3191 3329 3438 3389 perversa
3482 3322 3537 3370 et
3582 3311 3846 3382 supersti—

2256 3418 2390 3473 tiosa
2412 3416 2791 3488 imaginatione
2821 3411 3163 3470 continentiae
3190 3406 3466 3480 praecipit?
3489 3403 3647 3461 Certe
3671 3402 3845 3470 enim,

2255 3509 2301 3565 si
2332 3524 2519 3565 verum
2549 3516 2631 3564 est
2649 3550 2665 3576 ,
2701 3522 2807 3562 non
2836 3504 3182 3576 coinquinare
3212 3501 3302 3556 illa
3327 3514 3444 3570 quae
3474 3496 3847 3569 ingrediuntur

2256 3599 2310 3657 in
2337 3600 2607 3656 hominem
2631 3641 2648 3667 ,
2687 3614 2808 3655 cum
2843 3612 3035 3668 magno
3064 3609 3248 3651 errore
3276 3590 3575 3648 immundas
3611 3603 3728 3646 esse
3754 3587 3849 3643 di-

2257 3704 2387 3749 cunt
2424 3709 2574 3750 escas
2613 3690 2906 3755 Manichzei,
2934 3704 3054 3745 cum
3083 3686 3327 3742 homines
3350 3698 3515 3739 carne
3535 3689 3845 3738 vescuntur.

2258 3784 2315 3841 Si
2350 3793 2524 3839 autem
2557 3783 2842 3837 immundus
2871 3788 2995 3836 sunt
3024 3778 3157 3835 tales
3190 3791 3349 3840 escae,
3382 3774 3508 3846 quid
3534 3774 3602 3830 de
3632 3772 3733 3828 isto
3760 3779 3847 3826 te-

2258 3876 2510 3932 stimonio
2533 3874 2742 3939 facient,
2766 3872 2909 3945 quod
2931 3869 3235 3941 evangelica
3257 3876 3311 3923 et
3334 3866 3513 3923 divina
3529 3862 3848 3921 auctoritate

2260 3970 2526 4041 prolatum
2570 3977 2691 4035 est,
2734 3968 2824 4022 ubi
2871 3965 3126 4021 Dominus
3165 3962 3315 4030 dicit,
3358 3975 3465 4016 non
3512 3954 3851 4027 coinquinari

2260 4061 2530 4117 hominem
2563 4060 2628 4115 iis
2655 4074 2775 4130 quae
2812 4056 3183 4128 ingrediuntur
3212 4054 3264 4109 in
3291 4067 3443 4119 eum,
3485 4049 3580 4106 sed
3623 4048 3687 4104 iis
3725 4059 3850 4118 qua

2262 4152 2555 4224 procedunt
2582 4151 2647 4205 de
2673 4150 2798 4204 illo?
2834 4150 2914 4203 An
2941 4147 3080 4203 forte
3105 4146 3293 4202 dicturi
3321 4150 3479 4209 sunt,
3509 4141 3645 4197 sicut
3671 4138 3852 4196 solent

2260 4243 2461 4306 dicere,
2490 4258 2612 4297 cum
2645 4240 3040 4309 Scripturarum
3082 4250 3175 4292 eos
3214 4242 3366 4305 urget
3406 4232 3711 4296 auctoritas,
3744 4229 3855 4285 hoc

2260 4336 2547 4407 capitulum
2603 4350 2634 4389 a
2683 4331 3082 4401 corruptoribus
3131 4328 3527 4397 Scripturarum
3585 4322 3852 4377 insertum

2260 4443 2380 4484 esse
2426 4426 2753 4498 Evangelio?
2804 4424 2912 4480 Cur
2953 4436 3081 4492 ergo
3118 4418 3433 4474 Adimantus
3476 4416 3578 4471 hoc
3618 4412 3854 4484 capitulo

2262 4532 2399 4580 teste
2429 4522 2613 4589 utitur,
2642 4530 2698 4575 et
2724 4518 2848 4575 inde
2874 4524 3101 4573 conatur
3128 4513 3294 4569 Vetus
3322 4511 3723 4566 Testamentum
3752 4520 3855 4577 op-

2262 4630 2520 4689 pugnare,
2545 4612 2685 4668 unde
2714 4612 2816 4666 iste
2844 4605 3231 4680 prosternitur?
3255 4604 3387 4658 Cum
3418 4601 3559 4658 enim
3585 4598 3852 4669 quispiam

2263 4687 2557 4763 catholicus
2586 4702 2907 4759 christianus
2922 4699 3197 4768 utriusque
3222 4694 3509 4765 Scriptura:
3530 4696 3815 4746 venerator
3831 4687 3855 4721 ⁸

2263 4810 2318 4857 et
2348 4800 2647 4855 intellector
2675 4796 2724 4851 ei
2754 4780 3110 4863 responderit,
3140 4790 3255 4846 haec
3274 4803 3380 4844 non
3401 4800 3521 4843 esse
3545 4781 3854 4850 contraria;

2263 4893 2406 4965 quod
2437 4893 2524 4947 illa
2551 4890 2620 4945 de
2648 4886 3000 4959 quorumdam
3022 4884 3271 4941 carnibus
3300 4880 3628 4944 animalium,
3660 4876 3859 4948 quibus

2264 5001 2372 5040 non
2397 4999 2519 5039 esse
2535 4980 2858 5038 vescendum
2888 4977 3083 5050 populo
3109 4975 3280 5031 adhuc
3299 4972 3501 5030 carnali
3522 4976 3856 5042 praeceptum

2263 5085 2367 5141 est,
2395 5076 2460 5130 ad
2489 5072 2930 5146 signiﬁcationem
2976 5068 3145 5140 posita
3188 5067 3296 5122 sint
3335 5064 3687 5119 humanorum
3730 5072 3857 5114 mo-

2264 5188 2382 5229 rum
2406 5214 2420 5238 ,
2462 5185 2596 5242 quos
2636 5167 2877 5224 Ecclesia
2905 5180 3023 5235 qua:
3048 5177 3240 5234 corpus
3269 5169 3351 5217 est
3379 5158 3609 5225 Domini,
3650 5156 3705 5211 in
3741 5170 3858 5212 suae

2265 5264 2484 5321 unitatis
2525 5262 2795 5318 vinculum
2838 5258 3025 5314 stabile
3077 5265 3134 5311 et
3184 5255 3564 5325 sempiternum
3613 5250 3858 5320 recipere

2265 5373 2374 5412 non
2405 5364 2596 5427 potest,
2629 5364 2878 5424 tanquam
2906 5348 3206 5405 immundas
3228 5362 3380 5402 escas
3404 5359 3686 5415 respuens,
3719 5350 3771 5396 et
3802 5342 3857 5396 in

2266 5466 2362 5507 sua
2389 5450 2591 5504 viscera
2631 5462 2734 5501 non
2776 5454 3129 5505 convertens;
3171 5448 3229 5493 ut
3257 5438 3435 5494 omnia
3466 5436 3554 5490 illa
3583 5440 3857 5505 praecepta

2267 5541 2467 5598 carnali
2499 5538 2695 5610 populo
2722 5535 2967 5604 imposita
2996 5532 3221 5586 futuram
3250 5526 3581 5597 disciplinam
3605 5522 3857 5592 spiritua-

2266 5634 2331 5692 lis
2361 5632 2537 5704 populi
2565 5627 2942 5700 prophetarent
2960 5643 2973 5678 :
2990 5631 3043 5678 et
3061 5623 3180 5677 ideo
3200 5636 3305 5677 non
3327 5635 3387 5677 ea
3406 5627 3701 5689 repugnare
3727 5625 3868 5668 son-

2333 5834 2351 5867 ι
2390 5829 2519 5895 Apud
2543 5836 2618 5878 Er.
2644 5826 2790 5891 Lugd.
2818 5834 2955 5887 νειμ,
2981 5824 3190 5874 venator.
3287 5822 3345 5867 ll.
