4082 6510
245 322 366 380 158
918 341 1038 368 «-

247 437 448 494 testi:
475 434 732 503 Domini,
763 447 868 507 qua
891 429 1170 492 verissime
1194 431 1355 501 dicit,
1391 445 1500 491 non
1535 431 1883 504 coinquinari.

249 529 546 586 hominem
575 529 643 584 iis
667 544 790 601 quas
805 544 904 600 per
930 542 1109 585 escam
1135 527 1504 599 ingrediuntur
1524 529 1578 584 in
1601 543 1744 584 eum.
1770 526 1864 582 Illa

245 623 406 677 enim
435 621 703 678 sententia
734 621 905 677 servis
933 635 1097 676 onera
1126 620 1382 690 imponit;
1419 620 1520 676 ista
1543 619 1652 690 jam
1681 618 1864 675 liberis

242 715 448 787 iugum
476 716 683 771 excutit
704 713 998 769 servitutis.
1034 713 1104 768 Et
1138 713 1226 769 illa
1265 723 1438 770 tamen
1469 713 1546 770 sic
1571 711 1711 769 dicta
1740 719 1860 780 est,

249 819 324 863 ut
371 824 661 864 servorum
711 823 875 864 onera
932 806 1090 862 ﬁdem
1141 807 1496 877 praenuntient
1550 806 1860 862 liberorum.

256 900 460 955 0min
488 903 650 968 enim,
678 901 814 956 sicut
837 899 966 954 dicit
993 899 1296 970 Apostolus,
1323 901 1378 954 in
1400 899 1567 971 ﬁgura
1595 898 1858 969 continge-

252 996 382 1047 bant
404 994 552 1058 illis;
577 995 770 1064 scripta
794 1002 911 1047 sunt
935 1001 1098 1047 autem
1115 1001 1320 1064 propter
1342 1010 1433 1048 nos
1452 993 1493 1061 ί,
1525 992 1577 1048 in
1597 1007 1722 1064 quos
1745 991 1863 1061 ﬁnis

253 1087 573 1140 secutorum
601 1086 799 1140 obvenit
831 1084 888 1154 (1
913 1084 1031 1140 Cor.
1055 1101 1111 1152 x,
1141 1083 1269 1156 11).
1289 1084 1347 1140 Si
1386 1099 1514 1155 ergo
1551 1084 1603 1139 in
1641 1085 1862 1154 ﬁguram

254 1177 657 1247 contingebant
679 1192 799 1248 quas
823 1176 1178 1247 patiebantur,
1203 1176 1257 1232 in
1283 1175 1506 1248 figuram
1530 1173 1864 1246 accipiebant

253 1285 380 1340 qum
398 1271 788 1325 mouebantur.

325 1360 387 1414 2.
415 1361 560 1416 Cum
591 1377 724 1432 ergo
750 1361 850 1418 ista
873 1360 1220 1432 respondero,
1240 1371 1295 1418 et
1314 1361 1418 1419 hoc
1436 1360 1596 1419 modo
1615 1375 1724 1417 non
1742 1374 1863 1417 esse

255 1455 534 1508 culinaria
576 1454 689 1509 duo
728 1455 832 1509 ista
868 1454 1097 1525 capitula
1137 1454 1205 1511 de
1241 1453 1465 1524 singulis
1505 1453 1862 1510 Testamentis

256 1545 461 1598 collata
502 1555 898 1611 monstravere,
941 1544 1067 1615 quid
1111 1544 1213 1600 iste
1255 1545 1486 1600 facturus
1531 1552 1632 1610 est,
1677 1552 1864 1600 contra

261 1651 424 1707 quem
480 1636 612 1691 dicit
661 1637 1033 1707 gravissimum
1089 1635 1451 1691 testimonium
1505 1635 1652 1691 testis
1704 1650 1863 1706 quem

262 1740 466 1785 contra
498 1729 862 1784 adversarium
901 1729 1015 1798 ipse
1042 1727 1326 1800 produxit?
1365 1727 1482 1798 Ipse
1525 1727 1666 1783 enim
1711 1741 1863 1783 com-

264 1821 588 1876 memoravit
635 1820 704 1878 de
751 1820 1034 1891 Evangelio
1079 1820 1468 1886 testimonium,
1510 1819 1735 1874 Domino
1777 1817 1862 1874 di-

262 1924 420 1970 cente
449 1929 556 1968 non
583 1913 918 1984 coinquinari
947 1912 1216 1968 hominem
1255 1912 1321 1967 iis
1361 1911 1498 1967 escis
1535 1927 1654 1982 quae
1684 1910 1862 1981 ingre-

261 2007 485 2061 diuntur
537 2007 594 2061 in
646 2021 769 2062 eum
804 2023 819 2059 :
849 2014 903 2061 et
954 2005 1070 2076 ipse
1117 2021 1148 2062 a
1198 2005 1446 2061 carnibus
1491 2003 1862 2061 abstinendum

265 2108 524 2169 tanquam
569 2098 643 2153 ab
681 2097 970 2153 immundis
1009 2097 1146 2154 escis
1179 2112 1401 2154 monere
1435 2105 1490 2152 et
1525 2097 1718 2153 docere
1756 2111 1864 2152 non

261 2201 460 2246 cessat.
491 2190 562 2244 Et
599 2198 779 2244 tamen
821 2189 987 2244 sensit
1023 2197 1274 2258 quantam
1332 2187 1538 2259 plagam
1581 2187 1682 2241 sibi
1721 2185 1862 2242 inlli-

260 2291 430 2353 geret,
459 2292 514 2337 et
537 2291 746 2351 quanto
768 2281 876 2336 ictu
898 2294 1245 2351 repercussus
1268 2279 1461 2348 seipse
1484 2278 1764 2334 sauciaret.
1785 2275 1865 2333 Ne

265 2376 386 2445 quis
403 2375 555 2428 enim
584 2389 711 2428 eum
734 2374 1086 2442 interrogaret
1110 2381 1165 2428 et
1190 2371 1411 2438 diceret,
1435 2369 1711 2438 Quomodo
1733 2383 1864 2440 ergo

265 2467 563 2536 prohibetis
594 2466 849 2522 carnibus
885 2465 1046 2530 vesci,
1081 2464 1126 2519 si
1170 2464 1426 2518 Dominus
1463 2463 1612 2530 dicit,
1639 2463 1777 2517 sicut
1806 2471 1862 2518 tu

265 2558 376 2627 ipse
411 2572 858 2621 commemoras,
887 2554 1036 2610 Nihil
1063 2564 1136 2610 est
1167 2553 1453 2626 ingrediens
1493 2555 1546 2609 in
1587 2553 1860 2620 hominem,

265 2651 602 2720 cuii-quinam
620 2663 778 2713 eum;
806 2647 893 2703 sed
917 2664 976 2702 ea
1005 2662 1118 2718 qua:
1137 2646 1418 2717 procedunt
1441 2646 1504 2700 de
1527 2663 1605 2711 eo,
1637 2645 1864 2718 coinqui-

263 2742 421 2796 ml?
441 2741 620 2796 voluit
659 2740 815 2812 quasi
843 2740 1098 2796 adhibere
1136 2739 1453 2796 medicinam
1485 2739 1598 2794 sine
1625 2753 1780 2795 causa
1808 2739 1862 2795 in

265 2833 540 2889 mortifero
566 2833 818 2888 vulnere.
863 2831 955 2888 Sic
991 2831 1133 2887 enim
1177 2832 1352 2902 posuit
1392 2832 1562 2903 ipsum
1591 2831 1862 2900 evangeli-

266 2943 384 2982 cum
408 2925 808 2981 testimonium.
837 2922 894 2978 In
921 2924 1238 2994 Evangelia,
1270 2924 1475 2995 inquit,
1505 2923 1635 2978 dicit
1657 2923 1722 2978 ad
1753 2931 1863 2977 tur-

265 3020 378 3075 bam
404 3019 670 3075 Dominus
701 3036 716 3074 :
755 3019 960 3080 Audite,
981 3029 1030 3072 et
1062 3018 1326 3090 intelligite
1352 3034 1371 3073 :
1399 3017 1551 3072 Nihil
1587 3027 1658 3073 est
1695 3018 1864 3089 ingre—

265 3113 398 3166 diens
423 3112 479 3165 in
507 3111 1140 3180 hominem,coinquinans
1174 3126 1322 3178 eum,
1359 3119 1411 3165 et
1456 3120 1668 3165 ctetera.
1710 3109 1863 3178 Quod

265 3219 387 3274 ergo
409 3203 866 3259 commemoravit
893 3203 1175 3257 Dominum
1200 3203 1301 3257 hoc
1320 3201 1387 3256 ad
1410 3201 1615 3257 turbam
1643 3200 1859 3266 dixisse,

263 3294 390 3348 nihil
414 3293 564 3350 aliud
593 3293 862 3359 ostendit,
886 3292 990 3348 nisi
1015 3308 1121 3348 non
1148 3308 1208 3348 se
1237 3293 1558 3363 ignorantia,
1587 3291 1680 3347 sed
1707 3292 1863 3347 mali-

265 3384 336 3440 tia
373 3384 569 3440 iecisse
597 3384 745 3455 quod
776 3383 901 3440 fecit
926 3400 941 3437 :
970 3392 1026 3438 ut
1055 3391 1239 3455 postea
1279 3383 1482 3440 diceret
1522 3383 1864 3440 Auditoribus

267 3480 374 3534 suis
396 3479 465 3534 ad
499 3479 718 3535 turbam
759 3478 1045 3534 Dominum
1085 3477 1186 3533 ista
1227 3476 1462 3534 locutum
1489 3492 1630 3544 esse,
1663 3492 1767 3532 non
1796 3475 1864 3533 ad

268 3588 468 3643 paucos
495 3581 750 3636 sanctos,
783 3570 970 3643 quales
998 3585 1057 3624 se
1082 3569 1180 3639 ipsi
1207 3568 1376 3625 videri
1407 3567 1620 3633 volunt;
1647 3578 1704 3624 ut
1725 3582 1862 3639 quo-
1907 3564 1911 3568 ”

270 3668 412 3722 niam
442 3681 571 3722 suos
602 3665 893 3721 Auditores
919 3673 1172 3735 tanquam
1202 3662 1378 3718 adhuc
1406 3661 1713 3718 immundos
1739 3675 1864 3731 per-

271 3758 492 3812 mittunt
520 3757 774 3813 carnibus
794 3756 978 3826 vesci,
1008 3755 1108 3810 sibi
1137 3764 1314 3810 autem
1341 3753 1491 3824 quasi
1514 3753 1624 3822 jam
1652 3752 1865 3810 mundis

272 3865 394 3905 cum
417 3851 740 3906 sceleratum
769 3859 927 3920 atque
952 3847 1210 3903 nefarium
1239 3861 1359 3903 esse
1384 3846 1730 3912 arbitrantur,
1765 3846 1867 3904 hoc

271 3942 443 3996 etiam
476 3943 756 3996 Dominum
791 3941 1024 3998 sensisse
1047 3941 1324 4006 videatur,
1365 3940 1503 4011 quod
1531 3955 1638 3995 non
1667 3955 1867 4011 paucos

273 4041 529 4097 sanctos,
562 4031 656 4087 sed
693 4033 856 4089 turbas
885 4033 984 4088 ista
1033 4031 1294 4088 docuerit.
1323 4030 1367 4088 Ο
1397 4032 1664 4088 hominem
1693 4033 1866 4103 pessi-

272 4139 457 4191 mum,
492 4138 739 4180 securum
763 4125 824 4181 de
851 4124 1168 4196 negligentia
1193 4123 1406 4194 generis
1429 4125 1645 4179 humani
1675 4124 1743 4178 ad
1772 4138 1866 4180 oc-

272 4215 560 4273 cultandas
599 4216 932 4288 deceptiones
969 4218 1123 4272 suas!
1164 4215 1284 4272 Non
1313 4215 1458 4272 enim
1489 4215 1740 4272 credebat
1765 4216 1866 4271 ali-

275 4323 431 4380 quem
480 4308 747 4374 existere,
791 4308 881 4379 qui
924 4308 1189 4378 arriperet
1236 4305 1584 4377 Evangelium
1609 4348 1624 4373 ,
1657 4313 1869 4362 etcum

274 4402 498 4457 scientia
527 4402 753 4474 legeret,
781 4411 838 4456 et
865 4400 1128 4456 inveniret
1155 4398 1431 4454 hominem
1477 4399 1530 4453 in
1573 4398 1702 4468 ipsis
1743 4413 1868 4468 pra-

275 4496 363 4562 tis,
393 4495 594 4567 quibus
631 4510 823 4566 greges
861 4509 988 4550 suos
1021 4493 1280 4548 Dominus
1307 4491 1496 4562 pascit,
1529 4491 1746 4561 laqueos
1782 4489 1868 4544 in-

278 4590 444 4644 cautis
471 4597 529 4644 et
559 4588 738 4643 minus
773 4586 1008 4658 providis
1037 4584 1475 4641 abscondentem.
1520 4582 1653 4637 Nam
1689 4582 1756 4636 de
1787 4581 1870 4637 his

276 4681 450 4737 verbis
494 4679 758 4736 commoti
798 4677 1060 4749 discipuli,
1091 4686 1146 4733 et
1183 4693 1290 4732 non
1325 4675 1606 4733 credentes
1633 4674 1866 4744 proprie,

231 4821 235 4823 .
272 4773 364 4828 sed
391 4772 578 4844 potius
607 4771 830 4841 ﬁgurate
855 4770 1138 4825 Dominum
1165 4769 1401 4824 locutum
1427 4765 1609 4833 fuisse,
1636 4780 1758 4821 cum
1784 4764 1870 4820 di-

273 4874 416 4919 ceret
447 4878 566 4919 non
597 4862 931 4933 coinquinari
957 4861 1228 4916 hominem
1257 4860 1324 4915 iis
1349 4874 1466 4929 quae
1492 4851 1590 4930 per
1613 4857 1761 4913 cibos
1791 4857 1874 4912 in-

273 4955 594 5024 grediuntur
636 4953 689 5008 in
728 4969 875 5022 eum,
916 4952 1165 5024 quoniam
1203 4951 1374 5008 Judaei
1403 4958 1556 5006 erant
1582 4950 1742 5006 etiam
1773 4948 1873 5020 ipsi

274 5046 562 5118 discipuli,
592 5045 680 5116 qui
713 5044 990 5116 fugiendos
1014 5042 1362 5115 quarumdam
1396 5042 1633 5097 carnium
1667 5042 1816 5098 cibos
1841 5056 1872 5098 a

276 5143 508 5212 pueritia
552 5141 857 5196 institutum
899 5147 1250 5210 acceperant,
1291 5135 1606 5192 accedentes
1644 5134 1710 5190 ad
1750 5149 1873 5190 eum

277 5232 532 5288 dixerunt
558 5232 607 5288 ei
633 5249 646 5286 :
679 5230 796 5287 Scis
819 5231 939 5301 quia
964 5228 1218 5283 Pharisaei
1243 5227 1419 5281 audito
1444 5225 1592 5281 verba
1613 5228 1633 5257 ¹
1663 5225 1875 5282 scanda-

281 5324 416 5378 Επιιὶ
457 5323 617 5378 sunt?
657 5323 724 5377 At
769 5321 859 5377 ille
899 5321 1208 5392 respondens
1245 5321 1316 5374 ait
1349 5337 1369 5375 :
1410 5317 1590 5374 Omnis
1628 5319 1875 5389 plantatio

282 5431 434 5486 quam
473 5433 577 5472 non
624 5415 873 5488 plantavit
904 5412 1062 5469 Pater
1088 5429 1224 5468 meus
1246 5411 1479 5478 calestis,
1515 5410 1872 5466 eradicabitur.

345 5595 508 5666 ἦμες.
531 5627 546 5654 ,
569 5654 581 5666 ⁸
609 5590 949 5666 attingebant
995 5591 1094 5644 illis
1133 5596 1332 5655 propter
1388 5602 1494 5650 nos,
1535 5594 1654 5650 etc.;
1685 5588 1879 5639 omissis

285 5656 1127 5844 lﬁﬁiﬁwﬂﬁmﬁm,
1146 5715 1256 5780 hoc,
1275 5729 1306 5768 a
1322 5723 1427 5767 Mss.
1445 5721 1496 5768 et
1512 5726 1715 5780 agrteoo
1737 5719 1886 5764 textu

1669 315 1871 376 LIBER
1907 315 2107 377 UNUS.
2381 342 2455 370 ’τ’
2523 345 2582 388 τ’.
2646 347 2664 385 .’
2735 346 2839 397 ut
2954 348 2990 395 ﬁt

1969 433 2135 491 Sinite
2160 435 2310 506 illos;
2333 439 2454 497 caci
2474 449 2611 514 sunt,
2637 453 2686 502 et
2708 445 2858 502 duces
2875 458 3142 503 casarum.
3169 442 3344 502 Cacus
3369 452 3539 502 autem

1967 524 2012 580 si
2036 541 2166 582 cwco
2187 528 2425 586 ducatum
2450 543 2670 605 prestet,
2701 537 2846 592 ambo
2870 538 2925 592 in
2953 541 3148 609 foveam
3175 534 3384 592 cadunt.
3407 533 3544 592 Cum

1967 630 2095 687 ergo
2119 618 2484 680 inﬁdelitatem
2509 625 2815 683 Iudaeorum
2845 628 3226 696 plantationem
3251 625 3546 698 appellaret

1967 725 2124 781 quam
2155 729 2259 768 non
2286 716 2540 786 plantavit
2571 720 2726 778 Pater
2752 720 3006 786 caelestis,
3039 729 3218 777 tamen
3245 719 3419 774 adhuc
3444 717 3544 774 Pe~

1967 811 2084 860 trus
2112 815 2303 875 putans
2325 823 2444 864 esse
2477 810 2619 866 illam
2662 814 2999 882 parabolam,
3041 821 3094 869 et
3139 821 3419 884 prepterea
3462 823 3548 866 re-

1967 896 2260 966 prehensos
2295 899 2507 955 Iudaeos
2533 911 2587 957 et
2621 917 2789 959 caecos
2814 905 3005 971 dictos,
3031 903 3172 975 quod
3202 917 3323 959 eam
3353 900 3548 956 intelli-

1968 1002 2093 1059 gere
2137 1004 2242 1044 non
2289 993 2579 1062 potuerint,
2627 996 2958 1065 reSpondens
2999 994 3133 1050 dixit
3176 995 3223 1050 ei
3261 1012 3275 1046 :
3307 993 3548 1050 Edissere

1967 1081 2108 1138 nobis
2133 1083 2426 1154 parabolam
2461 1086 2629 1140 istam.
2681 1087 2745 1141 Et
2778 1087 2864 1142 ille
2900 1086 3332 1160 manifestissime
3359 1093 3544 1140 osten-

1967 1173 2098 1230 dens
2124 1190 2228 1231 non
2264 1191 2383 1232 esse
2412 1177 2737 1247 parabolam,
2766 1179 2857 1234 sed
2882 1181 3149 1250 pmpriam
3178 1178 3497 1234 locutionem
3523 1217 3541 1244 ,

1966 1266 2099 1323 dixit
2138 1268 2205 1323 ad
2247 1283 2340 1325 eos
2370 1287 2384 1323 :
2411 1270 2592 1329 Adhuc
2625 1280 2673 1326 et
2699 1287 2783 1326 vos
2811 1272 2918 1325 sine
2940 1271 3191 1326 intellectu
3227 1269 3381 1325 estis?
3424 1266 3546 1323 Non

1965 1359 2246 1433 intelligitis
2277 1362 2396 1432 quia
2421 1379 2567 1418 omne
2589 1364 2724 1430 quod
2751 1365 2805 1418 in
2833 1380 2889 1419 os
2909 1363 3099 1430 intrat,
3125 1363 3178 1416 in
3207 1372 3425 1418 ventrem
3451 1376 3544 1414 va-

1969 1452 2064 1521 dit,
2098 1463 2144 1508 et
2179 1455 2234 1508 in
2268 1471 2514 1510 secessum
2537 1456 2813 1511 emittitur?
2843 1456 2970 1521 ρυω
2993 1463 3159 1507 autem
3183 1453 3455 1523 procedunt
3484 1451 3548 1506 de

1971 1563 2076 1613 ore,
2110 1547 2172 1602 de
2211 1547 2362 1602 corde
2387 1558 2600 1614 exeunt,
2639 1557 2686 1602 et
2719 1564 2780 1602 ca
2819 1546 3146 1618 coinquinant
3172 1543 3440 1607 hominem.
3470 1541 3549 1595 De

1966 1638 2119 1694 corde
2156 1640 2288 1694 enim
2319 1649 2500 1694 exeunt
2523 1639 2846 1711 cogitationes
2871 1638 3041 1705 malm,
3073 1635 3364 1702 homicidia,
3393 1633 3547 1687 adul-

1967 1732 2114 1798 teria,
2135 1732 2509 1803 fornicationes,
2526 1733 2684 1802 furta,
2715 1730 2857 1804 falsa
2876 1729 3178 1792 testimonia.
3193 1726 3547 1797 blasphemia;

1969 1826 2076 1881 haec
2107 1835 2222 1880 sunt
2247 1842 2360 1898 qua:
2385 1825 2705 1897 coinquinant
2747 1824 3019 1878 hominem.
3061 1819 3192 1876 "Non
3233 1821 3348 1875 lotis
3386 1827 3552 1872 autem

1967 1919 2198 1973 manibus
2235 1917 2565 1986 manducare,
2593 1933 2695 1972 non
2725 1915 3012 1986 coinquinat
3040 1913 3292 1968 hominem
3319 1907 3549 1983 (Matth.

1967 2027 2056 2077 xv,
2090 2011 2259 2069 10-20
2279 2012 2320 2083 ).
2357 2012 2435 2068 De
2463 2026 2568 2067 non
2602 2011 2726 2067 lotis
2754 2021 2933 2065 autem
2963 2007 3208 2064 manibus
3234 2003 3402 2060 Iudici
3438 2016 3555 2057 mo-

1968 2114 2154 2159 verant
2195 2104 2543 2174 qumstionem
2563 2145 2578 2170 ,
2608 2103 2759 2173 cujus
2786 2100 3068 2158 occasione
3095 2097 3351 2152 Dominus
3389 2107 3554 2166 gene-

1969 2193 2155 2250 raliter
2181 2194 2250 2250 de
2270 2195 2334 2249 iis
2358 2211 2476 2265 qua:
2497 2194 2550 2248 in
2571 2208 2633 2249 os
2654 2193 2872 2257 intrant,
2899 2200 2954 2248 et
2979 2191 3032 2246 in
3058 2198 3302 2245 ventrem
3326 2185 3550 2254 vadunt,

1967 2296 2022 2343 et
2048 2287 2100 2342 in
2131 2302 2401 2343 secessum
2429 2286 2743 2344 emittuntur
2762 2327 2778 2354 ,
2810 2284 2915 2340 hoc
2937 2292 3040 2351 est,
3068 2282 3137 2338 de
3161 2279 3426 2336 alimentis
3450 2293 3552 2334 no-

1967 2379 2092 2435 stris
2119 2379 2252 2435 dixit
2277 2379 2615 2435 sententiam.
2658 2378 2975 2450 Quanquam
2997 2391 3125 2446 ergo
3153 2373 3459 2430 convocatis
3482 2371 3552 2427 ad

1972 2485 2032 2527 se
2061 2471 2228 2526 turbis
2254 2487 2375 2527 eum
2403 2471 2602 2528 dixisse
2626 2471 2880 2541 scriptum
2906 2469 2996 2536 sit,
3021 2466 3142 2521 Non
3157 2466 3294 2536 quod
3316 2466 3470 2518 intrat
3498 2463 3551 2517 in

1967 2578 2026 2617 os
2053 2563 2341 2634 coinquinat
2385 2563 2658 2629 hominem,
2686 2562 2774 2618 sed
2807 2561 2943 2632 quod
2983 2560 3203 2628 procedit
3228 2574 3290 2612 ea:
3315 2573 3400 2610 ore
3421 2572 3441 2610 :
3467 2563 3552 2610 ta-

1965 2671 2090 2711 men
2119 2657 2218 2711 iste
2236 2672 2341 2727 quo
2372 2656 2562 2711 timore
2587 2654 2692 2710 hoc
2719 2652 2982 2710 addiderit
3001 2651 3178 2708 verbis
3205 2651 3338 2715 suis,
3359 2647 3551 2719 quibus

1966 2747 2268 2816 hujusmodi
2296 2747 2655 2804 testimonium
2681 2745 3141 2809 commemoravit,
3158 2743 3288 2797 satis
3307 2747 3550 2809 apparet,

1968 2842 2106 2898 sicut
2130 2841 2286 2913 paulo
2307 2851 2432 2897 ante
2465 2841 2665 2897 dictum
2695 2848 2798 2902 est,
2827 2847 2885 2893 ut
2909 2837 3131 2899 haberet
3158 2832 3299 2904 quod
3329 2847 3553 2902 respon-

1968 2932 2122 2989 deret
2148 2933 2227 2988 eis
2255 2933 2345 3003 qui
2379 2932 2480 2986 sibi
2509 2931 2857 3002 quaestionem
2883 2927 3210 2992 movissent,
3237 2937 3333 2978 cur
3359 2921 3556 2992 prima-

1968 3035 2048 3083 tes
2073 3026 2482 3082 Manichaeorum
2514 3024 2660 3080 nefas
2685 3023 2786 3078 sibi
2821 3036 2943 3078 esse
2971 3019 3279 3076 existimant
3301 3014 3554 3071 carnibus

1967 3121 2111 3177 vesci
2135 3137 2149 3174 :
2175 3119 2419 3176 videlicet
2446 3127 2502 3173 ut
2531 3116 2657 3172 illud
2683 3115 2822 3187 quod
2849 3113 3104 3169 Dominus
3131 3110 3225 3174 ait,
3256 3107 3421 3162 turbis
3441 3115 3557 3160 tan-

1968 3220 2101 3276 tum,
2142 3225 2248 3265 non
2285 3208 2483 3264 Electis
2518 3206 2852 3263 concessisse
2889 3202 3179 3259 videretur.
3210 3197 3316 3255 Sed
3341 3212 3462 3252 cum
3488 3209 3552 3251 ex

1967 3301 2413 3372 consequentibus
2442 3298 2768 3354 declaratum
2805 3295 2878 3351 sit
2917 3295 3076 3350 etiam
3117 3289 3276 3348 Petro
3313 3301 3555 3344 seorsum
3601 3333 3604 3336 ί

1967 3393 2337 3465 interroganti,
2364 3390 2802 3460 audientibusqne
2817 3385 3110 3458 discipulis,
3129 3396 3262 3454 quos
3284 3380 3466 3450 utique
3487 3375 3555 3432 ad

1967 3486 2179 3542 culmen
2207 3482 2461 3538 Ecclesiae
2500 3479 2847 3550 producebat,
2881 3478 2953 3532 ita
2993 3473 3334 3545 respondisse
3373 3467 3555 3524 Domi-

1967 3595 2117 3646 num,
2144 3589 2204 3633 ut
2223 3592 2396 3648 neque
2420 3591 2516 3647 per
2543 3573 2846 3644 parabolam
2887 3585 2946 3626 se
2981 3569 3068 3623 illa
3108 3566 3309 3622 dixisse
3335 3570 3557 3619 testatus

1969 3675 2074 3741 sit,
2103 3681 2160 3728 et
2181 3671 2246 3727 ad
2270 3685 2456 3726 omnes
2485 3668 2751 3739 pertinere
2777 3660 3185 3725 monstraverit;
3217 3671 3324 3712 non
3355 3654 3553 3708 habent

1969 3766 2057 3823 isti
2083 3765 2224 3821 unde
2249 3763 2488 3818 auferant
2509 3761 2657 3816 cibos
2677 3757 2744 3813 de
2767 3756 3006 3812 faucibus
3026 3749 3322 3818 hominum,
3349 3756 3404 3805 et
3422 3760 3515 3803 eas
3533 3745 3552 3778 ⁸

1969 3859 2163 3929 laqueo
2187 3852 2581 3926 superstitionis
2604 3849 2919 3919 astringant.

2045 3953 2100 4008 ὅ.
2136 3947 2405 4005 Fortassis
2442 3944 2632 4015 aliquis
2668 3957 2859 4000 eorum
2895 3939 3039 3998 dicat
3079 3955 3094 3993 :
3131 3933 3384 3992 Edissere
3429 3944 3560 4002 ergo

1971 4043 2100 4117 quid
2139 4040 2401 4113 signiticet
2436 4052 2563 4094 caro
2603 4033 2791 4108 porci,
2824 4042 2879 4089 et
2905 4029 3134 4095 cameli,
3162 4036 3218 4084 et
3241 4025 3478 4117 leporis,
3507 4031 3562 4078 et

1972 4115 2143 4204 milvi,
2172 4142 2229 4191 et
2255 4131 2423 4198 corvi,
2454 4137 2512 4188 et
2535 4137 2874 4194 cteterorum,
2905 4140 2936 4181 a
2964 4123 3159 4194 quibus
3184 4115 3562 4176 abstinendum

1977 4231 2030 4286 in
2057 4228 2197 4300 Lege
2226 4224 2552 4298 prmcipitur.
2584 4221 2718 4277 Nolo
2742 4263 2756 4286 ,
2785 4218 2907 4290 quia
2953 4219 3169 4288 longum
3207 4223 3310 4270 est.
3345 4210 3450 4268 Sed
3482 4211 3564 4266 lac

1975 4339 2064 4379 me
2088 4337 2194 4377 non
2223 4333 2418 4390 posse;
2447 4313 2706 4386 numquid
2740 4321 3022 4383 propterea
3045 4309 3223 4364 nullus
3253 4304 3466 4378 potest?
3494 4303 3564 4359 Et

1974 4425 2099 4472 sunt
2121 4415 2231 4484 jam
2251 4411 2522 4467 volumina
2547 4405 2954 4463 innumerabilia
2983 4403 3034 4458 in
3056 4401 3248 4472 quibus
3272 4400 3373 4456 ista
3396 4411 3564 4468 expo-

1975 4509 2076 4564 sita
2099 4515 2243 4564 sunt.
2272 4504 2436 4560 Nobis
2461 4511 2638 4557 tamen
2677 4499 2743 4554 ad
2784 4497 2882 4553 hos
2919 4494 3242 4552 refellendos
3283 4495 3414 4549 satis
3443 4500 3562 4560 est,

1976 4599 2120 4672 quod
2147 4612 2240 4654 eas
2269 4594 2670 4653 observationes
2695 4590 2937 4646 umbram
2963 4601 3084 4644 esse
3111 4585 3436 4648 futurorum,
3456 4597 3566 4638 non

1976 4707 2076 4764 ego
2099 4735 2114 4758 ,
2139 4689 2233 4746 sed
2261 4685 2548 4756 Apostolus
2576 4684 2742 4749 dicit,
2783 4697 2905 4739 cum
2943 4680 3102 4736 etiam
3133 4686 3277 4734 vetat
3302 4675 3568 4732 serviliter

1977 4781 2278 4848 observari,
2309 4779 2403 4835 sed
2430 4787 2610 4834 tamen
2635 4774 2835 4846 aliquid
2860 4773 3162 4845 signiﬁcare
3187 4770 3446 4834 declarat,
3475 4766 3563 4821 di-

1977 4888 2105 4931 cens
2131 4892 2145 4928 :
2177 4871 2342 4927 Nemo
2374 4887 2493 4942 ergo
2518 4865 2604 4923 nos
2617 4866 2814 4938 judicet
2835 4866 2890 4920 in
2915 4865 3057 4930 cibo,
3092 4872 3182 4917 aut
3207 4862 3260 4916 in
3286 4868 3440 4931 potu,
3477 4864 3569 4910 aut

1976 4966 2032 5020 in
2062 4973 2204 5036 parte
2229 4962 2330 5016 diei
2358 4962 2494 5034 festi,
2528 4969 2614 5013 aut
2641 4957 2935 5023 neomeniae,
2964 4963 3052 5010 aut
3072 4953 3411 5012 sabbatorum,
3433 4944 3568 5016 quod

1979 5066 2052 5112 est
2078 5054 2258 5110 umbra
2285 5055 2574 5126 futurorum
2603 5050 2622 5122 (
2645 5049 2839 5106 Coloss.
2864 5063 2904 5103 tt
2928 5087 2944 5114 ,
2976 5046 3044 5104 16
3065 5086 3081 5112 ,
3110 5042 3242 5114 17).
3270 5040 3361 5096 Illa
3391 5038 3566 5109 itaque

1981 5150 2154 5206 futura
2180 5164 2300 5220 quae
2327 5147 2431 5202 illis
2457 5142 2918 5201 observationibus
2941 5136 3398 5209 signiﬁcabantur,
3421 5139 3566 5203 post-

1981 5256 2208 5313 eaquam
2256 5253 2354 5310 per
2401 5236 2684 5292 Dominum
2727 5232 2912 5290 Iesum
2953 5227 3220 5286 Christum
3268 5228 3562 5288 venerunt,

1987 5335 2177 5391 ablatae
2199 5340 2323 5389 sunt
2350 5331 2576 5387 serviles
2603 5324 3042 5384 observationes:
3074 5317 3170 5374 sed
3193 5332 3374 5372 earum
3403 5315 3571 5371 inter-

1985 5425 2310 5498 pretationes
2332 5430 2580 5478 tenentur
2603 5435 2635 5474 a
2661 5415 2859 5473 liberis.
2883 5408 3148 5482 Quidquid
3169 5408 3311 5465 enim
3335 5405 3573 5482 futuram,

1987 5519 2279 5576 Ecclesiam
2325 5515 2679 5588 signiﬁcavit.
2725 5506 3000 5580 prophetia
3039 5513 3144 5562 est.
3191 5503 3365 5560 Habes
3389 5509 3570 5556 autem

1987 5614 2234 5672 eumdem
2273 5608 2571 5683 apostolum
2608 5604 2874 5660 dicentem
2904 5617 2918 5656 :
2953 5597 3206 5671 Spiritum
3235 5596 3391 5652 nolite
3424 5606 3571 5664 sper-

2055 5774 2073 5808 ι
2107 5772 2248 5836 Editi,
2270 5782 2366 5823 eos.
2393 5772 2449 5819 At
2463 5771 2596 5826 uss,
2617 5772 2699 5815 eas
2726 5758 2974 5822 :scilicet,
2991 5735 3180 5824 fauces.
