4082 6454
527 365 632 426 158

529 501 651 543 nere
669 526 685 556 ,
713 469 1030 559 prophetiam
1052 477 1585 562 notiteearstinguere;
1605 471 1774 526 omnia
1795 468 1972 539 legite,
2000 477 2114 538 qua:

527 583 657 634 bona
685 585 801 632 sunt
827 583 986 630 tenete
1005 570 1256 647 (lThess.
1277 585 1332 635 ν,
1359 565 1579 639 19-21).
1610 562 1858 634 Legenda
1881 568 1962 616 est
1984 574 2114 630 ergo

531 673 806 745 Scriptum
829 669 1029 736 divina,
1056 676 1110 723 et
1128 665 1356 737 Spiritus
1375 660 1542 717 sancti
1569 656 1896 729 diSpensatio
1917 669 2114 725 cogno-

525 766 747 834 scenda,
775 773 830 822 et
855 763 1108 821 intuenda
1137 757 1414 832 prophetia
1442 772 1457 824 ;
1487 762 1540 812 et
1567 752 1852 825 rejicienda
1883 749 2114 807 carnalis

520 860 778 928 servitus,
810 868 864 916 et
885 855 1122 915 liberalis
1148 850 1496 922 intelligentia
1523 846 1822 905 retinenda.

601 952 832 1012 CAPUT
859 948 995 1010 XVI.
1021 949 1162 1004 -1.
1204 947 1282 1004 De
1323 959 1390 1003 eo
1433 943 1576 1017 quod
1625 942 1879 1013 scriptum
1928 945 2010 995 est
2057 937 2110 992 in

530 1045 943 1104 Deuteronomio
975 1062 990 1099 :
1025 1041 1244 1098 Observa
1264 1049 1310 1097 et
1335 1040 1598 1110 sanctiﬁca
1622 1037 1754 1092 diem
1791 1050 1939 1107 quem
1979 1047 2112 1103 prte-

523 1142 660 1213 cepit
683 1140 770 1194 tibi
789 1137 1067 1193 Dominus.
1085 1134 1192 1192 Sea:
1215 1134 1388 1191 diebus
1416 1122 1701 1197 laborabis,~
1718 1135 1764 1183 et
1788 1127 1942 1200 facies
1964 1141 2112 1180 omne

528 1238 656 1303 opus
685 1239 862 1296 tuum;
900 1229 1114 1300 septima
1154 1243 1268 1282 vero
1310 1225 1390 1280 die
1429 1223 1620 1281 sabbati
1657 1219 1866 1292 epulare
1889 1217 2110 1273 Domino

529 1321 638 1378 Deo
665 1328 748 1376 tuo
771 1363 787 1391 ,
811 1321 1010 1376 nullum
1039 1321 1228 1392 faciens
1255 1336 1382 1389 apus
1411 1319 1517 1388 ipse
1547 1326 1597 1370 tu
1625 1359 1639 1385 ,
1672 1324 1759 1369 aut
1787 1313 1922 1384 ﬁlius
1953 1321 2069 1366 tuus
2093 1354 2107 1378 ,

527 1421 616 1466 aut
643 1413 752 1482 filia
778 1421 885 1480 tua,
910 1423 997 1466 aut
1019 1429 1141 1482 puer
1162 1420 1294 1475 tuus,
1324 1417 1410 1463 aut
1439 1407 1610 1479 puella
1637 1416 1742 1472 tua,
1778 1407 1863 1459 bos
1894 1415 2031 1471 tuus,
2065 1409 2114 1456 et

525 1507 698 1561 asinus
727 1515 839 1560 tuus
863 1547 877 1573 ,
907 1507 1075 1560 omnia
1091 1507 1324 1576 jumenta
1356 1511 1441 1556 tua
1466 1545 1480 1569 ,
1513 1507 1560 1556 et
1597 1500 1805 1554 colonus
1835 1507 1972 1552 tuus.
2020 1496 2111 1552 Sic

527 1606 696 1653 autent
712 1599 924 1669 quiescet
945 1605 1113 1652 servus
1136 1603 1251 1650 tuus
1277 1604 1320 1648 et
1342 1594 1531 1648 ancilla
1553 1601 1658 1656 tua,
1691 1589 2110 1662 quemadmodum

529 1699 576 1746 et
605 1699 677 1745 tu.
707 1690 960 1745 Memento
991 1690 1227 1759 quoniam
1263 1702 1434 1743 servus
1473 1684 1614 1756 fuisti
1661 1685 1712 1737 in
1751 1682 1982 1753 Egypto
2008 1723 2021 1748 ,
2065 1688 2112 1734 et

526 1783 654 1838 eruit
680 1793 726 1837 te
752 1781 1006 1838 Dominus
1033 1781 1172 1836 Deus
1208 1781 1389 1834 tuusin
1411 1793 1564 1832 manu
1593 1775 1781 1848 potenti
1819 1783 1865 1827 et
1909 1772 2111 1827 brachio

524 1873 752 1930 excelso.
793 1873 996 1929 Idcirco
1024 1875 1258 1945 prcecepit
1299 1870 1387 1925 tibi
1423 1869 1668 1924 Dominus
1697 1867 1949 1922 custodire
1976 1865 2109 1918 diem

524 1968 795 2037 septimum
821 1967 996 2039 (Deut.
1031 1982 1082 2031 v,
1117 1963 1330 2035 12-15).
1362 1962 1426 2018 Et
1451 1963 1641 2018 iterum
1670 1961 1720 2014 in
1750 1957 1942 2014 Genesi
1975 1957 2110 2012 scri-

527 2049 677 2131 ptum
724 2069 806 2116 est
849 2059 1294 2131 quemadmodum
1335 2057 1562 2112 Abrahre
1600 2053 1666 2110 de
1709 2051 2113 2109 circumcisione

524 2149 758 2221 loquitur
784 2170 798 2207 :
826 2149 1199 2205 Testamentum
1239 2165 1402 2203 meum
1441 2147 1672 2213 custodi,
1721 2145 1922 2216 inquit,
1971 2152 2023 2197 tu
2066 2153 2112 2196 et

522 2255 693 2294 semen
742 2249 920 2306 tuum,
955 2239 1090 2311 quod
1129 2241 1221 2294 erit
1261 2247 1371 2310 post
1416 2247 1480 2292 te.
1518 2235 1631 2291 Hoc
1664 2246 1734 2291 est
1765 2242 2112 2290 testamentum

524 2347 689 2386 meum
735 2331 872 2402 quod
913 2331 1130 2386 servabis
1178 2331 1305 2384 inter
1333 2346 1425 2383 me
1448 2371 1461 2393 ,
1505 2338 1549 2384 et
1577 2336 1622 2382 te
1651 2336 1695 2381 et
1717 2343 1882 2382 semen
1922 2333 2065 2379 ttmm
2095 2340 2112 2378 :

524 2440 673 2480 omne
700 2422 1035 2478 masculinum
1064 2421 1391 2477 circumcides
1432 2422 1483 2475 in
1523 2436 1672 2474 carne
1706 2419 1941 2491 Itrwputii
1973 2418 2112 2487 ipso-

524 2535 674 2584 rum;
696 2527 742 2573 et
763 2519 826 2573 sit
849 2518 942 2573 hoc
961 2519 1160 2590 signum
1182 2515 1461 2571 testamenti
1481 2515 1609 2568 inter
1629 2530 1707 2568 me
1726 2523 1774 2568 et
1790 2529 1896 2567 vos.
1923 2511 2113 2565 Octava

525 2621 690 2666 autem
721 2610 802 2666 die
825 2611 1196 2666 circumcidetis
1225 2627 1394 2665 omnes
1416 2610 1664 2663 masculos
1691 2610 1743 2662 in.
1764 2617 1908 2679 gente
1928 2616 2110 2675 vestra,

532 2709 587 2756 ut
614 2703 765 2757 etiam
792 2703 1107 2758 dominatum
1137 2711 1182 2757 et
1215 2711 1562 2772 comparatum
1589 2699 1959 2754 circumcidatis
1983 2713 2114 2769 prte-

526 2802 602 2850 ter
628 2795 960 2866 alienigenam
988 2813 1006 2851 :
1026 2805 1072 2850 et
1096 2797 1189 2850 hoc
1211 2797 1304 2850 erit
1326 2803 1672 2850 testamentum
1693 2795 1742 2847 in
1767 2802 1910 2865 gente
1928 2801 2109 2846 vestra.

526 2881 600 2940 Et
635 2885 799 2941 omnis
845 2887 1104 2942 masculus
1153 2885 1239 2956 qui
1286 2901 1386 2940 non
1441 2885 1761 2939 circumcidet
1811 2886 2110 2956 praeputium

525 2968 694 3044 suum,
724 2977 906 3048 perdet‘
925 2980 1146 3032 animam
1175 2993 1322 3032 suam
1347 2978 1409 3032 de
1438 2978 1601 3031 media
1629 2977 1769 3048 plebe
1787 3019 1800 3042 ,
1823 2977 1942 3046 quia
1961 2985 2112 3031 testa-

525 3082 748 3124 mentum
780 3088 946 3125 meum
979 3071 1204 3125 dissolvit
1231 3070 1383 3142 (Gen.
1412 3087 1518 3126 xvn
1540 3114 1554 3140 ,
1577 3071 1753 3140 9-14).
1785 3071 1909 3125 ΗὶῙὊ
1935 3071 2110 3126 omnia

527 3160 688 3216 verba
715 3159 926 3218 Veteris
955 3161 1304 3227 Testamenti,
1333 3173 1389 3219 ut
1416 3163 1492 3219 eis
1515 3163 1582 3217 de
1603 3161 1751 3217 Novo
1770 3161 2111 3218 Testamento

523 3252 842 3310 adversetur
863 3297 878 3323 ,
934 3256 1180 3326 proponit
1225 3255 1538 3310 Adimantus
1561 3296 1577 3323 ,
1617 3263 1670 3310 et
1698 3255 1963 3310 contraria
1994 3269 2112 3311 esse

524 3341 754 3400 afﬁrmat
776 3361 838 3401 ea
859 3362 976 3418 quae
999 3347 1253 3401 Dominus
1276 3347 1403 3402 dicit
1433 3347 1486 3401 in
1517 3346 1805 3418 Evangelio
1833 3346 1899 3402 de
1923 3361 2110 3416 prose-

526 3434 674 3508 lyto:
713 3433 801 3492 Va:
820 3436 974 3505 vobis,
1001 3437 1195 3493 Scribw
1214 3447 1262 3493 et
1293 3437 1543 3493 Pharisaei
1573 3439 1869 3508 hypocritae,
1900 3439 1988 3510 qui
2010 3439 2108 3492 cir-

523 3530 724 3585 cumitis
750 3547 888 3586 mare
913 3539 959 3586 et
984 3539 1169 3586 terram
1194 3541 1248 3586 ut
1276 3533 1476 3604 faciatis
1498 3547 1652 3586 unum
1678 3532 1984 3603 prosclytum
2008 3549 2027 3599 ;
2065 3541 2112 3589 et

531 3636 643 3674 cum
671 3619 911 3691 feceritis,
941 3623 1032 3676 erit
1055 3623 1193 3692 filius
1217 3622 1478 3694 gehennaz,
1507 3622 1664 3676 multo
1688 3623 1802 3692 plus
1824 3639 1973 3693 quam
1995 3624 2112 3677 estis

524 3727 610 3767 vos
641 3711 853 3786 (Matth.
882 3721 1035 3782 χχιιι,
1067 3714 1179 3788 15).
1207 3714 1371 3781 Quasi
1397 3729 1523 3770 vero
1549 3724 1828 3785 propterea
1859 3714 2114 3770 Dominus
2168 3725 2174 3730 ‘

523 3805 854 3876 proselytum
884 3805 1028 3861 dicat
1055 3805 1218 3860 ﬁlium
1243 3807 1522 3878 gehennae,
1547 3806 1666 3877 quia
1689 3805 2108 3875 circumciditur,

521 3903 576 3951 et
601 3895 875 3952 sabbatum
901 3899 1152 3954 observat
1176 3915 1190 3965 ;
1222 3906 1276 3953 et
1314 3913 1419 3954 non
1450 3899 1622 3969 potius
1652 3899 1774 3969 quia
1804 3897 2110 3954 Judteorum

522 4002 738 4056 pravam
784 3991 1242 4046 conversationem
1285 3991 1302 4023 ί
1345 3993 1552 4062 cogitur
1585 3991 1800 4060 imitari,
1855 4005 1963 4046 non
2006 4007 2110 4062 qua

523 4079 809 4136 observant
850 4090 1112 4153 praecepta
1152 4083 1350 4156 Legis,
1395 4083 1488 4139 sed
1534 4098 1638 4154 qua
1683 4083 1879 4138 faciunt
1926 4093 2110 4139 contra

522 4159 741 4242 Legem.
771 4173 923 4243 Quod
948 4175 1052 4231 alio
1075 4173 1194 4232 loco
1229 4176 1296 4232 de
1336 4177 1418 4232 his
1459 4177 1794 4248 apertissime
1821 4176 1982 4242 dicit,
2019 4177 2111 4233 ubi

523 4263 598 4318 ait
623 4265 762 4335 quod
793 4263 1040 4337 rejiciunt
1070 4269 1378 4323 mandatum
1406 4268 1534 4337 Dei,
1565 4278 1620 4324 ut
1658 4283 1807 4324 suam
1855 4270 2112 4324 constitu-

525 4353 724 4413 tionem
751 4359 1067 4416 conﬁrment
1096 4358 1207 4430 (Id.
1239 4375 1330 4429 xv,
1363 4360 1479 4433 5-6)
1514 4379 1526 4415 :
1558 4362 1679 4432 quia
1701 4375 1822 4416 cum
1846 4361 1956 4416 Lex
1977 4375 2114 4431 prte-

523 4447 722 4519 Ceperit
750 4450 1002 4508 honorari
1029 4459 1234 4523 patrem
1264 4462 1318 4509 et
1348 4460 1572 4509 matrem
1599 4496 1614 4522 ,
1642 4455 1986 4510 instituerunt
2011 4453 2112 4524 ipsi

523 4543 792 4613 quomodo
838 4544 1238 4601 exhonoreutur
1281 4555 1554 4616 parentes.
1601 4545 1672 4602 Et
1709 4548 1836 4603 item
1875 4559 1998 4604 cum
2033 4547 2112 4604 eis

521 4629 648 4691 dicit
673 4653 685 4690 :
722 4634 813 4692 Va.-
840 4638 997 4705 vobis,
1023 4635 1217 4694 Scriba:
1236 4649 1282 4694 et
1313 4635 1577 4706 Phariswi,
1604 4641 1690 4710 qui
1713 4639 1903 4695 habetis
1923 4641 2111 4695 clavem

519 4727 666 4800 regni
689 4727 952 4796 caelorum,
976 4747 1066 4785 nec
1093 4733 1190 4802 ipsi
1215 4732 1437 4799 intratis,
1462 4749 1552 4787 nec
1572 4733 1700 4788 alios
1722 4731 2006 4804 permittitis
2031 4734 2111 4788 in-

523 4819 660 4877 trare
681 4821 829 4893 (Luc.
855 4839 928 4892 ιι,
953 4823 1065 4898 52).
1092 4825 1186 4880 Vel
1206 4839 1325 4881 cum
1348 4826 1452 4881 alio
1473 4827 1591 4885 loco
1612 4829 1864 4896 praecepit
1883 4825 2109 4881 audien-

523 4911 708 4969 tibus"
731 4956 746 4984 ,
774 4925 833 4972 ut
861 4915 1013 4972 dictis
1044 4917 1434 4974 Pharisaeorum
1477 4927 1530 4973 et
1561 4915 1867 4974 Scribarum
1896 4919 2107 4974 obtem-

521 5016 810 5084 perarent,
856 5009 991 5066 facta
1040 5026 1169 5064 vero
1218 5025 1400 5066 eorum
1458 5026 1561 5066 non
1614 5011 1970 5066 imitarentur.
2022 5011 2122 5066 Ait‘

521 5100 663 5156 enim
693 5119 706 5154 :
740 5097 910 5173 Super
951 5102 1245 5156 cathedram
1285 5101 1454 5173 Moysi
1494 5103 1707 5157 sedent:
1745 5117 1855 5171 qua:
1896 5103 2105 5171 dicunt,

523 5193 712 5265 facite;
741 5195 829 5249 sed
856 5211 970 5265 quae
995 5194 1220 5266 faciunt,
1252 5197 1417 5266 facere
1442 5193 1637 5248 nolite:
1667 5195 1841 5248 dicunt
1867 5197 2030 5262 enim,
2063 5204 2110 5250 et

519 5283 620 5339 n'on
647 5285 840 5354 faciunt
871 5285 1080 5358 (Matth.
1106 5301 1257 5352 χχιιι,
1276 5283 1312 5338 2
1334 5285 1591 5356 et3).Quo
1606 5285 1725 5341 loco
1743 5295 1796 5340 et
1820 5288 2109 5342 auctorita-

530 5361 638 5456 tem
668 5374 820 5448 Legis
847 5393 966 5449 quae
991 5392 1086 5450 per
1108 5377 1327 5451 Moysen
1354 5375 1476 5432 data
1503 5385 1602 5444 est,
1627 5377 1904 5433 conﬁrmat
1929 5376 2110 5434 Domi-

523 5463 626 5522 nus
653 5508 666 5535 ,
713 5475 768 5523 et
815 5477 988 5527 tamen
1033 5471 1300 5527 cavendas
1344 5475 1399 5526 et
1445 5470 1720 5543 fugiendos
1763 5487 1884 5530 esse
1931 5486 2109 5528 mores

519 5557 706 5646 eorum
734 5561 824 5633 qui
847 5561 974 5636 Legi
995 5580 1156 5636 quam
1177 5573 1494 5636 acceperant
1515 5580 1623 5622 non
1645 5566 2104 5638 obtemperabant,

583 5738 619 5812 ιγ
637 5735 859 5812 Nonnulli
1021 5739 1305 5796 Judaei-um
1327 5745 1538 5809 perditos
1556 5758 1730 5808 mores,
1747 5750 1794 5798 et
1814 5758 1980 5800 eorum
1996 5759 2110 5812 pra-

513 5809 625 5854 nam
643 5805 1061 5852 conversationem.

599 5866 620 5898 ³
639 5860 776 5925 aditi,
795 5864 1099 5929 praeceperit.
1115 5865 1287 5918 Melius
1301 5875 1428 5932 Mss,
1448 5867 1695 5934 pmoepit.

1114 357 1390 418 CONTRA
1427 351 1832 414 ADlMANTUM
1861 337 2216 407 MANlCHEl
2256 339 2688 424 DISCIPULUM,
2729 351 2788 410 S.
2823 348 3193 414 AUGUSTINI

3700 358 3812 417 156

2221 466 2556 535 apertissime
2581 470 2834 526 ostendit.
2871 469 2991 527 Istis
3025 482 3200 528 autem
3231 473 3663 543 perversitatibus
3690 479 3807 533 suis

2221 559 2484 618 faciebant
2509 604 2522 630 ,
2573 570 2630 618 ut
2671 575 2791 620 cum
2827 563 3016 634 aliquis
3054 567 3268 636 gentilis
3303 567 3374 622 ad
3396 566 3590 640 Legem
3618 585 3807 624 eorum

2221 655 2499 712 transisset
2527 700 2541 725 ,
2592 656 2642 712 id
2686 665 2806 724 est,
2848 657 3018 714 iactus
3047 660 3188 714 esset
3215 661 3515 732 proselytus
3540 705 3554 729 ,
3584 661 3808 719 haberet

2218 762 2398 804 mores
2427 763 2615 806 eorum
2641 792 2655 816 ,
2687 761 2740 806 et
2781 751 2932 807 ﬁeret
2955 741 3106 807 .ﬁlius
3150 752 3404 823 gehennte
3427 798 3443 823 ,
3483 757 3654 812 multo
3683 759 3808 828 plus

2217 857 2376 911 quam
2423 844 2523 914 ipsi
2571 855 2769 900 essent.
2804 845 3010 902 Dabant
3039 847 3182 902 enim
3222 863 3468 917 magnam
3499 864 3714 920 operam
3744 859 3809 906 ut

2216 933 2431 991 Judmus
2460 936 2614 993 ﬁeret
2639 938 2832 1008 aliquis
2859 953 2925 994 ex
2956 938 3230 1004 Gentibus,
3257 947 3312 996 et
3337 939 3580 998 Judaeum
3602 941 3805 1000 factum

2215 1028 2475 1098 cogebant
2505 1045 2629 1085 suos
2658 1046 2834 1086 mores
2863 1033 3125 1102 pessimos
3155 1033 3371 1089 imitari.

2285 1118 2340 1173 2.
2373 1119 2558 1190 Neque
2587 1121 2714 1176 illud
2745 1123 2882 1194 quod
2915 1124 2982 1178 de
3007 1125 3262 1194 Apostolo
3299 1134 3554 1197 tanquam
3581 1134 3802 1183 eontra-

2215 1209 2352 1266 rium
2385 1222 2772 1269 commemorat
2792 1257 2807 1283 ,
2841 1216 3011 1286 potuit
3039 1216 3318 1274 advertere
3349 1219 3661 1275 Adimantus
3687 1237 3805 1275 ma-

2215 1303 2474 1372 niehaeus,
2493 1305 2711 1360 omnino
2733 1323 2838 1362 non
2859 1323 2980 1363 esse
2999 1309 3355 1375 contrarium;
3383 1311 3500 1380 quia
3524 1317 3663 1365 totus
3685 1310 3807 1381 ejus

2214 1393 2405 1451 oculus
2430 1407 2534 1451 non
2562 1397 2632 1452 ad
2655 1397 3078 1468 inquisitionem,
3107 1400 3200 1455 sed
3230 1400 3295 1455 ad
3325 1403 3802 1471 reprehensionem

2214 1486 2504 1558 Scriptum
2529 1489 2769 1546 intentus
2792 1500 2926 1546 erat.
2949 1491 3346 1547 Commemorat
3367 1493 3509 1548 enim
3533 1493 3803 1549 dicentem

2215 1581 2564 1651 Apostolum:
2593 1582 2937 1639 Circumcisus
2967 1584 3150 1656 aliquis
3176 1592 3381 1640 vocatus
3420 1585 3532 1640 est?
3569 1603 3671 1640 non
3705 1587 3806 1639 ad-

2216 1674 2368 1728 ducat
2399 1679 2724 1746 praeputium.
2769 1675 2836 1731 In
2881 1677 3130 1749 praeputio
3170 1681 3280 1748 quis
3318 1690 3522 1733 vocatus
3558 1680 3674 1734 est?
3701 1696 3810 1734 non

2217 1767 2606 1822 circmncidatur
2631 1785 2648 1822 :
2677 1770 2796 1838 quia
2826 1771 3134 1840 pra'putium
3157 1771 3286 1825 nihil
3311 1780 3401 1839 est,
3425 1781 3470 1826 et
3491 1773 3810 1829 circumcisio

2217 1860 2345 1914 nihil
2374 1870 2481 1928 est,
2513 1862 2601 1914 sed
2627 1861 2902 1916 observatio
2945 1872 3308 1934 praceptorum
3338 1863 3435 1917 Dei
3463 1863 3481 1936 (
3504 1864 3522 1918 Ι
3550 1864 3665 1919 Cor.
3695 1880 3801 1932 vn,

2217 1949 2284 2004 18
2302 1950 2470 2023 etl9).
2495 1951 2630 2020 Quid
2658 1952 2800 2007 enim
2824 1951 3154 2009 manifestius
3180 1969 3336 2024 quam
3364 1953 3466 2009 hoc
3490 1955 3807 2025 Apostolum

2216 2043 2530 2112 praecipere,
2562 2052 2622 2098 ut
2643 2045 3004 2115 unusquisque
3024 2045 3160 2100 sicut
3182 2055 3400 2101 vocatus
3425 2055 3560 2113 erat,
3587 2047 3663 2102 sic
3686 2063 3808 2103 ma-

2217 2134 2412 2189 neret?
2443 2135 2863 2191 Advenientibus
2893 2137 3034 2192 enim
3060 2138 3238 2203 rebus,
3265 2154 3487 2209 quarum
3511 2148 3662 2195 erant
3686 2155 3808 2196 um-

2218 2225 2328 2280 bra:
2358 2225 2461 2280 illae
2487 2227 2908 2294 observationes,
2933 2227 2986 2283 id
3014 2238 3188 2283 actum
3215 2238 3318 2297 est,
3348 2239 3405 2284 ut
3433 2231 3809 2288 ostenderetur

2217 2319 2270 2374 in
2309 2321 2438 2391 ipsis
2465 2322 2667 2377 umbris
2690 2336 2795 2377 non
2817 2337 2936 2379 esse
2955 2338 3102 2394 spem
3130 2323 3452 2394 ponendam,
3481 2324 3578 2380 sed
3603 2324 3652 2380 in
3677 2326 3810 2396 ipsis

2216 2421 2376 2475 rebus
2406 2437 2539 2492 quas
2583 2423 2688 2478 illae
2731 2423 2935 2479 umbrae
2977 2423 3347 2496 signiﬁcabant
3380 2439 3498 2479 esse
3529 2430 3804 2487 venturas,

2218 2510 2270 2566 id
2298 2523 2380 2568 est
2405 2555 2418 2580 ,
2452 2512 2722 2569 Christum
2760 2523 2816 2571 et
2842 2515 3158 2571 Ecclesiam.
3185 2517 3250 2571 Et
3273 2523 3555 2586 prapterea
3582 2514 3669 2568 illa
3691 2514 3806 2583 jam

2218 2606 2395 2660 omnia
2429 2607 2606 2662 inania
2639 2616 2792 2665 erant
2838 2626 2851 2663 :
2899 2624 3000 2665 nec
3038 2618 3214 2664 tamen
3258 2624 3319 2665 ea
3362 2617 3610 2679 tanquam
3642 2607 3809 2663 noxia

2217 2699 2559 2767 removenda,
2583 2699 2677 2756 sed
2698 2709 2948 2772 tanquam
2965 2701 3233 2772 superﬂua
3252 2700 3642 2758 contemnenda
3664 2702 3811 2771 Apo-

2215 2791 2388 2847 stolus
2413 2793 2688 2864 pra'cipit;
2713 2806 2770 2849 ut
2791 2795 2834 2851 si
2857 2796 2975 2866 quis
2996 2794 3213 2851 Judaeus
3234 2794 3448 2851 Christo
3469 2793 3809 2860 credidisset,

2215 2892 2433 2954 propter
2458 2883 2804 2941 offensionem
2829 2902 3047 2942 suorum
3077 2902 3182 2942 non
3208 2885 3580 2957 prohiberetur
3600 2885 3653 2940 in
3675 2883 3811 2954 ipsis

2215 2975 2499 3047 superﬂuis
2524 2994 2805 3034 remanere
2828 3021 2842 3046 ,
2873 2995 2974 3034 nec
3004 2985 3180 3034 tamen
3213 2979 3266 3033 in
3291 2980 3369 3034 eis
3396 2978 3622 3034 salutem
3652 2990 3810 3032 suam

2215 3070 2559 3125 constitutam
2588 3079 2800 3141 putaret
2826 3089 2839 3128 :
2874 3088 2980 3126 non
3009 3071 3322 3142 enimsigna
3347 3071 3455 3137 illa,
3484 3068 3576 3125 sed
3605 3083 3666 3124 ea
3687 3081 3811 3137 qua:

2217 3163 2300 3218 his
2347 3163 2712 3234 signiﬁcantur
2770 3163 2823 3218 iu
2883 3165 3106 3218 salutem
3160 3163 3518 3217 introducunt.
3576 3158 3810 3228 Ideoque

2217 3256 2524 3325 praeputium
2551 3255 2681 3310 nihil
2711 3263 2801 3320 est,
2834 3265 2880 3310 ct
2905 3256 3216 3310 circumcisio
3245 3254 3371 3309 nihil
3393 3261 3497 3319 est,
3519 3251 3607 3308 sed
3633 3251 3808 3306 obser-

2215 3350 2349 3404 vatio
2381 3350 2740 3404 mandatorum
2767 3349 2880 3406 Dei.
2916 3349 2985 3405 Et
3011 3350 3150 3422 quod
3177 3350 3281 3406 alio
3311 3351 3427 3405 loco
3455 3349 3528 3404 ait
3555 3366 3566 3402 :
3599 3346 3810 3404 Utinam

2216 3451 2262 3497 et
2293 3442 2656 3497 abscinduntur
2680 3443 2767 3514 qui
2793 3459 2879 3499 vos
2908 3443 3206 3498 conturbant
3238 3441 3430 3514 (Galat.
3459 3457 3512 3507 v,
3543 3439 3631 3511 12)
3656 3456 3670 3506 ;
3699 3454 3808 3493 non

2215 3537 2336 3606 quia
2364 3537 2698 3593 circumcisio
2729 3538 2994 3594 contraria
3035 3546 3116 3593 est
3146 3534 3435 3607 Evangelio
3460 3577 3475 3603 ,
3503 3521 3636 3589 dicit.
3659 3534 3807 3603 Apo-

2214 3629 2406 3696 stolus,
2431 3625 2566 3684 sicut
2588 3629 2863 3686 Manichaei
2889 3639 3081 3704 putant
3108 3649 3120 3684 :
3144 3629 3236 3686 sed
3260 3628 3388 3682 illud
3410 3634 3492 3682 est
3516 3625 3808 3696 Evangelio

2215 3722 2568 3789 contrarium,
2599 3731 2656 3777 ut
2683 3722 2907 3793 quisque
2933 3738 3044 3777 rem
3075 3721 3354 3786 deserens,
3387 3734 3504 3790 qua:
3535 3732 3629 3787 per
3658 3717 3808 3771 illam

2217 3815 2460 3869 umbram
2486 3815 2760 3886 ﬁguratur,
2788 3816 2955 3887 ipsius
2977 3816 3177 3871 umbra:
3202 3823 3453 3886 sequatur
3473 3813 3805 3868 inanitatem.

2217 3907 2370 3978 Quod
2395 3910 2646 3966 volebant
2675 3911 2765 3982 qui
2797 3909 3058 3966 Gentibus
3089 3910 3139 3963 in
3167 3908 3438 3964 Christum
3465 3904 3808 3962 credentibus

2212 4000 2397 4072 jugum
2428 4002 2848 4058 circumeisionis
2892 4001 3235 4072 imponebant
3274 3999 3424 4071 quasi
3468 3998 3534 4054 ad
3577 3998 3808 4054 salutem

2216 4095 2574 4150 necessarium
2603 4138 2617 4159 ,
2650 4111 2769 4150 cum
2796 4095 2905 4166 jam
2945 4112 3048 4150 non
3085 4103 3227 4150 esset
3253 4094 3441 4156 umbra
3483 4091 3536 4147 in
3581 4104 3809 4163 corpore

2216 4188 2487 4260 ﬁguranda
2508 4232 2521 4255 ,
2549 4189 2640 4245 sed
2669 4205 2754 4244 res
2782 4189 2894 4260 ipsa
2925 4189 2978 4244 in
3006 4189 3165 4244 corde
3189 4185 3464 4258 gestanda.

2289 4282 2341 4339 5.
2385 4284 2451 4338 Et
2476 4283 2614 4355 quod
2643 4282 2809 4350 dicit,
2839 4275 2962 4337 Dies
2982 4280 3281 4347 observatis,
3311 4289 3357 4333 et
3381 4276 3619 4342 sabbata,
3650 4283 3696 4330 et
3718 4292 3808 4330 so-

2219 4375 2535 4441 lemnitates;
2562 4377 2710 4430 timeo
2736 4392 2822 4430 vos
2843 4418 2857 4442 ,
2895 4391 2956 4429 ne
2995 4378 3184 4446 frustra
3227 4370 3556 4426 laboraverim
3585 4369 3641 4422 in
3666 4365 3808 4422 vobis

2218 4467 2329 4541 (Id.
2361 4485 2434 4535 1v,
2470 4467 2534 4522 l0
2553 4467 2704 4539 et“)
2730 4484 2744 4534 ;
2771 4482 2876 4522 non
2909 4467 2984 4521 sic
3014 4466 3267 4537 scriptum
3299 4473 3378 4519 est
3401 4471 3460 4518 ut
3486 4461 3806 4517 Adimantus

2219 4560 2392 4632 ponit.
2438 4559 2554 4614 Non
2601 4560 2745 4614 enim
2787 4559 3025 4614 nominat
3061 4558 3131 4612 ibi
3171 4556 3447 4613 sabbatum
3492 4554 3802 4625 Apostolus.

2217 4656 2357 4712 Dicit
2377 4655 2519 4711 enim
2547 4674 2559 4709 :
2585 4646 2706 4708 Dies
2732 4654 3002 4708 observatis
3023 4662 3069 4707 et
3093 4669 3274 4717 annos,
3298 4662 3343 4705 et
3366 4659 3629 4721 tempora;
3657 4648 3806 4703 timeo

2215 4764 2324 4816 vos,
2353 4764 2416 4802 ne
2445 4746 2638 4817 frustra
2668 4745 2998 4800 laboraverim
3027 4745 3080 4798 in
3105 4744 3261 4798 vobis.
3291 4739 3395 4800 Sed
3422 4749 3571 4812 putat
3595 4756 3712 4796 esse
3737 4739 3807 4795 de

2215 4839 2438 4894 sabbato
2467 4838 2712 4894 dictum?
2742 4836 3007 4908 Numquid
3056 4844 3111 4890 et
3156 4850 3255 4890 nos
3295 4850 3403 4889 non
3441 4832 3667 4888 dicimus
3706 4831 3809 4886 ista

2214 4945 2321 4984 non
2351 4945 2472 4984 esse
2503 4927 2832 4984 observanda
2859 4965 2874 4996 ,
2905 4925 2999 4982 sed
3028 4925 3114 4980 illa
3144 4925 3319 4996 potius
3345 4939 3464 4996 qute
3490 4923 3574 4979 his
3599 4921 3808 4992 signiﬁ-

2215 5009 2449 5086 cantur?
2479 5021 2558 5076 llli
2588 5022 2728 5076 enim
2759 5036 2823 5076 ea
2855 5018 3125 5076 serviliter
3150 5017 3542 5082 observabant,
3582 5031 3689 5071 non
3719 5014 3808 5070 in-

2216 5095 2514 5188 telligentes
2541 5115 2606 5169 ad
2636 5128 2860 5184 quarum
2903 5127 3082 5167 rerum
3112 5107 3559 5181 signiﬁcationem
3586 5116 3640 5163 et
3669 5121 3812 5178 pra:-

2216 5210 2603 5268 nuntiationem
2626 5209 2976 5279 pertinerent.
2997 5205 3111 5260 Hoc
3130 5205 3180 5259 in
3203 5205 3280 5259 eis
3301 5200 3817 5287 culpatApostolus,

2215 5315 2269 5364 et
2315 5307 2367 5360 in
2413 5305 2664 5360 omnibus
2707 5301 2796 5372 qui
2841 5299 3082 5356 serviunt
3122 5306 3383 5354 creaturae
3419 5297 3597 5369 potius
3645 5309 3810 5366 quam

2213 5397 2456 5455 Creatori
2478 5395 2653 5465 (Rom.
2679 5411 2730 5464 ι,
2753 5391 2868 5466 25).
2901 5392 3031 5447 Nam
3053 5405 3151 5446 nos
3173 5405 3385 5462 quoque
3404 5399 3458 5445 et
3479 5387 3809 5444 dominicum

2213 5490 2355 5545 diem
2395 5497 2449 5545 et
2488 5487 2691 5543 Pascha
2720 5485 3035 5541 solemniter
3059 5483 3393 5538 celebramus
3418 5523 3433 5546 ,
3463 5489 3517 5536 et
3541 5477 3810 5551 quaslibet

2215 5581 2348 5638 alias
2373 5579 2696 5636 Christianas
2721 5576 2929 5632 dierum
2959 5574 3295 5631 festivitates.
3325 5571 3430 5629 Sed
3459 5571 3581 5642 quia
3610 5567 3808 5624 intelli-

2214 5674 2390 5747 gimus
2419 5688 2524 5744 quo
2551 5671 2874 5741 pertineant,
2907 5683 3012 5722 non
3040 5675 3282 5737 tempora
3311 5665 3678 5724 observamus,
3707 5659 3812 5715 sed

2213 5783 2333 5840 quae
2380 5766 2484 5820 illis
2535 5763 2900 5834 signiﬁcantur
2931 5757 3278 5828 temporibus.
3321 5754 3595 5811 Maniehzei
3623 5761 3805 5826 autem

2215 5861 2383 5920 sicea
2411 5854 2850 5928 reprehendunt,
2897 5853 3049 5924 quasi
3090 5850 3265 5908 nullos
3311 5849 3426 5906 dies
3466 5854 3523 5905 et
3561 5854 3805 5917 tempora
