4082 6456
283 381 406 439 Im

279 498 608 554 observent.
631 494 742 551 Sed
764 502 896 550 cum
929 492 1000 549 de
1037 488 1127 547 his
1164 489 1563 562 interrogantur
1591 491 1886 569 secundum

281 591 614 660 opinionem
636 594 798 644 secta:
821 600 933 642 sua:
955 626 973 652 ,
1005 584 1188 640 omnia
1215 591 1478 639 conantur
1501 597 1771 654 exponere
1788 625 1804 651 ,
1833 587 1892 639 ut

271 696 413 739 non
437 682 554 752 ipsa
580 690 826 750 tempora
847 713 864 747 ,
891 677 992 733 sed
1018 689 1108 732 res
1131 715 1147 743 ,
1173 691 1396 746 quarum
1429 675 1522 730 illa
1542 676 1690 746 signa
1725 680 1850 731 sunt
1871 717 1886 744 ,

279 776 593 831 observare
621 773 923 829 videantur.
952 769 1106 837 Quas
1124 768 1340 839 quidem
1367 782 1458 824 res
1481 767 1750 824 fabulosas
1769 780 1890 824 esse

275 876 459 938 atque
482 866 820 934 falsissimas,
850 864 978 920 aliis
995 863 1134 919 locis
1154 861 1474 919 ostenditur.
1508 861 1660 918 Nunc
1690 863 1890 918 adhoc

277 959 503 1016 dictum
527 967 610 1015 est
633 995 650 1024 ,
680 968 739 1014 ut
765 972 862 1013 ore
889 971 989 1014 suo
1021 965 1283 1028 cogantur
1325 954 1482 1012 fateri
1503 997 1520 1022 ,
1566 969 1724 1025 posse
1759 954 1888 1010 talia

279 1051 687 1110 rationabiliter
714 1049 976 1107 celebrari
1007 1067 1021 1103 ε
1051 1057 1110 1103 et
1139 1049 1262 1104 ideo
1286 1047 1750 1104 circumeisionem
1769 1057 1890 1102 ear-

279 1147 381 1202 nis
407 1154 464 1201 et
480 1152 631 1200 recte
656 1143 960 1214 impositam
983 1141 1173 1205 servis,
1205 1149 1259 1196 et
1284 1147 1432 1195 recte
1456 1153 1489 1194 α
1519 1138 1704 1194 liberis
1725 1138 1886 1193 intel-

281 1239 487 1296 lecuun
511 1241 528 1271 ⁸
555 1252 674 1294 esse
702 1235 1043 1291 manifestum
1067 1241 1169 1290 est.
1199 1232 1561 1304 Repudiamus
1603 1244 1731 1302 ergo
1768 1243 1886 1286 eam

277 1333 560 1389 carnalem
582 1346 704 1387 cum
726 1329 1006 1399 Apostolo,
1030 1336 1090 1384 et
1107 1326 1466 1398 approbamus
1487 1339 1605 1380 eam
1632 1324 1885 1395 spiritua-

277 1425 397 1482 lem
423 1440 548 1480 cum
585 1423 848 1494 Apostolo
876 1439 890 1476 :
914 1430 971 1477 et
997 1419 1201 1476 sabbati
1225 1417 1460 1489 quietem
1490 1432 1598 1473 non
1627 1417 1885 1472 observa-

281 1535 410 1577 mus
437 1521 496 1575 in
520 1528 802 1588 tempore;
832 1516 930 1572 sed
955 1518 1164 1587 signum
1191 1514 1486 1586 temporale
1506 1512 1881 1582 intelligimus,

282 1621 343 1668 et
384 1611 451 1666 ad
492 1619 755 1666 aeternam
797 1611 1030 1679 quietem
1071 1623 1192 1679 qum
1236 1608 1329 1662 illo
1359 1607 1512 1678 signo
1537 1605 1880 1677 signiﬁcatur,

282 1710 462 1760 aciem
489 1705 685 1759 mentis
715 1705 736 1736 ³
758 1703 1106 1758 intendimus.
1139 1701 1502 1772 Repudiamus
1542 1700 1718 1770 itaque
1745 1708 1882 1754 tem-

285 1812 490 1868 porum
523 1796 951 1852 observationem
997 1809 1117 1850 cum
1169 1794 1462 1866 Apostolo‘,
1511 1801 1567 1847 et
1610 1801 1881 1861 tempora-

285 1889 420 1945 lium
442 1891 716 1959 signorum
745 1887 1152 1959 intelligentiam
1175 1895 1418 1943 tenemus
1438 1901 1558 1942 cum
1587 1887 1878 1957 Apostolo:

281 1979 624 2051 duorumque
633 1980 1100 2036 Testamentorum
1113 1979 1468 2035 di‘ll’erentiam
1482 1979 1558 2033 sic
1571 1978 1878 2047 probamus,

283 2081 343 2126 ut
369 2073 423 2127 in
453 2073 546 2128 illo
573 2073 683 2128 sint
722 2087 884 2127 onera
927 2085 1206 2128 servorum
1232 2113 1245 2136 ,
1279 2072 1332 2126 in
1363 2073 1466 2126 isto
1491 2071 1658 2143 gloria
1683 2071 1883 2128 libero-

280 2167 440 2221 rum’
469 2187 484 2233 ;
517 2167 572 2222 in
604 2167 700 2220 illo
737 2174 1093 2236 cognoscatur
1135 2165 1492 2236 praeﬁguratio
1527 2164 1881 2234 possessionis

280 2269 520 2323 nostr-.2,
545 2258 602 2312 in
633 2256 736 2312 isto
766 2265 1008 2312 teneatur
1034 2257 1147 2327 ipsa
1182 2257 1470 2326 possessio.
1498 2255 1882 2326 Interpretatur

282 2349 580 2420 Apostolus
605 2350 886 2406 sabbatum
912 2348 980 2403 ad
1001 2349 1277 2416 Hebraeos,
1304 2363 1425 2402 cum
1446 2347 1611 2404 dicit:
1637 2347 1882 2403 Reineuet

279 2445 440 2516 igitur
483 2443 823 2498 sabbatismus
846 2442 869 2474 ⁸
899 2442 1094 2515 populo
1133 2441 1232 2497 Dei
1260 2441 1458 2515 (Hebr.
1487 2453 1560 2510 ιν,
1587 2440 1680 2512 9).
1711 2441 1880 2497 Inter-

277 2544 528 2605 pretatur
558 2537 722 2590 etiam
748 2535 1207 2591 circumcisionem
1234 2575 1249 2599 ,
1287 2548 1407 2590 eum
1443 2534 1573 2590 dicit
1605 2533 1674 2589 de
1705 2534 1880 2589 Abra-

284 2627 406 2683 ham
457 2644 472 2679 :
527 2625 600 2681 Et
646 2628 846 2699 signum
890 2628 1083 2698 accepit
1121 2627 1514 2682 circumcirionia
1565 2627 1880 2698 signaculum

278 2720 490 2788 iustitia:
517 2720 642 2790 ﬁdei
675 2719 850 2789 (Rom.
877 2735 950 2786 ιν,
981 2717 1096 2791 ii).
1125 2720 1488 2790 Apostolicam
1513 2721 1690 2790 itaque
1711 2720 1879 2775 inter-

281 2811 645 2882 pretationem
676 2811 1028 2881 spiritualiter
1057 2818 1258 2868 teneo:
1298 2812 1566 2866 carnalem
1609 2811 1878 2867 servitutis

283 2905 714 2960 observationem
743 2905 988 2960 libertate
1017 2912 1306 2960 contemno
1329 2946 1343 2971 ,
1383 2905 1660 2974 utriusque
1689 2903 1877 2960 Testa-

282 2999 448 3054 menti
475 3009 754 3054 auctorem
783 2998 952 3054 Deum
979 3011 1265 3064 venerans,
1292 2998 1380 3069 qui
1408 3005 1461 3053 et
1483 2999 1652 3052 veteri
1675 2997 1878 3053 homini

279 3090 505 3162 fugienti
537 3100 789 3160 tanquam
818 3089 1068 3145 dominus
1096 3090 1346 3160 apposuit
1371 3088 1513 3159 quod
1543 3089 1794 3155 timeret,
1824 3095 1879 3144 et

278 3198 420 3238 novo
445 3181 699 3238 redeunti
725 3191 974 3251 tanquam
1004 3189 1159 3251 pater
1189 3181 1400 3252 aperuit
1425 3179 1566 3249 quod
1596 3189 1822 3234 amaret.

345 3272 582 3330 CAPUT
607 3272 775 3327 XVII.
793 3303 867 3314 -—
886 3273 938 3327 i.
973 3273 1048 3328 De
1076 3287 1142 3327 eo
1161 3271 1303 3342 quod
1330 3273 1382 3326 in
1407 3271 1598 3326 Exodo
1622 3271 1877 3341 scriptum

277 3373 393 3420 est:
419 3365 482 3420 Si
503 3381 634 3418 aure
657 3365 882 3418 audieris
901 3379 1070 3418 vocem
1090 3379 1274 3428 meam,
1306 3373 1352 3417 et
1383 3363 1537 3434 facies
1555 3376 1880 3434 quecuqu

277 3458 524 3529 ρπαὶρὶο
564 3459 692 3524 tibi;
718 3459 876 3512 odero
901 3457 1126 3513 odieutes
1152 3466 1234 3523 te;
1275 3466 1322 3512 et
1363 3458 1664 3512 contristabo
1691 3457 1880 3514 contria

277 3562 465 3608 stantes
510 3563 558 3607 te
587 3568 608 3606 :
649 3555 894 3624 procedet
920 3562 967 3606 te
995 3552 1207 3623 angelus
1239 3567 1381 3606 naeus
1401 3594 1413 3615 ,
1439 3560 1484 3606 et
1506 3551 1720 3606 adducet
1745 3560 1792 3607 te
1811 3551 1880 3605 ad

279 3642 634 3702 Amori-haunt
655 3691 668 3712 ,
696 3655 744 3700 ct
767 3645 1130 3712 Pherezteum,
1169 3653 1216 3700 et
1241 3644 1605 3710 Chananuzum,
1643 3652 1690 3700 et
1721 3643 1881 3699 Iebu-

279 3755 436 3794 mm
460 3781 474 3804 ,
509 3749 558 3794 et
578 3739 902 3811 Gcrgesamm
923 3755 941 3803 ;
963 3747 1016 3793 et
1036 3738 1274 3793 occidetis
1294 3737 1430 3794 illos.
1459 3738 1594 3793 Deos
1620 3751 1790 3793 eorum
1816 3749 1880 3794 ne

278 3831 634 3898 odorum-itis,
673 3847 834 3901 neque
872 3831 1090 3902 feceritis
1128 3847 1283 3902 Opera
1325 3831 1586 3901 ipsorum;
1619 3830 1716 3886 sed
1742 3845 1879 3885 ever-

279 3924 424 3978 sione
475 3924 671 3978 eoertite
692 3923 814 3978 illos
838 3966 850 3989 ,
904 3932 956 3978 et
976 3923 1138 3978 delete
1159 3941 1332 3978 eorum
1358 3925 1651 3977 memoriam
1681 3919 1875 3996 (Exod.

285 4027 450 4080 ιιιιι,
473 4012 689 4082 22.94).
719 4014 810 4069 liis
835 4013 1013 4069 verbis
1042 4014 1110 4069 de
1135 4013 1406 4069 veteribus
1435 4013 1608 4069 Libris
1638 4013 1706 4068 ita
1732 4025 1880 4069 com’-

284 4105 619 4168 memoratis,
655 4113 894 4175 tanquam
923 4107 1246 4161 contrarium
1287 4107 1506 4177 opponit
1546 4106 1862 4160 Adimantus

284 4197 432 4267 quod
460 4197 515 4251 in
557 4196 844 4268 Evangelia
894 4198 1149 4267 scriptum
1203 4207 1305 4263 est,
1352 4197 1564 4252 dicente
1608 4197 1873 4254 Domino:

291 4286 400 4358 Ego
428 4298 598 4342 autem
620 4289 733 4343 dico
761 4291 900 4345 vobis
916 4307 934 4344 :
959 4289 1169 4362 Ditigite
1189 4291 1419 4344 inimicos
1440 4300 1649 4358 vestros,
1679 4291 1880 4345 benedi—

284 4382 377 4434 cite
402 4381 484 4434 his
509 4382 594 4450 qui
637 4381 778 4436 vobis
811 4383 1137 4446 maledicunt,
1188 4392 1234 4437 et
1273 4383 1547 4452 benefacite
1566 4382 1628 4435 iis
1655 4382 1742 4450 qui
1791 4397 1878 4436 vos

284 4473 495 4527 oderunt
515 4513 528 4536 ,
569 4482 620 4526 et
648 4483 791 4527 orate
822 4489 914 4542 pro
941 4475 1004 4527 iis
1023 4475 1110 4542 qui
1143 4490 1230 4527 vos
1258 4482 1632 4544 persequuntur
1661 4471 1874 4542 (Matth.

287 4575 334 4629 v,
364 4565 481 4631 44).
510 4563 632 4629 Quo
651 4564 770 4619 loco
798 4565 970 4634 primo
989 4564 1117 4619 illud
1147 4563 1430 4618 videndum
1454 4571 1556 4628 est,
1585 4564 1730 4634 quod
1748 4565 1877 4620 satis

285 4672 400 4712 esse
421 4657 669 4713 debuerit
697 4658 896 4713 homini
926 4659 1120 4713 volenti
1151 4661 1299 4728 quasi
1325 4659 1589 4713 contraria
1613 4669 1878 4713 monstra-

285 4765 359 4815 re,
377 4751 524 4821 quod
539 4751 608 4806 de
624 4751 931 4806 occidendis
954 4752 1180 4806 inimicis
1199 4752 1250 4805 in
1267 4751 1430 4806 veteri
1453 4750 1595 4821 Lege
1613 4751 1870 4820 scriptum

284 4855 402 4896 esse
429 4843 784 4896 commonuit.
809 4843 1064 4897 Dominus
1108 4847 1248 4897 enim
1279 4842 1346 4897 de
1390 4842 1620 4898 inimicis
1643 4843 1874 4913 diligen-

282 4929 381 4998 dis,
412 4933 599 5004 utique
618 4933 689 4989 de
713 4933 1018 4989 hominibus
1039 4935 1317 5006 prmcepit;
1355 4948 1490 5004 quos
1520 4949 1613 5005 per
1637 4943 1875 4990 nostram

283 5023 599 5092 patientiam
622 5035 680 5080 et
727 5026 1040 5081 clraritatem
1071 5026 1136 5080 ad
1173 5027 1398 5081 salutem
1426 5041 1586 5097 posse
1612 5028 1870 5096 converti,

281 5123 334 5168 et
361 5115 543 5184 quivis
568 5115 836 5188 intelligit,
871 5117 1198 5186 etexemplis
1228 5117 1520 5187 saepissime
1539 5117 1876 5174 demonstra-

282 5213 393 5261 tum
417 5214 523 5262 est.
550 5207 690 5276 Quid
712 5223 840 5279 ergo
871 5208 972 5264 sibi
1001 5209 1131 5274 vult,
1160 5207 1300 5279 quod
1329 5207 1663 5279 adjungenda
1679 5223 1874 5266 conso-

282 5300 500 5369 quentia
547 5300 788 5371 putavit,
833 5301 922 5356 ubi
964 5301 1217 5371 scriptum
1269 5309 1370 5365 est,
1411 5299 1547 5355 Deos
1601 5316 1776 5356 eorum
1813 5317 1876 5356 ne

283 5390 633 5457 udoraueritit,
661 5409 824 5461 neque
847 5393 1066 5463 feceritis
1107 5408 1262 5463 Opera
1288 5394 1552 5462 ipsorum;
1601 5391 1690 5448 sed
1724 5405 1868 5449 euer-

279 5483 420 5538 sionc
455 5486 666 5540 uertite
705 5485 843 5550 illos,
893 5494 940 5538 et
984 5483 1144 5540 delete
1189 5502 1362 5540 eorum
1398 5486 1734 5552 memoriam;
1765 5486 1871 5543 nisi

278 5574 407 5645 quia
450 5583 508 5631 et
521 5576 655 5632 deos
681 5574 930 5632 Gentium
958 5575 1232 5633 Manichaei
1279 5587 1478 5649 cogunt
1505 5577 1763 5649 diligere?
1809 5578 1876 5634 Et

282 5757 286 5762 .
346 5713 365 5778 ξ
399 5709 508 5778 sola
532 5711 682 5763 editio
695 5717 826 5778 Lov._,
846 5724 956 5776 pro,
970 5709 1278 5778 intellectam,
1293 5711 1470 5775 habet,
1494 5711 1819 5778 repudiatam.

344 5773 368 5805 ⁸
400 5769 574 5823 Plures
594 5783 722 5835 Mss,
738 5769 891 5825 aciein
912 5769 1092 5826 cordis.

284 5831 291 5840 '
349 5835 375 5903 ξ
405 5841 556 5884 Vetus
579 5831 886 5903 Corbeiensis
908 5836 1082 5902 codex,
1102 5834 1153 5891 in
1174 5833 1266 5889 ista
1283 5835 1468 5903 gaudia
1503 5833 1782 5891 liberorum.

349 5896 375 5931 ι
406 5903 603 5962 mlas,
626 5897 976 5952 sabbatismwn.

1719 369 1930 434 LIBER:
1960 374 2164 439 UNUS.

1900 6012 1937 6023 δο-

3483 387 3587 454 488

2003 494 2146 562 quod
2191 495 2248 550 in
2299 493 2592 569 Evangelia
2637 497 2900 557 Dominus
2969 500 3063 571 ait,
3115 499 3322 574 Dilinte
3357 504 3587 562 inimicos
3662 545 3670 572 ρ

1996 595 2205 653 vestros,
2258 599 2362 642 non
2411 583 2583 644 solum
2625 591 2693 646 ad
2740 591 3004 660 homines,
3055 595 3154 650 sed
3197 594 3266 650 ad
3323 595 3586 653 daemonia
3660 577 3669 598 ³

1998 689 2229 748 quoque,
2260 679 2342 735 vel
2368 681 2528 736 etiam
2552 682 2618 737 ad
2639 683 2921 740 simulacra
2940 686 3208 756 pertinere
3231 689 3583 746 arbitrantur.
3632 699 3641 718 '

1996 768 2148 834 Quod
2175 770 2220 825 si
2245 772 2317 826 ita
2345 782 2446 839 est,
2479 775 2599 844 quis
2623 791 2729 830 non
2749 777 2906 832 istam
2927 777 3226 837 detestetur
3246 783 3577 838 amentiam?

1995 859 2052 915 Si
2075 871 2252 917 autem
2280 875 2384 919 non
2415 864 2518 920 hoc
2539 866 2881 935 arbitrantur,
2910 869 3013 927 iste
3038 868 3325 940 plurimum
3351 875 3573 943 erravit,

1993 953 2081 1024 qui
2125 955 2528 1026 superstitiones
2565 957 2810 1014 Gentium
2851 963 3165 1018 evertendas
3219 977 3340 1019 esse
3379 978 3587 1034 praece-

1991 1053 2113 1115 ptas
2142 1046 2194 1101 in
2215 1046 2394 1105 Veteri
2421 1047 2768 1107 Testamento
2795 1066 3221 1110 commemorare
3244 1055 3432 1124 voluit,
3459 1071 3582 1112 cum

1977 1138 2048 1193 in
2094 1139 2245 1196 Novo
2291 1141 2434 1212 quod
2462 1143 2717 1214 scriptum
2769 1155 2850 1202 est
2892 1147 2959 1202 de
3001 1148 3230 1204 inimicis
3272 1149 3579 1221 diligendis,

1993 1237 2246 1302 tanquam
2273 1236 2598 1289 contrarium
2629 1236 3106 1308 velietopponere.

2063 1324 2117 1378 2.
2151 1324 2260 1380 Nos
2298 1335 2476 1382 autem
2506 1341 2681 1400 neque
2717 1327 2847 1384 illud
2873 1331 3016 1401 quod
3042 1331 3112 1388 de
3137 1332 3380 1390 hostibus
3406 1331 3582 1389 homi-

1988 1419 2143 1476 nibus
2168 1421 2475 1479 occidendis
2499 1423 2552 1479 in
2578 1424 2848 1481 veteribus
2867 1425 3040 1482 Libris
3057 1426 3132 1481 illi
3154 1429 3360 1499 populo
3373 1429 3576 1484 dictum

1987 1520 2070 1567 est
2096 1513 2421 1569 contrarium
2443 1529 2564 1571 esse
2578 1515 2804 1572 dicimus
2822 1517 2945 1572 huic
2964 1527 3232 1590 praecepto
3247 1520 3574 1592 evangelise,

1987 1617 2095 1674 quo
2121 1606 2274 1662 nobis
2298 1617 2355 1663 ut
2379 1608 2621 1666 inimicos
2650 1619 2866 1667 nostros
2887 1611 3176 1682 diligamus
3215 1613 3468 1670 Dominus
3492 1612 3580 1684 ju-

1988 1695 2081 1752 bet
2109 1699 2574 1772 :quandoquidem
2611 1703 2698 1758 illa
2741 1705 3082 1760 inimicorum
3110 1703 3408 1762 interiectio
3455 1719 3577 1761 car-

1981 1788 2102 1843 nali
2150 1790 2323 1846 adhuc
2367 1794 2566 1864 populo
2611 1796 2970 1866 congruebat,
3031 1797 3115 1852 cui
3164 1796 3278 1852 Lex
3327 1805 3577 1868 tanquam

1979 1881 2302 1954 paedagogus
2329 1884 2451 1940 data
2475 1894 2608 1954 erat,
2638 1886 2774 1942 sicut
2800 1887 3088 1958 Apostolus
3119 1887 3248 1943 dicit
3272 1887 3465 1959 (Galat.
3494 1903 3574 1956 ιιι,

1986 1973 2101 2046 24).
2135 1974 2197 2029 lli
2225 1989 2354 2031 vero
2383 1977 2471 2048 qui
2493 1987 2616 2034 tunc
2640 1980 2692 2034 in
2716 1979 2812 2034 illo
2834 1980 3030 2050 populo
3055 1980 3224 2035 sancti
3254 1985 3310 2034 et
3328 1978 3580 2050 spiritua-

1984 2066 2064 2123 les
2113 2067 2359 2127 homines
2387 2080 2542 2127 erant
2593 2073 2934 2143 paucissimi,
2989 2073 3127 2129 sicut
3166 2073 3394 2146 Moyses,
3441 2072 3578 2128 sicut

1985 2160 2296 2233 Propheta},
2327 2177 2435 2236 quo
2457 2167 2638 2221 animo
2664 2165 2900 2222 facerent
2936 2167 3081 2222 illam
3111 2167 3454 2223 inimicorum
3488 2165 3575 2220 in-

1984 2253 2377 2324 terfectionem,
2422 2267 2477 2313 et
2502 2268 2678 2313 utrum
2706 2260 2820 2313 ‘eos
2855 2272 2988 2328 quos
3010 2257 3418 2323 interiiciebant,
3454 2256 3575 2312 dili-

1983 2356 2191 2417 gerent,
2226 2350 2452 2406 multum
2482 2351 2613 2406 latet
2650 2350 2894 2406 indoctos
2919 2361 2972 2407 et
2998 2352 3210 2421 impios,
3235 2351 3321 2421 qui
3348 2350 3575 2421 diligunt

1985 2440 2278 2495 edacitatem
2301 2456 2451 2496 suam
2472 2458 2486 2508 ;
2519 2443 2606 2513 qui
2636 2443 2888 2513 quoniam
2915 2457 3021 2498 non
3041 2453 3166 2498 sunt
3186 2442 3366 2498 idonei
3389 2442 3574 2499 videre

1983 2530 2104 2597 ista,
2125 2533 2268 2588 mole
2291 2535 2467 2603 potius
2488 2534 2818 2590 auctoritatis
2852 2535 3074 2606 urgendi
3095 2541 3238 2590 sunt.
3262 2533 3398 2601 Quid
3427 2535 3570 2589 enim

1981 2633 2074 2683 est:
2091 2627 2231 2696 quod
2257 2626 2388 2682 dicit
2412 2628 2700 2698 Apostolus
2733 2645 2747 2681 :
2780 2625 2894 2698 Ego
2915 2627 3114 2697 quidem
3143 2627 3319 2682 absens
3338 2641 3569 2696 corpore,

1982 2728 2208 2786 praesens
2224 2726 2392 2772 autem
2417 2717 2620 2787 spiritu,
2639 2719 2754 2789 jam
2769 2719 3000 2788 judicat'i
3019 2733 3166 2788 quast
3197 2732 3419 2789 presens
3453 2731 3570 2771 eum

1980 2809 2070 2880 qui
2085 2811 2158 2862 sic
2172 2819 2410 2880 operatus
2433 2818 2526 2876 est,
2542 2811 2598 2864 in
2616 2810 2818 2864 nomine
2840 2809 3049 2865 Domini
3063 2811 3221 2864 nostri
3235 2809 3266 2863 J
3275 2825 3358 2863 esu
3383 2807 3570 2862 Christi

1980 2901 2300 2972 congregatis
2322 2900 2458 2955 vobis
2507 2909 2556 2956 et
2581 2916 2691 2955 meo
2714 2893 2920 2971 spiritu,
2951 2914 3065 2955 cum
3103 2901 3331 2970 potentia
3362 2898 3570 2953 Domini

1978 2991 2127 3060 Jeau,
2163 2994 2363 3048 tradere
2399 2990 2646 3064 ejusmodi
2684 3003 2878 3049 autumo
2905 2995 2958 3048 in
2995 2995 3250 3051 interitum
3301 2993 3486 3058 carnis,
3514 3001 3570 3047 ut

1981 3085 2190 3157 spiritus
2217 3085 2389 3140 salvus
2425 3086 2492 3140 sit
2519 3087 2575 3140 in
2597 3086 2682 3141 die
2716 3085 2924 3142 Domini
2949 3083 3076 3142 Iesu
3106 3085 3284 3161 (lCer.
3315 3101 3366 3153 ν,
3395 3085 3564 3156 5-5)?

1980 3180 2122 3246 Quid
2149 3181 2290 3235 enim
2339 3180 2614 3236 habetilla
2657 3181 2981 3251 interiectio,
3026 3190 3185 3254 quam
3213 3182 3446 3237 multum
3479 3179 3570 3236 isti

1981 3280 2306 3342 exaggerant
2333 3281 2388 3327 et
2415 3271 2680 3330 invidiose
2699 3274 2978 3341 ventilant,
3011 3274 3116 3330 nisi
3140 3274 3410 3329 interitum
3446 3285 3569 3327 car-

1982 3362 2106 3416 nis?
2135 3363 2240 3419 Sed
2265 3365 2386 3434 quia
2408 3365 2654 3434 exposuit
2682 3366 2969 3435 Apostolus
2989 3380 3094 3436 quo
3143 3366 3320 3420 animo
3345 3362 3566 3429 faceret,

1981 3455 2112 3510 eatis
2151 3455 2440 3510 declaravit
2481 3455 2538 3511 in
2559 3457 2800 3528 aliquem
2815 3457 3090 3512 inimicum
3131 3456 3416 3512 vindictam
3441 3467 3564 3510 cum

1981 3548 2246 3604 cliaritate
2286 3561 2446 3620 posse
2483 3549 2794 3619 procedere.
2847 3550 2912 3605 Et
2949 3559 3128 3605 tamen
3151 3549 3237 3603 ltic
3259 3549 3418 3603 etiam
3461 3547 3567 3602 alio

1981 3640 2144 3694 modo
2169 3639 2402 3696 fortasse
2429 3641 2675 3696 interitus
2693 3642 2896 3708 carnis,-
2924 3641 3014 3711 qui
3057 3639 3114 3694 iit
3157 3654 3254 3712 per
3295 3638 3565 3709 pwiiten-

1983 3732 2131 3798 tiam,
2174 3740 2350 3801 potest
2389 3732 2631 3804 intelligi.
2686 3733 2790 3803 ipsi
2825 3740 3008 3787 autem
3052 3733 3231 3802 legunt
3279 3730 3572 3800 seruiturus

1981 3824 2336 3896 apocryphas,
2365 3839 2498 3896 quas
2521 3827 2694 3881 etiam
2713 3824 3196 3894 ineorruptissimas
3217 3837 3346 3878 esse
3362 3821 3568 3888 dicunt,

1979 3915 2070 3972 ubi
2098 3915 2352 3986 scriptum
2382 3925 2466 3971 est
2487 3916 2796 3986 apostolum
2820 3915 3080 3970 Thurnam
3102 3913 3447 3970 maledixisse
3473 3913 3572 3968 liot-

1981 4008 2134 4076 mini,
2163 4023 2198 4061 a-
2218 4022 2322 4078 quo
2346 4022 2442 4079 per
2487 4003 2904 4079 inmodemlmn
2940 4007 3116 4078 νήπια
3136 4009 3422 4077 persuasus
3464 4009 3570 4072 est,

1980 4101 2270 4171 ignorante
2284 4101 2406 4170 quis
2433 4109 2593 4167 esset,
2641 4099 3092 4170 maledictumque'
3134 4097 3268 4154 illud
3312 4096 3566 4152 continue

1979 4192 2193 4247 venisse
2233 4191 2304 4246 ad
2339 4191 2603 4247 enectum.
2646 4188 2788 4246 Nam
2822 4203 2941 4246 cum
2979 4191 3069 4247 ille
3097 4189 3280 4256 homo,
3320 4186 3573 4259 quoniam

1980 4284 2228 4339 minister
2240 4283 2468 4338 convivii
2491 4289 2627 4351 erat,
2658 4291 2720 4338 ut
2744 4290 3264 4353 apportaretaquam
3279 4279 3482 4335 exisset
3502 4276 3570 4332 ad

1983 4375 2204 4442 fontem,
2221 4389 2252 4430 a
2273 4375 2427 4431 leone
2441 4375 2651 4430 occisus
2664 4380 2718 4430 et
2731 4371 3015 4430 dilaniatus
3033 4377 3134 4429 est.
3149 4370 3304 4440 Quod
3317 4380 3375 4426 ut
3402 4369 3573 4425 mani-

1979 4469 2266 4525 festaretur
2276 4468 2344 4525 ad
2357 4469 2583 4525 aliorum
2601 4477 2879 4534 terrorem,
2897 4467 3052 4523 canis
3063 4477 3278 4522 manum
3291 4465 3407 4536 ejus
3425 4464 3569 4520 intu-

1981 4561 2040 4615 lit
2061 4561 2281 4628 mensis,
2305 4561 2394 4616 ubi
2419 4561 2804 4617 convivabatur
2822 4560 3111 4631 Apostolus
3137 4576 3151 4614 :
3171 4569 3330 4629 atque
3355 4559 3426 4613 ita
3449 4565 3570 4612 eum

1979 4668 2137 4709 causa
2159 4663 2487 4725 quaereretur
2504 4669 2534 4709 a
2551 4654 2930 4720 nescientibus,
2947 4655 3140 4726 eisque
3159 4652 3498 4725 panderetur,
3516 4651 3571 4706 in

1981 4759 2227 4815 magnum
2246 4746 2492 4802 timorem
2507 4754 2816 4817 etmagnum
2834 4746 3338 4817 honoremApostoli
3351 4758 3442 4800 eos
3453 4757 3574 4799 esse

1982 4854 2307 4907 conversos;
2337 4849 2496 4912 atque
2532 4841 2657 4896 hinc
2678 4842 2948 4912 Evangelii
2967 4841 3258 4897 exordium
3295 4850 3572 4894 commen-

1980 4935 2141 4990 dandi
2162 4934 2449 4990 exstitisse.
2467 4933 2523 4991 Si
2548 4934 2710 4990 vellet
2736 4935 2929 5005 aliquis
2957 4934 3142 4990 dentes
3161 4930 3571 4988 Manichaeorum

1982 5026 2037 5081 in
2068 5027 2212 5096 ipsos
2249 5035 2582 5093 convertere,
2630 5041 2788 5098 quam
2815 5027 3140 5083 mordaciter
3161 5027 3264 5080 ista
3278 5020 3571 5092 reprehen-

1983 5117 2172 5174 deret!
2223 5119 2329 5174 Sed
2375 5119 2504 5189 quia
2549 5128 2604 5174 et
2658 5120 2730 5174 ibi
2784 5121 3000 5174 tacitum
3031 5133 3138 5174 non
3164 5124 3370 5185 estque
3389 5114 3572 5170 animo

1985 5204 2182 5265 factum
2205 5211 2295 5275 sit,
2325 5209 2536 5265 videtur
2551 5209 2774 5266 dilectio
2795 5209 3134 5265 vindicantis.
3169 5206 3259 5264 Sic
3287 5205 3486 5262 etenim
3511 5206 3568 5262 in

1985 5303 2356 5374 ilia-scriptura
2383 5302 2596 5374 legitur,
2627 5302 2768 5374 quod
2793 5303 3111 5372 deprecatus
3150 5298 3308 5356 fuerit
3336 5299 3568 5372 Aposto-

1984 5399 2068 5453 lus
2099 5413 2196 5469 pro
2225 5398 2317 5453 illo
2338 5397 2580 5468 inquom
2612 5396 2974 5466 temporaliter
3002 5393 3330 5450 vindicatum
3357 5402 3462 5464 est,
3513 5403 3570 5449 ut

1982 5491 2041 5546 ei'
2063 5479 2374 5560 parceretur
2406 5490 2459 5545 in
2488 5489 2664 5544 futuro
2685 5487 2904 5558 judicio.
2931 5487 2998 5543 Si'
3017 5501 3144 5559 ergo
3170 5495 3411 5560 tempore
3435 5484 3570 5544 Novi

1986 5584 2330 5650 Testamenti,
2377 5599 2482 5653 quo
2509 5583 2738 5638 maxime
2777 5580 3008 5637 Charitas
3033 5584 3456 5650 commendatur,
3504 5580 3572 5636 de

1977 5678 2157 5747 'pmnis
2187 5673 2477 5731 visibilibus
2512 5672 2763 5728 divinitus
2794 5673 3020 5744 injectus
3046 5683 3129 5730 est
3172 5673 3474 5744 carnalibus
3499 5672 3567 5728 ti.-

1987 5783 2105 5827 mor
2129 5769 2145 5799 ¹
2168 5782 2185 5833 ;
2207 5775 2402 5837 quanto
2428 5765 2593 5835 magis
2614 5773 2856 5836 tempore
2876 5764 3088 5824 Veteris
3113 5764 3441 5823 Testamenti
3463 5763 3568 5822 hoc

2051 5899 2071 5934 ι
2105 5896 2210 5952 sola
2233 5895 2386 5951 editio
2406 5901 2537 5961 hom,
2561 5894 2775 5954 cumuli:
2797 5889 2960 5953 (imor.
2990 5897 3146 5953 Minus
3163 5895 3323 5953 recte.
