4082 6464
509 374 615 434 159

509 491 819 564 congruisse
839 489 915 546 illi
956 487 1150 559 populo
1179 483 1574 554 intelligendum
1597 489 1701 548 est,
1733 491 1891 549 quem
1923 475 2082 531 timor

511 589 667 658 Legis
689 596 933 656 tanquam
955 581 1221 653 pmdagogi
1248 574 1562 634 coercebat?
1587 571 1717 627 Nam
1739 571 1854 626 hrec
1878 577 1959 626 est
1977 567 2092 624 bre-

511 681 724 734 vissima
747 686 799 732 ct
825 674 1157 744 apertissima
1184 667 1475 725 diﬁ'erentia
1506 665 1731 719 duorum
1765 662 2088 718 Testamen-

510 782 705 836 torum,
763 772 919 825 timor
970 777 1022 822 et
1065 779 1254 820 amor:
1285 759 1412 815 illud
1457 758 1523 814 ad
1566 767 1821 823 veterem,
1871 754 1974 811 hoc
2022 751 2090 807 ad

512 879 709 918 novum
757 861 1022 915 hominem
1065 855 1328 926 pertinet;
1375 861 1658 921 utrumque
1712 859 1887 904 tamen
1936 845 2091 900 unius

514 956 604 1011 Dei
651 949 1140 1009 misericordissima
1187 944 1582 1014 dispensatione
1636 943 1893 1012 prolatum
1933 947 2091 1008 atque

511 1047 868 1116 conjunctmn.
925 1043 988 1095 Et
1017 1040 1067 1093 in
1115 1039 1278 1092 veteri
1305 1038 1574 1105 Scriptura
1600 1037 1616 1066 ⁸
1648 1043 1847 1088 taeetur
1881 1031 2092 1085 animus

514 1137 909 1193 vimlicantium,
938 1133 1057 1201 quia
1081 1129 1379 1200 paucissimi
1401 1126 1702 1197 spirituales
1721 1125 1913 1178 divinis
1941 1137 2092 1177 reve-

515 1229 797 1284 lationihns
843 1224 966 1295 quid
1017 1224 1270 1288 lacerent,
1324 1229 1601 1285 noverant,
1651 1227 1712 1272 ut
1758 1217 1982 1286 populus
2006 1213 2092 1270 cui

515 1329 686 1373 terror
713 1317 854 1370 utilis
906 1324 1040 1380 erat,
1082 1315 1419 1370 severissimo
1463 1310 1685 1380 imperio
1736 1309 2088 1362 domaretur:

512 1418 569 1463 ut
593 1407 1042 1478 quemadmodum
1074 1407 1321 1460 videbant
1345 1404 1459 1459 dari
1488 1404 1538 1458 in
1569 1418 1756 1456 manus
1784 1416 1906 1456 suas
1929 1401 2092 1455 inter-

512 1502 764 1557 liciendos
791 1501 1033 1556 inimicos
1063 1500 1253 1569 impios
1281 1499 1620 1566 cultoresque
1663 1495 2089 1560 simulacrorum,

512 1595 590 1648 sic
636 1593 735 1664 ipsi
781 1592 1127 1648 formidarent
1175 1593 1226 1645 in
1250 1605 1436 1645 manus
1489 1589 1823 1643 inimicorum
1873 1600 2092 1640 suorum

509 1686 645 1747 dari,
698 1687 742 1740 si
789 1687 880 1741 Dei
912 1685 1023 1740 veri
1062 1685 1212 1754 jussa
1255 1691 1680 1745 contemnerent,
1720 1690 1774 1734 et
1797 1679 1861 1733 ad
1892 1679 2093 1734 cultum

509 1779 769 1834 idolorum
794 1789 950 1847 atque
996 1779 1295 1848 impietates
1331 1776 1580 1832 Gentium
1605 1775 1925 1829 laberentur.
1957 1772 2091 1827 Nam

510 1878 564 1928 et
591 1872 640 1924 in
669 1871 810 1942 ipsos
849 1870 1090 1925 similiter
1111 1878 1392 1939 peccantes
1434 1883 1540 1922 non
1569 1866 1897 1921 dissimiliter
1920 1865 2093 1920 vindi-

511 1974 687 2019 catum
719 1973 819 2020 est.
851 1963 957 2021 Sed
994 1967 1168 2019 omnis
1195 1963 1308 2017 lucc
1342 1961 1648 2032 temporalis
1675 1959 1907 2014 vindicta
1939 1958 2091 2013 inﬁr-

511 2071 629 2111 mos
659 2058 866 2111 animos
888 2066 1072 2124 terret,
1092 2066 1149 2110 ut
1167 2056 1427 2111 enutritos
1452 2054 1550 2109 sub
1566 2053 1843 2123 disciplina
1860 2053 2089 2119 erudiat,

513 2156 566 2202 et
593 2163 622 2201 a
663 2149 998 2218 sempiternis
1028 2158 1185 2216 atque
1212 2147 1566 2202 ineﬁbbilibus
1612 2146 1883 2217 suppliciis
1926 2146 2094 2216 possit

514 2245 753 2292 avertere
778 2255 790 2290 :
823 2239 945 2306 quia
973 2239 1090 2307 plus
1123 2240 1309 2292 timent
1337 2238 1576 2291 carnales
1607 2237 1848 2292 homines
1871 2236 2010 2306 quod
2038 2235 2091 2291 in

512 2328 761 2397 prtcsenti
810 2328 948 2384 Deus
997 2329 1252 2394 vindicat,
1295 2344 1455 2398 quam
1496 2327 1626 2384 illud
1668 2328 1811 2399 quod
1854 2327 2090 2384 futurum

509 2422 760 2478 minatur.

580 2514 630 2568 3.
652 2513 970 2585 Potestergo
989 2529 1110 2570 esse
1129 2513 1346 2570 dilectio
1363 2516 1414 2570 in
1433 2513 1909 2582 vindicante.Quod
1926 2529 2089 2569 unus-

508 2605 733 2675 quisque
764 2607 814 2660 in
848 2607 955 2660 lilio
985 2620 1082 2662 suo
1111 2608 1322 2679 probat,
1343 2623 1464 2662 cum
1485 2623 1606 2662 eum
1637 2608 1690 2661 in
1717 2623 1894 2662 mores
1918 2608 2087 2675 pessi-

509 2712 627 2752 mos
657 2698 1001 2766 deﬁuentem,
1038 2701 1374 2755 severissima
1401 2700 1724 2755 coercitione
1754 2700 2087 2771 constringit,

511 2800 566 2847 et
594 2802 738 2846 tanto
766 2794 956 2864 magis,
987 2805 1184 2865 quanto
1225 2795 1390 2865 magis
1430 2810 1550 2850 eum
1579 2794 1769 2865 diligit,
1792 2802 1951 2864 atque
1991 2793 2092 2849 hoc

514 2885 675 2938 modo
703 2886 894 2954 corrigi
925 2899 1081 2953 posse
1134 2885 1436 2940 arbitratur.
1477 2885 1591 2940 Non
1640 2895 1816 2940 autem
1843 2885 2092 2940 occidunt

513 2976 651 3031 ﬁlios
679 2993 812 3046 quos
855 2979 1078 3049 diligunt
1127 2978 1389 3044 homines,
1440 2979 1653 3049 quando
1690 2993 1782 3033 eos
1822 2983 2091 3048 corrigere

515 3067 698 3121 volunt
725 3085 738 3121 :
767 3071 887 3138 quia
918 3071 1066 3124 multi
1097 3070 1232 3125 hanc
1256 3071 1416 3124 vitam
1455 3087 1550 3141 pro
1591 3086 1781 3141 magno
1823 3071 1966 3126 bono
1992 3071 2092 3124 ha-

512 3157 660 3226 bent,
694 3168 747 3214 et
773 3169 938 3216 totum
992 3177 1158 3232 quare
1211 3164 1393 3217 volunt
1439 3163 1670 3219 educare
1693 3165 1826 3218 ﬁlios
1855 3179 2002 3230 suos,
2037 3164 2089 3218 in

514 3246 615 3304 hac
643 3252 746 3305 vita
793 3261 1026 3322 sperant.
1053 3253 1264 3309 Fideles
1291 3266 1469 3310 autem
1495 3266 1653 3327 atque
1677 3258 1945 3326 sapientes
1997 3255 2094 3311 ho-

512 3342 703 3409 mines,
750 3346 837 3414 qui
884 3347 1106 3402 credunt
1148 3363 1268 3404 esse
1310 3349 1469 3403 aliam
1512 3349 1674 3403 vitam
1713 3349 2009 3417 meliorem,
2039 3357 2094 3404 et

511 3445 704 3503 quanta
732 3446 953 3507 possunt
977 3453 1042 3493 ex
1073 3449 1221 3507 parte
1246 3449 1543 3505 noverunt;
1573 3455 1672 3495 nec
1699 3441 1796 3510 ipsi
1825 3440 2095 3496 vindicant

514 3526 825 3595 occidendo,
852 3543 973 3584 cum
1005 3529 1144 3585 ﬁlios
1185 3545 1312 3586 suos
1340 3531 1522 3585 volunt
1547 3532 1835 3601 corrigere,
1863 3535 1986 3602 quia
2039 3531 2094 3586 in

513 3615 615 3672 hac
639 3619 744 3673 vita
770 3633 864 3676 eos
915 3635 1070 3691 posse
1107 3622 1301 3694 corrigi
1335 3621 1562 3678 credunt
1593 3640 1606 3676 :
1632 3622 1776 3678 Deus
1799 3633 1976 3678 atatem
2003 3623 2095 3693 qui

515 3711 661 3766 novit
684 3712 810 3782 quid
834 3714 1027 3785 cuique
1058 3715 1274 3780 tribuat,
1304 3714 1534 3770 vindicat
1560 3715 1851 3770 occidendo
1881 3716 1932 3770 in
1961 3730 2094 3786 quos

511 3801 756 3870 voluerit,
785 3804 896 3860 sive
947 3820 1041 3876 per
1081 3805 1346 3871 homines,
1369 3808 1482 3862 sive
1505 3807 1716 3862 occulto
1741 3823 1922 3863 rerum
1951 3806 2099 3862 ordi-

507 3908 613 3961 ne;
642 3910 749 3950 non
777 3897 898 3967 quia
922 3911 1016 3952 eos
1035 3898 1146 3953 odit
1174 3899 1224 3953 in
1251 3909 1506 3970 quantum
1528 3897 1770 3955 homines
1799 3909 1957 3968 sunt,
2002 3897 2099 3954 sed

511 3986 567 4042 in
592 3997 844 4057 quantum
874 4002 1180 4060 peccatores
1216 4003 1357 4048 sunt.
1387 3993 1516 4049 Nam
1568 3994 1620 4048 in
1653 3995 1782 4064 ipsis
1829 3994 2098 4050 veteribus

511 4079 689 4137 Libris
715 4083 939 4152 legimus
956 4084 1156 4139 dictum
1189 4085 1320 4152 Deo,
1348 4084 1416 4140 Et
1442 4085 1571 4140 nihil
1593 4087 1746 4140 odisti
1787 4103 1960 4142 eorum
1982 4103 2098 4158 qua

515 4172 675 4244 fecisti
695 4171 850 4243 (Sap.
881 4190 953 4239 xl,
979 4174 1073 4247 25)
1098 4194 1112 4229 :
1138 4175 1232 4231 sed
1258 4177 1460 4245 omnia,
1489 4178 1601 4233 sive
1628 4193 1724 4247 per
1761 4192 1950 4247 poenas
1983 4177 2099 4233 sive

514 4277 613 4333 per
633 4265 849 4332 praemia
877 4265 1078 4336 justitia
1125 4268 1433 4323 moderante
1454 4269 1707 4339 diSponit.
1741 4269 1926 4325 Nonne
1958 4284 2092 4340 apo-

517 4354 687 4410 stolus
724 4356 918 4412 Paulus
953 4357 1270 4414 Christianis
1307 4359 1548 4415 ﬁdelibus
1587 4361 1920 4431 loquebatur,
1970 4375 2092 4416 cum

514 4447 715 4502 diceret
743 4467 755 4502 :
791 4448 975 4504 Probet
1000 4462 1166 4505 autem
1192 4469 1244 4506 se
1276 4454 1446 4518 homo,
1474 4464 1519 4506 et
1549 4455 1620 4507 sic
1649 4454 1712 4508 de
1732 4471 1865 4524 pane
1889 4453 2023 4520 edat,
2050 4463 2099 4510 et

516 4538 580 4592 de
603 4541 757 4594 calice
785 4540 938 4594 bibat.
975 4541 1074 4608 Qui
1093 4544 1223 4597 enim
1246 4545 1517 4598 mandarat
1546 4555 1590 4598 et
1613 4546 1730 4598 bibit
1761 4547 1986 4618 indigne,
2005 4548 2100 4617 ju-

518 4630 705 4683 dicium
731 4631 824 4685 sibi
867 4633 1139 4687 manduca!
1182 4645 1228 4689 et
1266 4635 1402 4700 bibit,
1445 4653 1544 4689 non
1585 4637 1876 4706 dijudicans
1913 4655 2100 4708 corpus

522 4721 746 4776 Domini.
781 4722 1058 4792 Propterea
1095 4725 1146 4778 in
1176 4726 1311 4779 vobis
1357 4728 1501 4780 multi
1555 4728 1748 4799 infirmi
1793 4739 1839 4783 et
1880 4730 2022 4799 a'gri,
2052 4739 2100 4783 et

517 4813 772 4867 dormiunt
799 4817 1111 4886 sufﬁcientes.
1137 4817 1200 4872 Si
1225 4828 1391 4874 autem
1420 4837 1511 4874 nos
1531 4821 1665 4891 ipsos
1685 4821 2097 4892 diiudicaremus,

517 4922 616 4959 non
647 4909 815 4978 utique
863 4910 1283 4976 dijudicaremur.
1334 4913 1470 4966 Dum
1507 4915 1800 4984 judicamur
1844 4924 2032 4982 autem,
2067 4933 2102 4971 a

516 4997 736 5053 Domino
764 5003 1082 5071 corripiatur,
1113 5021 1178 5060 ne
1202 5021 1314 5059 cum
1345 5007 1532 5060 mundo
1554 5009 1574 5037 ²
1597 5007 1951 5078 damnemur(l
1979 5007 2097 5064 Cor.

517 5106 593 5158 xu,
620 5091 812 5164 28-32)
836 5094 859 5149 ‘l
887 5096 1024 5152 Ecce
1049 5098 1390 5154 manifestum
1421 5107 1504 5154 est
1527 5099 1691 5154 Deum
1712 5115 1832 5156 cum
1860 5100 2102 5156 dilectio-

520 5197 587 5236 ne
615 5185 902 5255 corrigere,
935 5202 1041 5242 non
1073 5188 1244 5243 solum
1275 5189 1670 5245 inﬁrmitatibus
1699 5199 1755 5246 et
1773 5192 2102 5262 aegritudini-

521 5273 641 5340 bus,
673 5277 767 5329 sed
793 5278 951 5332 etiam
983 5279 1240 5334 mortibus
1267 5280 1670 5350 temporalibus,
1704 5297 1798 5338 eos
1826 5299 1960 5354 quos
1988 5298 2096 5340 non

521 5366 633 5420 vult
655 5364 910 5424 damnare
937 5383 1056 5426 cum
1085 5371 1305 5428 mundo.

591 5456 645 5512 4.
671 5458 961 5516 Attendant
988 5461 1103 5518 haec
1129 5461 1241 5532 isti,
1272 5472 1326 5519 et
1351 5460 1563 5521 videant
1603 5465 1872 5537 quomodo
1901 5475 2094 5538 potue-

519 5638 798 5765 pmtavetus
827 5639 1136 5693 Corbeiensis
1177 5641 1332 5693 codex
1357 5677 1374 5705 ,
1419 5647 1474 5694 Et
1524 5642 1636 5696 ideo
1677 5646 1728 5696 in
1781 5649 1935 5697 celere
1978 5645 2107 5697 Scri-

585 5787 606 5816 ³
634 5784 775 5855 _Editi,
801 5799 910 5837 cum
931 5786 1020 5837 hoc
1044 5786 1244 5855 minuto.
1267 5788 1518 5854 Particula,
1551 5790 1659 5855 hoc,
1682 5803 1780 5842 non
1812 5798 1889 5843 est
1923 5793 1972 5843 in
1995 5797 2099 5844 MSS.

521 5858 618 5899 nec
631 5849 680 5899 in
702 5861 864 5910 graeco
886 5855 1029 5902 textu
1043 5850 1266 5913 Apostolt.

1060 365 1331 424 CONTRA
1371 358 1777 422 ADIMANTUM
1814 348 2170 414 MANE-HE!
2206 349 2637 424 DISCIPULUM,
2675 353 2735 411 S.
2777 354 3147 413 AUGUSTINI

3667 362 3779 421 160

2197 471 2304 526 rint
2331 478 2386 526 et
2427 471 2602 542 impiae
2643 481 2828 543 gentes
2868 472 2982 528 dari
3007 474 3062 528 in
3092 486 3282 529 manus
3303 473 3504 546 populi,
3535 481 3781 548 quamvis

2194 563 2369 620 adhuc
2392 565 2640 632 carnalis,
2667 574 2846 623 tamen
2867 582 3032 623 unum
3059 568 3224 624 Deum
3245 569 3489 638 colentis,
3511 581 3571 627 ut
3597 572 3666 628 ab
3711 588 3782 630 eo

2195 658 2663 727 interﬁcerentur;
2691 675 2812 717 cum
2835 663 2886 717 in
2911 671 3170 719 eotamen
3197 665 3393 736 populo
3418 665 3464 722 si
3488 668 3579 739 qui
3599 676 3784 726 essent

2195 751 2518 821 spirit-uales,
2547 754 2662 810 sine
2700 755 2924 824 alicujus
2952 756 3078 812 odio
3103 757 3463 830 intelligerent
3491 760 3782 832 dispensa-

2198 843 2394 900 tionem
2426 845 2519 901 Dei
2553 864 2565 900 :
2598 855 2653 902 et
2689 847 2957 918 quomodo
3006 862 3115 904 non
3152 849 3223 905 sit
3273 852 3597 909 contrarium
3636 855 3785 925 quod

2197 938 2452 994 Dominus
2499 942 2652 997 nobis
2679 942 2734 997 in
2779 942 3073 1015 Evangelio
3105 947 3380 1015 praecepit,
3411 957 3467 1002 ut
3494 948 3782 1020 diligamus

2196 1029 2441 1088 inimicos
2489 1043 2738 1090 nostros:
2773 1036 2840 1091 de
2891 1038 3083 1108 quibus
3130 1048 3306 1095 tamen
3353 1042 3614 1111 proluittit
3666 1045 3785 1115 ipse

2194 1122 2506 1193 vindictam,
2539 1141 2659 1181 cum
2690 1129 2757 1182 de
2797 1129 2889 1184 illo
2912 1130 3091 1199 judice
3111 1130 3511 1189 similitudinem
3556 1136 3781 1204 inducit,

2194 1213 2285 1283 qui
2331 1215 2668 1284 quotidianas
2703 1218 3157 1289 interpellationes
3197 1223 3368 1279 viduae
3411 1226 3651 1281 mulieris
3683 1243 3784 1297 pe-

2195 1307 2356 1361 tentis
2379 1317 2434 1360 ut
2477 1323 2535 1364 se
2564 1309 2876 1375 vindicaret,
2913 1315 3155 1383 quamvis
3195 1327 3338 1371 esset
3383 1317 3629 1388 injustus,
3679 1332 3783 1374 nec

2197 1397 2364 1452 Deum
2392 1399 2604 1466 timens,
2628 1417 2728 1457 nec
2754 1403 2995 1461 homines
3023 1422 3293 1475 reverens,
3316 1419 3492 1465 tamen
3513 1413 3784 1467 sustinere

2197 1504 2300 1542 non
2330 1491 2522 1560 potuit,
2553 1502 2608 1546 et
2629 1493 2834 1549 audivit
2859 1512 2997 1561 eam,
3032 1513 3100 1552 ne
3126 1499 3352 1555 ulterius
3382 1501 3596 1556 taedium
3625 1512 3784 1574 pate-

2195 1588 2345 1633 retur
2377 1598 2389 1634 :
2417 1595 2482 1636 ex
2527 1582 2679 1650 cujus
2721 1587 3117 1655 comparatione
3155 1589 3323 1644 multo
3376 1593 3544 1661 magis
3588 1593 3780 1662 Deum,

2195 1672 2285 1740 qui
2315 1682 2399 1728 est
2436 1674 2848 1746 benignissimus
2875 1689 3034 1751 atque
3055 1682 3402 1752 justissimus,
3448 1685 3581 1740 dixit
3609 1686 3788 1742 vindi-

2195 1779 2319 1820 care
2343 1766 2542 1823 electos
2564 1784 2690 1824 suos
2715 1771 2783 1826 de
2801 1772 3028 1829 inimicis
3047 1789 3232 1830 eorum
3263 1775 3412 1845 (Luc.
3445 1795 3590 1846 xvni,
3627 1779 3780 1848 2-8).

2197 1857 2333 1914 Huic
2353 1860 2434 1914 isti
2452 1860 2681 1916 audeant
2695 1863 2927 1933 objicere
2942 1869 3374 1937 quaestionem,et
3388 1870 3585 1936 dicant,
3601 1873 3642 1926 si
3667 1888 3787 1942 pos-

2196 1960 2345 2006 sunt:
2363 1952 2500 2020 Quid
2521 1963 2623 2017 est,
2645 1956 2786 2026 quod
2805 1957 3010 2027 jussisti
3037 1970 3095 2014 ut
3112 1959 3353 2018 inimicos
3380 1965 3786 2037 nostrosdiliga-

2193 2058 2334 2111 mus,
2359 2053 2413 2100 et
2437 2044 2506 2101 de
2531 2045 2633 2101 illis
2645 2060 2742 2102 nos
2762 2049 3028 2106 vindicare
3042 2049 3320 2121 disponis?
3340 2055 3420 2107 An
3439 2053 3575 2110 forte
3595 2066 3785 2112 contra

2194 2138 2521 2193 voluntatem
2547 2153 2764 2195 suorum
2807 2151 3112 2197 sanctorum
3140 2145 3373 2200 tacturus
3399 2155 3502 2213 est,
3527 2162 3620 2202 eos
3646 2165 3785 2219 quos

2194 2229 2269 2284 illi
2299 2230 2543 2301 diligunt,
2573 2233 2841 2303 puniendo
2870 2244 3030 2306 atque
3055 2237 3393 2292 damnando?
3420 2239 3527 2293 lmo
3551 2242 3648 2310 ipsi
3678 2257 3784 2312 po-

2193 2321 2300 2377 tius
2343 2323 2411 2377 ab
2457 2323 2559 2378 ista
2609 2325 2936 2383 calumniosa
2996 2329 3235 2384 czecitate
3288 2340 3664 2387 convertantur
3712 2333 3786 2388 ad

2195 2416 2383 2483 Deum,
2412 2426 2470 2474 et
2497 2418 2550 2474 in
2573 2429 2797 2490 utroque
2815 2420 3160 2478 Tesmmento
3187 2423 3482 2494 intelligant
3518 2425 3635 2494 ejus
3681 2439 3783 2479 vo-

2193 2508 2474 2577 luntatem,
2504 2525 2573 2567 ne
2601 2512 2652 2567 in
2683 2513 2894 2567 sinistra
2940 2522 3091 2584 parte
3129 2515 3466 2571 inveniantur
3509 2516 3646 2571 inter
3685 2531 3786 2572 eos

2194 2601 2388 2671 quibus
2416 2601 2657 2659 dicturus
2683 2614 2767 2659 est
2797 2605 3048 2660 Dominus
3080 2625 3094 2661 :
3129 2606 3209 2662 Ite
3237 2609 3288 2661 in
3317 2612 3480 2679 ignem
3510 2619 3778 2677 wlernum,

2194 2692 2281 2762 qui
2307 2705 2622 2762 prwparatus
2648 2705 2721 2750 est
2748 2697 2950 2752 diabolo
2975 2709 3021 2752 et
3050 2701 3244 2771 angelis
3260 2702 3391 2773 ejus.
3425 2699 3626 2756 Esurivi
3648 2704 3784 2756 enim

2195 2792 2242 2837 et
2265 2801 2365 2838 non
2387 2785 2597 2840 dedistis
2621 2788 2746 2840 mihi
2781 2789 3088 2844 manducare
3115 2791 3325 2859 (Matth.
3356 2808 3486 2860 xxv,
3532 2793 3623 2860 41,
3647 2794 3739 2863 49.)
3764 2810 3783 2860 ;

2195 2886 2250 2931 et
2274 2886 2466 2933 caetera
2491 2880 2634 2936 talia.
2657 2881 2908 2950 Displicet
2928 2891 3066 2938 enim
3090 2884 3205 2939 istis
3225 2885 3451 2950 miseris,
3471 2887 3611 2956 quod
3640 2888 3785 2945 Deus

2196 2974 2393 3042 populo
2433 2987 2531 3028 suo
2557 2975 2952 3030 interﬁciendos
2999 2977 3215 3032 tradidit
3261 2978 3542 3044 inimicos;
3584 2989 3639 3034 et
3681 2981 3783 3050 ipsi

2197 3079 2388 3134 panem
2417 3067 2738 3122 mendicanti
2775 3069 2887 3123 dari
2934 3069 3238 3139 prohibent,
3285 3086 3392 3126 non
3419 3072 3656 3139 inimico,
3687 3073 3786 3128 sed

2196 3157 2443 3225 supplici.
2476 3158 2774 3229 lntelligant
2813 3161 2991 3230 potius
3031 3163 3149 3218 sine
3175 3163 3298 3218 odio
3321 3178 3440 3218 esse
3461 3180 3618 3233 posse
3667 3166 3788 3220 vin-

2199 3246 2422 3315 dictam,
2454 3265 2611 3319 quam
2642 3252 2792 3320 pauci
2841 3253 3139 3323 intelligunt
3169 3273 3184 3309 :
3212 3264 3266 3311 et
3312 3263 3488 3312 tamen
3533 3257 3786 3324 quamdiu

2197 3354 2304 3394 non
2331 3340 2662 3411 intelligitur,
2683 3343 2882 3399 tamdiu
2900 3361 3122 3401 necesse
3148 3355 3252 3414 est,
3285 3357 3342 3402 ut
3363 3347 3532 3403 lector
3557 3349 3609 3403 in
3631 3348 3788 3403 libris

2199 3434 2476 3504 utriusque
2504 3433 2832 3490 Testamenti
2863 3451 3057 3506 magno
3083 3437 3265 3493 labore
3293 3449 3382 3493 ant
3408 3454 3590 3495 errore
3609 3439 3786 3510 jacte-

2198 3531 2307 3591 tur,
2330 3535 2385 3582 et
2411 3536 2562 3596 putet
2583 3529 2879 3582 contrarias
2900 3529 2999 3584 sibi
3030 3545 3150 3584 esse
3178 3529 3498 3599 Scripturas.

2270 3616 2325 3671 5.
2356 3617 2524 3685 Quam
2549 3618 2835 3673 vindictam
2863 3620 2980 3675 sine
2999 3620 3123 3675 odio
3147 3622 3382 3677 nondum
3411 3623 3653 3693 Apostoli
3671 3625 3792 3679 ani-

2201 3724 2292 3764 mo
2319 3719 2594 3779 ceperant,
2640 3711 2852 3781 quando
2882 3711 3000 3766 irati
3043 3715 3123 3768 eis
3150 3730 3180 3768 a
3201 3715 3393 3784 quibus
3423 3730 3527 3772 non
3558 3716 3788 3786 recipie-

2200 3797 2395 3854 bantur
2425 3800 2676 3871 hospitio,
2702 3803 3063 3874 quaesiverunt
3091 3804 3157 3858 de
3180 3804 3406 3860 Domino
3433 3816 3606 3861 utrum
3629 3807 3791 3863 vellet

2201 3904 2295 3945 eos
2320 3901 2499 3961 petere
2546 3893 2720 3964 ignem
2761 3893 2828 3948 de
2874 3895 3031 3960 caelo,
3061 3896 3196 3951 sicut
3238 3897 3378 3954 Elias
3419 3899 3635 3964 fecerat,
3683 3913 3792 3969 quo

2203 3979 2326 4052 igne
2379 3981 2626 4038 homines
2696 3984 3050 4056 inhospitales
3106 3997 3570 4045 consumerentur.
3638 3989 3791 4045 Tunc

2203 4074 2482 4145 respondit
2509 4075 2587 4130 eis
2627 4076 2905 4145 Dominus,
2934 4074 3118 4133 dicens
3143 4092 3239 4134 eos
3282 4080 3486 4134 nescire
3506 4080 3657 4149 cujus
3682 4079 3794 4150 spi-

2205 4167 2341 4223 ritus
2365 4168 2458 4223 ﬁlii
2481 4170 2497 4200 ¹
2525 4179 2726 4237 essent,
2756 4180 2809 4225 et
2837 4170 2977 4240 quod
3009 4171 3122 4241 ipse
3143 4171 3374 4226 liberare
3398 4171 3652 4237 venisset,
3679 4186 3792 4227 non

2204 4261 2428 4332 perdere
2459 4261 2606 4330 (Luc.
2635 4279 2709 4328 ix,
2757 4263 2956 4334 55-56)
2985 4264 3272 4334 :quoniam
3297 4265 3368 4320 illi
3397 4267 3576 4320 animo
3613 4265 3796 4320 inimi-

2203 4368 2269 4409 co
2297 4354 2520 4424 perdere
2549 4356 2832 4425 cupiebant
2873 4369 2987 4422 eos,
3030 4371 3162 4426 quos
3214 4357 3465 4412 volebant
3509 4359 3630 4428 igne
3658 4373 3792 4412 con-

2203 4448 2362 4502 sumi.
2433 4449 2624 4505 Postea
2681 4464 2809 4505 vero
2865 4466 2988 4505 cum
3050 4450 3251 4520 impleti
3330 4459 3510 4506 essent
3579 4449 3790 4521 Spiritu

2204 4548 2412 4606 sancto,
2461 4551 2515 4596 et
2569 4541 2786 4611 perfecti
2837 4541 2959 4596 lacti
3011 4553 3221 4608 essent,
3274 4543 3365 4614 qui
3416 4542 3522 4614 jam
3571 4552 3793 4613 possent

2204 4633 2364 4687 etiam
2439 4633 2682 4690 inimicos
2759 4633 3016 4705 diligere,
3085 4643 3407 4704 acceperunt
3472 4643 3790 4705 potestatem

2206 4727 2527 4790 vindicandi,
2560 4728 2680 4799 quia
2719 4728 2829 4798 jam
2877 4729 2990 4784 sine
3020 4728 3145 4783 odio
3199 4739 3445 4798 poterant
3494 4729 3786 4784 vindicare.

2205 4819 2317 4887 Qua
2343 4829 2607 4889 potestate
2637 4820 2827 4875 Petrus
2857 4821 3132 4892 apostolus
3160 4837 3286 4876 usus
3329 4831 3410 4878 est
3450 4823 3501 4877 in
3546 4836 3610 4878 co
3653 4823 3793 4877 libro

2205 4926 2362 4981 quem
2391 4914 2476 4968 isti
2502 4929 2606 4968 non
2654 4914 2938 4985 accipiunt,
2967 4915 3214 4985 quoniam
3241 4915 3520 4971 manifeste
3557 4916 3794 4970 continet

2207 5004 2462 5061 Paracleti
2493 5005 2774 5060 adventum
2794 5045 2811 5072 ,
2846 5006 2897 5061 id
2926 5016 3029 5074 est,
3051 5006 3405 5062 consolatoris
3433 5007 3600 5061 sancti
3629 5006 3795 5076 Spiri-

2207 5108 2314 5167 tus,
2346 5115 2502 5171 quem
2533 5101 2834 5172 lugentibus
2861 5101 3023 5165 misit,
3047 5115 3166 5156 cum
3193 5101 3260 5156 ab
3279 5117 3463 5158 eorum
3486 5101 3653 5156 oculis
3680 5099 3794 5170 ipse

2207 5191 2537 5248 ascendisset
2597 5191 2650 5246 in
2702 5191 2918 5248 ctelum.
2972 5191 3287 5248 Consolator
3351 5193 3495 5248 enim
3557 5192 3797 5248 tristibus

2209 5284 2454 5350 mittitur,
2477 5283 2770 5339 secundum
2794 5285 2944 5338 illam
2956 5283 3195 5352 ejusdem
3216 5285 3756 5341 Dominisententiam
3779 5323 3794 5338 .

2211 5377 2352 5432 Beati
2381 5377 2609 5449 lugentes
2630 5419 2645 5444 ,
2675 5379 2914 5449 quoniam
2943 5378 3042 5448 ipsi
3076 5379 3470 5433 consolabuntur
3501 5377 3710 5448 (Matth.
3738 5391 3793 5443 v,

2211 5470 2289 5543 5).
2319 5469 2437 5540 Ipse
2465 5471 2625 5526 etiam
2662 5469 2788 5526 dicit
2823 5489 2836 5524 :
2868 5469 3010 5524 Tunc
3047 5470 3287 5542 lugebant
3325 5471 3422 5539 ﬁlii
3457 5470 3647 5542 sponsi,
3681 5482 3799 5521 cum

2211 5566 2407 5620 ablatus
2441 5567 2594 5638 fuerit
2623 5565 2685 5620 ab
2727 5567 2798 5621 eis
2827 5582 3041 5638 sponsus
3067 5564 3174 5637 (Id.
3208 5580 3285 5633 ix,
3324 5565 3437 5636 l5).
3469 5564 3524 5620 ln
3553 5564 3644 5618 illo
3669 5575 3798 5632 ergo

2277 5728 2292 5759 ¹
2330 5736 2459 5788 vox,
2509 5726 2632 5791 ﬁlii,
2669 5726 2853 5794 rejecta
2884 5731 2974 5794 _es_t
3022 5736 3113 5794 per
3149 5722 3474 5794 wvanienses
3506 5718 3797 5794 auctoritate

2211 5792 2354 5840 unius
2385 5783 2466 5841 Ms.
2506 5783 2800 5841 Habetur'in
2838 5783 3052 5853 editione
3085 5792 3160 5835 Er.
3204 5791 3257 5835 ct
3285 5783 3337 5834 in
3368 5785 3544 5836 nostris
3575 5783 3798 5836 omnibus

2211 5861 2319 5903 MSS.
