4082 6478
208 522 370 588 libro,
395 517 491 576 ubi
530 513 869 589 apertissime
890 509 1121 585 Spiritus
1148 514 1391 575 sanctus,
1423 516 1583 578 quem
1620 499 1802 557 Domi-

212 628 309 671 nus
359 610 764 668 consolatorem
819 605 1185 677 promiserat,
1235 599 1446 655 venisse
1505 594 1804 650 declaratur

212 709 340 781 (Art.
364 721 427 771 η,
450 704 545 775 4),
596 701 825 773 legimus
876 699 943 754 ad
990 695 1307 753 sententiam
1364 688 1510 747 Petri
1546 685 1805 781 cecidisse

213 778 479 858 homines,
503 801 562 850 et
592 801 833 847 mortuos
848 802 970 846 esse
996 786 1169 843 virum
1199 793 1255 841 et
1273 797 1514 843 uxorem,
1541 778 1631 850 qui
1656 790 1808 833 men-

214 891 293 946 tiri
338 888 459 943 ausi
504 894 665 942 erant
703 881 923 954 Spiritui
963 888 1149 936 saticto
1173 876 1286 948 (Id.
1316 892 1368 941 v,
1411 873 1542 931 l-l0
1572 874 1615 943 ).
1650 867 1805 937 Quod

216 984 293 1039 isti
320 995 520 1051 magna
562 977 805 1034 excitate
846 975 1170 1045 vituperant,
1219 984 1341 1027 cum
1380 969 1433 1025 in
1483 963 1807 1036 apocrypbis

214 1089 305 1147 pro
330 1088 536 1141 magno
556 1071 755 1140 legant,
782 1078 838 1125 et
885 1066 1012 1123 illud
1053 1064 1195 1137 quod
1227 1064 1297 1121 de
1327 1061 1570 1133 apostolo
1600 1057 1807 1115 Thema

213 1164 656 1229 comnremoravi,
682 1170 739 1217 et
764 1161 930 1232 ipsius
966 1158 1109 1215 Petri
1141 1156 1302 1213 tiliam
1340 1153 1684 1225 paralyticam
1730 1148 1810 1204 fa-

218 1270 350 1316 ctam
374 1258 393 1290 ¹
425 1256 680 1327 precibus
701 1256 889 1324 patris,
920 1261 977 1310 et
1008 1249 1276 1306 hortulani
1305 1246 1463 1302 ﬁliam
1488 1244 1554 1300 ad
1593 1256 1808 1315 precem

194 1350 381 1423 ,ipdus
416 1348 569 1405 Petri
593 1361 715 1404 esse
740 1354 1038 1409 mortuam;
1069 1351 1124 1399 et
1154 1338 1500 1411 respondent.
1530 1334 1672 1407 quod
1706 1333 1810 1389 hoc

219 1442 289 1499 eis
310 1440 659 1511 expediebat,
688 1446 748 1494 ut
773 1446 827 1494 et
856 1437 947 1492 illa
995 1435 1297 1491 solveretur
1335 1429 1564 1503 paralysi
1588 1470 1605 1497 ,
1630 1435 1686 1485 et
1721 1427 1810 1483 illa

224 1542 529 1590 moreretur
569 1550 584 1585 :
613 1540 793 1587 tamen
829 1529 897 1586 ad
941 1542 1133 1601 preces
1169 1524 1411 1596 Apostoli
1450 1523 1645 1579 factum
1692 1535 1813 1577 esse

221 1641 319 1682 non
350 1633 575 1694 negant.
614 1622 749 1690 Quis
790 1630 967 1678 autem
1004 1618 1109 1674 illis
1149 1614 1451 1682 dixit,Non
1496 1611 1815 1684 expediebat

221 1716 472 1788 gentibus
508 1712 690 1784 impiis
727 1712 976 1775 interfici,
998 1724 1132 1781 quas
1162 1707 1383 1765 traditas
1409 1720 1529 1762 esse
1563 1704 1815 1760 divinitus

222 1808 279 1863 in
316 1820 500 1863 manus
524 1805 707 1877 populi
735 1804 1040 1861 Judaeorum
1070 1798 1357 1856 irridentes
1394 1795 1578 1853 mirari
1615 1810 1676 1851 se
1714 1794 1815 1849 11η-

221 1900 391 1971 gunt.’
418 1900 560 1955 Cum
589 1907 769 1954 autem
824 1897 910 1952 illa
953 1911 1061 1951 non
1103 1893 1251 1959 odio,
1296 1890 1394 1948 sed
1442 1891 1586 1947 bono
1635 1888 1815 1944 animo

223 1993 462 2063 Apostoli
496 1992 767 2055 fecerint;
796 1988 939 2046 unde
967 1988 1059 2043 isti
1087 1985 1411 2042 convincunt
1435 1983 1642 2039 animos
1668 1980 1816 2036 viro-

224 2096 339 2140 rum
364 2082 728 2154 spiritualium
752 2080 845 2152 qui
871 2080 923 2135 in
948 2079 1044 2135 illo
1066 2078 1263 2149 populo
1288 2074 1525 2140 fuerunt,
1552 2072 1693 2145 quod
1720 2086 1817 2129 eos

229 2176 471 2239 oderant,
504 2175 596 2245 qui
638 2188 734 2242 per
778 2173 923 2243 ipsos
963 2171 1142 2226 divina
1186 2167 1389 2240 justitia
1441 2166 1511 2221 de
1562 2164 1663 2220 hac
1710 2163 1817 2219 vita

224 2266 549 2338 jubebantur
571 2265 811 2322 auferri?
849 2265 1205 2334 Compescant
1248 2260 1424 2332 potius
1464 2257 1817 2315 temeritatem

225 2372 411 2424 suam,
440 2368 496 2413 et
523 2373 633 2414 non
672 2358 942 2428 decipiant
990 2355 1285 2427 imperitos,
1343 2352 1535 2424 quibus
1583 2360 1675 2406 aut
1712 2365 1818 2405 non

230 2462 377 2508 vacat
399 2440 603 2523 legere,
642 2458 735 2505 aut
761 2449 949 2505 nolunt
979 2449 1177 2519 legere,
1222 2454 1315 2501 aut
1351 2457 1607 2515 perverso
1638 2441 1819 2497 animo

237 2543 446 2615 legunt;
478 2552 536 2599 et
564 2559 671 2598 non
700 2542 981 2598 attendunt
1012 2551 1067 2595 et
1089 2536 1510 2595 misericordiam
1539 2543 1595 2590 et
1620 2533 1821 2591 severi-

232 2642 383 2688 tatem
408 2633 529 2696 Dei,
554 2633 830 2703 utriusque
856 2629 1186 2687 Testamenti
1210 2628 1402 2684 litteris
1430 2623 1818 2682 commendari.

232 2725 350 2783 Nam
379 2726 453 2783 de
489 2725 693 2781 inimici
727 2724 1028 2789 dilectione,
1064 2730 1125 2778 ut
1159 2735 1269 2777 nou
1321 2717 1575 2776 reddatur
1621 2716 1822 2772 malum

232 2835 318 2891 pro
354 2820 502 2876 malo
526 2860 544 2884 ,
575 2819 626 2872 in
654 2818 925 2873 veteribus
950 2816 1126 2872 Libris
1154 2813 1347 2885 legitur
1377 2826 1392 2865 :
1434 2810 1655 2866 Domine
1684 2808 1824 2866 Deus

234 2928 384 2978 tuens,
411 2912 455 2965 si
480 2912 583 2982 feci
611 2910 771 2973 istud,
805 2909 852 2964 si
878 2918 951 2965 est
977 2907 1213 2978 iniquitas
1239 2906 1293 2960 in
1328 2904 1559 2971 manibus
1583 2902 1728 2958 meis.
1761 2900 1825 2962 Si

235 3002 424 3057 reddidi
464 3000 852 3055 retribuentibus
894 2998 1018 3053 mihi
1065 2997 1222 3060 mala,
1247 2995 1480 3051 decidant
1526 2994 1706 3050 merito
1759 2992 1824 3047 ab

464 3094 591 3147 meis
616 3092 783 3145 inanis
804 3089 977 3162 (Psal.
1000 3088 1201 3156 vu,4et
1217 3088 1294 3158 5).
1323 3086 1454 3155 Quis
1478 3084 1581 3141 hoc
1597 3084 1822 3150 diceret,

234 3187 327 3243 nisi
351 3188 445 3257 qui
491 3186 656 3241 sciret
686 3185 791 3240 hoc
818 3184 931 3239 Deo
958 3183 1186 3254 placere,
1213 3189 1272 3237 ut
1304 3180 1506 3236 malum
1548 3192 1646 3248 pro
1686 3177 1827 3232 malo

234 3296 387 3336 nemo
407 3277 640 3336 reddat?
668 3277 772 3333 Sed
806 3276 909 3333 hoc
938 3275 1298 3346 perfectorum
1327 3282 1431 3337 est,
1463 3280 1520 3327 ut
1553 3286 1659 3326 non
1689 3269 1827 3325 ode-

234 3372 336 3427 rint
357 3372 413 3425 in
438 3368 815 3441 peccatoribus
840 3367 940 3422 nisi
962 3375 1195 3436 peccata,
1220 3366 1364 3435 ipsos
1380 3372 1558 3419 autem
1582 3361 1829 3416 homines

236 3462 482 3532 diligant;
513 3469 571 3516 et
598 3474 725 3514 cum
761 3458 1053 3523 vindicant,
1084 3472 1192 3511 non
1235 3453 1506 3509 vindicent
1539 3451 1831 3508 acerbitate

235 3555 467 3620 saevitizc,
505 3551 601 3607 sed
628 3550 996 3606 moderatione
1014 3548 1271 3618 justitizc;
1307 3560 1377 3601 ne
1418 3545 1533 3615 ipsa
1570 3542 1830 3598 relaxatio

236 3647 436 3719 peccati
469 3646 589 3718 plus
611 3652 807 3701 noceat
831 3642 1131 3714 peccaturi,
1172 3654 1332 3710 quam
1359 3652 1516 3708 poena
1552 3634 1825 3691 vindictae.

236 3740 344 3798 Nec
385 3750 564 3796 tamen
586 3739 689 3794 hoc
727 3737 972 3793 fecerunt
994 3735 1123 3805 justi
1168 3732 1442 3796 homines;
1471 3730 1571 3786 nisi
1597 3727 1831 3782 auctori-

237 3840 345 3888 tate
369 3832 550 3887 divina
582 3847 597 3884 :
626 3844 695 3886 ne
731 3829 852 3899 quis
880 3826 1171 3882 arbitretur
1200 3824 1397 3895 passim
1426 3821 1527 3877 sibi
1557 3834 1677 3877 esse
1704 3834 1831 3889 per-

238 3925 466 3980 missum
496 3937 688 3977 necare
709 3934 867 3990 quem
890 3917 1052 3984 velit,
1086 3926 1178 3971 aut
1204 3914 1404 3986 judicio
1432 3910 1716 3983 persequi,
1739 3917 1834 3965 aut

237 4015 423 4088 poenis
457 4013 773 4081 quibuslibet
804 4009 1070 4081 affligere.
1100 4004 1401 4078 Aliquando
1435 4011 1613 4058 autem
1650 4008 1834 4072 aperte

243 4106 471 4177 ponitur
500 4105 553 4158 in
583 4103 859 4175 Scripturis
885 4103 1002 4173 ipsa
1026 4100 1205 4157 divina
1224 4088 1834 4165 auctoritas,aliquando

242 4208 422 4254 autem
450 4196 742 4252 occultatur
764 4236 781 4263 ,
806 4202 868 4252 ut
891 4203 947 4251 et
969 4192 1266 4251 manifestis
1304 4191 1475 4248 lector
1500 4190 1793 4246 instruatur
1813 4227 1831 4256 ,

246 4296 297 4343 et
316 4296 639 4343 exerceatur
660 4286 924 4343 obscuris.

313 4380 366 4436 6.
406 4378 569 4436 Certe
609 4379 884 4434 inimicum
922 4385 979 4433 ct
1021 4384 1420 4448 persecutorem
1467 4388 1625 4430 suum
1675 4373 1836 4429 nimis

250 4471 507 4541 ingratum
533 4479 591 4526 et
615 4470 776 4530 nimis
802 4469 1051 4526 infestum
1073 4467 1203 4523 Saul
1228 4481 1408 4537 regem
1436 4466 1647 4535 accepit
1670 4464 1834 4519 David

250 4561 301 4619 in
327 4572 674 4634 potestatem,
707 4570 765 4617 ut
785 4562 837 4617 ei
854 4561 1053 4618 faceret
1070 4558 1215 4632 quod
1237 4558 1430 4623 vellet;
1454 4566 1510 4613 et
1529 4556 1689 4626 elegit
1714 4569 1837 4626 par-

248 4672 366 4714 cere
396 4657 595 4727 potius,
622 4670 784 4727 quam
820 4654 1086 4711 occidere.
1136 4652 1254 4709 Non
1308 4650 1454 4707 enim
1494 4657 1613 4709 erat
1655 4649 1837 4720 jussus

248 4745 651 4817 occidere,sed
682 4760 857 4818 neque
886 4743 1183 4816 prohibitus
1212 4759 1226 4797 :
1257 4742 1367 4798 imo
1394 4741 1556 4797 etiam
1582 4739 1837 4796 divinitus

247 4842 484 4898 audierat
503 4856 565 4897 se
584 4840 805 4911 impune
825 4837 1006 4896 facere
1039 4835 1297 4909 quidquid
1324 4834 1488 4891 vellet
1510 4834 1756 4900 inimico;
1780 4841 1838 4890 et

248 4942 421 4989 tamen
451 4942 654 4989 tantam
686 4940 1001 5004 potestatem
1022 4930 1101 4985 ad
1158 4927 1617 4985 mansuetudinem
1640 4934 1833 4983 contu-

248 5023 305 5080 lit
346 5024 391 5096 (ι
418 5023 554 5095 Reg.
585 5039 734 5091 xxiv,
774 5022 891 5090 3-8,
935 5030 982 5076 et
1024 5035 1167 5087 xxvr,
1208 5018 1391 5089 8-12).
1443 5018 1659 5074 Dicatur
1701 5017 1834 5074 mihi

245 5131 403 5186 quem
427 5114 622 5181 timuit,
670 5129 791 5170 cum
829 5111 1128 5169 interficere
1173 5110 1363 5166 noluit.
1402 5108 1514 5166 Nec
1559 5108 1833 5165 hominem

248 5223 535 5278 possumus
557 5206 737 5263 dicere
761 5206 1023 5269 timuisse.
1050 5219 1208 5276 quem
1230 5212 1509 5274 acceperat
1532 5202 1583 5256 in
1606 5210 1835 5273 potesta-

247 5309 352 5357 tem
377 5317 395 5365 ;
420 5314 523 5356 nec
550 5299 751 5367 Deum,
777 5299 868 5370 qui
902 5298 1145 5353 dederat.
1174 5295 1277 5353 Ubi
1303 5310 1432 5365 ergo
1473 5310 1575 5351 nec
1607 5294 1837 5351 difﬁcul-

248 5397 327 5445 tas
349 5390 446 5446 fuit
469 5389 884 5458 occidendi,nec
903 5387 1295 5456 timor,dilectio
1321 5387 1544 5457 profecit
1566 5386 1828 5442 inimico’.

249 5480 389 5537 Ecce
431 5481 600 5537 David
654 5482 742 5538 ille
778 5482 1007 5537 bellator
1047 5480 1284 5551 implevit
1314 5472 1641 5551 praeceptum
1681 5480 1834 5537 Chri-

248 5574 336 5643 sti,
370 5573 519 5646 quod
557 5574 860 5646 accepimus
883 5616 900 5643 ,
931 5583 991 5630 ut
1032 5573 1313 5646 diligamus
1347 5572 1614 5629 inimicos.
1658 5575 1835 5645 Atque

309 5706 326 5738 ⁸
362 5706 517 5756 Fditio
536 5713 666 5765 tov.,
712 5705 1049 5773 paralytictmt_
1064 5720 1233 5758 sanam
1271 5709 1452 5773 faction
1470 5706 1669 5773 ;_addita
1692 5720 1829 5773 voce,

244 5780 434 5829 man,
460 5780 572 5831 quae
593 5781 623 5817 a
642 5769 837 5819 caeteris
856 5769 996 5818 libris
1010 5770 1166 5830 abest,
1194 5777 1246 5821 et
1267 5769 1444 5821 abesse
1474 5769 1645 5831 debet,
1663 5769 1732 5821 uti
1753 5782 1834 5834 pa-

246 5835 676 5902 ιεεειροιιιρξμιι

308 5893 331 5925 ³
362 5891 556 5956 Aliquot
580 5899 705 5958 Mss,
727 5889 1171 5957 pepercit

1634 380 1840 443 LIBER
1858 378 2079 443 ‘UNUS.
2370 392 2376 399 '
2452 390 2479 436 υ
2498 429 2505 435 .
2524 406 2525 409 η
2582 404 2585 407 λ

3381 384 3491 446 162

1908 497 2113 553 utinam
2153 495 2258 555 hoc
2280 496 2617 555 imitarentur
2639 494 2764 564 isti,
2793 498 2883 569 qul
2919 497 3208 554 humanum
3244 498 3494 558 alectum

1909 592 2290 648 misericordiae
2318 592 2385 648 ad
2410 593 2590 649 nescio
2616 609 2734 663 quae
2752 590 2987 648 crudelia
3008 591 3354 650 deliramenta
3389 606 3497 653 tor-

1910 692 2097 740 serunt
2122 685 2137 739 !
2168 684 2303 740 Dum
2331 686 2473 741 enim
2505 686 2731 743 credunt
2750 702 2942 758 panem
2969 686 3200 757 plorare,
3218 689 3360 760 quod
3376 689 3494 750 fieri

1911 791 2018 832 non
2044 785 2245 848 potest,
2270 792 2378 834 non
2408 794 2529 835 eum
2556 781 2829 852 porrigunt
2857 781 3080 849 homini,
3103 797 3262 853 quem
3284 783 3497 857 plorano

1911 878 2018 926 tem
2042 870 2248 927 vident.
2276 871 2542 928 Fortassis
2566 873 2763 939 dicant,
2790 874 2927 930 sicut
2949 874 3124 931 solent
3147 877 3273 933 caeci
3293 876 3500 947 jactare

1911 961 2095 1018 insana
2123 962 2383 1031 convicia,
2415 964 2686 1020 meliorem
2728 965 2893 1023 fuisse
2920 967 3084 1023 David
3135 970 3225 1041 qui
3260 970 3501 1041 pepercit

1913 1055 2150 1126 inimico,
2175 1072 2333 1128 quam
2366 1057 2530 1114 Deum
2552 1057 2642 1127 qui
2666 1057 2873 1114 dederit
2897 1059 2946 1114 ei
2967 1060 3247 1117 occidendi
3274 1070 3502 1133 potesta-

1912 1158 2022 1207 tem
2068 1168 2081 1206 :
2128 1152 2281 1223 quasi
2327 1166 2456 1207 vero
2496 1150 2639 1206 Deus
2679 1152 2931 1207 nescierit
2968 1154 3055 1209 cui
3099 1153 3308 1210 dederit
3358 1152 3502 1212 hanc

1912 1252 2251 1316 potestatein.
2284 1242 2515 1299 Noverat
2542 1243 2725 1313 utique
2753 1244 3079 1300 voluntatem
3104 1246 3246 1301 servi
3266 1246 3371 1315 sui,
3402 1245 3500 1303 sed

1915 1343 1973 1390 ut
1994 1335 2204 1391 caeteris
2223 1335 2384 1391 etiam
2409 1334 2714 1390 hominibus
2740 1334 2808 1390 ad
2848 1335 3163 1392 imitandum
3200 1338 3502 1394 innotesce-

1913 1434 1998 1482 ret
2024 1441 2086 1483 ea
2116 1442 2237 1499 quae
2266 1427 2318 1483 in
2348 1427 2510 1483 corde
2537 1426 2698 1482 David
2718 1427 2830 1498 jam
2854 1427 2966 1483 Deo
3016 1438 3139 1483 nota
3160 1438 3276 1485 erat
3302 1428 3502 1487 inimici

1916 1517 2153 1588 dilectio,
2202 1520 2349 1576 dedit
2399 1520 2476 1576 illi
2526 1520 2579 1577 in
2622 1527 2940 1591 potestatem
2994 1520 3288 1589 inimicum,
3339 1537 3502 1594 quem

1917 1611 2158 1667 nondum
2183 1611 2397 1668 volebat
2423 1611 2617 1675 occidi,
2648 1626 2866 1683 propter
2880 1622 3082 1667 certam
3098 1628 3275 1668 rerum
3295 1612 3505 1684 dispen-

1915 1704 2177 1760 sationem
2210 1705 2250 1769 ί,
2281 1720 2439 1776 quam
2480 1719 2577 1775 per
2602 1704 2751 1760 illum
2783 1704 2992 1775 impleri
3017 1704 3316 1775 Oportebat.
3347 1705 3423 1760 lta
3449 1712 3507 1762 et

1918 1795 2085 1851 David
2108 1797 2316 1852 bonitas
2339 1796 2709 1853 commendata
2738 1806 2844 1864 est,
2872 1806 2933 1851 ut
2969 1796 3228 1854 haberent
3261 1795 3507 1853 homines

1918 1888 2060 1960 quod
2087 1899 2354 1955 amarent;
2385 1898 2442 1945 et
2466 1889 2642 1947 Saulis
2667 1891 2809 1961 regis
2844 1890 3046 1945 malitia
3083 1889 3151 1946 ad
3192 1891 3393 1946 exitum
3425 1889 3509 1946 di-

1918 1980 2160 2053 gniorem
2184 1980 2346 2037 dilata
2371 1990 2492 2051 est,
2518 1990 2579 2038 ut
2600 1981 2860 2039 haberent
2894 1981 3143 2041 homines
3174 1981 3321 2055 quod
3354 1982 3510 2039 time-

1918 2082 2060 2129 rent.

1990 2166 2215 2225 CAPUT
2252 2168 2437 2224 XVIII.
2475 2196 2549 2210 —-
2590 2169 2643 2225 Ι.
2683 2166 3003 2239 Deeoquod
3023 2166 3079 2223 in
3096 2166 3510 2224 Deuteronomio

1920 2259 2176 2329 scriptum
2204 2269 2287 2315 est
2310 2275 2324 2313 :
2354 2260 2418 2316 Si
2437 2276 2561 2314 aure
2590 2260 2816 2315 audieris
2838 2276 3005 2315 vocem
3030 2258 3237 2325 Domini
3274 2258 3371 2314 Dei
3394 2258 3467 2314 tui
3487 2298 3507 2328 ,

1920 2352 2207 2407 benedictus
2250 2370 2301 2408 es
2326 2354 2379 2407 in
2404 2370 2528 2425 agro
2557 2362 2663 2421 tuo,
2700 2353 2985 2409 benedictus
3024 2369 3077 2408 es
3111 2352 3167 2407 in
3211 2362 3357 2423 prato
3401 2362 3509 2420 tuo,

1923 2444 2212 2499 benedictus
2236 2449 2431 2517 fructus
2470 2446 2656 2500 ventris
2682 2446 2755 2501 tui
2779 2486 2795 2514 ,
2823 2452 2869 2499 et
2888 2448 3085 2518 fructus
3118 2453 3268 2500 terra!
3306 2454 3426 2510 luat,
3464 2452 3513 2500 et

1926 2537 2269 2608 generationes
2288 2538 2635 2607 jumentorum
2675 2546 2899 2602 tuorum,
2938 2545 2988 2592 et
3027 2546 3313 2591 armentum
3362 2536 3514 2591 boum

1925 2639 2146 2697 tuorum,
2176 2639 2225 2684 et
2253 2647 2378 2702 gres:
2400 2632 2567 2685 ovium
2592 2638 2793 2685 tuarum
2810 2644 2829 2695 ;
2846 2628 3133 2685 benedictus
3153 2646 3206 2683 es
3228 2629 3281 2683 in
3303 2629 3516 2683 introitu

1926 2730 2013 2776 tuo
2033 2730 2081 2775 et
2105 2737 2307 2792 egressu
2329 2722 2349 2789 (
2366 2720 2519 2777 Deut.
2555 2737 2746 2789 xxvm,
2770 2718 2921 2794 1-6).
2950 2720 3085 2777 Huic
3117 2721 3348 2790 capitulo
3377 2719 3511 2777 illud

1926 2812 2110 2869 dicunt
2127 2812 2182 2868 in
2210 2813 2497 2884 Evangelia
2526 2828 2647 2869 esse
2670 2812 2997 2869 contrarium
3027 2829 3042 2867 :
3074 2812 3137 2869 Si
3165 2812 3277 2883 quis
3303 2812 3410 2867 vult
3437 2827 3518 2869 ms

1925 2905 2087 2976 sequi,
2114 2906 2323 2976 abneget
2350 2906 2673 2976 semetipsum
2708 2906 2805 2961 sibi
2824 2946 2839 2968 ,
2863 2914 2913 2960 et
2939 2904 3085 2961 tollat
3120 2921 3322 2960 crucem
3345 2921 3515 2975 main,

1928 3008 1977 3053 et
1996 3007 2231 3065 sequatur
2259 3014 2355 3052 nte.
2387 2998 2523 3065 Quid
2561 2998 2695 3052 enim
2741 2997 2948 3069 prodest
2999 2996 3212 3064 homini,
3259 2997 3307 3053 si
3356 3006 3520 3054 totum

1928 3092 2176 3146 mundum
2203 3092 2424 3146 lucretur
2440 3134 2455 3157 ,
2498 3091 2686 3147 animae
2713 3100 2881 3146 autem
2903 3106 3010 3147 sua!
3034 3090 3383 3146 detrimentum
3420 3108 3519 3161 pa-

1930 3181 2084 3235 tiatur
2115 3182 2142 3236 ?
2192 3182 2291 3236 Aut
2336 3198 2489 3253 quam
2535 3182 2674 3237 dabit
2728 3182 2879 3236 homo
2927 3169 3366 3237 commutationem
3425 3198 3521 3254 pro

1930 3277 2101 3329 animo
2124 3276 2218 3330 sua
2247 3274 2460 3347 (Matth.
2502 3291 2617 3341 xvr,
2658 3274 2731 3330 24
2750 3271 2943 3346 et26)?
2966 3273 3072 3330 Sed
3113 3289 3178 3331 ex
3208 3274 3298 3330 illa
3336 3272 3521 3346 regula

1931 3370 2233 3425 ostenditur
2258 3386 2365 3425 non
2387 3386 2509 3426 esse
2531 3370 2859 3426 contrarium
2884 3410 2901 3437 ,
2925 3386 3029 3440 qua
3054 3378 3239 3425 notum
3266 3384 3387 3426 esse
3407 3369 3520 3441 jam

1932 3462 2125 3529 debet,
2154 3464 2355 3519 carnali
2399 3463 2575 3519 adhuc
2603 3463 2798 3535 populo
2823 3473 3182 3535 congruenter
3206 3464 3439 3520 carnalia
3462 3471 3518 3521 et

1936 3556 2249 3627 temporalia
2272 3557 2490 3627 praemia
2515 3556 2681 3612 fuisse
2701 3555 2985 3626 promissa,
3016 3555 3111 3611 sed
3133 3564 3308 3612 tamen
3333 3556 3401 3612 ab
3416 3570 3522 3612 uno

1934 3646 2066 3713 Deo,
2099 3648 2250 3717 cujus
2269 3658 2353 3704 est
2377 3657 2619 3704 creatura
2644 3648 2820 3702 omnis
2846 3656 2901 3703 et
2922 3651 3168 3717 superior
3190 3657 3245 3702 et
3273 3646 3517 3704 inferior.

1934 3738 2093 3795 Certe
2142 3739 2288 3795 enim
2316 3740 2430 3810 ipse
2474 3740 2792 3795 Adimantus
2840 3740 3017 3809 posuit
3051 3739 3410 3794 testimonium
3453 3738 3524 3796 de

1934 3831 2247 3902 Evangelio,
2287 3832 2374 3886 ubi
2402 3832 2665 3887 Dominus
2689 3832 2761 3886 ait
2794 3848 2807 3885 :
2843 3830 3020 3885 Nolite
3034 3831 3229 3901 iurare,
3252 3846 3410 3901 neque
3434 3846 3525 3902 per

1935 3925 2135 3991 calum,
2156 3926 2276 3995 quia
2296 3925 2505 3978 thronus
2539 3926 2649 3995 ejus
2683 3932 2793 3988 est;
2822 3938 2983 3995 neque
3010 3939 3100 3993 per
3138 3931 3361 3989 terrain,
3404 3922 3526 3993 quia

1935 4018 2207 4073 scabellum
2232 4026 2305 4072 est
2343 4017 2525 4087 pedum
2550 4018 2659 4087 ejus
2688 4014 2802 4087 (Id.
2821 4030 2877 4082 v,
2916 4016 3032 4081 55).
3059 4014 3211 4082 Quod
3236 4014 3449 4085 quidem
3472 4022 3526 4070 et

1936 4108 1991 4163 in
2021 4108 2287 4163 veteribus
2311 4108 2487 4162 Libris
2507 4108 2763 4180 scriptum
2796 4114 2878 4162 est
2907 4123 2921 4161 :
2954 4104 3148 4161 Cretum
3170 4106 3294 4160 mihi
3317 4106 3528 4161 thronus

1939 4209 2031 4265 est,
2066 4208 2201 4254 terra
2248 4197 2525 4254 scabellum
2566 4198 2749 4269 pedum
2786 4213 3013 4251 meorum
3057 4196 3211 4267 (Isai.
3252 4213 3395 4262 LXVI,
3442 4195 3523 4269 1).

1937 4291 2075 4359 Quid
2104 4305 2235 4362 ergo
2259 4291 2453 4347 mirum
2478 4291 2525 4347 si
2554 4291 2694 4347 bona
2724 4290 2905 4345 throni
2940 4290 3023 4345 sui
3051 4288 3143 4345 dat
3183 4290 3528 4362 spiritualiter

1938 4382 2039 4437 sibi
2070 4381 2451 4448 servientibus,
2479 4389 2534 4436 et
2562 4380 2701 4437 bona
2732 4380 2946 4437 scabelli
2975 4381 3169 4452 pedum
3192 4395 3408 4436 suorum
3436 4380 3530 4437 dat

1938 4475 2223 4530 carnaliter
2250 4472 2353 4529 sibi
2380 4472 2737 4529 servientibus
2757 4489 2772 4539 ;
2792 4486 2915 4527 cum
2938 4471 3155 4543 spiritus
3177 4473 3422 4543 superior
3436 4472 3525 4541 sit,

1937 4576 1994 4623 et
2028 4582 2155 4623 caro
2202 4566 2440 4633 inferior,
2488 4565 2626 4621 sicut
2667 4565 2943 4635 superiora
2982 4572 3111 4621 sunt
3158 4564 3419 4633 coelestia,
3473 4572 3531 4622 et

1940 4659 2189 4716 inferiora
2240 4658 2552 4716 terrestria?
2588 4658 2902 4729 Quanquam
2941 4657 3031 4713 illa
3063 4659 3278 4726 omnia,
3320 4657 3373 4714 id
3420 4666 3523 4724 est,

1938 4767 2086 4825 ager,
2102 4761 2159 4808 et
2182 4760 2413 4822 pratum,
2435 4757 2491 4806 et
2509 4750 2708 4807 fructus
2732 4750 2955 4825 ventris,
2976 4758 3033 4806 et
3054 4748 3258 4806 fructus
3275 4757 3452 4815 teme,
3472 4754 3530 4804 et

1936 4820 2324 4915 iumentorum,
2382 4851 2437 4899 et
2488 4848 2787 4897 armentum
2831 4820 3016 4907 boum,
3064 4849 3122 4897 et
3168 4857 3297 4912 grex
3346 4839 3527 4895 ovium

1938 4936 2145 5007 possint
2169 4935 2329 4991 etiam
2359 4934 2710 5005 spiritualiter
2740 4932 2985 5004 intelligi.
3014 4932 3121 4990 Sed
3151 4948 3293 4988 nunc
3316 4931 3382 4987 ad
3412 4945 3524 4986 rem

1936 5045 2046 5085 non
2089 5029 2318 5100 pertinet
2346 5028 2445 5083 ista
2480 5028 2745 5083 tractatio.
2775 5026 2833 5083 Si
2881 5035 3058 5083 autem
3109 5026 3161 5081 in
3211 5026 3329 5096 ipso
3377 5023 3525 5078 Novo

1940 5118 2302 5184 Testamento,
2337 5117 2489 5187 cujus
2531 5117 2807 5188 prtemium
2840 5126 2896 5173 et
2922 5115 3201 5172 hmreditas
3230 5114 3297 5169 ad
3328 5128 3523 5169 novum

1939 5210 2212 5268 hominem
2250 5211 2505 5282 pertinet,
2545 5220 2721 5267 tamen
2766 5219 2821 5267 et
2866 5210 3123 5265 Dominus
3166 5207 3353 5262 iisdem
3394 5207 3525 5278 ipsis

1940 5319 2075 5378 quos
2110 5304 2225 5359 vult
2250 5318 2374 5360 esse
2400 5319 2577 5359 rerum
2608 5303 2973 5374 temporalium
3015 5308 3432 5371 contemptores,
3463 5309 3523 5356 ut

1938 5398 1994 5456 in
2016 5398 2305 5470 Evangelia
2334 5398 2435 5453 sibi
2460 5399 2714 5465 serviant,
2736 5396 2995 5468 promittit
3022 5395 3514 5466 multiplicationem

1941 5490 2248 5548 earumdem
2275 5506 2455 5546 rerum
2494 5490 2546 5546 in
2577 5489 2681 5545 hoc
2708 5487 2905 5543 saeculo
2928 5529 2943 5554 ,
2975 5486 3159 5543 dicens
3195 5488 3338 5558 quod
3384 5488 3525 5545 acci-

1938 5587 2088 5658 pient
2115 5586 2167 5639 in
2199 5584 2301 5639 hoc
2331 5584 2528 5639 saeculo
2547 5583 2748 5638 centies
2780 5588 3005 5647 tantum,
3040 5581 3095 5636 in
3122 5583 3320 5639 s'eculo
3344 5591 3521 5637 autem

1939 5686 2165 5735 venturo
2187 5675 2346 5728 vitam
2372 5684 2626 5728 aeternam
2651 5671 2861 5745 (Matth.
2886 5687 3004 5737 xix,
3030 5670 3123 5744 29)
3160 5690 3175 5728 :
3207 5673 3341 5728 sicut
3362 5673 3521 5727 etiam

1939 5771 1995 5829 in
2016 5772 2185 5827 veteri
2208 5769 2476 5838 Scriptura
2499 5767 2710 5834 dicitur,
2735 5764 2908 5824 Fideti
2926 5766 3119 5824 homini
3145 5774 3280 5825 tom
3299 5763 3521 5839 mundus

1877 5933 1883 5938 .
2003 5887 2024 5921 ί
2056 5893 2109 5937 ιιι
2134 5891 2265 5944 itas,
2288 5878 2657 5945 dispositionem.
