4082 6466
531 381 642 447 165

1119 374 1391 436 CONTRA
1431 368 1836 432 ADIMANTUM
1875 361 2230 424 MANIGHIEI
2271 364 2698 440 DlSClPULUM,
2737 373 2798 432 S.
2828 373 3198 469 AUGUSTINI

531 503 920 563 δίυεειαηηιαι
946 497 1138 570 (Prov.
1188 509 1320 561 xvu,
1343 508 1442 547 sec.
1463 486 1652 559 LIX).
1685 485 1838 542 Unde
1872 482 2113 538 exsultat
2223 483 2370 554 (Luc.
2395 487 2501 553 im,
2548 490 2670 557 24),
2711 492 3008 564 intelligant
3051 495 3320 566 quomodo
3358 497 3502 554 ﬁant
3540 514 3810 570 pauperes

531 597 819 670 Apostolus
833 593 1058 655 dicens,
1087 587 1251 655 Quasi
1277 585 1406 640 nihil
1431 581 1685 646 habentes,
1711 587 1760 633 et
1785 579 1955 670 omnia
1991 589 2110 644 pos-

2221 577 2417 633 inimici
2455 581 2569 650 Dei,
2603 592 2655 638 et
2686 584 2735 638 id
2757 599 2878 642 esse
2898 599 3222 658 cognoscant
3245 591 3386 661 quod
3417 592 3469 646 in
3499 591 3640 662 Lege
3659 593 3801 648 scri-

530 669 746 746 sidentes
778 683 994 758 .(lI‘Cor.
1021 695 1096 749 ut,
1121 679 1254 751 40):
1285 677 1330 732 sl
1357 688 1494 745 ergo
1509 674 1562 728 in
1583 671 1732 727 Novo
1770 669 2122 725 Testamento
2220 679 2367 740 ptum
2421 683 2503 728 est
2545 692 2557 728 :
2589 674 2698 746 Ego
2727 694 2842 731 sum
2866 681 2951 748 qui
2979 681 3178 736 divitias
3225 683 3291 738 do
3327 684 3507 740 amicis
3557 686 3702 754 meis,
3757 694 3810 742 α

530 789 728 852 pmter
743 775 1001 840 mtevnam
1039 769 1435 844 possessionem
1479 779 1600 836 quae
1622 763 1956 835 promittitur
1995 776 2120 817 seu:

527 873 650 938 etis,
703 869 859 940 huius
883 878 1097 937 quoque
1136 857 1487 932 possessionis
1529 871 1651 925 quae
1689 855 1970 910 transitura
2005 861 2108 918 est,

528 959 900 1032 multiplicatio
927 970 1032 1010 non
1061 950 1424 1017 subtrahitur,
1469 956 1524 1004 et
1571 954 1720 1004 tanto
1767 947 1829 1001 tit
1872 945 2107 1012 uberior,

531 1063 732 1125 quanto
776 1046 1130 1117 contemptius
1177 1043 1534 1115 possidetur;
1584 1049 1784 1112 quanto
1833 1039 2002 1108 magis
2056 1038 2111 1092 in

529 1147 709 1204 Veteri
755 1145 1096 1200 Testamento
1119 1138 1356 1195 carnalis
1386 1137 1561 1208 populi
1589 1132 1809 1207 puemia
1829 1133 1960 1188 .talia
1989 1145 2110 1187 esse

530 1238 848 1303 debuerunt,
879 1235 995 1305 ipso
1016 1242 1188 1289 tamen
1206 1247 1322 1287 uno
1362 1239 1417 1286 et
1451 1245 1580 1286 vero
1607 1229 1716 1284 Deo
1755 1227 2110 1299 gubernatore

525 1332 762 1386 omnium
787 1339 1087 1400 temporum
1111 1325 1295 1384 omnia
1317 1339 1414 1396 pro
1449 1331 1693 1394 tempore
1715 1320 2029 1377 moderante
2057 1326 2120 1375 et

525 1425 930 1480 administrante
947 1423 974 1477 ‘i
1082 1447 1084 1450 ν

595 1517 648 1571 2.
691 1516 799 1572 Sed
828 1530 897 1571 ne
923 1517 979 1570 in
1001 1513 1135 1569 solis
1162 1511 1294 1568 Novi
1315 1509 1641 1568 Testameuti
1667 1506 1815 1564 libris
1839 1507 1926 1563 isti
1962 1505 2108 1561 arbi-

524 1617 730 1668 trentur
790 1607 910 1663 hinc
959 1620 1080 1662 esse
1119 1612 1434 1674 canempta
1465 1643 1482 1670 ,
1530 1601 1747 1657 audient
1793 1599 2116 1671 prophetam1

522 1698 1398 1774 abjicientemtalem-l'elicitatem,
1427 1704 1487 1751 et
1511 1695 1579 1754 ad
1617 1709 1782 1752 unum
1821 1695 2106 1750 Dominum

527 1796 694 1851 Deum
717 1792 1132 1865 coniugiendum
1157 1805 1277 1848 esse
1293 1798 1618 1847 cantantem.
1641 1790 1718 1846 ita
1744 1789 1887 1844 enim
1929 1789 2058 1845 dicit
2089 1806 2103 1843 :

521 1884 602 1940 De
628 1885 808 1958 gladio
827 1885 1051 1956 maligno
1077 1897 1198 1938 erue
1225 1898 1323 1950 me,
1345 1889 1393 1937 et
1413 1882 1574 1937 estisne
1601 1881 1762 1936 mede
1789 1896 1946 1934 manu
1970 1881 2119 1950 ﬁliai

521 1976 954 2043 mollescunt,
971 1989 1188 2039 quorum
1229 1989 1284 2027 os
1327 1973 1552 2027 locutum
1593 1980 1666 2026 est
1715 1972 2004 2037 vanitatem,
2059 1980 2117 2026 et

520 2065 726 2122 dextera
754 2082 925 2120 eorum
949 2065 1154 2120 dextera
1182 2064 1478 2134 iniquitatis.
1507 2063 1733 2130 Quorum
1765 2063 1856 2132 ﬁlii
1883 2063 2108 2133 ipsorum

521 2159 654 2212 velut
670 2156 883 2212 uavellte
906 2156 1240 2214 constabilitte
1268 2156 1319 2208 in
1338 2158 1602 2225 iuventute
1621 2171 1733 2210 sua.
1759 2154 1914 2210 Filia:
1935 2170 2107 2208 eorum

519 2250 809 2320 composita:
849 2257 896 2303 et
927 2259 1124 2304 ornatas
1167 2249 1302 2302 velut
1330 2247 1607 2303 similitudo
1647 2248 1842 2315 templi.
1886 2247 2108 2304 Bellaria

519 2338 880 2410 esrumplena,
909 2339 1187 2393 eructantia
1211 2355 1275 2394 ea
1303 2338 1400 2393 hoc
1434 2339 1487 2392 in
1523 2339 1639 2394 hoc.
1670 2338 1798 2394 Oves
1826 2355 1998 2394 eorum
2027 2340 2105 2409 fe-

519 2432 733 2499 cundo,
767 2432 1158 2503 multiplicantes
1197 2432 1256 2486 in
1289 2431 1505 2488 coitibus
1549 2432 1698 2496 suis;
1745 2432 1890 2487 boves
1933 2447 2106 2485 eorum

519 2541 724 2581 mue.
752 2524 873 2578 Non
911 2534 988 2579 est
1009 2525 1162 2580 ruina
1189 2525 1324 2595 scpis
1346 2564 1362 2591 ,
1394 2540 1484 2578 nec
1508 2525 1698 2586 emtas,
1721 2540 1878 2592 neque
1911 2524 2111 2578 clamor

517 2617 570 2672 iu
596 2618 779 2688 plateis
809 2633 1000 2672 eorum.
1032 2616 1248 2672 Beatum
1288 2618 1527 2672 dixerunt
1569 2617 1817 2688 populum
1865 2619 1950 2672 cui
1996 2618 2106 2672 lucc

516 2717 666 2774 sunt;
697 2710 866 2765 beatus
886 2710 1104 2782 populus
1125 2711 1273 2781 citius
1299 2709 1552 2766 Bomitms
1577 2709 1714 2763 Deus
1741 2709 1900 2779 ipsius
1926 2708 2100 2780 (Psal.

517 2813 701 2864 ωιιιι,
752 2801 966 2871 11-15).
1009 2802 1304 2858 Attendunt
1339 2815 1468 2870 ergo
1505 2800 1774 2871 quatuodo
1820 2801 2105 2856 irrideatur

517 2889 619 2958 ista
647 2889 872 2947 inlicitas
891 2891 947 2946 in
969 2890 1282 2947 honrinibus
1301 2892 1500 2961 impiis,
1529 2899 1584 2946 et
1611 2898 1721 2946 tota
1752 2891 2024 2948 beatitudo
2048 2893 2102 2946 in

515 2981 780 3038 Deosolo-
813 2981 1129 3039 inconcussa
1157 2983 1368 3055 ﬁgatur.
1393 2983 1476 3038 illi
1507 2983 1650 3039 enim
1679 2983 1863 3038 dicunt
1885 2984 2102 3040 beatum

517 3073 769 3144 populum
795 3074 882 3131 eui
911 3073 1024 3129 banc
1039 3083 1162 3130 sunt
1191 3091 1207 3141 ;
1235 3075 1333 3131 sed
1359 3074 1546 3131 beatus
1575 3076 1804 3146 populus
1839 3076 1992 3146 cujus
2019 3083 2104 3131 est

514 3164 772 3224 Dominus
805 3166 949 3222 Deus
967 3166 1159 3237 ipsius.
1187 3167 1341 3236 Quod
1385 3176 1564 3224 autem
1605 3169 1767 3224 etiam
1801 3168 1938 3224 illud
1969 3183 2101 3224 cono

515 3257 735 3325 uariata]
759 3272 887 3315 esse
906 3269 1228 3330 putauerunt
1251 3261 1373 3316 huic
1391 3261 1510 3317 loco
1534 3261 1745 3317 Veteris
1788 3261 2100 3318 Testamen-

517 3348 578 3415 li,
605 3350 746 3426 (ιιιοά
769 3351 1022 3410 Dominus
1043 3353 1141 3420 ait,
1171 3351 1348 3408 Omnis
1366 3354 1452 3424 qui
1471 3355 1715 3425 confusus
1735 3355 1891 3426 fuerit
1912 3371 1992 3409 me
2009 3363 2102 3410 aut

514 3441 662 3505 uerba
687 3458 799 3502 mea
821 3443 877 3498 in
901 3452 1044 3514 gente
1065 3444 1166 3504 ista
1189 3445 1424 3502 adultae
1449 3456 1496 3500 et
1519 3448 1814 3517 peccatrice,
1849 3456 1898 3502 et
1931 3446 2102 3503 Filius

515 3531 732 3593 hominis
747 3535 1088 3605 confundetur
1108 3535 1278 3602 illum,
1307 3552 1423 3590 cum
1447 3538 1632 3591 venerit
1657 3538 1712 3592 in
1735 3538 1898 3609 gloria
1927 3537 2102 3600 Batris

514 3624 594 3689 sui
608 3632 660 3686 et
679 3625 830 3686 laude
845 3637 1136 3690 sanctorum
1158 3627 1350 3697 (Herc.
1370 3644 1482 3695 vnt,
1509 3629 1602 3701 38)
1625 3646 1639 3697 ;
1663 3631 1807 3700 quod
1836 3632 2102 3702 pertineat

513 3717 581 3781 ad
607 3726 970 3790 contemptum
993 3735 1174 3778 rerum
1199 3723 1581 3792 temporalium
1611 3738 1716 3780 nou
1743 3724 1920 3780 video.
1944 3725 2099 3791 Quod

512 3810 558 3870 Si
585 3819 866 3882 prepterea
882 3814 1140 3884 pertinet,
1186 3829 1254 3870 ne
1297 3814 1491 3886 aliquis
1541 3816 1759 3872 territus
1801 3816 1871 3872 de
1912 3817 2097 3872 talium

513 3915 701 3968 senum
722 3903 1244 3972 damnisﬁhnistmn
1282 3907 1525 3964 conﬁteri
1551 3917 1646 3965 aut
1667 3909 1974 3979 erubescat,
2005 3919 2100 3966 aut

515 3992 718 4060 timeat,
740 3994 866 4063 quid
881 3995 1082 4054 habent
1099 3997 1242 4067 quod
1255 3998 1479 4054 dicant?
1499 3999 1736 4057 Dicimus
1755 4003 1831 4056 ita
1849 4016 1970 4058 esse
1995 4003 2096 4060 ista

513 4099 736 4148 munera
764 4087 879 4154 Dei,
901 4095 961 4144 ut
979 4094 1159 4144 tamen
1180 4089 1287 4144 sint
1311 4089 1516 4158 intima,
1543 4098 1600 4147 et
1622 4091 1676 4147 in
1698 4095 2098 4164 comparatione

514 4177 762 4238 salutatis
808 4178 1166 4236 confessionis
1189 4220 1205 4246 ,
1257 4195 1368 4236 non
1415 4181 1591 4238 solum
1637 4185 1950 4253 amittenda,
2001 4188 2106 4244 sed'

513 4270 656 4328 ultro
719 4272 880 4334 etiam
945 4273 1270 4344 projieienda
1317 4277 1681 4334 :carnalibus
1748 4289 1926 4338 tamen
1980 4280 2098 4339 lucc

514 4363 840 4432 amantibus,
871 4373 928 4421 et
961 4366 1199 4446 nondum
1239 4368 1570 4439 capientibus
1607 4373 1875 4441 promissa
1928 4374 2096 4431 cele-

513 4453 637 4522 stis,
661 4470 730 4512 ne
753 4457 820 4512 ab
838 4455 997 4513 idolis
1021 4466 1080 4514 et
1097 4458 1428 4517 daemonibus
1455 4461 1554 4518 ista
1585 4472 1861 4534 peterent,
1893 4466 2099 4522 utiliter

512 4561 545 4606 ε
569 4547 798 4605 Domino
822 4549 933 4605 Deo
951 4564 1074 4607 esse
1102 4551 1357 4622 pollicita.

581 4639 810 4704 CAPUT
848 4642 988 4698 XIX.
1015 4672 1088 4688 --
1115 4646 1168 4700 1.
1210 4647 1287 4702 De
1325 4661 1394 4703 eo
1429 4649 1574 4719 quod
1623 4651 1879 4722 scriptum
1921 4661 2006 4709 est
2042 4653 2095 4709 in

511 4731 657 4804 Lege
684 4750 700 4789 :
727 4732 842 4806 Ego
859 4751 972 4790 sum
999 4737 1084 4808 qui
1103 4737 1306 4793 divitias
1325 4739 1392 4793 do
1417 4741 1596 4796 amicis
1613 4743 1738 4797 meis
1758 4785 1772 4809 ,
1801 4752 1846 4798 et
1871 4759 2096 4814 pauper-

437 4833 439 4836 ‘
513 4831 667 4880 tatem
696 4825 911 4882 inunicis
937 4828 1082 4883 meis.
1133 4829 1267 4884 Huic
1319 4833 1598 4888 sententia:
1631 4833 1767 4890 illud
1819 4844 2100 4906 opponunt

423 4913 429 4924 ’
513 4917 658 4988 quod
675 4917 932 4973 Dominus
959 4919 1106 4988 dicit,
1127 4920 1288 4978 Beati?
1319 4939 1563 4995 pauperes
1609 4926 1812 4996 spiritu,
1861 4929 2100 4999 quoniam

513 5008 739 5080 ipsorum
753 5021 828 5072 est
842 5029 1051 5084 regnum
1069 5015 1309 5069 caelorum
1331 5016 1544 5086 (Matth.
1566 5034 1620 5086 ν,
1640 5020 1694 5088 5)
1717 5037 1730 5074 :
1750 5029 1828 5089 et,
1857 5020 1946 5077 Vat
1964 5023 2100 5078 vobis

517 5101 751 5159 divitibus
775 5146 790 5172 ,
815 5105 934 5176 quia
957 5109 1248 5177 percepistis
1260 5111 1655 5168 consolationem
1695 5123 1909 5169 vestram
1943 5114 2093 5187 (Luc.

516 5207 591 5257 νι,
615 5193 727 5266 2i).
761 5195 864 5253 Sed
905 5213 1000 5253 cur
1029 5199 1216 5255 uolunt
1236 5202 1407 5257 etalia
1427 5203 1479 5258 in
1509 5203 1798 5277 Evangelio
1816 5210 2057 5264 contueri
2075 5211 2106 5264 ἲ·

520 5285 620 5342 Ubi
647 5290 787 5349 enim
814 5293 1070 5362 scriptum
1089 5303 1193 5360 est,
1211 5294 1359 5350 Beati
1377 5313 1621 5369 pauperes
1637 5302 1836 5371 spiritu,
1859 5305 2112 5372 quoniam

519 5380 748 5450 ipsorum
765 5390 840 5436 est
863 5401 1074 5454 regnum
1099 5389 1369 5453 calorum;
1388 5391 1459 5445 ibi
1489 5393 1748 5464 sequitur,
1770 5393 1911 5450 Beati
1931 5398 2095 5464 miles,

519 5474 760 5544 quoniam
783 5476 882 5545 ipsi
910 5479 1200 5535 hereditate
1240 5483 1560 5550 possidebunt
1597 5494 1798 5539 tetram.
1832 5487 1966 5543 Ecce
2004 5488 2110 5544 ha-'

522 5561 653 5618 bent
677 5564 879 5622 amicus
908 5569 997 5623 Dei
1033 5570 1340 5628 haereditate
1379 5587 1532 5628 Imm
1569 5577 1760 5631 divites
1805 5581 1937 5631 lieri.
1968 5581 2104 5636 Cum

521 5663 702 5711 autem
723 5656 790 5711 ad
829 5666 1027 5714 tantam
1071 5673 1358 5732 egestatem
1402 5667 1550 5722 dives
1593 5669 1682 5722 ille
1727 5670 2014 5740 redigitur,
2042 5681 2103 5729 ut

521 5750 594 5805 ab
611 5767 682 5808 eo
697 5767 935 5827 paupere
953 5772 1112 5827 quem
1142 5761 1466 5831 neglexerat,
1493 5761 1657 5833 digito
1684 5764 1834 5820 brevi
1867 5768 1919 5822 in
1962 5781 2100 5840 aqua

516 5841 686 5927 tincto
712 5848 879 5904 arenti
904 5848 1096 5922 linguae
1124 5865 1235 5907 suae
1264 5851 1541 5914 humorem
1565 5856 1756 5920 stillari
1779 5857 2100 5933 deprecetur

2142 5913 2189 5923 ον

2218 773 2563 832 paupertatem
2589 767 2806 824 inimicis
2825 771 2968 826 meis.

2243 871 2250 876 '
2287 857 2342 910 2.
2381 858 2512 914 Nam
2544 861 2670 916 istas
2697 862 2908 920 divitias
2939 866 3257 936 temporales
3294 869 3429 923 etin
3452 870 3622 925 veteri
3658 870 3816 927 Scrl—~

2218 959 2368 1020 ptum
2393 967 2511 1008 esse
2545 965 2878 1026 contemptus
2903 967 2957 1013 et
2987 959 3230 1029 superius
3267 959 3444 1025 docui,
3477 970 3536 1017 et
3556 962 3804 1020 innume-

2216 1044 2468 1099 rabilibus
2499 1045 2631 1102 locis
2661 1049 2747 1118 qui
2776 1050 2951 1120 legere
2977 1052 3222 1116 voluerit,
3251 1053 3509 1109 inveniet.
3541 1053 3693 1111 Unde
3717 1064 3804 1112 est

2215 1137 2372 1190 etiam
2405 1138 2532 1192 illud
2562 1159 2575 1194 :
2603 1139 2788 1196 Melius
2815 1150 2885 1197 est
2913 1144 3165 1198 modicum
3197 1145 3361 1215 justo,
3409 1161 3560 1217 super
3597 1149 3804 1203 divitias

2214 1237 2532 1292 peccatorum
2547 1232 2732 1285 multas
2761 1231 2930 1301 (Psal.
2956 1250 3138 1298 sum,
3170 1235 3281 1306 16).
3313 1235 3535 1291 Etillud
3558 1254 3574 1292 :
3597 1237 3804 1294 Bonum

2214 1320 2338 1373 mihi
2365 1320 2446 1375 lea:
2475 1324 2576 1378 oris
2602 1325 2694 1390 tui,
2717 1341 2871 1394 super
2915 1327 3076 1382 millia
3109 1329 3225 1382 auri
3270 1337 3320 1384 et
3362 1331 3557 1401 argenti
3599 1331 3619 1402 (
3648 1331 3800 1388 Psal.

2117 1431 2120 1434 ’
2213 1429 2394 1479 cxvm,
2427 1415 2540 1485 72).
2573 1416 2642 1472 Et
2679 1418 2805 1473 illud
2835 1436 2849 1472 :
2875 1418 3084 1475 Iudicia
3119 1419 3216 1476 Dei
3253 1438 3371 1477 vera
3412 1424 3700 1494 justi/leuia
3742 1429 3802 1482 iis

2212 1508 2434 1578 idlpsum
2459 1510 2500 1576 ⁸,
2529 1510 2881 1567 desiderabilia
2909 1529 3059 1584 super
3083 1530 3268 1570 aurum
3291 1524 3340 1569 et
3361 1515 3588 1585 lapidem
3609 1519 3803 1588 pretio-

2212 1615 2324 1654 sum
2352 1601 2566 1655 multum
2591 1602 2760 1674 (Psal.
2788 1618 2936 1671 xvm,
2963 1605 3073 1676 l0).
3105 1605 3173 1661 Et
3196 1607 3324 1662 illud
3353 1626 3368 1662 :
3397 1606 3589 1663 Beatus
3616 1609 3800 1679 virqui

2211 1691 2400 1745 invenit
2425 1694 2746 1764 sapientiam,
2777 1704 2828 1749 et
2861 1696 3160 1752 immortalis
3185 1699 3272 1768 qui
3296 1699 3428 1754 videt
3453 1701 3797 1772 prudentiam.

2213 1781 2401 1838 Melius
2445 1795 2518 1839 est
2561 1786 2696 1840 enim
2721 1787 2865 1842 illam
2907 1789 3140 1855 mercari,
3193 1805 3346 1859 quam
3390 1793 3506 1848 auri
3531 1802 3580 1849 et
3605 1794 3802 1866 argenti

2213 1875 2492 1932 thesauros.
2524 1876 2802 1934 Pretiosior
2846 1889 2919 1935 est
2960 1892 3128 1937 autem
3165 1882 3418 1954 lapidibus
3445 1887 3668 1956 optimis,
3695 1904 3797 1941 rion

2211 1969 2395 2024 resistit
2416 1968 2499 2023 illi
2523 1970 2683 2025 ullum
2709 1969 2941 2039 malum;
2971 1974 3094 2029 bene
3120 1985 3241 2030 nota
3267 1986 3341 2031 est
3365 1979 3597 2034 omnibus
3618 1996 3798 2050 appro-

2213 2061 2571 2130 pinquantibus
2600 2063 2665 2128 ei,
2698 2072 2746 2118 et
2789 2064 2860 2118 eis
2895 2066 2981 2134 qui
3019 2067 3338 2123 considerant
3377 2086 3490 2124 eam
3511 2070 3796 2140 diligenter.

2216 2149 2378 2206 Omne
2399 2162 2567 2206 autem
2593 2156 2870 2223 pretiosum
2906 2173 3007 2210 non
3042 2167 3115 2212 est
3155 2159 3232 2213 illi
3269 2160 3478 2232 dignum
3504 2161 3685 2235 (Prov.
3712 2179 3796 2234 tu,

2213 2242 2421 2316 15-16).
2453 2245 2520 2299 Et
2543 2245 2672 2301 illud
2704 2263 2718 2299 :
2753 2245 2974 2316 Pr0pter
2992 2249 3087 2304 hoc
3113 2253 3304 2321 optavi,
3343 2260 3390 2308 et
3415 2253 3564 2308 datus
3582 2264 3654 2310 est
3673 2256 3802 2311 mihi

2210 2351 2403 2405 sensus,
2432 2348 2480 2392 et
2501 2340 2746 2408 invocavi,
2773 2351 2820 2396 et
2848 2343 2979 2396 venit
3001 2344 3053 2397 in
3082 2360 3161 2398 me
3186 2344 3393 2414 spiritus
3417 2347 3697 2416 sapientiai.
3725 2347 3802 2404 Et

2212 2431 2466 2499 βωμοετὰ
2499 2431 2643 2485 illam
2679 2433 2845 2502 regnis
2867 2435 2888 2466 ³
2913 2443 2961 2488 et
2989 2435 3211 2501 sedibus,
3250 2446 3295 2489 et
3336 2436 3642 2493 honestatem
3669 2439 3802 2494 nihil

2210 2535 2318 2574 esse
2341 2522 2465 2575 duxi
2490 2523 2558 2575 ad
2581 2526 3010 2594 comparationem
3047 2527 3228 2596 ipsius.
3266 2526 3380 2582 Nec
3407 2531 3694 2598 comparavi
3718 2525 3801 2585 illi

2210 2614 2431 2684 lapidem
2457 2617 2729 2686 pretiosum
2755 2633 2774 2672 :
2801 2620 3040 2689 quoniam
3065 2636 3214 2675 omne
3235 2636 3421 2675 aurum
3442 2621 3494 2676 in
3523 2638 3798 2692 comparu-

2207 2705 2346 2760 tione
2370 2706 2511 2762 illius
2531 2722 2688 2762 arena
2706 2717 2778 2762 est
2807 2710 3012 2781 exigua,
3038 2719 3088 2764 et
3115 2720 3353 2782 tanquam
3386 2712 3546 2766 lutum
3571 2716 3799 2768 testimo-

2209 2797 2342 2852 bitur
2383 2812 2664 2872 argentum
2693 2803 2761 2856 ad
2803 2803 2947 2858 illam
2973 2803 3128 2877 (Sap.
3167 2820 3262 2871 vn,
3307 2805 3453 2876 7-9).
3484 2806 3609 2863 Haec
3636 2808 3720 2862 isti
3751 2808 3799 2863 si

2208 2899 2299 2944 aut
2340 2891 2578 2961 legerent
2602 2902 2692 2947 aut
2719 2908 2825 2947 non
2855 2895 3015 2965 impie
3044 2896 3301 2966 legerent,
3337 2896 3583 2953 viderent
3615 2898 3799 2952 omnia

2209 2981 2261 3036 in
2281 2983 2561 3054 utriusque
2590 2983 2915 3040 Testamenti
2941 2986 3241 3057 scripturis,
3267 2995 3322 3043 et
3339 2988 3410 3044 ad
3438 2988 3798 3060 expetendum

2207 3082 2262 3129 et
2289 3073 2356 3128 ad
2385 3075 2712 3144 fugiendum,
2740 3084 2795 3130 et
2816 3077 2884 3131 ad
2912 3079 3230 3133 sumendum
3255 3088 3312 3135 et
3349 3079 3418 3134 ad
3445 3081 3796 3150 rejiciendutn

2208 3164 2312 3222 sibi
2329 3165 2704 3222 concordantia
2730 3169 2922 3224 et'suis
2941 3169 3195 3240 gradibus
3215 3171 3483 3227 ordinem.

2275 3256 2502 3314 CAPUT
2533 3258 2651 3314 XX.
2684 3290 2755 3300 —
2783 3262 2839 3316 1.
2867 3261 2945 3317 De
2971 3277 3036 3318 eo
3059 3263 3202 3334 quod
3227 3265 3483 3335 scriptum
3508 3273 3590 3322 est
3617 3265 3668 3320 in
3695 3265 3781 3323 Le

2205 3361 2273 3419 ge
2301 3367 2314 3402 :
2345 3348 2408 3405 Si
2432 3351 2806 3406 ambulaverint
2849 3353 2903 3408 in
2937 3354 3066 3426 lege,
3105 3364 3154 3411 et
3195 3365 3446 3427 prccepta
3479 3372 3591 3412 mea
3625 3367 3796 3413 custo-

2207 3440 2439 3509 dieritis;
2467 3442 2598 3497 dabo
2643 3445 2837 3515 pluvias
2875 3455 3095 3517 tempore
3139 3465 3253 3515 suo,
3298 3458 3347 3504 et
3385 3451 3624 3521 producet
3659 3461 3797 3506 terra

2206 3534 2402 3604 fructus
2431 3551 2573 3602 suos,
2596 3547 2643 3591 et
2666 3536 2870 3592 arbores
2895 3555 3064 3608 ponto,
3087 3548 3134 3594 et
3156 3541 3419 3596 vindemia:
3434 3551 3534 3598 tua:
3552 3543 3796 3598 messibus

2205 3624 2488 3691 succedent,
2517 3635 2562 3680 et
2581 3626 3001 3684 satiovindemiis
3031 3648 3046 3685 :
3073 3640 3124 3685 et
3150 3632 3520 3701 saturabimini,
3558 3641 3607 3690 et
3645 3634 3794 3689 sede-

2206 3716 2320 3771 bitis
2337 3718 2393 3772 in
2421 3734 2544 3788 pace
2567 3719 2622 3773 in
2645 3728 2780 3774 terra
2803 3729 2982 3788 vestra,
3007 3731 3056 3778 ct
3083 3724 3359 3790 dormietis,
3385 3735 3434 3780 et
3467 3741 3567 3781 non
3590 3727 3683 3781 erit
3705 3727 3796 3797 qui

2203 3823 2292 3864 vos
2321 3819 2503 3865 terreat
2527 3827 2549 3866 :
2577 3820 2626 3866 et
2648 3813 2856 3882 perdam
2885 3828 3082 3869 omnem
3116 3816 3334 3872 belluam
3355 3834 3418 3872 ea:
3440 3826 3575 3873 terra
3593 3827 3755 3875 vestra
3771 3835 3796 3885 ;

2205 3911 2254 3958 et
2279 3906 2638 3976 persequamini
2662 3907 2891 3963 inimicos
2918 3917 3128 3976 vestros,
3179 3919 3227 3965 et
3253 3912 3433 3966 cadent
3461 3922 3577 3967 ante
3613 3928 3699 3967 vos
3735 3911 3794 3968 in

2203 3997 2376 4068 gladio
2399 4013 2418 4051 :
2441 4007 2489 4052 et
2511 3999 2835 4070 insequentur
2851 4002 3070 4072 quinque
3093 4018 3156 4058 ea:
3185 4005 3324 4059 vobis
3352 4013 3572 4076 centum,
3603 4015 3651 4061 et
3671 4021 3792 4062 cen-

2205 4097 2312 4142 tum
2357 4105 2420 4143 ea:
2457 4090 2594 4145 vobis
2635 4102 2992 4163 persequentur
3029 4095 3198 4148 decem
3233 4095 3416 4161 millia,
3450 4106 3497 4151 et
3532 4098 3796 4154 concident

2203 4181 2396 4235 inimici
2433 4184 2583 4238 vestri
2607 4194 2724 4238 ante
2750 4201 2836 4239 vos
2860 4185 2914 4238 in
2952 4185 3126 4256 gladio
3153 4202 3174 4241 :
3199 4196 3246 4241 et
3267 4190 3482 4256 veniam,
3509 4199 3556 4243 et
3582 4191 3793 4246 benedi-

2203 4289 2313 4328 cam
2344 4290 2449 4342 vos,
2485 4285 2534 4330 et
2557 4276 2902 4346 multiplicabo
2925 4292 3032 4343 vos,
3064 4287 3112 4333 et
3133 4279 3406 4350 disponam
3429 4297 3533 4336 vos.
3558 4281 3794 4338 Mandu-

2202 4370 2379 4424 cabitis
2408 4378 2545 4424 vetus
2582 4370 2718 4436 quod
2757 4371 3068 4440 inveteravit,
3111 4382 3158 4428 et
3197 4375 3471 4446 projicietis
3496 4385 3636 4432 vetus
3673 4386 3794 4433 ante

2203 4475 2386 4515 novum
2415 4459 2600 4531 (Leuit.
2629 4477 2772 4528 xxvn,
2797 4462 2977 4532 3-10).
2999 4463 3115 4520 iam
3149 4465 3415 4521 neminem
3455 4477 3666 4538 oportet
3689 4484 3790 4540 po-

2202 4553 2403 4608 stulare
2421 4567 2452 4607 a
2479 4553 2654 4621 nobis,
2679 4564 2736 4609 ut
2761 4554 2876 4610 hac
2893 4557 3236 4613 ostendamus
3253 4569 3410 4629 quam
3434 4570 3794 4631 congruenter

2203 4644 2278 4699 illi
2311 4644 2508 4715 populo
2529 4645 2670 4701 Deus
2699 4648 3024 4716 promiserit.
3051 4645 3213 4704 Multa
3239 4649 3381 4706 enim
3407 4651 3476 4708 de
3501 4651 3604 4707 hac
3622 4667 3682 4708 re
3707 4652 3792 4708 di-

2203 4738 2398 4806 ximus,
2425 4749 2480 4794 et
2504 4738 2590 4793 cui
2617 4754 2779 4809 parva
2819 4750 2963 4807 sunt,
3014 4741 3174 4798 nimis
3201 4743 3389 4799 tardus
3426 4752 3528 4801 est.
3572 4744 3678 4802 Sed
3704 4753 3791 4801 ta-

2204 4842 2325 4884 men
2357 4828 2500 4898 quod
2529 4828 2688 4883 etiam
2720 4829 2842 4886 huic
2889 4830 3011 4887 loco
3053 4831 3123 4887 de
3163 4831 3312 4888 Novo
3338 4833 3682 4891 Testamento
3704 4835 3792 4891 di-

2205 4928 2332 4976 cunt
2356 4905 2476 4975 esse
2499 4923 2830 4977 contrarium
2859 4940 2873 4976 :
2907 4923 3037 4979 illud
3065 4924 3311 4981 videlicet
3349 4926 3491 4996 quod
3534 4925 3793 4983 Dominus

2205 5013 2299 5079 ait,
2330 5010 2508 5066 Nolite
2533 5021 2738 5083 portare
2758 5030 2960 5080 aurum,
2985 5031 3143 5088 neque
3160 5026 3444 5088 argentum,
3466 5033 3628 5090 neque
3646 5034 3794 5072 num-

2208 5119 2316 5158 mos
2341 5105 2397 5158 in
2423 5105 2566 5158 zonis
2593 5106 2806 5170 vestris;
2835 5121 2938 5160 non
2960 5123 3134 5178 peram
3161 5107 3214 5162 in
3234 5107 3336 5176 via,
3365 5122 3522 5177 neque
3545 5107 3674 5162 duas
3711 5115 3796 5162 tu-

2209 5195 2370 5263 nicas,
2395 5212 2552 5267 neque
2571 5196 2928 5264 calceamenta,
2950 5215 3108 5268 neque
3126 5200 3351 5270 virgam;
3367 5199 3549 5271 dignus
3567 5210 3641 5254 est
3661 5200 3794 5255 enim

2208 5290 2469 5360 aperui-ius
2498 5291 2724 5345 mercede
2743 5306 2834 5344 sua
2856 5289 3066 5362 (Matth.
3096 5305 3150 5358 x,
3180 5291 3272 5346 9et
3290 5291 3378 5362 l0)
3407 5290 3575 5363 :quid
3597 5291 3794 5346 mirum

2209 5386 2255 5440 si
2282 5386 2397 5439 huic
2425 5383 2780 5454 Evangelistis
2808 5382 3122 5439 donaverit?
3150 5383 3416 5456 Numquid
3460 5387 3513 5440 in
3558 5384 3660 5440 hoc
3689 5385 3794 5438 mi-

2211 5478 2486 5533 nisterium
2537 5477 2763 5547 populus
2797 5476 3050 5531 Iudaicus
3073 5478 3416 5532 vocabatur?
3453 5479 3581 5546 Qum
3615 5491 3792 5534 tamen

2209 5571 2385 5624 omnia
2428 5571 2770 5639 spirituuliter
2811 5570 3185 5639 perscrutanda
3234 5579 3372 5634 sttut,
3427 5585 3494 5624 ne
3540 5571 3652 5639 ipse
3682 5571 3791 5623 Do-

2273 5749 2300 5822 ιΔ
2313 5749 2466 5822 LEditi,
2480 5761 2532 5798 at
2547 5748 2819 5822 semetipsa.
2827 5747 3022 5822 Quidam
3043 5760 3163 5798 vero
3179 5757 3306 5805 Mss...
3323 5762 3375 5801 us
3393 5747 3631 5818 idlpstmt;
3644 5763 3796 5822 qm

2206 5809 2474 5862 lectionem
2492 5812 2632 5874 sequi
2651 5809 2778 5874 solet
2803 5812 3107 5874 Augustinus.
3317 5873 3323 5874 γ
3456 5809 3479 5874 κ’
3609 5809 3625 5818 ’
3662 5809 3683 5822 ’
3773 5819 3778 5824 ’

2274 5876 2294 5908 ³
2325 5881 2504 5925 omnes
2521 5871 2648 5936 MSS,
2670 5871 2964 5938 regimoniis.
2987 5880 3150 5926 αωοϐ
3167 5879 3263 5940 est,
3279 5873 3520 5943 sitm
3793 5920 3802 5954 τ

3759 5960 3820 6000 γι).
