4082 6436
199 342 323 410 165

197 463 396 520 minus
425 459 729 518 hominibus
769 458 946 532 impiis
977 463 1160 514 contra
1199 470 1294 513 sua
1321 462 1593 530 praecepta
1618 455 1813 514 fecisse

198 554 482 621 videatur,
511 553 599 626 qui
633 552 794 610 etiam
826 549 1031 606 loculos
1053 548 1300 615 habebat,
1326 548 1517 627 quibus
1538 548 1604 603 ad
1625 563 1816 605 neces-

202 648 419 703 sarium
449 646 646 702 victum
676 645 898 717 pecunia
932 642 1238 714 portabatur
1267 641 1442 713 (Joan.
1475 647 1570 710 xu,
1597 639 1673 716 6).
1703 641 1814 697 Nisi

200 738 354 796 forte
378 739 570 795 dicturi
611 747 736 794 sunt
785 739 839 794 in
881 736 1030 792 zonis
1059 737 1256 792 habere
1282 735 1585 808 pecuniam,
1618 749 1812 807 pecca-

200 844 327 890 tum
355 848 509 902 esse;
559 833 612 889 in
640 832 833 889 loculis
857 839 1054 897 autem,
1083 846 1189 886 non
1219 845 1337 886 esse
1366 839 1666 900 peccatum.
1697 829 1815 884 Non

200 939 393 984 autem
419 929 519 984 ista
542 927 713 1000 jussa,
745 926 840 983 sed
867 926 1129 998 permissa
1158 939 1280 980 esse
1305 923 1593 994 Apostolis,
1620 938 1684 978 ex
1713 922 1816 978 hoc

205 1020 552 1092 intelligitur,
597 1018 740 1092 quod
766 1017 1038 1090 apostolus
1067 1016 1262 1072 Paulus
1288 1015 1536 1071 manibus
1559 1015 1669 1071 suis
1688 1029 1816 1086 ope-

201 1122 361 1169 ratus
385 1115 586 1169 victum
607 1112 900 1185 qumrebat,
927 1125 1033 1166 non
1060 1108 1257 1165 abusus
1278 1123 1338 1164 ea
1362 1115 1650 1178 potestate,
1675 1107 1814 1163 sicut

204 1207 332 1278 ipse
354 1207 611 1278 loquitur,
645 1220 802 1278 quam
837 1203 1093 1259 Dominus
1126 1201 1481 1274 Evangelistis
1503 1199 1648 1257 dedit
1672 1199 1810 1271 (Act.

208 1315 372 1366 xvnt,
402 1301 470 1368 5;
506 1300 525 1354 Ι
555 1297 672 1355 Cor.
703 1314 774 1367 tv,
809 1297 909 1363 12;
941 1297 960 1354 1
992 1296 1167 1351 Thess.
1202 1311 1260 1360 ιι,
1304 1294 1358 1362 9,
1400 1304 1447 1352 et
1475 1294 1520 1350 Il
1563 1293 1743 1348 Thess.
1772 1307 1812 1362 ι,

206 1392 306 1448 Set
325 1393 402 1464 9).
437 1392 590 1462 Quod
636 1392 777 1448 enim
801 1391 1124 1464 permittitur
1149 1405 1178 1444 a
1216 1388 1463 1456 Domino,
1507 1387 1668 1443 etiam
1706 1400 1817 1441 non

206 1484 388 1542 facere
415 1486 543 1542 licet
572 1503 584 1540 :
611 1484 759 1558 quod
799 1495 974 1541 autem
1001 1483 1238 1556 jubetur,
1277 1481 1381 1538 nisi
1421 1479 1514 1536 ﬁat
1537 1485 1815 1552 peccatum

205 1588 317 1636 est.

282 1670 344 1726 2.
395 1669 613 1726 Addunt
642 1669 804 1726 etiam
851 1667 918 1723 de
962 1667 1055 1741 illo
1083 1666 1268 1736 divite,
1298 1665 1384 1722 cui
1413 1666 1555 1722 Deus
1582 1664 1811 1740 dixerat,

205 1765 414 1834 Stulte,
446 1766 535 1820 hac
570 1774 716 1820 nocte
743 1782 774 1818 a
807 1773 854 1819 te
871 1764 1096 1820 animam
1123 1774 1260 1819 tuam
1284 1772 1551 1836 expetam;
1575 1779 1690 1837 quae
1716 1779 1814 1817 au.

206 1868 312 1915 tem
357 1859 688 1934 preparasti,
721 1859 865 1930 cujus
908 1866 1050 1914 erunt
1073 1857 1220 1929 (Luc.
1250 1874 1343 1925 xu,
1375 1855 1506 1929 20)?
1553 1866 1607 1914 et
1635 1856 1817 1922 dicunt

208 1971 316 2010 non
345 1954 523 2008 niinus
555 1953 679 2009 huic
703 1953 932 2022 capitulo
957 1952 1115 2023 Legis
1145 1967 1264 2010 esse
1291 1952 1616 2008 contrarium
1645 1969 1660 2007 :
1691 1966 1815 2016 cum

209 2046 262 2101 in
287 2046 389 2100 isto
409 2044 646 2102 inanitas
671 2045 826 2100 irrisa
852 2045 921 2106 sit
940 2059 1089 2100 vanie
1115 2043 1334 2112 laetitia,
1366 2043 1456 2115 qui
1495 2043 1697 2098 incerta
1723 2042 1812 2102 illa

209 2154 305 2210 pro
333 2138 504 2194 certis
535 2136 748 2202 habuit;
783 2135 979 2206 populo
1007 2145 1188 2190 autem
1224 2133 1388 2190 Israel
1418 2142 1615 2190 certam
1643 2131 1811 2189 facie-

209 2228 298 2284 bat
341 2228 495 2291 illam
565 2226 999 2296 pollicitationem
1057 2225 1441 2296 omnipotentis
1492 2223 1810 2295 pollicentis.

209 2317 361 2380 Unde
384 2318 670 2390 apostolus
713 2316 908 2373 Paulus
944 2315 1186 2372 scribens
1228 2315 1295 2370 ad
1343 2313 1703 2379 Timotheum,
1744 2312 1814 2370 de

211 2411 463 2468 divitibus
489 2409 676 2466 saaculi
695 2409 874 2480 hujus,
903 2423 1037 2480 quos
1055 2416 1276 2463 noverat
1295 2407 1346 2461 in
1370 2405 1624 2461 Ecclesiae
1645 2419 1815 2460 mem-

209 2505 314 2563 bris
344 2504 557 2560 habere
584 2518 738 2558 suum
767 2502 963 2569 locum,
991 2501 1061 2557 ita
1091 2501 1357 2572 loquitur:
1389 2498 1635 2554 Divitibus
1661 2499 1814 2571 hujus

210 2596 377 2652 seculi
413 2595 658 2666 praecipe,
681 2611 781 2650 non
802 2594 1013 2666 superbe
1032 2610 1228 2664 sapere,
1259 2609 1415 2664 neque
1440 2608 1644 2662 sperare
1662 2592 1716 2645 in
1732 2591 1814 2644 in-

211 2697 334 2742 certo
361 2688 688 2753 divitiarum,
711 2686 800 2742 sed
831 2687 882 2741 in
913 2685 1020 2741 Deo
1046 2685 1176 2754 vivo,
1205 2685 1289 2757 qui
1310 2693 1518 2756 praesta:
1548 2683 1689 2738 nobis
1715 2699 1816 2736 ont-

211 2783 289 2837 nia
323 2781 654 2836 abundanter
692 2779 758 2836 ad
787 2777 1058 2850 fruendum
1096 2794 1114 2832 :
1149 2775 1481 2847 benefaciant,
1514 2775 1690 2830 divites
1714 2775 1815 2828 sint

211 2875 258 2932 in
287 2874 528 2947 operibus
553 2874 717 2940 bonis,
751 2873 902 2944 facile
925 2871 1164 2938 tribuant,
1199 2870 1585 2936 communicent,
1610 2869 1814 2925 thesau-

210 2969 365 3022 rizent
381 2968 480 3023 sibi
511 2966 903 3038 fundamentum
951 2966 1136 3020 bonum
1161 2966 1216 3019 in
1255 2968 1508 3035 [tt-turum,
1541 2970 1596 3017 ut
1624 2979 1814 3034 appre-

214 3058 435 3114 hendant
478 3076 650 3114 veram
674 3059 828 3113 vitam
849 3056 893 3129 (Ι
919 3056 1053 3113 Tim.
1087 3072 1162 3122 Vl,
1195 3056 1402 3125 17-19).
1431 3055 1559 3123 Quis
1588 3054 1675 3110 hic
1705 3070 1814 3112 non
1858 3091 1865 3098 -

213 3151 472 3222 intelligat
499 3166 611 3206 non
639 3165 758 3207 esse
799 3150 1061 3220 culpabile
1101 3149 1300 3206 habere
1343 3149 1466 3218 ista,
1507 3148 1602 3205 sed
1633 3163 1815 3208 amare

213 3253 260 3300 et
279 3259 438 3314 spem
466 3243 523 3298 in
553 3243 634 3302 eis
661 3257 884 3314 ponere,
916 3251 969 3298 et
1003 3257 1066 3298 ca
1094 3240 1350 3312 praeferre
1375 3240 1650 3296 autetiam
1679 3254 1812 3313 con-

210 3333 350 3392 ferre
379 3336 616 3402 veritati,
641 3335 884 3406 iustitiae,
913 3334 1206 3405 sapientiae,
1241 3332 1388 3399 ﬁdei,
1418 3333 1572 3389 bonae
1601 3333 1811 3390 consci-

212 3430 390 3498 entiae,
417 3428 673 3486 charitati
700 3429 797 3486 Dei
835 3435 890 3484 et
914 3428 1165 3500 proximi,
1190 3427 1383 3498 quibus
1409 3427 1656 3494 omnibus
1693 3426 1811 3493 ani-

211 3537 292 3577 ma
322 3524 338 3554 ¹
368 3522 458 3593 pia
477 3522 630 3579 dives
651 3530 734 3580 est
756 3522 812 3577 in
840 3521 1060 3578 secretis
1092 3521 1205 3578 suis
1251 3535 1435 3576 coram
1478 3520 1646 3576 oculis
1672 3519 1814 3577 Dei?

212 3613 317 3671 Sed
346 3624 406 3674 ut
432 3615 686 3688 diligatur
715 3614 874 3680 Deus,
905 3613 994 3684 qui
1041 3612 1383 3684 diligentibus
1408 3627 1467 3670 se
1493 3613 1594 3670 ista
1622 3621 1814 3674 cuncta

211 3714 266 3762 et
293 3706 581 3762 invisibilia
625 3715 680 3762 et
707 3715 905 3768 acterna
934 3705 1172 3776 largitur,
1201 3703 1255 3760 id
1281 3712 1386 3774 est,
1415 3718 1476 3770 se
1517 3705 1692 3775 ipsum
1727 3704 1814 3766 his

209 3797 464 3854 omnibus
494 3796 708 3867 plenum
729 3795 893 3856 donat
913 3795 1260 3856 dilectoribus
1285 3795 1396 3852 suis
1423 3802 1515 3850 :ut
1536 3809 1667 3868 ergo
1697 3795 1814 3868 ipse

209 3889 488 3962 diligatur,
517 3891 607 3946 illo
630 3890 788 3946 etiam
820 3898 1058 3959 tempore
1085 3902 1191 3960 quo
1212 3887 1446 3950 carnalis
1471 3888 1668 3956 anima,
1691 3902 1812 3952 car-

207 3982 301 4038 nis
325 3982 587 4037 videlicet
610 3981 879 4039 affectibus
919 3981 1207 4052 implicata,
1239 3975 1342 4036 nisi
1372 3980 1684 4050 temporalia
1714 3980 1810 4036 de-

209 4073 469 4132 siderare
498 4089 603 4130 non
629 4075 784 4142 novit,
806 4074 1235 4146 persuadendum
1259 4074 1335 4132 illi
1355 4081 1457 4140 est,
1484 4073 1627 4145 quod
1649 4074 1811 4130 etiam

211 4165 314 4224 ista
349 4165 502 4222 Deus
527 4165 616 4224 dat
639 4165 870 4234 homini;
902 4167 1026 4238 quia
1045 4174 1098 4222 et
1124 4181 1308 4222 verum
1330 4174 1433 4234 est,
1455 4173 1510 4221 et
1530 4166 1814 4224 utilissime

215 4257 472 4313 creditur.
501 4257 617 4314 Hoc
639 4259 842 4330 populo
890 4257 1052 4318 Israel
1080 4257 1277 4316 factum
1304 4267 1388 4318 est
1413 4273 1511 4331 per
1539 4258 1659 4314 illas
1688 4259 1811 4330 pol-

214 4349 555 4420 licitationes,
605 4366 740 4422 quas
784 4351 1183 4422 imperitissime
1221 4351 1404 4409 miseri
1445 4350 1712 4420 derident,
1755 4359 1813 4418 ut

217 4444 372 4500 etiam
401 4443 458 4498 in
489 4441 621 4513 ipsis
643 4442 846 4506 inﬁmis
875 4442 1058 4510 rebus,
1088 4442 1357 4516 quomodo
1379 4451 1619 4512 possent,
1644 4443 1810 4498 Deum

218 4535 437 4608 diligere
459 4545 860 4606 assuescerent,
889 4536 1130 4608 quamvis
1163 4536 1322 4606 plus”
1349 4535 1425 4592 ibi
1463 4544 1718 4606 operetur
1747 4536 1814 4592 ti-

217 4644 351 4684 mor.
401 4629 535 4696 Quae
586 4637 766 4690 tamen
823 4629 1002 4684 omnia
1043 4627 1198 4684 dona
1260 4627 1574 4698 temporalia
1627 4627 1812 4700 ﬁgurae

217 4731 336 4778 sunt
385 4722 657 4784 donorum
704 4729 1050 4790 aeternorum,
1106 4730 1162 4778 et
1201 4720 1290 4777 illa
1333 4721 1402 4777 de
1451 4720 1681 4776 inimicis
1729 4721 1812 4776 vi-

216 4814 380 4869 ctoria
433 4813 734 4885 .praesignat
782 4812 1061 4874 victoriam
1115 4811 1186 4869 de
1235 4810 1447 4869 diabolo
1494 4818 1559 4868 vet
1609 4811 1813 4883 angelis

217 4906 348 4976 eius.

282 5001 336 5057 5.
368 4998 441 5056 Et
467 4998 614 5070 quod
640 4998 728 5056 isti
752 4997 1066 5071 adjecerunt
1094 4996 1243 5069 quasi
1269 4996 1599 5056 contrarium
1623 4995 1808 5054 Veteri

218 5092 586 5160 Testamento,
616 5093 760 5165 quod
788 5092 1078 5163 Apostolus
1101 5089 1355 5161 loquitur,
1381 5090 1548 5146 Deum
1575 5104 1684 5146 non
1709 5104 1811 5160 pu-

215 5198 311 5253 gna
338 5193 395 5240 et
416 5183 775 5250 dissensione,
805 5183 900 5240 sed
930 5197 1058 5252 pace
1078 5181 1328 5238 delectari
1352 5180 1393 5250 (Ι
1420 5179 1537 5234 Cor.
1558 5195 1667 5248 xiv,
1695 5180 1810 5251 35):

220 5278 386 5333 sciant
409 5278 576 5334 talem
619 5277 786 5335 Deum
817 5276 1098 5348 priedicari
1139 5275 1196 5331 in
1237 5273 1525 5344 Scripturis
1572 5273 1696 5342 illis,
1725 5288 1812 5331 cui

219 5383 400 5438 pacem
429 5385 586 5426 suam
617 5384 778 5427 nemo
824 5369 994 5439 possit
1035 5367 1280 5432 auferre;
1331 5381 1440 5421 non
1473 5365 1683 5436 qualem
1711 5379 1810 5436 ipsi

221 5461 528 5529 pradicant,
561 5462 650 5532 qui
681 5462 874 5516 timens
915 5476 982 5515 ne
1013 5461 1236 5515 irrueret
1267 5458 1465 5512 bellum
1508 5458 1811 5527 regionibus

220 5553 346 5620 suis,
377 5558 619 5610 membra
648 5571 742 5609 sua
791 5555 946 5623 longe
977 5553 1140 5614 misit,
1170 5565 1225 5608 ut
1257 5552 1529 5622 peregrina
1556 5552 1692 5606 bella
1726 5560 1808 5605 to-

219 5644 468 5715 lerarent,
500 5655 554 5702 et
580 5655 765 5719 postea
793 5645 1006 5702 liberari
1044 5655 1202 5716 atque
1240 5643 1453 5718 purgari
1477 5643 1614 5698 victa
1644 5651 1697 5700 et
1725 5642 1808 5698 in~

280 5807 299 5840 ι
332 5805 524 5871 Aliquot
543 5812 675 5867 Mss,
697 5805 866 5871 quibus
887 5803 1040 5857 cumis

277 5872 300 5906 ³
331 5877 402 5926 tta
419 5866 732 5932 Corbeiensis
749 5869 926 5926 codex.
946 5875 1004 5926 At
1025 5868 1159 5933 editi,
1181 5866 1336 5940 prius.

1399 5999 1452 6014 ιθ-

1661 336 1864 402 LIBER
1900 337 2104 402 UNUS.
2149 399 2154 402 .

3294 390 3300 396 -
3403 347 3508 424 56.6

1932 457 2146 534 quinata
2192 472 2298 516 non
2343 468 2580 532 possent.
2611 460 2670 518 In
2708 470 2889 520 natura
2937 477 3066 523 vero
3108 464 3358 534 humana,
3386 485 3508 541 quae

1922 560 2142 622 peccato
2181 552 2233 608 in
2266 553 2513 611 interiora
2542 555 2777 622 deﬂuxit,
2823 557 2896 612 ita
2923 557 3065 615 Deus
3101 571 3231 630 pace
3269 561 3508 618 delecta;

1923 649 2024 709 tur,
2061 654 2115 699 ut
2142 661 2246 700 non
2276 647 2550 720 relinquat
2577 649 2892 710 libramenta
2912 649 3153 722 justitiae,
3183 667 3284 710 nec
3321 649 3534 728 pacem:

1920 753 2079 808 quam
2112 738 2282 809 diligit
2318 741 2445 796 velit
2475 742 2671 798 calcari
2710 757 2737 798 a
2765 744 3128 814 peccantibus,
3159 745 3254 801 sed
3279 749 3506 802 amari'a

1920 831 2284 896 certantibus,
2341 832 2669 904 apprehendi
2710 849 2742 891 a
2781 835 3072 892 victoribus
3101 877 3118 908 ,
3175 847 3229 894 et
3276 852 3338 894 ea
3386 852 3508 893 car-

1919 920 2128 978 natibus
2159 921 2383 994 ﬁgurata
2410 925 2742 996 promittere,
2773 928 3134 998 spiritualibus
3154 939 3336 1001 aperta
3354 921 3508 986 mon;

1920 1020 2113 1067 strare.

1990 1103 2216 1170 CAPUT
2253 1106 2396 1164 XXI.
2416 1107 2578 1164 —-De
2606 1122 2672 1165 eo
2692 1109 2833 1180 quod
2859 1111 3115 1183 scriptum
3136 1111 3294 1169 estin
3317 1112 3512 1170 Dente-

1918 1199 2208 1255 ronomio:
2262 1199 2570 1255 Maledictus
2613 1202 2776 1257 omnis
2819 1203 2904 1276 qui
2942 1204 2995 1259 in
3039 1205 3178 1277 ligno
3218 1206 3513 1279 pependerit

1919 1288 2094 1364 (Deut.
2124 1309 2234 1362 xxi,
2262 1292 2376 1368 25).
2404 1295 2552 1350 Licet
2577 1309 2721 1366 saepe
2758 1311 2788 1350 a
2818 1296 3122 1356 Manichaeis
3150 1298 3249 1355 ista
3278 1301 3503 1372 quaestio

1919 1385 2172 1442 ventilata
2198 1388 2285 1454 sit,
2320 1403 2427 1444 non
2454 1389 2611 1444 video
2641 1398 2818 1446 tamen
2847 1389 2973 1462 quid
3011 1390 3206 1450 habeat
3234 1393 3356 1450 huic
3379 1409 3510 1449 sen-

1921 1479 2099 1536 tentiae
2137 1481 2466 1538 contrarium
2496 1481 2636 1553 quod
2662 1497 2730 1545 ex
2755 1481 3045 1555 Evangelio
3074 1484 3389 1542 Adimantus
3410 1502 3510 1558 op-

1918 1571 2224 1642 ponendum
2253 1573 2477 1642 putavit,
2510 1573 2602 1630 ubi
2638 1573 2894 1630 Dominus
2923 1575 2996 1630 ait
3028 1616 3042 1631 .
3076 1574 3139 1632 Si
3164 1575 3236 1630 vis
3264 1577 3513 1648 perfectus

1919 1679 2044 1734 esse,
2074 1663 2229 1719 vende
2275 1667 2444 1722 omnia
2486 1681 2814 1737 qutecumque
2839 1667 3087 1738 possides,
3119 1675 3166 1723 et
3189 1665 3354 1722 divide
3383 1685 3514 1740 pou.-

1920 1756 2140 1826 peribus,
2171 1764 2218 1810 et
2245 1757 2363 1811 tolle
2404 1774 2602 1812 crucem
2646 1765 2806 1825 tuam,
2853 1767 2916 1816 et.
2955 1775 3158 1831 sequere
3197 1775 3277 1813 me
3303 1758 3512 1830 (Matth.

1918 1864 2030 1916 xu,
2077 1849 2164 1920 2t,
2214 1858 2262 1906 et
2305 1866 2412 1924 xw,
2444 1850 2558 1921 24).
2606 1851 2704 1908 llic
2731 1860 3089 1925 praeterquam
3131 1853 3272 1926 quod
3301 1869 3516 1924 crucem

1918 1943 2178 2012 nominat,
2234 1944 2366 2013 nihil
2419 1944 2647 2002 attendit
2675 1961 2796 2002 esse
2823 1948 3152 2003 contrarium
3183 1951 3232 2004 ei
3262 1947 3404 2020 quod
3433 1947 3518 2003 di-

1918 2042 2062 2109 ctum
2103 2044 2204 2104 est,
2248 2033 2554 2093 Maledictus
2590 2037 2753 2093 omnis
2787 2039 2876 2107 qui
2916 2039 2968 2093 in
2999 2040 3137 2112 ligno
3176 2041 3519 2112 pependerit:

1917 2128 2067 2198 quasi
2095 2143 2224 2184 vero
2252 2129 2410 2185 talem
2437 2145 2653 2192 crucem
2681 2132 2852 2204 possit
2879 2133 3106 2204 quisque
3131 2134 3321 2190 tollere
3345 2142 3399 2190 et
3428 2149 3517 2190 se-

1919 2220 2006 2292 qui
2034 2220 2341 2278 Dominum.
2372 2222 2476 2288 Sed
2504 2223 2594 2280 illa
2626 2223 2854 2292 tollitur,
2881 2239 3000 2282 cum
3031 2225 3304 2298 sequimur
3333 2225 3520 2284 Domi-

1918 2327 2069 2381 num,
2098 2312 2166 2369 de
2195 2329 2300 2386 qua
2329 2314 2457 2374 dicit
2480 2316 2769 2386 Apostolus
2808 2333 2820 2371 :
2855 2316 2955 2384 Qui
2983 2327 3148 2371 autent
3173 2316 3299 2372 Jesu
3330 2315 3517 2382 Christi

1919 2413 2057 2472 siml,
2089 2421 2289 2460 carnem
2310 2422 2453 2462 suam
2474 2408 2833 2478 cruci/icerant
2849 2425 2965 2472 cum
2983 2407 3301 2480 passionibus
3325 2417 3372 2463 et
3393 2424 3519 2463 con-

1918 2497 2239 2566 cupiscentiis
2261 2497 2454 2570 (Galat.
2468 2516 2523 2570 ν,
2545 2501 2660 2571 24).
2686 2502 2800 2558 Tali
2823 2503 2966 2568 enim
2987 2512 3318 2566 crucevctus
3332 2503 3514 2578 homo,

1919 2585 1971 2644 id
2001 2598 2101 2655 est,
2134 2599 2285 2647 vetus
2311 2591 2419 2650 vita
2472 2592 2772 2662 perimitur,
2803 2609 2970 2664 quam
3011 2594 3081 2656 de
3121 2594 3293 2650 Adam
3347 2591 3516 2651 traxi-

1919 2695 2060 2750 mus,
2089 2680 2314 2752 utquod
2344 2683 2397 2740 in
2425 2683 2517 2740 illo
2558 2683 2656 2740 fuit
2691 2685 3070 2756 voluntarium,
3104 2685 3156 2741 in
3185 2677 3339 2742 nobis
3365 2685 3519 2742 ﬁeret

1919 2773 2180 2828 naturale.
2224 2773 2377 2840 Quod
2415 2775 2647 2832 ostendit
2686 2777 2975 2849 Apostolus
3015 2778 3197 2833 dicens
3242 2796 3256 2834 :
3301 2777 3518 2842 Fuimus

1920 2876 1965 2920 et
1990 2883 2082 2923 nos
2101 2867 2374 2939 aliquando
2401 2877 2583 2922 natura
2611 2869 2709 2938 ﬁlii
2730 2862 2846 2938 irae,
2874 2871 3004 2924 sicut
3027 2879 3081 2938 et
3111 2870 3277 2930 caeteri
3301 2865 3514 2942 (Ephes.

1919 2973 1976 3025 tt,
2004 2956 2080 3031 5).
2113 2957 2168 3015 Si
2197 2973 2325 3030 ergo
2354 2969 2506 3020 vetus
2551 2960 2662 3016 vita
2692 2961 2758 3016 de
2799 2961 2991 3030 Adam,
3025 2961 3166 3018 unde
3206 2970 3260 3018 et
3304 2964 3519 3020 nomine

1919 3052 2114 3112 veteris
2139 3051 2370 3110 hominis
2388 3061 2540 3116 vetus
2565 3054 2672 3112 vita
2689 3053 3046 3126 signiﬁcatur;
3077 3055 3203 3126 quid
3227 3055 3517 3128 absurdum

1920 3145 2100 3228 habet,
2133 3146 2274 3218 quod
2304 3147 2359 3206 in
2390 3153 2624 3206 veterem
2654 3147 2927 3216 hominem
2967 3150 3309 3210 maledictum
3335 3150 3514 3222 prela-

1920 3245 2032 3312 tum
2059 3245 2160 3305 est,
2193 3253 2352 3310 quem
2395 3239 2654 3296 Dominus
2683 3241 2964 3312 suspendit
2997 3240 3052 3297 in
3078 3242 3260 3314 ligno?
3284 3242 3419 3312 Quia
3449 3259 3518 3310 ex

1919 3326 2036 3398 ipsa
2091 3329 2434 3386 successione
2482 3331 2861 3387 mortalitatem
2903 3333 3158 3404 gestavit,
3205 3315 3519 3407 de'virgine

1919 3419 2083 3478 Maria
2124 3422 2421 3480 mortaliter
2466 3432 2643 3493 natus,
2682 3423 2886 3480 habens
2916 3439 3136 3481 carnem
3185 3442 3294 3482 non
3326 3441 3520 3498 pecca-

1919 3513 2128 3596 tricem,
2157 3513 2250 3570 sed
2299 3506 2476 3572 tamen
2513 3515 2914 3572 similitudinem
2953 3525 3226 3588 gerentem
3269 3519 3514 3590 peccati‘

1920 3603 2093 3676 (Rom.
2123 3620 2237 3674 vut,
2268 3604 2352 3675 3);
2382 3608 2502 3677 quia
2532 3607 2668 3663 mori
2691 3615 2918 3677 poterat,
2946 3616 3000 3663 et
3025 3623 3172 3664 mors
3198 3608 3264 3664 de
3291 3617 3514 3682 peccato

1918 3708 2020 3754 est.
2051 3697 2203 3764 Unde
2246 3699 2407 3756 etiam
2447 3708 2529 3758 est
2557 3699 2688 3771 illud
2719 3718 2732 3754 :
2773 3699 3003 3768 Scientes
3040 3702 3160 3773 quia
3197 3709 3336 3766 vetus
3364 3701 3516 3760 homo

1917 3800 2087 3852 noster
2113 3789 2268 3848 simul
2311 3791 2543 3861 conﬁxus
2579 3800 2653 3848 est
2693 3791 2831 3846 cruci
2869 3807 2985 3847 cum
3012 3791 3208 3861 illo,‘ut
3245 3801 3514 3848 evacuatur

1918 3898 2102 3952 corpus
2129 3881 2320 3952 peccati
2343 3880 2452 3954 (Id.
2483 3898 2559 3950 vt,
2579 3881 2658 3955 6).
2687 3880 2804 3939 Non
2827 3898 2958 3954 ergo
2979 3879 3246 3940 Dominus
3273 3899 3368 3956 per
3406 3884 3517 3942 lin-

1917 3985 2072 4046 guam
2103 3972 2268 4044 Moysi
2298 3971 2484 4043 famuli
2511 3973 2628 4044 Dei,
2659 3973 2754 4038 sed
2793 3989 2939 4034 mors
2967 3975 3080 4047 ipsa
3109 3977 3309 4032 meruit
3345 3969 3514 4033 male-

1918 4061 2138 4132 dictum,
2171 4079 2330 4135 quam
2362 4064 2621 4120 Dominus
2647 4074 2831 4121 noster
2857 4067 3199 4138 suscipiendo
3219 4069 3514 4138 evacuavit,

1917 4157 2060 4214 Mors
2090 4158 2266 4230 itaque
2297 4157 2384 4214 illa
2397 4235 2401 4238 ι
2405 4157 2662 4230 pependit
2687 4158 2739 4213 in
2767 4158 2931 4230 ligno,
2957 4175 3076 4231 qua:
3104 4174 3202 4231 per
3229 4159 3511 4219 mulierem

1918 4251 1986 4308 ad
2024 4252 2296 4338 hominem
2337 4253 2646 4324 serpentiua
2677 4252 3023 4323 persuasione
3065 4254 3330 4326 pervenit.
3358 4255 3514 4312 Unde

1919 4345 2078 4404 etiam
2125 4335 2452 4415 serpentem,
2493 4343 2564 4414 ad
2606 4345 3048 4416 signiﬁcationem
3094 4348 3262 4418 ipsius
3303 4345 3514 4418 mortis,

1915 4438 2126 4512 Moyses
2166 4439 2218 4496 in
2250 4452 2438 4500 eremo
2482 4439 2735 4495 exaltavit
2776 4439 2828 4498 in
2874 4440 3036 4510 ligno.
3079 4440 3146 4496 Et
3187 4441 3441 4514 quoniam
3485 4458 3517 4516 ξι

1917 4530 2206 4595 mortiferis
2228 4529 2603 4601 cupiditatibus
2617 4545 2715 4602 per
2741 4530 2901 4587 ﬁdem
2925 4546 3178 4588 sanamur
3201 4535 3377 4589 crucis
3404 4535 3516 4589 Do-

1916 4623 2068 4690 mini,
2101 4637 2204 4694 qua
2234 4636 2395 4678 cruce
2423 4637 2568 4692 mors
2609 4623 2752 4693 ligno
2785 4637 3046 4694 suspensa
3085 4631 3202 4694 est;
3235 4607 3517 4698 propterea

1916 4715 2006 4787 qui
2060 4723 2368 4786 serpentum
2420 4714 2688 4770 morsibus
2730 4716 3176 4786 venenabantur,
3227 4727 3518 4790 conspecto

1916 4815 2165 4878 serpente
2195 4806 2282 4878 qui
2312 4804 2448 4861 ﬁxus
2473 4814 2585 4861 erat
2616 4815 2775 4878 atque
2802 4808 3067 4866 exaltatus
3093 4809 3146 4864 in
3178 4809 3343 4882 ligno,
3385 4824 3516 4882 con-

1917 4899 2065 4954 tinuo
2091 4898 2416 4964 sanabantur
2439 4895 2625 4971 (Num.
2650 4915 2764 4968 XXI,
2789 4898 2871 4970 9).
2890 4899 3024 4974 Huic
3044 4909 3381 4972 sacramento
3403 4901 3518 4970 ipse

1917 4991 2175 5050 Dominus
2219 4999 2501 5058 attestatus
2543 4998 2625 5058 est
2669 4991 2852 5048 dicens
2890 5010 2903 5046 :
2938 4991 3086 5060 Sicut
3129 4993 3261 5047 enim
3311 4991 3516 5063 Moyses

1916 5083 2154 5142 exultavit
2178 5094 2460 5156 serpentem
2486 5084 2538 5138 in
2559 5100 2748 5152 eremo,
2768 5083 2839 5146 ita
2865 5083 3082 5138 exaltari
3102 5092 3297 5154 oportet
3316 5081 3516 5138 Filium

1917 5180 2135 5236 hominis
2163 5176 2342 5249 (locu.
2372 5193 2451 5244 ιιι,
2478 5175 2589 5248 is).
2618 5175 2968 5247 Suscipiendo
2996 5185 3172 5231 autem
3200 5174 3498 5245 iguominio

1915 5270 2187 5330 Stssimum
2213 5268 2354 5342 apud
2379 5267 2624 5326 homines
2650 5268 2835 5322 mortis
2849 5282 3019 5338 genus
3047 5265 3299 5322 Dominus
3327 5275 3531 5332 noster;

1915 5363 2071 5420 Jesus
2099 5361 2366 5428 Christus,
2394 5360 2496 5417 hoc
2517 5367 2618 5427 est,
2648 5368 2874 5416 mortem
2897 5356 3088 5424 crucis,
3113 5359 3514 5414 commendavit

1917 5455 2070 5510 nobis
2099 5454 2437 5508 dilectionem
2471 5469 2642 5518 suam,
2674 5460 2730 5504 ut
2756 5449 3254 5519 meritoApostolus
3281 5450 3508 5519 diceret,

1916 5549 2215 5604 accendens
2246 5564 2341 5601 nos
2374 5549 2423 5601 in
2453 5550 2565 5616 ejus
2593 5547 2906 5598 charitaleut
2943 5561 2954 5597 :
2996 5542 3224 5600 Christus
3265 5561 3356 5598 tros
3396 5545 3513 5598 red-

1915 5645 2034 5698 emit
2056 5643 2120 5697 de
2146 5641 2413 5697 maledicto
2444 5639 2614 5710 Legis,
2646 5641 2812 5710 [actus
2842 5655 2934 5710 pro
2978 5640 3121 5696 nobis
3164 5621 3507 5698 maledictum.

1983 5801 2013 5869 9,
2025 5801 2344 5856 Corbeiensis
2364 5797 2541 5865 codex,
2560 5796 2931 5861 similitudinem
2951 5805 3196 5869 gerentem
3207 5807 3373 5864 curras
3391 5803 3520 5867 pecu

1915 5862 2029 5923 cati.
2526 5862 2534 5865 ⁷
2951 5862 3016 5917 “.
3313 5862 3404 5867 ”
3522 5872 3538 5920 ι
