4016 6438
555 401 660 462 167

557 519 815 592 Scriptum
842 524 914 574 est
941 514 1112 574 enim:
1139 513 1438 570 Maledictus
1477 507 1637 564 omnis
1668 506 1754 577 qui
1780 503 1957 576 pendet
1981 503 2035 556 in
2068 501 2130 555 li-

553 631 654 688 gno
671 611 863 686 (Galat.
889 629 967 675 ιιι.
996 611 1106 679 13).
1126 608 1198 666 Ut
1221 623 1323 662 non
1353 604 1523 660 solum
1547 602 1741 656 nullam
1768 608 2017 664 mortem,
2036 594 2133 649 sed

556 705 713 763 etiam
744 706 943 761 nullum
972 702 1157 759 mortis
1188 712 1357 771 genus
1380 695 1687 753 Christiana
1714 694 1951 760 libertas,
1990 691 2134 745 sicut

555 796 772 854 Iudaica
789 796 1035 862 servitus,
1062 790 1390 849 formidaret.

553 912 571 922 ν
628 887 851 946 CAPUT
889 883 1241 941 XXll.—De
1282 880 1496 935 homine
1533 892 1691 949 quem
1738 873 1963 946 lapidari
1994 873 2134 928 Dens

552 980 727 1055 jussit,
746 980 836 1051 qui
878 977 1098 1032 sabbato
1138 975 1381 1030 inventus
1402 979 1485 1026 est
1504 969 1642 1040 ligna
1665 968 1914 1039 colligere
1943 963 2129 1037 (Num.

556 1087 643 1137 xv,
675 1069 785 1140 35).
820 1067 1074 1123 Dominus
1119 1066 1175 1121 in
1223 1062 1508 1131 Evangelio
1544 1061 1633 1116 ubi
1661 1060 1891 1115 hominis
1917 1070 2133 1112 manum

555 1162 755 1217 aridam
783 1158 991 1215 sanavit
1025 1157 1113 1214 die
1139 1156 1342 1213 sabbati
1367 1152 1579 1226 (Matth.
1606 1168 1704 1216 xu,
1747 1151 1963 1220 10-13),
1990 1147 2099 1204 divi
2125 1181 2133 1189 -

555 1267 681 1307 num
707 1265 841 1322 opus
877 1248 1024 1313 fecit,
1055 1264 1162 1304 non
1200 1247 1526 1311 humanum;
1558 1259 1656 1299 nec
1682 1242 1750 1298 ab
1779 1243 1888 1298 otio
1914 1239 2135 1296 recessit

552 1345 640 1417 qui
664 1343 824 1416 jussit
851 1352 906 1399 et
946 1341 1139 1398 factum
1166 1348 1266 1397 est.
1308 1338 1376 1395 Et
1404 1338 1523 1394 ideo
1555 1352 1659 1393 non
1703 1343 1787 1392 est
1827 1332 2002 1391 simile
2030 1332 2132 1387 hoc

552 1437 746 1494 factum
770 1437 908 1508 ligna
927 1434 1218 1507 colligenti,
1259 1432 1398 1504 quod
1426 1431 1602 1487 facere
1639 1444 1759 1485 cum
1784 1428 2029 1483 inventus
2049 1441 2134 1480 es-

551 1539 634 1587 set
661 1528 822 1585 homo
847 1528 933 1584 die
956 1526 1181 1593 sabbati,
1204 1525 1357 1595 jussu
1379 1524 1471 1578 Dei
1493 1522 1754 1592 lapidatus
1780 1527 1883 1574 est.
1914 1518 1989 1574 De
2015 1532 2134 1573 ser-

495 1620 506 1631 “
551 1622 642 1677 vili
671 1630 851 1678 autem
882 1618 1253 1675 observatione
1296 1616 1520 1681 sabbati,
1554 1623 1607 1669 et
1636 1613 1702 1668 de
1727 1611 1957 1667 vindiCIa
1993 1618 2133 1665 tem-

553 1715 751 1785 poralis
781 1713 985 1773 mortis,
1004 1710 1114 1782 jam
1146 1709 1309 1764 multa
1329 1708 1468 1762 dicta
1494 1712 1635 1760 sunt.
1665 1704 1816 1760 Sicut
1834 1702 1976 1759 enim
2000 1710 2133 1757 tem-

552 1821 685 1878 pore
708 1802 982 1861 charitatis
1020 1800 1246 1864 bonitas,
1276 1798 1352 1853 sic
1379 1807 1618 1867 tempore
1645 1795 1848 1849 timoris
1877 1792 2134 1848 severitas

553 1897 653 1954 Dei
677 1895 906 1952 maxime
929 1890 1352 1949 commendatur.
1388 1889 1454 1943 Et
1478 1903 1600 1943 cum
1636 1885 1810 1941 adhuc
1836 1900 1944 1939 non
1971 1898 2134 1953 opor-

552 1996 694 2045 teret
726 1994 848 2042 ante
867 1984 1150 2040 adventum
1172 1980 1382 2036 Domini
1412 1978 1615 2033 nudare
1645 1976 1841 2048 populo
1869 1975 2133 2047 legitima-

552 2096 672 2137 rum
698 2085 1026 2135 sacramenta
1057 2074 1366 2146 figurarum,
1413 2086 1520 2125 non
1550 2068 1908 2125 invitabantur
1933 2065 2134 2137 signifi-

552 2181 671 2229 cata
698 2170 1013 2240 intelligere,
1050 2166 1143 2221 sed
1164 2165 1314 2236 jussa
1338 2162 1664 2234 cogebantur
1708 2160 1969 2232 implere:
2000 2172 2136 2214 non-

552 2261 678 2319 dum
705 2261 845 2316 enim
872 2259 981 2314 Deo
1003 2255 1333 2311 inhrerebant
1366 2268 1463 2323 per
1480 2252 1743 2322 spiritum,
1772 2250 1868 2307 sed
1894 2265 1990 2321 per
2013 2263 2134 2305 car-

552 2368 676 2410 nem
702 2352 802 2421 legi
828 2349 1148 2407 serviebant.
1170 2345 1333 2401 Miror
1369 2353 1546 2398 autem
1574 2341 1715 2414 quod
1757 2341 1844 2396 isti
1882 2340 2139 2412 plangunt

552 2442 838 2513 lapidatum
868 2440 1139 2495 hominem
1188 2435 1284 2491 Dei
1324 2443 1610 2506 praecepto,
1638 2432 1761 2503 quia
1799 2440 1985 2488 contra
2020 2430 2138 2502 jus-

552 2549 672 2592 sum
701 2533 857 2604 Legis
902 2532 1041 2603 ligna
1083 2528 1314 2600 collegit,
1363 2534 1419 2582 et
1458 2540 1567 2581 non
1607 2524 1863 2596 plangunt
1888 2523 2137 2580 arborem

552 2625 841 2683 arefactam
888 2620 1052 2681 verbo
1089 2620 1287 2679 Christi
1318 2618 1429 2692 (Id.
1471 2633 1610 2687 xxx,
1651 2617 1765 2691 19),
1806 2632 1926 2689 quae
1952 2624 2137 2673 contra

551 2720 760 2777 nullum
801 2724 1128 2789 praaceptum
1165 2713 1407 2777 fecerat;
1453 2726 1575 2767 cum
1604 2710 1766 2767 talem
1790 2710 2021 2766 animam
2046 2723 2138 2765 ar-

550 2811 698 2869 boris
719 2826 838 2867 esse
864 2809 1103 2875 credant,
1125 2807 1335 2879 qualem
1357 2804 1607 2861 hominis.

621 2902 845 2960 CAPUT
874 2900 1065 2957 XXIII.
1091 2929 1162 2943 —-
1190 2901 1267 2957 De
1302 2915 1369 2955 eo
1396 2897 1542 2970 quod
1565 2896 1823 2967 scriptum
1849 2904 1934 2952 est
1965 2911 1980 2951 :
2012 2895 2137 2949 Mu-

552 2999 647 3056 lier
672 3007 761 3053 tua
795 2998 923 3052 sicut
957 2995 1103 3050 vinea
1145 2992 1468 3064 frondescens
1491 3031 1507 3059 ,
1549 2999 1597 3045 et
1626 2989 1723 3060 ﬁlii
1751 2988 1825 3043 tui
1850 2996 1905 3042 ut
1932 2987 2139 3042 novellae

552 3090 802 3147 olivarum
818 3087 873 3142 in
898 3084 1109 3140 circuitu
1132 3096 1318 3137 mensa:
1339 3091 1459 3149 tute,
1487 3092 1533 3136 et
1552 3080 1740 3135 videbis
1760 3079 1894 3149 ﬁlios
1914 3078 2139 3148 ﬁliorum

554 3192 797 3247 tuorum;
835 3187 881 3234 et
909 3178 1035 3234 scies
1076 3176 1197 3247 quia
1224 3175 1318 3228 hoc
1355 3173 1507 3229 modo
1535 3172 1846 3227 benedicitur
1874 3171 2024 3225 homo
2050 3170 2140 3240 qui

555 3278 692 3334 timet
718 3275 994 3330 Dominum
1034 3270 1205 3345 (Psal.
1233 3285 1411 3327 cxxvn
1432 3311 1447 3335 ,
1473 3266 1616 3341 2-4).
1649 3267 1761 3323 lloc
1787 3281 1881 3336 per
1910 3263 2141 3335 prophe-

552 3376 660 3426 tam
687 3368 909 3439 figurate
935 3366 1170 3433 dictum,
1208 3371 1266 3421 et
1302 3363 1372 3418 ad
1411 3360 1853 3433 significationem
1883 3356 2138 3413 Ecclesiae

551 3461 821 3535 pertinere
849 3456 1125 3514 Mauicbaei
1156 3470 1262 3510 non
1290 3454 1622 3525 intelligunt,
1646 3457 1913 3521 et‘putant
1937 3457 2142 3503 contra-

551 3552 689 3609 rium
714 3565 835 3606 esse
875 3547 1017 3621 quod
1043 3548 1098 3603 in
1129 3546 1417 3617 Evangelio
1443 3542 1697 3598 Dominus
1717 3540 1784 3596 de
1812 3539 2137 3611 spadonibus

550 3642 652 3707 ait,
693 3640 785 3714 qui
822 3655 883 3697 se
925 3640 1070 3710 ipsos
1108 3644 1345 3693 castraut
1386 3643 1603 3706 propter
1626 3647 1846 3703 regnum
1880 3631 2138 3686 ctelorum

553 3735 762 3810 (Matth.
787 3749 878 3789 xix
897 3775 911 3798 ,
946 3732 1060 3805 12).
1086 3730 1191 3789 Sed
1214 3743 1312 3785 nos
1334 3728 1442 3799 jam
1466 3736 1521 3782 et
1540 3727 1607 3782 de
1627 3726 1761 3789 viro,
1785 3731 1841 3779 et
1858 3723 1926 3779 de
1946 3737 2134 3789 uxore,

551 3840 608 3888 et
634 3830 700 3886 de
729 3826 1052 3899 spadonibus
1070 3865 1086 3892 ,
1117 3832 1375 3896 quantum
1401 3819 1530 3876 satis
1557 3818 1689 3886 fuit,
1726 3816 1780 3873 in
1805 3816 1964 3873 tertio
1987 3814 2138 3887 capi-

553 3926 664 3980 tqu
688 3920 1059 3977 disseruimus.

622 4012 849 4071 CAPUT
886 4008 1077 4067 XXIV.
1103 4038 1175 4051 —
1198 4006 1275 4063 De
1312 4019 1379 4063 eo
1405 4003 1548 4076 quod
1585 4003 1842 4073 scriptum
1879 4010 1962 4057 est
1999 3999 2141 4071 apud

551 4108 893 4167 Salomonem
926 4124 938 4159 :
970 4103 1181 4158 Imitare
1207 4100 1471 4175 formicam
1496 4139 1511 4165 ,
1539 4107 1586 4153 et
1613 4098 1807 4151 intuere
1826 4094 2141 4165 diligentiam

552 4202 664 4273 ejus
681 4242 695 4267 ,
723 4200 842 4268 quia
866 4198 929 4251 ab
953 4195 1143 4252 testatis
1172 4202 1394 4263 tempore
1419 4206 1578 4261 usque
1606 4188 1673 4242 ad
1698 4188 1912 4242 hiemem
1949 4186 2141 4257 colligit

553 4293 649 4349 sibi
670 4290 937 4346 alimonias
966 4286 1149 4360 (Prov.
1170 4301 1222 4340 vr
1242 4326 1258 4352 ,
1288 4283 1323 4339 6
1343 4324 1360 4350 ,
1390 4282 1466 4353 8).
1498 4280 1682 4352 Neque
1710 4282 1816 4336 hoo
1842 4278 2144 4349 intelligunt

553 4381 833 4440 Manichmi
872 4379 1218 4452 spiritualiter
1256 4391 1377 4433 esse
1420 4373 1785 4445 accipiendum
1812 4412 1827 4439 ,
1872 4380 1928 4427 et
1957 4378 2144 4441 putant

554 4487 879 4549 praeceptum
907 4487 1027 4529 esse
1052 4480 1110 4526 ut
1138 4469 1556 4525 thesaurizemus
1577 4466 1630 4521 in
1658 4474 1797 4521 terra
1816 4506 1831 4530 ,
1862 4472 1954 4518 aut
1980 4463 2141 4519 etiam

556 4582 803 4625 curemus
831 4566 947 4620 haec
971 4566 1182 4628 horrea,
1206 4577 1324 4633 quae
1348 4561 1461 4615 sine
1485 4558 1592 4613 ullo
1618 4566 1890 4628 praecepto
1918 4556 2140 4611 multum

555 4658 802 4716 homines
844 4656 1070 4728 implere
1115 4654 1383 4710 festinant.
1414 4652 1482 4706 Et
1519 4650 1640 4706 ideo
1669 4649 1799 4703 illud
1825 4648 2141 4704 Adimantus

556 4769 626 4811 ex
667 4752 951 4823 Evangelto
993 4748 1121 4806 dicit
1164 4747 1445 4802 adversum
1492 4758 1613 4799 esse
1659 4741 1781 4797 huic
1824 4740 2137 4808 sententiae,

557 4846 651 4903 ubi
695 4845 950 4899 Dominus
979 4843 1051 4895 ait
1079 4858 1093 4894 :
1126 4838 1302 4894 Nolite
1330 4837 1553 4908 cogitare
1577 4834 1641 4889 de
1664 4834 1886 4887 crastino
1926 4830 2139 4901 (Matth.

558 4954 638 5007 vx,
666 4938 779 5010 54).
805 4936 911 4993 Sed
939 4948 1110 5005 neque
1134 4932 1238 4987 hoc
1257 4929 1559 5000 intelligunt
1586 4926 1653 4982 ad
1675 4926 1728 4982 id
1759 4927 2057 4999 pertinere,
2084 4934 2144 4982 ut

561 5029 876 5101 temporalia
921 5040 1028 5081 non
1058 5036 1299 5079 amemus
1322 5062 1339 5091 ,
1372 5034 1544 5091 neque
1574 5019 1856 5073 timeamus
1882 5032 1952 5075 ne
1992 5016 2146 5072 nobis

560 5122 735 5179 desint
779 5117 1114 5179 necessaria,
1164 5121 1222 5169 et
1260 5122 1482 5183 propter
1518 5111 1633 5180 ipsa
1674 5107 2032 5181 conquirenda
2060 5108 2146 5164 vel

562 5212 674 5268 Deo
711 5212 794 5267 vel
839 5206 1141 5265 hominibus
1165 5205 1480 5261 serviamus.
1509 5200 1641 5258 Nam
1685 5202 1729 5256 si
1776 5200 1879 5256 hoc
1907 5199 2027 5255 ideo
2065 5198 2149 5254 di-

562 5311 705 5359 ctum
732 5309 847 5366 est,
879 5308 938 5355 ut
964 5313 1072 5355 non
1094 5304 1336 5352 servetur
1366 5293 1516 5364 panis
1541 5292 1593 5347 in
1614 5291 1939 5355 crastinum,
1976 5290 2147 5361 magis

561 5394 666 5451 hoc
692 5394 912 5465 implent
934 5393 1051 5463 vagi
1076 5391 1434 5447 Romanorum
1455 5428 1473 5455 ,
1511 5401 1646 5457 quos
1674 5385 1921 5440 Passivos
1949 5384 2029 5456 (a)
2051 5399 2144 5454 ap-

626 5529 700 5592 (a)
733 5529 986 5578 Vaticanus
1005 5520 1660 5592 eodex,_t’assiones._lteliu_s
1677 5520 1899 5592 aliinMss.‘
1912 5532 2027 5592 cum
2047 5521 2151 5592 edi-

564 5582 646 5651 tis;
674 5582 898 5643 i’asswos.
924 5598 1020 5651 vox
1041 5595 1117 5638 est
1140 5582 1260 5637 Afris
1274 5586 1542 5651 praesertim
1559 5584 1872 5651 scriptoribus
1888 5582 2150 5651 lamiliaris,

564 5645 837 5715 significans
856 5652 934 5700 hic
947 5650 1044 5715 loci
1064 5663 1241 5715 vagum
1255 5645 1574 5715 {inconstans
1604 5645 1771 5715 etivile
1794 5645 2151 5715 hominum.“-

565 5706 674 5763 nu's.
700 5716 772 5764 sic
796 5706 1154 5771 Tertullianus:
1180 5706 1265 5760 lib.
1288 5720 1456 5761 contra
1495 5708 1751 5767 Valentia,
1775 5706 1984 5771 passivos
2002 5706 2149 5771 disci-

565 5774 703 5838 pulos
729 5781 881 5835 vocat,
906 5774 1084 5838 passim
1100 5768 1248 5838 vagos
1270 5786 1364 5822 nec
1382 5773 1466 5838 uni
1489 5772 1719 5838 magistro
1742 5768 1973 5838 addictos.
1994 5775 2046 5817 Et
2061 5768 2147 5819 lib.

569 5828 787 5911 Tuom
2098 5839 2152 5911 ρε

932 5904 983 5951 Et
1014 5888 1100 5950 lib.
1135 5897 1161 5952 1
1192 5893 1257 5949 ad
1277 5898 1521 5981 Uxorem.
1541 5888 1786 5949 “manu
1814 5893 2072 5960 passivam,
2099 5896 2147 5948 id

1119 391 1392 454 CONTRA
1429 384 1835 450 ADIMANTUM
1872 375 2227 440 MANICHEI
2265 378 2691 457 DISCIPULUM,
2730 384 2789 443 S.
2832 373 3199 446 AUGUSTINI

3707 386 3812 447 168

2246 502 2466 570 pellant,
2494 504 2583 574 qui
2609 518 2816 560 annona
2844 505 3147 576 quotidiana
3177 505 3364 562 satiato
3387 510 3596 572 ventre,
3623 511 3717 560 aut
3739 505 3832 561 do-

2244 606 2373 649 nant
2392 599 2570 653 statim
2597 599 2734 669 quod
2763 609 2950 663 restat,
2975 608 3065 653 aut
3090 599 3394 670 projiciunt,
3420 614 3578 670 quam
3606 599 3691 653 vel
3718 599 3831 655 Do-

2243 689 2372 744 mini
2404 690 2647 762 discipuli
2671 734 2686 759 ,
2718 691 2995 762 quietiam
3032 706 3152 746 cum
3195 692 3312 762 ipso
3349 692 3577 747 Domino
3621 692 3744 747 caeli
3776 700 3834 747 et

2244 788 2401 837 terra:
2421 782 2473 837 in
2502 792 2641 839 terra
2661 785 2994 841 ambulantes
3014 784 3213 840 loculos
3241 784 3542 851 habebant;
3574 785 3662 841 vel
3684 785 3827 840 Pan-

2244 876 2327 932 lus
2355 880 2659 949 apostolus,
2691 880 2780 950 qui
2808 881 3048 936 omnium
3077 888 3410 936 terrenorum
3450 888 3823 950 contemptor,

2244 970 2322 1026 sic
2351 980 2525 1027 tamen
2550 973 2862 1044 gubernavit
2887 989 2949 1030 ea
2979 988 3097 1044 qua:
3123 973 3371 1044 praesenti
3404 973 3527 1028 vitae
3553 981 3705 1028 erant
3732 987 3832 1027 nco

2243 1064 2509 1131 cessaris,
2541 1075 2599 1119 ut
2639 1066 2796 1120 etiam
2836 1066 2904 1121 de
2931 1066 3105 1121 viduis
3150 1067 3465 1136 praeceperit
3508 1066 3692 1121 dicens
3714 1105 3729 1130 ,
3764 1061 3828 1121 Si

2243 1171 2355 1226 qius
2372 1155 2540 1225 ﬁdelis
2561 1157 2705 1213 habet
2733 1158 2931 1226 viduas,
2958 1158 3254 1229 sufﬁcienter
3279 1157 3465 1212 tribuat
3493 1156 3617 1222 illis,
3642 1167 3698 1210 ut
3724 1173 3828 1211 non

2241 1257 2474 1318 gravetur
2512 1247 2743 1304 Ecclesia
2764 1290 2779 1315 ,
2824 1266 2923 1320 quo
2950 1249 3076 1304 veris
3113 1249 3275 1303 viduis
3312 1249 3534 1319 sufﬁcere
3572 1248 3726 1317 possit
3768 1245 3829 1318 (Ι

2243 1335 2378 1392 Tim.
2408 1352 2465 1407 v,
2498 1341 2610 1409 16).
2644 1340 2749 1397 Sed
2777 1350 2954 1397 tamen
2986 1339 3115 1395 illud
3156 1340 3224 1394 de
3250 1338 3465 1395 formica
3492 1339 3562 1393 ita
3591 1337 3826 1410 positum

2243 1440 2357 1496 est,
2404 1438 2463 1484 ut
2488 1430 2933 1501 quemadmodum
2979 1431 3068 1487 illa
3112 1439 3298 1486 testate
3340 1430 3538 1500 colligit
3582 1427 3723 1485 unde
3768 1428 3825 1484 in

2244 1518 2419 1576 hieme
2448 1531 2693 1591 pascatur
2715 1565 2731 1590 ,
2775 1522 2854 1578 sic
2895 1521 3254 1593 unusquisque
3277 1520 3613 1576 Christianus
3635 1519 3691 1574 in
3732 1533 3823 1575 re-

2242 1628 2362 1671 rum
2412 1614 2828 1691 tranquillitate,
2874 1630 3031 1687 quam
3076 1614 3337 1684 significat
3378 1621 3573 1679 testas,
3611 1612 3826 1682 colligat

2242 1706 2463 1761 verbum
2496 1708 2622 1773 Dei,
2656 1714 2715 1761 ut
2742 1706 2795 1762 in
2816 1708 3138 1763 adversitatc
3162 1716 3215 1761 et
3240 1705 3681 1769 tribulationibus,
3705 1720 3826 1774 qua:

2244 1795 2440 1853 hiemis
2460 1798 2675 1853 nomine
2701 1798 3085 1868 significantur,
3112 1797 3303 1852 habeat
3322 1796 3461 1851 unde
3481 1795 3829 1866 spiritualiter

2243 1891 2404 1945 vivat.
2426 1888 2543 1945 Non
2570 1891 2713 1946 enim
2739 1890 2793 1944 in
2820 1904 2957 1960 pane
2984 1890 3101 1944 solo
3126 1889 3255 1943 vivit
3274 1888 3454 1954 homo,
3482 1886 3575 1942 sed
3600 1887 3651 1940 in
3678 1885 3830 1941 omni

2242 1980 2406 2037 verbo
2435 1981 2528 2036 Dei
2570 1979 2743 2053 (Deut.
2774 1997 2864 2036 vin
2885 2021 2899 2045 ,
2940 1981 3008 2049 3,
3034 1990 3083 2035 et
3113 1978 3300 2034 Matth.
3330 1994 3413 2044 tv,
3439 1975 3516 2049 4).
3544 1977 3600 2033 Si
3645 1985 3833 2031 autem

2242 2072 2347 2129 hoc
2381 2088 2474 2130 eos
2512 2084 2722 2138 movet,
2764 2072 2905 2143 quod
2944 2074 2998 2127 in
3038 2082 3179 2127 terra
3218 2072 3399 2127 condit
3437 2069 3657 2125 formica
3683 2067 3832 2139 quod

2243 2164 2465 2235 colligit;
2497 2164 2793 2220 irascantur
2817 2164 2977 2219 etiam
3000 2163 3076 2219 illi
3106 2166 3355 2218 thesauro
3383 2176 3543 2232 quem
3572 2158 3833 2216 Dominus

2243 2256 2300 2314 in
2323 2273 2451 2328 agro
2472 2257 2597 2314 dicit
2622 2258 2893 2313 inventum
2925 2254 3138 2329 (Matth.
3167 2271 3293 2322 xm,
3321 2254 3435 2326 44).

2316 2346 2540 2405 CAPUT
2568 2347 2737 2404 XXV.
2756 2377 2829 2389 —
2849 2346 2926 2403 De
2952 2361 3017 2402 eo
3042 2346 3183 2418 quod
3204 2347 3457 2415 scriptum
3478 2344 3632 2400 estin
3650 2341 3788 2399 Osee
3810 2358 3827 2396 :

2245 2441 2331 2497 Da
2364 2440 2466 2496 illis
2503 2450 2723 2496 ventrem
2750 2455 2960 2495 vacuum
2984 2448 3032 2494 et
3054 2438 3207 2492 ubera
3238 2438 3385 2491 arida
3410 2452 3430 2491 :
3457 2436 3705 2505 mortiﬁca
3744 2450 3831 2489 se-

2245 2549 2361 2589 men
2384 2533 2567 2587 ventris
2593 2533 2839 2605 ipsorum,
2870 2545 2933 2585 ne
2957 2530 3157 2599 pariant
3187 2528 3340 2600 (Osee
3367 2544 3442 2595 ις,
3476 2528 3587 2597 14).
3617 2526 3685 2582 Et
3713 2524 3835 2580 haec

2246 2624 2557 2697 prophetica
2595 2624 2792 2681 locutio
2816 2632 2899 2678 est
2941 2622 3121 2693 utique
3149 2621 3389 2693 figurata.
3434 2618 3565 2674 Nam
3604 2626 3658 2673 et
3701 2631 3835 2672 ven—

2248 2726 2386 2774 trem
2415 2732 2519 2773 non
2541 2731 2793 2772 carncum
2821 2714 3122 2785 intelligunt
3149 2714 3202 2767 in
3234 2711 3559 2781 Evangelio,
3602 2723 3721 2763 cum
3748 2709 3831 2763 le-

2247 2818 2377 2882 gunt
2399 2824 2419 2863 :
2447 2806 2693 2862 Flumina
2716 2821 2863 2876 aqua:
2884 2805 3008 2860 viva:
3044 2805 3204 2875 ﬁuent
3225 2802 3287 2857 de
3323 2809 3493 2857 ventre
3520 2800 3627 2870 ejus
3648 2796 3833 2870 (Joan.

2246 2918 2341 2969 vn,
2368 2901 2478 2970 58).
2510 2900 2575 2956 Et
2603 2899 2769 2956 ubera
2795 2897 3037 2970 quaedam
3078 2897 3309 2953 habebat
3344 2893 3629 2965 Apostolus
3649 2933 3665 2958 ,
3707 2906 3836 2947 cum

2247 2992 2481 3057 diceret,
2510 2990 2616 3046 Lac
2640 2991 2777 3046 vobis
2804 2999 2979 3062 potum
3020 2987 3171 3054 dedi,
3200 3003 3304 3041 non
3328 3001 3490 3042 escam
3514 2982 3557 3053 (ι
3587 2981 3704 3038 Cor.
3732 2997 3790 3035 ιιι
3814 3020 3835 3049 ,

2245 3084 2303 3158 2)
2332 3103 2346 3141 :
2376 3092 2432 3140 et
2454 3084 2674 3149 iterum,
2703 3081 2896 3135 Factus
2924 3097 3036 3135 sum
3063 3076 3305 3150 parvulus
3331 3077 3383 3130 in
3408 3074 3570 3129 medio
3595 3083 3835 3137 vestrum,

2249 3185 2488 3245 tanquam
2511 3174 2554 3229 si
2578 3173 2753 3227 nutrix
2780 3177 2954 3244 fovens
2984 3170 3118 3240 ﬁlios
3146 3186 3261 3223 suos
3281 3166 3328 3238 (Ι
3341 3165 3519 3221 Thess.
3551 3180 3588 3219 ιι
3612 3204 3626 3229 ,
3660 3161 3738 3231 7).
3768 3161 3842 3217 Et

2248 3266 2465 3325 Galatas
2500 3265 2565 3321 ad
2593 3264 2825 3321 carnalia
2853 3262 3181 3318 declinantes
3210 3260 3399 3315 iterum
3443 3255 3695 3328 parturit,
3735 3253 3845 3309 do-

2247 3375 2350 3417 nec
2386 3358 2630 3415 Christus
2658 3358 2712 3413 in
2738 3357 2816 3413 eis
2840 3355 3097 3411 formetur
3121 3352 3319 3425 (Colat.
3347 3366 3437 3416 IV,
3479 3349 3590 3421 19).
3619 3347 3685 3403 Et
3712 3346 3842 3403 ideo

2248 3452 2376 3509 huic
2402 3450 2728 3523 prOphetica:
2757 3448 3037 3505 sententiae
3078 3462 3185 3502 non
3230 3449 3493 3515 repugnat
3528 3438 3669 3511 quod
3698 3437 3839 3492 Adi-

2246 3557 2460 3603 mantus
2487 3544 2663 3614 posuit
2698 3558 2764 3600 ex
2803 3540 3090 3613 Evangelio
3108 3580 3124 3609 ,
3146 3537 3307 3610 'quod
3332 3537 3386 3590 in
3414 3536 3777 3590 resurrectione
3802 3547 3843 3585 α

2248 3639 2479 3703 mortuis,
2504 3653 2663 3710 neque
2683 3636 2887 3702 nubent,
2915 3649 3071 3703 neque
3093 3647 3275 3686 uxores
3304 3630 3515 3695 ducent,
3545 3641 3701 3697 neque
3724 3638 3842 3677 rno-

2248 3731 2460 3799 rientur,
2486 3728 2577 3785 sed
2596 3735 2784 3784 suntut
2813 3724 2993 3796 Angeli
3023 3723 3120 3778 Dei
3146 3720 3358 3789 (Matth.
3381 3734 3493 3774 xxn
3516 3758 3532 3786 ,
3563 3714 3675 3787 50).
3699 3713 3840 3769 Nam

2249 3824 2354 3881 hoc
2373 3832 2455 3880 est
2478 3822 2660 3893 utique
2685 3818 2826 3891 quod
2851 3818 3119 3888 accipiunt
3142 3815 3304 3870 etiam
3326 3811 3609 3883 spadones,
3631 3807 3697 3863 de
3718 3806 3843 3877 qui-

2248 3915 2349 3973 bus
2378 3915 2539 3970 lsaias
2573 3912 2808 3983 loquitur
2849 3926 2864 3964 :
2907 3907 3099 3963 Locum
3124 3906 3439 3960 nominatum
3466 3900 3622 3955 multo
3660 3898 3844 3953 metio-

2249 4024 2355 4062 rem
2381 4006 2603 4077 ﬁliorum
2625 4014 2671 4059 et
2696 4004 2941 4073 ﬁliarum,
2972 4014 3155 4055 nomen
3183 4007 3429 4052 (sternunt
3450 3993 3579 4050 dabo
3608 3992 3679 4046 eis
3701 4030 3717 4057 ,
3746 3991 3840 4046 in-

2251 4098 2365 4168 quit
2405 4095 2557 4168 (Isai.
2592 4110 2709 4161 LVI,
2739 4093 2815 4166 5).
2850 4091 2965 4147 Non
2995 4105 3122 4162 ergo
3151 4089 3237 4143 isti
3261 4087 3585 4141 arbitrentur
3623 4083 3679 4137 in
3719 4081 3847 4136 solo

2250 4188 2539 4256 Evangelia
2564 4185 2669 4240 tale
2700 4184 2978 4253 praemium
3017 4178 3251 4250 promitti
3278 4177 3481 4231 sanctis
3509 4193 3523 4229 :
3557 4182 3846 4229 ventrem-

2251 4293 2355 4350 que
2377 4290 2599 4332 vacuum
2621 4283 2677 4329 et
2705 4272 2871 4328 ubera
2894 4268 3044 4325 arida
3068 4278 3123 4324 et
3144 4266 3520 4323 mortificatum
3539 4278 3748 4329 semen,
3770 4276 3848 4317 ne

2252 4370 2478 4442 pariant,
2504 4366 2799 4435 intelligant
2825 4363 2892 4418 de
2929 4362 3015 4416 his
3036 4374 3157 4416 esse
3181 4358 3377 4414 dictum
3399 4356 3469 4411 de
3488 4355 3681 4427 quibus
3708 4353 3850 4410 dicit

2252 4459 2541 4531 Apostolus
2561 4500 2577 4526 ,
2608 4457 2753 4513 Sicut
2780 4456 2910 4511 enim
2934 4452 3142 4508 [omnes
3179 4460 3226 4505 et
3254 4447 3481 4504 Iambres
3509 4447 3528 4479 ¹
3551 4446 3852 4502 restiterunt

2254 4554 2425 4626 Moysi
2442 4593 2458 4618 ,
2486 4553 2560 4607 sic
2581 4561 2625 4607 et
2654 4551 2736 4606 isti
2764 4550 2998 4605 resistunt
3024 4546 3221 4601 veritati
3240 4586 3253 4606 ,
3282 4543 3508 4597 homines
3532 4550 3692 4595 mente
3716 4556 3847 4594 cor-

2250 4647 2409 4718 rupti,
2440 4645 2638 4717 reprobi
2662 4644 2797 4697 circa
2822 4640 2974 4712 ﬁdem
3000 4655 3020 4694 :
3045 4640 3133 4693 sed
3153 4638 3287 4691 ultra
3312 4652 3413 4690 non
3442 4634 3725 4704 proﬁcient;
3746 4632 3851 4686 de-

2252 4740 2440 4794 mentia
2467 4738 2599 4792 enim
2622 4751 2795 4790 eorum
2819 4734 3085 4804 mnifesto
3111 4729 3202 4784 erit
3229 4728 3479 4795 omnibus,
3502 4727 3629 4781 sicut
3649 4734 3697 4780 et
3714 4724 3849 4780 illo-

2251 4849 2363 4887 rum
2386 4831 2480 4902 fuit
2504 4829 2568 4898 (ιι
2598 4828 2729 4881 Tim.
2758 4842 2832 4892 Ill,
2866 4824 2959 4881 8et
2974 4822 3053 4896 9).
3080 4822 3214 4878 Cum
3240 4835 3368 4891 ergo
3396 4820 3532 4874 ultra
3552 4833 3656 4873 non
3678 4816 3853 4888 profi-

2251 4921 2413 4984 cient,
2437 4929 2562 4975 tunc
2582 4917 2850 4972 habebunt
2873 4924 3112 4970 ventrem
3134 4926 3380 4977 vacuum,
3403 4919 3458 4965 et
3477 4906 3640 4964 ubera
3666 4906 3849 4978 arida,

2250 5021 2309 5069 et
2332 5010 2706 5067 mortificatqu
2748 5022 2955 5064 semen.
2993 5004 3051 5059 lu
3078 5020 3182 5076 qua
3207 5001 3468 5059 sententia
3496 5014 3556 5056 se
3596 4999 3686 5057 isti
3721 5007 3853 5055 tan-

2253 5119 2411 5177 quam
2437 5103 2490 5157 in
2516 5101 2729 5171 speculo
2750 5099 3034 5170 dignentur
3057 5096 3339 5166 inspicere.

2323 5192 2549 5250 CAPUT
2574 5190 2761 5247 XXVI.
2790 5220 2863 5231 —
2884 5191 2958 5246 De
2976 5204 3043 5245 eo
3068 5187 3209 5259 quod
3228 5186 3481 5255 scriptum
3498 5181 3653 5239 estin
3676 5182 3855 5238 Amos

2254 5285 2514 5358 propheta
2545 5300 2558 5336 :
2582 5283 2644 5338 Si
2672 5282 2784 5352 ﬁeri
2822 5290 2983 5354 potest
3006 5289 3059 5335 ut
3084 5279 3399 5333 ambulantes
3421 5278 3523 5331 duo
3556 5276 3609 5329 in
3636 5273 3717 5330 via
3745 5274 3855 5328 mi-

2255 5379 2388 5434 nime
2411 5393 2465 5432 se
2500 5383 2805 5446 agnoscant,
2827 5382 2875 5428 et
2905 5372 2983 5427 leo
3002 5372 3111 5427 sine
3135 5370 3310 5442 praeda
3335 5370 3403 5423 ad
3442 5368 3667 5423 catulum
3693 5382 3854 5422 suuns

2256 5569 2348 5622 est,
2373 5570 2545 5625 vagam
2568 5562 2621 5606 et
2634 5552 3027 5625 ipdiﬁ‘erpntem:
3051 5563 3149 5623 quo
3165 5556 3322 5625 etiam.
3338 5562 3489 5625 sensu
3516 5548 3854 5625 apudnttiero-

2254 5609 2704 5693 ιῖἓίίτείιὶῖίιιβωριιί
2724 5609 3412 5693 ιϊξέθεζξιιιξέξὲξξίυξιὲδέίῂ
3433 5619 3484 5661 ιο
3511 5609 3855 5693 οδιέσίυίέλίξῗ

2254 5671 2527 5759 ξῦεξέέήθηδί
2560 5681 2753 5759 primoa
2766 5671 2951 5738 cap.'8,
2974 5671 3146 5759 dicitur
3168 5672 3441 5745 communio
3463 5674 3679 5759 passiva,
3694 5671 3741 5721 id
3768 5683 3857 5722 es»

2254 5735 2536 5860 adferens
2549 5735 2576 5805 ;’
2590 5746 2644 5792 et
2658 5735 2857 5801 ibidem,
2878 5735 2984 5802 cap.
2998 5738 3074 5799 11,
3098 5736 3284 5801 passiva
3303 5735 3522 5799 corpora,
3541 5735 3589 5786 id
3608 5742 3856 5799 estqua-

2323 5822 2393 5859 ϐῐ.

2324 5892 2341 5928 ι
2372 5889 2447 5941 Sic
2479 5893 2585 5938 Mss.
2622 5885 2763 5952 juxta
2792 5897 3025 5949 graeciae.
3066 5884 3186 5939 Editi
3227 5897 3348 5939 vero
3370 5916 3386 5947 ,
3432 5880 3687 5936 stambres.
