4082 6498
213 519 522 577 revertatur;
540 511 588 567 si
613 508 806 566 decidet
832 506 940 562 avis
957 505 1066 562 sine
1087 520 1280 578 aucupe
1297 503 1354 560 in
1373 512 1558 560 terram
1575 546 1590 574 ,
1617 507 1662 560 si
1691 514 1802 560 ten-

215 611 335 663 dunt
367 605 708 678 muscipulam
733 604 842 658 sine
863 617 1018 656 causa
1041 641 1055 665 ,
1083 608 1138 655 ut
1165 601 1294 655 nihil
1318 601 1557 668 capiant;
1574 593 1576 595 ’
1595 600 1640 655 si
1667 597 1807 654 dabit

214 716 388 756 sonum
408 697 528 774 tuba
553 697 610 751 in
638 696 859 763 civitate,
881 703 936 748 ut
958 691 1097 764 plebs
1122 709 1223 747 non
1243 701 1486 747 terreatur
1512 706 1531 746 :
1556 692 1631 745 ita
1655 690 1805 745 etiam

214 793 404 848 malum
425 790 638 862 aliquod
659 791 714 844 in
737 789 934 843 civitate
967 802 1068 841 non
1091 794 1406 858 perpetratur
1423 827 1436 851 ,
1466 783 1600 856 quod
1628 783 1806 838 Domi-

216 902 306 939 sus
349 900 453 938 non
476 882 634 954 faciet
661 879 839 956 (Amos
878 895 963 944 ιιι,
993 875 1126 950 5-6).
1165 877 1359 933 Malum
1398 876 1501 932 hoc
1539 875 1654 932 loco
1699 889 1805 930 non

217 983 487 1049 peccatum
513 1015 528 1042 ,
558 972 660 1034 sed
679 986 837 1043 poena
861 969 1202 1042 intelligenda
1229 979 1328 1024 est.
1353 968 1644 1038 Dupliciter
1663 967 1804 1022 enim

214 1066 513 1139 appellatur
540 1064 780 1130 malum;
813 1077 978 1118 unum
1005 1060 1145 1132 quod
1192 1059 1353 1115 homo
1378 1058 1536 1126 facit,
1578 1059 1804 1114 alterum

212 1159 346 1231 quod
373 1159 616 1231 patitur:
641 1155 780 1228 quod
807 1155 953 1223 facit,
981 1161 1257 1225 peccatum
1283 1161 1386 1218 est;
1410 1150 1552 1224 quod
1580 1153 1798 1222 patitur,

212 1268 387 1325 paena.
422 1252 499 1307 De
531 1251 706 1322 pennis
739 1263 868 1319 ergo
893 1247 1207 1318 loquebatur
1231 1245 1524 1316 Propheta,
1548 1259 1670 1300 cum
1701 1243 1805 1299 hoc

214 1346 435 1401 diceret.
481 1343 670 1398 Divina
713 1341 856 1397 enim
897 1340 1230 1412 providentia
1267 1349 1452 1394 cuncta
1491 1338 1804 1394 moderante

213 1446 263 1493 et
290 1437 670 1508 gubernante,
698 1434 770 1489 ita
802 1433 963 1488 homo
1006 1432 1147 1488 male
1189 1431 1335 1488 faciL
1355 1431 1496 1502 quod
1546 1431 1695 1499 vult,
1745 1438 1805 1486 ut

213 1529 349 1584 male
382 1528 617 1598 patiatur
639 1524 781 1598 quod
808 1541 916 1581 non
941 1525 1076 1581 vult.
1103 1523 1191 1581 Sic
1228 1534 1405 1580 autem
1436 1524 1522 1580 isti
1550 1533 1804 1580 accusant

213 1621 538 1691 Pr0phetam
568 1620 669 1675 ista
693 1618 990 1684 dicentem,
1017 1617 1168 1688 quasi
1197 1616 1251 1671 in
1277 1615 1563 1687 Evangelio
1589 1631 1693 1671 non
1721 1616 1802 1672 Ie-

213 1717 386 1788 gerint
416 1734 430 1769 :
461 1713 650 1769 Nonne
677 1713 778 1767 duo
808 1728 1033 1783 passeres
1056 1727 1169 1765 asse
1204 1717 1455 1777 veneunt,
1492 1716 1538 1763 et
1565 1725 1697 1763 unus
1741 1724 1805 1763 ea:

213 1811 296 1864 his
333 1826 436 1864 non
476 1808 613 1862 cadit
655 1807 711 1861 in
757 1815 945 1861 terram
988 1805 1098 1859 sine
1141 1803 1314 1859 Patris
1353 1802 1503 1858 vestri
1548 1802 1805 1857 voluntate

218 1900 434 1975 (Matth.
463 1916 496 1955 x
513 1941 529 1964 ,
549 1898 684 1970 29)?
709 1897 786 1964 Ita
810 1912 936 1968 ergo
957 1895 1099 1952 Deus
1127 1896 1323 1951 malum
1346 1893 1498 1958 facit,
1525 1893 1667 1964 quod
1694 1908 1802 1948 non

213 1996 311 2066 ipsi
342 1995 454 2050 Deo
482 1993 682 2048 malum
707 2000 827 2058 est,
866 1989 961 2045 sed
986 1988 1065 2044 eis
1103 1987 1156 2042 in
1184 2002 1317 2058 quos
1343 1985 1592 2040 vindicat.
1624 1985 1802 2054 Itaque

215 2088 347 2158 ipse,
377 2093 637 2156 quantum
658 2083 726 2138 ad
753 2097 814 2139 se
834 2082 1083 2152 pertinet,
1111 2078 1307 2133 bonum
1329 2077 1472 2142 facit;
1499 2076 1618 2146 quia
1644 2089 1803 2132 omne

215 2179 413 2250 justum
443 2177 644 2232 bonum
672 2183 778 2242 est,
806 2181 861 2230 et
884 2173 1027 2243 justa
1067 2178 1149 2226 est
1173 2170 1262 2224 illa
1293 2169 1543 2223 vindicta.
1576 2167 1645 2221 Et
1682 2167 1805 2222 ideo

215 2287 314 2327 non
356 2279 444 2326 est
481 2268 812 2326 contrarium
833 2309 847 2333 ,
874 2264 1016 2337 quod
1044 2263 1358 2319 Adimantus
1383 2261 1566 2332 objicit
1605 2260 1805 2316 dixisse

216 2363 500 2418 Dominum
532 2381 546 2418 :
573 2361 735 2415 Arbor
763 2359 893 2413 bona
921 2347 1112 2431 fructus
1141 2355 1295 2411 bonos
1337 2355 1501 2429 facit;
1539 2355 1677 2409 mala
1713 2370 1806 2408 au-

220 2465 308 2512 tem
347 2458 504 2511 arbor
546 2455 707 2509 malos
750 2458 946 2525 fructus
973 2451 1097 2522 facit
1129 2449 1239 2522 (Id.
1267 2464 1360 2515 vn,
1394 2447 1505 2523 I7).
1553 2449 1804 2518 Quamvis

219 2549 354 2604 enim
386 2547 589 2602 malum
618 2546 688 2600 sit
715 2544 960 2616 gehenna
980 2544 1254 2608 damnato;
1274 2543 1477 2612 justitia
1507 2549 1685 2597 tamen
1708 2541 1806 2597 Dei

219 2641 349 2699 bona
379 2651 500 2709 est,
543 2651 597 2697 et
624 2640 738 2709 ipse
767 2638 968 2694 fructus
998 2645 1081 2692 est
1103 2651 1169 2691 ex
1189 2635 1378 2691 arbore
1402 2636 1562 2691 bona.
1589 2633 1684 2690 Ille
1713 2649 1809 2689 au-

220 2744 320 2792 tem
341 2734 500 2790 malis
522 2741 862 2804 peccatorum
883 2743 1100 2785 suorum
1124 2728 1446 2782 thesaurizat
1470 2727 1570 2781 sibi
1591 2726 1725 2781 iram
1752 2725 1806 2780 in

221 2827 300 2882 die
328 2827 423 2881 im
451 2835 510 2881 et
553 2822 894 2879 revelationis
919 2821 1046 2892 justi
1083 2818 1268 2891 judicii
1313 2819 1438 2885 Dei,
1488 2818 1580 2889 qui
1621 2817 1810 2874 reddet

223 2917 503 2985 unicuique
555 2913 848 2970 secundum
901 2927 1062 2982 Opera
1111 2926 1207 2966 sua
1256 2908 1430 2984 (Rom.
1475 2925 1552 2976 ιι,
1605 2910 1679 2978 5,
1730 2909 1809 2982 6).

223 3009 530 3079 Quanquam
558 3007 674 3062 istae
703 3005 821 3062 duae
854 3005 1072 3059 arbores
1100 3000 1530 3057 manifestissime
1563 3001 1619 3056 in
1661 3001 1812 3057 simi-

223 3103 436 3160 litudine
465 3101 698 3157 duorum
726 3099 999 3154 hominum
1025 3097 1214 3168 posita:
1238 3095 1363 3162 sint,
1394 3094 1445 3149 id
1467 3103 1566 3160 cst,
1594 3094 1725 3164 justi
1754 3102 1812 3151 et

223 3196 395 3267 injusti
425 3213 436 3249 :
472 3195 597 3265 quia
620 3193 723 3248 nisi
758 3194 982 3263 quisque
1009 3191 1339 3244 voluntatem
1368 3186 1684 3252 mutaverit,
1715 3185 1814 3242 bo~

223 3303 342 3343 num
385 3286 604 3359 operari
634 3300 743 3340 non
791 3290 988 3354 potest.
1044 3279 1196 3348 Quod
1225 3280 1278 3333 in
1324 3285 1505 3332 nostra
1547 3286 1814 3348 potestate

224 3396 336 3437 esse
363 3380 624 3451 positum,
655 3377 761 3432 alio
789 3375 908 3430 loco
935 3373 1123 3437 docet,
1150 3370 1240 3425 ubi
1267 3369 1340 3424 ait
1369 3387 1383 3423 :
1425 3368 1525 3424 Aut
1554 3369 1706 3438 facile
1729 3385 1815 3423 ar-

225 3474 387 3528 borem
413 3472 630 3536 bonam,
656 3478 703 3524 et
738 3470 958 3541 fructum
986 3467 1094 3536 ejus
1119 3463 1337 3528 bonum;
1365 3469 1451 3515 aut
1481 3461 1632 3532 facite
1667 3461 1815 3515 arbo-

224 3585 325 3623 rem
349 3567 540 3621 malam
561 3607 576 3632 ,
605 3573 652 3618 et
672 3563 895 3634 fructum
919 3560 1027 3631 ejus
1049 3557 1239 3612 malum
1274 3553 1377 3628 ’(α).
1404 3554 1516 3610 illis
1540 3554 1684 3609 enim
1714 3554 1817 3610 hoc

226 3659 382 3726 dicit,
412 3659 504 3729 qui
546 3655 803 3726 putabant
827 3667 885 3708 se
913 3651 1052 3706 bona
1081 3648 1222 3720 loqui
1264 3661 1423 3718 posse
1441 3689 1455 3714 ,
1488 3661 1607 3701 cum
1635 3651 1818 3700 essent

224 3753 349 3808 mali
371 3795 386 3816 ,
415 3751 523 3807 hoc
546 3759 661 3815 est,
694 3748 866 3803 bonos
895 3745 1096 3800 fructus
1131 3741 1307 3797 facere
1327 3782 1341 3805 ,
1374 3755 1492 3795 cum
1519 3747 1701 3795 essent
1727 3755 1817 3794 ar-

225 3845 386 3902 bores
412 3845 588 3900 malm.
611 3842 700 3898 Sic
729 3841 870 3896 enim
900 3845 955 3894 et
979 3835 1247 3907 subjungit
1279 3854 1293 3890 :
1326 3833 1623 3905 Hypocritte
1643 3876 1657 3899 ,
1685 3849 1817 3904 quo-

225 3938 379 3992 modo
413 3937 617 4006 potestis
655 3934 786 3987 bona
816 3931 952 4002 loqui
975 3973 990 3997 ,
1031 3946 1143 3983 cum
1169 3928 1290 3981 mali
1314 3928 1422 3981 sitis
1461 3925 1674 3998 (Matth.
1701 3937 1775 3982 ιιι
1798 3967 1816 3995 ,

223 4029 297 4084 53
318 4071 334 4093 ,
372 4026 522 4098 διγι
551 4026 682 4080 Mala
720 4040 846 4095 ergo
885 4022 1044 4076 arbor
1074 4019 1278 4075 fructus
1304 4018 1475 4074 bonos
1504 4016 1682 4073 facere
1709 4031 1821 4073 non

223 4127 424 4191 potest
452 4135 466 4170 :
495 4117 588 4171 sed
615 4133 677 4171 ex
703 4117 832 4171 mala
875 4113 990 4169 fieri
1019 4113 1154 4167 bona
1181 4120 1389 4184 potest,
1429 4119 1489 4165 ut
1514 4111 1683 4166 bonos
1712 4105 1824 4164 fru-

225 4221 350 4268 ctus
377 4209 536 4265 ferat.
570 4207 757 4263 Fuistis
773 4209 906 4263 enim
930 4205 1203 4277 aliquando
1231 4203 1464 4269 tenebras,
1493 4201 1662 4273 inquit
1681 4201 1824 4272 Apo-

230 4292 436 4365 Stolus;
470 4316 604 4354 nunc
635 4309 798 4353 autem
824 4298 916 4352 lux
934 4297 987 4350 in
1032 4293 1267 4350 Domino.
1300 4293 1574 4364 Tanquam
1605 4291 1650 4347 si
1680 4291 1824 4346 dice-

233 4403 335 4461 ret,
369 4393 570 4447 Fuistis
589 4390 879 4462 aliquando
905 4387 1124 4443 arbores
1152 4388 1304 4442 malae
1324 4428 1340 4454 ,
1369 4394 1423 4441 et
1449 4385 1570 4440 ideo
1597 4399 1703 4439 non
1730 4398 1827 4454 po-

236 4488 421 4541 teratis
447 4496 573 4540 tunc
594 4485 697 4539 nisi
721 4484 892 4538 malos
917 4483 1119 4538 fructus
1141 4480 1316 4535 facere
1343 4497 1357 4533 :
1387 4495 1519 4533 nunc
1544 4487 1714 4532 autem
1736 4476 1828 4532 tua:

236 4579 291 4632 in
312 4577 567 4642 Domino,
599 4576 650 4631 id
681 4584 796 4642 est,
828 4587 882 4631 et
911 4575 1020 4645 jam
1059 4573 1180 4628 facti
1217 4571 1438 4625 arbores
1476 4571 1661 4634 bonae,
1705 4569 1827 4623 date

238 4669 440 4725 fructus
466 4669 680 4736 bonos;
722 4667 863 4739 quod
894 4667 1129 4736 sequitur
1155 4664 1373 4731 dicens,
1406 4661 1551 4718 Sicut
1579 4662 1675 4730 ﬁlii
1701 4662 1828 4715 lucis

238 4767 489 4820 ambulate
512 4781 533 4819 :
569 4769 767 4836 fructus
789 4762 920 4816 enim
951 4760 1156 4815 luminis
1194 4767 1266 4814 est
1294 4758 1347 4811 in
1376 4757 1512 4810 omni
1543 4755 1744 4827 justitia
1783 4759 1832 4808 et

237 4860 463 4923 veritate;
485 4856 755 4929 probantes
770 4853 891 4926 quid
906 4854 968 4907 sit
984 4850 1350 4922 beneplacitum
1370 4848 1589 4902 Domino
1611 4844 1827 4922 (Ephes.

239 4966 298 5020 ν,
337 4951 522 5024 8-10).
553 4949 687 5005 Nam
718 4958 773 5004 et
814 4949 868 5003 in
913 4948 1029 5018 ipso
1059 4943 1329 5014 Evangelii
1356 4941 1620 5008 capitulo.
1649 4940 1694 4995 si
1723 4954 1831 4996 non

239 5044 416 5098 studio
460 5040 851 5097 malevolentia:
895 5038 1100 5109 fugeret
1147 5035 1502 5101 Adimantus,
1530 5041 1713 5104 posset
1740 5031 1834 5086 ad-

241 5144 450 5191 vertere
503 5131 776 5203 quomodo
822 5130 1028 5186 dicatur
1073 5128 1214 5182 Deus
1262 5126 1463 5180 malum
1512 5123 1707 5179 facere.
1757 5123 1834 5178 lbi

245 5229 382 5285 enim
410 5227 487 5282 ait
521 5225 807 5290 Dominus,
837 5221 978 5293 quod
1009 5219 1168 5276 etiam
1210 5219 1308 5274 iste
1337 5215 1776 5272 commemoravit
1819 5233 1831 5269 :

249 5319 426 5375 Omnis
450 5317 603 5373 arbor
633 5332 745 5389 qua:
772 5332 874 5370 non
903 5314 1024 5384 facit
1053 5315 1248 5385 fructus
1273 5312 1454 5374 bonos,
1483 5306 1758 5373 excidetur,
1789 5312 1837 5360 et

243 5414 297 5468 in
317 5415 488 5486 ignem
509 5413 733 5466 mittetur
754 5409 968 5482 (Matth.
991 5422 1097 5473 vn,
1123 5403 1234 5478 I9).
1267 5405 1392 5460 Hice
1419 5411 1544 5458 sunt
1562 5401 1700 5456 mala
1719 5413 1838 5471 qua:

241 5506 388 5562 Deus
419 5506 566 5573 facit,
597 5504 649 5561 id
676 5513 780 5574 est,
804 5500 1170 5574 peccatoribus
1193 5512 1397 5569 poenas,
1423 5495 1635 5568 quodin
1665 5494 1838 5564 ignem

239 5597 428 5653 mittet
470 5597 730 5664 arbores,
774 5610 894 5666 qua:
946 5593 1002 5648 in
1045 5590 1245 5647 malitia
1295 5595 1696 5661 perseverantes
1725 5584 1840 5640 ﬁeri

237 5686 405 5744 bonae
435 5688 706 5744 noluerint
727 5730 744 5756 ,
784 5702 905 5742 cum
936 5684 1041 5740 boc
1064 5684 1193 5755 ipsis
1217 5681 1496 5738 arboribus
1520 5679 1719 5734 malum
1749 5677 1839 5732 sit.

239 5778 397 5837 Deus
425 5790 603 5838 autem
623 5821 640 5848 ,
683 5787 742 5835 ut
768 5794 910 5850 saepe
938 5778 1078 5844 dixi,
1113 5791 1219 5832 non
1254 5774 1352 5830 dat
1383 5773 1584 5829 fructus
1631 5769 1802 5826 malos
1822 5807 1840 5836 ,

316 5911 395 5979 (a)
420 5921 439 5964 ι
459 5879 666 5964 neaact.
687 5946 703 5973 ,
720 5925 826 5976 cap.
850 5910 930 5972 22,
952 5923 1003 5959 n.
1020 5909 1067 5958 4.

500 5998 730 6062 Sanc'r.
780 5997 1060 6060 Anaus'r.
1102 5991 1272 6055 VIII.

1632 389 1840 447 LIBER
1877 389 1969 449 UN
1975 392 2078 455 US.

3385 403 3488 460 I70

1914 509 2035 579 quia
2054 508 2270 580 justitiae
2296 510 2496 569 fructus
2520 521 2602 570 est
2626 514 2854 571 vindicta
2878 516 3100 586 peccati.

1925 663 1927 668 η
1983 600 2212 659 CAPUT
2237 603 2449 660 XXVII.
2493 636 2566 647 —
2590 607 2666 662 De
2708 622 2772 662 eo
2810 609 2950 678 quod
2990 609 3045 664 in
3072 608 3204 666 Isaia
3235 612 3493 684 prOplieta

1912 692 2165 763 scriptum
2191 703 2274 750 est
2303 712 2318 751 ε
2352 693 2464 767 Ego
2484 715 2596 752 sum
2625 697 2761 754 Deus
2798 701 2885 769 qui
2902 701 3035 772 facio
3063 719 3235 773 pacem
3253 746 3269 772 ,
3297 713 3344 760 et
3368 722 3494 761 con-

1912 793 2063 840 stituo
2089 786 2223 841 mala
2253 786 2406 857 (Isai.
2447 807 2583 859 xcv,
2610 790 2689 864 7).
2733 792 2906 848 Etiam
2946 793 3049 851 hoc
3081 796 3270 853 eadem
3311 800 3494 872 regula

1912 876 2152 931 solvitur.
2195 877 2310 934 Non
2351 881 2490 936 enim
2521 883 2861 953 reprehendit
2889 885 3203 943 Adimantus
3241 889 3385 960 quod
3412 890 3495 946 di-

1912 969 1989 1023 xit
2015 969 2178 1036 Deus,
2209 971 2342 1043 facio
2371 988 2570 1043 pacem;
2589 975 2682 1030 sed
2706 976 2845 1047 quod
2875 977 3034 1045 dixit,
3064 982 3311 1036 constituo
3336 983 3495 1040 mala.

1909 1058 2043 1116 Cum
2071 1061 2267 1118 Paulus
2311 1065 2580 1135 apostolus
2603 1065 2718 1122 hzcc
2745 1068 2850 1124 duo
2878 1068 3122 1126 similiter
3148 1089 3257 1129 uno
3293 1074 3348 1128 in
3376 1075 3498 1133 loco

1910 1153 2071 1208 etiam
2100 1154 2259 1212 latius
2284 1157 2592 1212 tractaverit
2609 1157 2812 1225 dicens,
2844 1159 2994 1216 Vides
3019 1180 3136 1235 ergo
3160 1163 3428 1236 bonitatem
3448 1175 3498 1220 et

1911 1248 2221 1304 severitatem
2242 1248 2337 1305 Dei
2363 1267 2383 1306 :
2408 1251 2462 1306 in
2488 1268 2572 1307 eos
2597 1253 2796 1322 quidem
2813 1251 2897 1325 qui
2923 1257 3227 1327 ceciderunt,
3256 1261 3494 1314 severitao
3528 1264 3536 1318 ἓ

1912 1346 2043 1404 tem;
2068 1340 2119 1394 in
2149 1350 2196 1395 te
2217 1350 2385 1396 autem
2413 1341 2704 1411 bonitatem,
2734 1345 2779 1398 si
2800 1348 3132 1414 permanseris
3156 1349 3210 1403 in
3239 1349 3456 1405 bonitate
3476 1367 3497 1405 :

1909 1433 2136 1504 alioquin
2164 1444 2211 1488 et
2248 1444 2302 1490 tu
2327 1436 2605 1504 excideris,
2647 1446 2693 1491 et
2717 1437 2798 1491 illi
2830 1439 2876 1492 si
2913 1455 3016 1494 non
3052 1443 3416 1511 permanserint
3441 1443 3498 1497 in

1907 1525 2260 1582 incredulitate
2280 1569 2296 1596 ,
2339 1528 2638 1584 inserentur.
2671 1528 2865 1586 Potens
2888 1539 2962 1586 est
2999 1534 3132 1588 enim
3151 1532 3289 1589 Deus
3317 1536 3499 1590 iterum

1909 1610 2127 1676 inserere
2150 1621 2266 1676 illos
2291 1621 2464 1693 (Rom.
2484 1622 2644 1690 χι,ἳὲ
2672 1632 2719 1676 et
2741 1622 2854 1694 23).
2883 1624 2944 1680 In
2972 1623 3074 1680 hoc
3095 1639 3341 1698 sermone
3369 1642 3500 1698 apo-

1909 1711 2099 1766 stolico
2120 1711 2249 1767 satis
2271 1721 2492 1783 apparet
2519 1714 2729 1768 bonitas
2758 1714 2882 1780 Dei,
2911 1717 3202 1771 secundum
3228 1733 3386 1787 quam
3411 1718 3500 1773 di-

1909 1803 1987 1857 xit
2015 1803 2196 1872 Isaias,
2226 1803 2337 1874 Ego
2365 1821 2476 1860 sum
2509 1804 2645 1860 Deus
2664 1807 2748 1874 qui
2768 1806 2900 1878 facio
2917 1824 3115 1878 pacem;
3139 1819 3194 1864 et
3217 1809 3498 1878 severitas,

1909 1895 2200 1951 secundum
2230 1912 2388 1967 quam
2417 1897 2591 1964 dixit,
2629 1900 2874 1954 constituo
2914 1901 3069 1955 mala.
3120 1900 3288 1958 Simul
3337 1903 3499 1958 etiam

1911 1989 2144 2044 ostendit
2167 1989 2220 2044 in
2241 1999 2423 2045 nostra
2450 1999 2711 2060 potestate
2729 2006 2866 2057 esse,
2889 2000 2949 2048 ut
2967 1993 3052 2049 vel
3068 1994 3237 2070 (inseri
3263 1994 3502 2050 bonitate

1911 2083 2078 2156 ipsius
2097 2128 2110 2152 ,
2137 2087 2221 2142 vel
2249 2087 2420 2142 excidi
2451 2085 2733 2144 severitate
2759 2103 3062 2145 mereamur
3094 2087 3195 2162 (a).
3226 2089 3341 2144 Non
3372 2103 3502 2161 ergo

1911 2187 1994 2234 est
2020 2178 2169 2234 Isaiae
2194 2178 2519 2234 contrarium
2549 2179 2916 2250 Evangelium,
2939 2181 3076 2235 sicut
3099 2190 3264 2250 putat,
3297 2181 3380 2237 vel
3406 2195 3505 2250 po-

1912 2269 2020 2325 tius
2060 2271 2231 2341 putari
2273 2271 2418 2341 cupit
2457 2270 2796 2337 Adimantus,
2826 2272 2916 2327 ubi
2946 2272 3201 2326 Dominus
3225 2273 3335 2328 ait:
3357 2271 3506 2327 Beati

1914 2363 2116 2433 pacifici
2135 2405 2150 2426 .
2173 2363 2292 2433 quia
2319 2364 2414 2432 ﬁlii
2431 2361 2527 2417 Dei
2548 2365 2854 2418 vocabuntur
2873 2362 3084 2437 (Matth.
3115 2380 3166 2428 ν,
3196 2364 3274 2436 9).
3305 2362 3402 2419 γει
3431 2379 3503 2420 ex

1913 2452 2026 2522 ipsa
2057 2454 2197 2508 enim
2221 2462 2372 2524 parte
2398 2453 2582 2510 debuit
2600 2470 2889 2526 agnoscere
2909 2497 2924 2521 ,
2956 2455 3115 2510 etiam
3145 2454 3333 2509 Isaiam
3361 2456 3502 2514 scire

1915 2543 2051 2600 ﬁlios
2076 2545 2167 2601 Dei
2193 2561 2312 2618 esse
2339 2546 2603 2617 paciﬁcos,
2634 2549 2754 2618 quia
2783 2562 2877 2617 per
2897 2562 3021 2603 eum
3045 2547 3177 2602 dixit
3206 2548 3364 2613 Deus,
3388 2547 3504 2619 Ego

1915 2651 2028 2690 sum
2063 2637 2150 2707 qui
2178 2638 2311 2708 facio
2337 2654 2530 2708 pacem.
2562 2636 2669 2694 Sed
2695 2653 2816 2694 cum
2854 2638 2907 2693 in
2948 2638 3052 2693 alia
3083 2649 3231 2710 parte
3269 2639 3337 2694 ad
3363 2639 3506 2696 male

1915 2726 2314 2798 intelligendum
2340 2730 2550 2784 oculum
2577 2730 2719 2796 ﬁxit,
2748 2729 2803 2783 in
2831 2729 2997 2784 altera
3026 2744 3086 2784 se
3124 2730 3236 2799 ipse
3263 2744 3505 2784 excaeca-

1915 2819 2010 2874 vit.
2039 2819 2193 2888 Quod
2219 2820 2265 2874 si
2289 2821 2451 2875 vellet
2473 2821 2608 2875 alius
2635 2820 2881 2888 similiter
2909 2836 3082 2878 caecus
3100 2821 3279 2877 dicere
3305 2822 3504 2886 bonum

1918 2925 2037 2969 esse
2071 2911 2233 2967 Vetus
2256 2912 2691 2979 Testamentum,
2724 2913 2811 2968 ubi
2842 2911 2970 2968 dicit
2993 2913 3156 2980 Deus,
3191 2911 3330 2967 Nolo
3368 2929 3507 2968 mor-

1921 3013 2020 3058 tem
2043 3005 2348 3075 peccatoris,
2381 3014 2623 3073 quantum
2656 3013 2712 3058 ut
2749 3013 3023 3058 revertatur
3059 3014 3105 3058 et
3133 3005 3263 3058 vivat
3291 3003 3504 3076 (Ezech.

1921 3106 2118 3162 xxxiii,
2143 3096 2259 3166 II);
2285 3096 2484 3150 malum
2513 3106 2690 3150 autem
2720 3108 2838 3150 esse
2857 3093 3063 3150 Novum
3085 3095 3506 3163 Testamentum,

1920 3189 2009 3246 ubi
2036 3188 2162 3243 dicit
2179 3188 2442 3254 Christus,
2467 3186 2548 3241 Ite
2568 3189 2623 3241 in
2645 3187 2812 3258 ignem
2835 3197 3105 3254 teternum,
3133 3188 3220 3255 qui
3248 3203 3511 3259 praepara-

1923 3288 2003 3335 tus
2027 3289 2098 3334 est
2129 3279 2328 3333 diabolo
2353 3288 2399 3333 et
2418 3278 2610 3349 angelis
2636 3279 2745 3351 ejus
2769 3277 2980 3349 (Matth.
3011 3294 3138 3346 xxv,
3160 3280 3254 3350 41)
3286 3297 3298 3333 :
3331 3295 3510 3336 nonne

1921 3374 1976 3430 in
2003 3373 2211 3430 foveam
2240 3372 2437 3428 cadens
2462 3386 2650 3428 omnes
2675 3371 2764 3442 qui
2791 3387 2850 3427 se
2873 3380 3242 3442 sequerentur,
3268 3371 3510 3428 indoctos

1923 3475 1978 3524 et
2019 3467 2414 3537 Scripturarum
2456 3465 2668 3536 ignaros
2695 3464 2746 3517 in
2777 3463 3052 3533 imperitia:
3078 3464 3372 3519 caecitatem
3399 3479 3512 3535 gen

1923 3557 2162 3614 minante
2192 3559 2209 3590 ³
2253 3556 2456 3612 malitia
2499 3571 2679 3612 secum
2726 3557 2924 3626 pariter
2972 3556 3363 3626 principitaret?
3409 3556 3514 3625 Qui

1924 3659 2101 3707 autem
2127 3650 2284 3706 oculo
2306 3651 2393 3720 pio
2422 3649 2576 3719 legit,
2609 3657 2662 3704 et
2690 3647 2742 3702 in
2769 3648 2917 3703 Novo
2946 3648 3286 3704 Testamento
3312 3649 3515 3704 invenit

1925 3743 2068 3813 quod
2103 3742 2191 3797 isti
2217 3749 2468 3797 accusant
2505 3741 2560 3799 in
2587 3738 2813 3807 Vetere,
2846 3748 2902 3796 et
2938 3740 2993 3794 in
3018 3738 3211 3794 Vetere
3235 3740 3376 3812 quod
3401 3741 3518 3797 Iau-

1927 3834 2058 3890 dant
2088 3835 2143 3888 in
2169 3833 2339 3890 Novo.

2003 3925 2227 3983 CAPUT
2265 3924 2504 3981 XXVIII.
2555 3953 2626 3966 -—
2676 3925 2728 3981 1.
2761 3924 2838 3980 De
2867 3939 2933 3979 eo
2959 3923 3099 3994 quod
3125 3924 3382 3995 scriptum
3432 3935 3516 3982 est

1928 4019 1982 4074 in
2011 4011 2142 4074 Isaia
2172 4035 2186 4072 :
2217 4015 2287 4072 Et
2312 4021 2500 4089 factum
2529 4028 2600 4072 est
2629 4033 2684 4072 eo
2711 4032 2844 4070 anno
2864 4032 2964 4086 quo
3001 4027 3228 4071 mortuus
3253 4026 3325 4071 est
3366 4017 3517 4073 Ozias

1929 4131 2036 4182 rex,
2065 4112 2166 4168 vidi
2189 4112 2466 4166 Dominum
2487 4111 2738 4166 sedentem
2759 4110 2814 4169 in
2840 4109 2958 4166 sede
2983 4108 3269 4177 altissima;
3299 4120 3344 4165 et
3369 4112 3534 4181 plena.

1931 4215 2038 4262 erat
2085 4205 2264 4259 domus
2306 4203 2482 4275 gloria:
2526 4203 2708 4274 ipsius,
2758 4211 2805 4257 et
2854 4202 2906 4256 in
2934 4202 3199 4256 circumitu
3247 4202 3520 4275 Seraphim

1931 4301 2131 4357 stabant
2151 4340 2167 4364 ,
2195 4314 2342 4353 senas
2369 4298 2479 4352 alas
2507 4296 2740 4351 habentes
2761 4337 2779 4364 ,
2825 4305 2873 4350 et
2914 4295 3043 4350 binis
3083 4295 3284 4366 quidem
3322 4297 3518 4368 operie-

1934 4395 2052 4449 bant
2073 4393 2253 4464 faciem
2269 4392 2448 4463 ipsius,
2473 4391 2603 4445 binis
2616 4405 2730 4444 vero
2749 4389 2898 4461 pedes
2913 4386 3064 4459 (Isai.
3086 4405 3155 4455 vr,
3183 4390 3207 4444 1
3227 4389 3366 4460 et2).
3386 4391 3520 4448 Huic

1933 4488 2054 4542 loco
2100 4485 2228 4540 illud
2279 4483 2499 4554 Opponit
2542 4482 2879 4548 Adimantus,
2901 4481 3043 4552 quod
3080 4481 3154 4536 ait
3194 4485 3482 4552 Apostolus
3512 4501 3562 4533 :~-

1934 4579 2064 4651 Regi
2088 4587 2255 4633 autem
2277 4576 2579 4632 saeculorum
2606 4573 2842 4628 invisibili
2867 4573 3028 4628 honor
3050 4582 3098 4628 et
3123 4574 3236 4628 laus
3261 4575 3314 4629 in
3337 4575 3523 4633 saecula

1940 4672 1983 4743 (l
2013 4671 2146 4726 Tim.
2171 4687 2210 4737 ι,
2241 4668 2369 4742 17).
2421 4667 2481 4724 In
2526 4681 2630 4738 qua
2672 4667 2964 4738 quastione
3013 4667 3356 4738 quaerendum
3403 4677 3519 4729 est,

1937 4762 2064 4834 quid
2075 4762 2307 4819 eivisum
2331 4760 2518 4826 fuerit;
2545 4759 2630 4814 vel
2651 4759 2704 4813 in
2726 4758 2815 4814 illa
2838 4758 3041 4812 visione
3067 4758 3214 4814 Isaiae
3234 4759 3387 4814 binas
3411 4760 3522 4814 alas

1937 4855 2348 4928 przetermittere
2370 4894 2386 4920 ,
2417 4851 2610 4923 quibus
2633 4850 2885 4906 volabant
2913 4848 3191 4920 Seraphim
3214 4891 3232 4917 ,
3260 4850 3522 4905 dicentes.

1941 4949 2184 5014 Sanctus,
2210 4957 2433 5021 sanctus,
2479 4953 2681 5001 sanctus
2706 4943 2956 4999 Dominus
2989 4943 3126 4999 Deus
3153 4944 3363 4998 sabaoth
3390 4959 3410 4998 :
3440 4943 3524 4996 vel

1940 5042 1995 5097 in
2024 5040 2264 5112 Apostoli
2309 5038 2487 5094 verbis
2533 5052 2637 5092 non
2670 5044 2837 5092 totum
2876 5036 3075 5092 dicere.
3111 5035 3240 5090 Nam
3290 5036 3358 5089 ita
3398 5035 3521 5089 dicit

1940 5131 2228 5203 Apostolus
2260 5146 2273 5182 :
2303 5130 2431 5201 Regi
2461 5138 2628 5182 autem
2659 5127 2960 5182 steculorum
3001 5125 3253 5191 invisibili,
3287 5141 3524 5179 incorru-

1944 5226 2125 5298 ptibili,
2153 5225 2250 5280 soli
2278 5223 2385 5278 Deo
2399 5224 2562 5278 honor
2581 5231 2625 5275 et
2645 5221 2808 5292 gloria
2821 5222 2875 5274 in
2899 5217 3086 5274 stecula
3101 5218 3418 5272 steculorum.
3443 5220 3522 5274 Au

1943 5320 2078 5376 forte
2096 5318 2269 5374 timuit
2283 5331 2350 5372 ne
2375 5315 2647 5371 Trinitatis
2675 5311 3109 5368 commemoratio
3130 5311 3529 5367 commendaret

1945 5411 2265 5483 Prophetam
2292 5409 2514 5475 lectori,
2541 5416 2595 5463 et
2622 5405 2822 5478 aliquid
2842 5418 3090 5473 magnum
3121 5402 3192 5458 ibi
3241 5403 3406 5459 latere
3439 5419 3524 5460 sn-

1947 5501 2407 5578 spicaretur?Ter
2456 5501 2596 5557 enim
2637 5499 2849 5563 dicitur,
2897 5493 3146 5562 Sanctus,
3174 5505 3396 5563 sanctus,
3413 5512 3507 5550 san

1949 5607 2055 5654 ctus
2085 5597 2332 5653 Dominus
2359 5593 2495 5649 Deus
2517 5591 2744 5648 sabaoth.
2795 5589 2851 5643 In
2884 5588 3138 5659 Apostolo
3177 5600 3355 5644 autem
3395 5587 3534 5645 forte

2014 5775 2032 5806 ι
2066 5773 2334 5823 Victorinus
2355 5776 2436 5820 Ms.
2482 5776 2532 5819 et
2554 5781 2679 5818 unus
2702 5781 2732 5818 e
2776 5769 3028 5829 vaticanls,
3078 5767 3364 5832 geminique.
3407 5761 3538 5817 Alter

1950 5843 2202 5887 Vaticanus
2222 5833 2398 5891 codex,
2416 5837 2677 5896 gemuente.
2697 5832 3018 5896 corbeiensis,
3036 5831 3372 5896 geminantem.

2017 5896 2091 5962 (a)
2116 5902 2372 5955 metuet,
2395 5893 2499 5956 cap.
2525 5893 2602 5956 22,
2622 5908 2670 5944 n.
2687 5893 2733 5944 4.

2947 5981 3161 6060 (δέω.)
