4016 6418
572 281 670 341 ru
1416 273 1690 336 CONTRA
1730 273 2133 333 ADIMANTUM
2161 271 2521 337 nautarum
2555 273 2981 336 DlSCIPULUM.
3278 260 3285 263 λ
3748 284 3847 365 φη

570 396 726 463 vidit,
755 393 898 467 quod
923 393 970 451 si
993 393 1255 461 dixisset,
1281 393 1651 464 tncorruptlbiti
1688 391 1831 459 Deo;
1859 390 2155 463 responde-

568 500 719 549 retur
736 489 813 546 illi
841 488 982 561 quod
1009 502 1151 544 nunc
1178 487 1297 545 istis
1321 486 1550 544 dicimus
1578 505 1593 543 :
1623 486 1760 557 Quid
1806 503 1933 559 ergo
1980 488 2157 543 incor-

567 582 807 655 ruptibili
836 581 948 637 Deo
986 581 1187 636 factura
1234 588 1350 636 erat
1394 594 1525 652 gens
1551 579 1911 645 tenebrarum,
1956 580 2002 636 si
2036 594 2159 635 cum

567 688 632 730 ea
653 687 892 744 pugnare
920 671 1221 728 noluisset?
1239 672 1351 744 .Aut
1392 672 1437 727 si
1473 670 1607 727 forte
1632 670 1919 727 mendosos
1946 671 2159 728 codices

568 769 805 839 legerat,
828 775 919 821 aut
938 766 1040 821 iste
1066 763 1354 820 mendosus
1373 772 1456 820 est
1476 764 1564 820 ubi
1592 778 1691 818 nos
1712 763 1885 835 ipsum
1906 763 2160 819 Adiman-

569 870 683 918 tum
713 858 976 931 legimus,
1005 870 1113 912 non
1141 864 1225 912 est
1249 855 1444 911 diutius
1470 855 1537 911 de
1585 871 1644 911 re
1680 855 1840 910 dubia
1884 855 2157 911 disseren-

567 952 695 1009 dum
720 969 734 1005 :
759 950 853 1008 sed
878 951 989 1020 jam
1023 948 1367 1021 quaerendum
1398 956 1479 1003 est
1507 947 1775 1019 quomodo
1812 957 1867 1003 et
1894 946 2158 1018 Propheta

567 1044 761 1100 dixerit
786 1041 983 1099 vidisse
1007 1055 1067 1096 se
1094 1041 1260 1095 Deum
1294 1040 1347 1095 in
1377 1039 1504 1094 sede
1540 1038 1832 1105 altissima,
1866 1047 1919 1095 et
1943 1047 2159 1111 aposto-

568 1138 652 1194 lus
675 1136 870 1193 Paulus
886 1149 1074 1190 verum
1096 1133 1309 1199 dixerit,
1340 1132 1656 1188 invisibilem
1677 1132 1863 1189 Deum.
1883 1132 2160 1203 interrogo

566 1230 744 1300 itaque
791 1228 926 1283 istos
972 1232 1149 1282 utrum
1198 1224 1479 1280 invisibilia
1533 1223 1739 1296 possint
1787 1226 2042 1295 conspici.
2101 1223 2160 1279 Si

566 1319 750 1376 dicunt
775 1333 965 1391 posse;
998 1317 1124 1389 quid
1155 1331 1283 1389 ergo
1307 1316 1718 1383 calumniantur,
1750 1317 1797 1373 si
1824 1317 1991 1373 Deum
2013 1317 2158 1373 invi-

565 1412 774 1470 sibilem
806 1411 1074 1483 Propheta
1113 1409 1431 1481 conspexit?
1477 1409 1535 1466 Si
1588 1420 1767 1467 autem
1821 1411 2006 1467 dicunt
2052 1425 2161 1468 non

565 1519 755 1576 posse;
782 1506 883 1575 ipsi
909 1505 1167 1574 Apostolo
1198 1503 1374 1573 potius
1392 1502 1819 1572 calumnientur,
1850 1504 1897 1560 si
1937 1504 2157 1574 audent,

564 1598 655 1669 qui
679 1598 756 1653 ait
783 1612 800 1653 :
832 1595 1117 1651 Invisibilia
1142 1596 1273 1650 enim
1291 1595 1405 1661 Dei,
1431 1612 1463 1649 a
1479 1597 1832 1652 constitutione
1853 1598 2049 1663 mundi,
2071 1616 2161 1671 per

562 1705 624 1743 ea
645 1704 762 1761 qua
785 1691 919 1763 facta
937 1698 1074 1756 sunt,
1100 1687 1355 1743 intellecta
1385 1689 1768 1773 conspiciuntur
1789 1688 1963 1763 (Rom.
1979 1706 2016 1758 l,
2037 1689 2179 1761 20)..

562 1778 838 1851 lpseenim
862 1780 997 1836 dixit
1022 1795 1142 1835 esse
1188 1779 1490 1847 invisibilia;
1516 1789 1571 1834 ct
1619 1780 1734 1850 ipse
1777 1796 1962 1835 rursus
2007 1780 2155 1850 dicit,

562 1873 959 1945 conspiciuntur.
988 1872 1177 1928 Nonne
1219 1872 1308 1928 hic
1335 1884 1598 1943 coguntur
1640 1871 1793 1927 fateri
1835 1873 2003 1928 oculis
2032 1888 2158 1928 cor-

563 1966 742 2036 poreis
766 1981 887 2021 esse
912 1965 1219 2033 invisibilia,
1246 1965 1411 2019 menti
1459 1978 1586 2019 vero
1617 1978 1737 2019 esse
1776 1962 2003 2019 visibilia
2024 1965 2047 2017 ?
2068 1963 2160 2020 Sic

560 2055 722 2128 igitur
759 2064 815 2113 et
842 2055 1108 2126 Propheta
1135 2054 1300 2110 Deum
1321 2096 1337 2121 ,
1372 2054 1464 2125 qui
1492 2053 1840 2123 corporaliter
1879 2053 2159 2110 invisibilis

565 2156 667 2214 est,
692 2161 801 2203 non
825 2145 1196 2217 corporaliter,
1229 2144 1325 2200 sed
1351 2144 1701 2213 spiritualiter
1723 2143 1873 2198 vidit.

626 2238 685 2294 ﬂ.
724 2237 857 2293 Nam
878 2237 1042 2293 multa
1068 2251 1266 2308 genera
1301 2233 1520 2291 visionis
1547 2236 1601 2290 in
1630 2234 1919 2305 Scripturis
1960 2237 2159 2292 sanctis

559 2329 922 2385 inveniuntur.
950 2326 1149 2394 Un‘um,
1178 2326 1471 2383 secundum
1502 2325 1686 2381 oculos
1714 2327 1958 2396 corporis
1979 2344 1993 2386 ς
2017 2328 2161 2384 sicut

561 2420 691 2476 vidit
727 2418 995 2476 Abraham
1025 2426 1137 2475 tres
1179 2419 1320 2474 viros
1368 2417 1468 2472 sub
1499 2418 1623 2473 ilice
1657 2418 1892 2473 Mambre
1922 2418 1942 2493 (
1973 2417 2155 2475 Cenes.

560 2528 710 2580 xvru,
740 2513 821 2585 1),
848 2523 902 2568 et
920 2511 1130 2584 Moyses
1157 2512 1335 2582 ignem
1365 2511 1417 2565 in
1472 2511 1607 2566 rubo
1633 2510 1840 2582 (Exod.
1869 2527 1943 2579 lli,
1972 2512 2008 2566 2
2030 2511 2071 2580 ),
2104 2521 2161 2569 et

558 2603 803 2675 discipuli
859 2606 1291 2674 transfiguratum
1339 2601 1625 2657 Dominum
1678 2602 1731 2656 in
1778 2611 1962 2658 monte
2018 2602 2160 2658 inter

557 2684 779 2767 Moysen
796 2695 1034 2751 etEliam
1057 2694 1271 2765 (Matth.
1298 2693 1500 2761 xvuﬂ,
1533 2691 1589 2763 5)
1616 2713 1630 2749 :
1655 2703 1710 2749 et
1738 2704 1932 2749 caetera
1974 2694 2161 2765 hujus-

558 2786 724 2841 modi.
755 2786 1021 2853 Alterum,
1053 2784 1348 2841 secundum
1394 2784 1537 2853 quod
1577 2785 1928 2854 imaginamur
1947 2800 2010 2840 ea
2040 2800 2159 2856 quae

557 2893 657 2950 per
683 2892 878 2949 corpus
923 2877 1226 2934 sentimus:
1256 2891 1380 2931 nam
1420 2884 1475 2931 et
1516 2889 1643 2945 pars
1672 2875 1786 2945 ipsa
1814 2884 1995 2930 nostra
2035 2891 2159 2931 cum

558 2970 815 3027 divinitus
834 2970 1142 3035 assumitur,
1178 2968 1341 3023 multa
1368 2969 1699 3033 revelantur,
1725 2983 1831 3023 non
1855 2983 1950 3038 per
1972 2969 2158 3024 oculos

558 3064 821 3135 corporis,
867 3070 957 3117 aut
991 3077 1150 3118 aures
1171 3103 1185 3128 ,
1220 3061 1450 3115 aliumve
1478 3066 1693 3115 salsum
1721 3060 1990 3115 carnalem
2015 3077 2031 3126 ;
2060 3059 2159 3115 sed

562 3164 739 3211 tamen
794 3153 878 3210 his
905 3152 1122 3220 similia,
1171 3152 1312 3207 sicut
1354 3151 1489 3206 vidit
1529 3151 1722 3207 Petrus
1770 3150 1978 3206 discum
2006 3150 2158 3205 illum

561 3248 801 3304 submitti
829 3262 860 3304 e
882 3246 1021 3304 caelo
1048 3261 1169 3302 cum
1197 3245 1359 3301 variis
1391 3242 1712 3300 animalibus
1741 3244 1878 3317 (Act.
1898 3261 1971 3309 xi,
1997 3244 2052 3311 5,
2077 3244 2155 3315 6).

560 3340 637 3397 Ex
664 3341 767 3396 hoe
794 3354 994 3411 genere
1042 3347 1123 3395 est
1161 3339 1320 3393 etiam
1352 3338 1493 3393 istud
1533 3338 1715 3405 lsaiaz,
1753 3336 1893 3407 quod
1941 3337 2157 3406 imperi-

558 3431 765 3488 tissime
790 3432 936 3502 impii
965 3429 1387 3501 reprehendunt.
1434 3429 1550 3485 Non
1597 3432 1739 3485 enim
1782 3430 1951 3484 Deum
1989 3431 2157 3486 forma

558 3539 815 3596 corporea
833 3523 1289 3580 circumterminat
1303 3540 1316 3576 :
1331 3522 1424 3579 sed
1442 3521 1889 3594 quemadmodum
1910 3521 2153 3593 ﬁgurate,

563 3631 670 3671 non
694 3615 929 3688 proprie,
961 3617 1126 3671 multa
1149 3616 1432 3681 dicuntur;
1463 3616 1532 3670 ita
1550 3616 1709 3670 etiam
1742 3614 1964 3684 tigurate
1990 3613 2156 3669 multa

558 3716 946 3763 monstrantur.
977 3706 1216 3763 Tertium
1262 3716 1439 3762 autem
1474 3722 1645 3777 genus
1686 3705 1910 3761 visionis
1945 3715 2028 3761 est
2066 3721 2155 3761 se-

559 3798 791 3855 cundum
837 3800 1034 3855 mentis
1063 3799 1334 3866 intuitum,
1363 3813 1470 3869 quo
1512 3798 1779 3853 intellecta
1821 3796 2158 3867 conspiciun-

560 3902 648 3949 tur
666 3896 863 3950 veritas
897 3902 1057 3965 atque
1084 3895 1343 3964 sapientia
1371 3910 1385 3946 :
1413 3896 1528 3949 sine
1576 3910 1682 3965 quo
1715 3910 1911 3966 genere
1935 3895 2024 3950 illa
2051 3894 2157 3951 duo

559 4002 679 4057 quae
705 3987 852 4058 prius
880 3986 1054 4057 posui,
1096 3987 1181 4040 vel
1222 3986 1548 4040 infructuosa
1586 3996 1731 4054 sunt,
1768 3987 1851 4041 vel
1903 3986 2061 4041 etiam
2100 3986 2157 4042 in

558 4093 795 4134 errorem
826 4078 1060 4133 mittunt.
1100 4076 1235 4133 Cum
1262 4077 1405 4131 enim
1441 4092 1526 4143 ea,
1565 4092 1684 4147 qute
1713 4078 1826 4132 sive
1871 4079 2146 4148 corporeis

560 4171 839 4239 sensibus,
871 4171 984 4226 sive
1025 4170 1102 4226 illi
1144 4171 1281 4243 parti
1312 4169 1505 4224 animae
1530 4184 1649 4240 quae
1676 4170 2031 4239 corporalium
2050 4188 2053 4193 ·
2072 4188 2156 4228 re-

560 4279 679 4318 rum
692 4262 1376 4334 imagineseapit,divinitus
1392 4259 1845 4327 demonstrantur,
1858 4275 1964 4316 non
1982 4263 2155 4318 solum

560 4354 863 4409 sentiuntur
890 4353 975 4408 his
1002 4353 1198 4419 modis,
1229 4352 1324 4407 sed
1362 4354 1525 4408 etiam
1551 4361 1733 4409 mente
1763 4352 2153 4424 intelliguntur,

558 4452 688 4501 tunc
710 4454 793 4501 est
818 4444 1050 4516 perfecta
1072 4444 1348 4500 revelatio.
1380 4445 1457 4499 Ex
1485 4443 1591 4499 hoc
1640 4446 1796 4501 tertio
1837 4461 2034 4516 genere
2073 4455 2157 4502 est

557 4535 695 4590 visio
721 4535 809 4591 illa
841 4551 996 4605 quam
1018 4534 1431 4590 commemoravi
1456 4575 1471 4599 ,
1499 4535 1709 4591 dicente
1752 4538 2028 4607 Apostolo,
2054 4536 2153 4591 ln-

561 4627 778 4683 oisibiiia
803 4628 937 4681 enim
962 4626 1076 4695 Dei,
1104 4644 1137 4681 α
1164 4627 1519 4682 constitutione
1542 4628 1736 4693 mundi,
1753 4645 1842 4700 per
1857 4646 1915 4684 ea
1940 4644 2053 4699 qua:
2072 4633 2154 4700 {a-

2266 399 2347 446 cta
2375 403 2511 461 sunt,
2542 395 2793 469 intellecta
2834 396 3233 475 conspiciuntur.
3279 396 3390 473 Hac
3408 396 3613 453 visione
3640 398 3844 469 videtur

2265 483 2426 554 Deus,
2456 501 2575 541 cum
2605 501 2700 558 per
2736 488 2985 560 pietatem
3012 488 3133 543 fidei
3175 499 3227 544 et
3274 505 3369 562 per
3392 489 3714 561 agnitionem
3758 491 3847 549 Dei

2266 592 2475 633 morum
2505 579 2823 655 optimorum
2853 580 3014 636 corda
3041 581 3381 639 mundantur.
3406 581 3543 650 Quid
3564 584 3704 638 enim
3730 600 3846 657 pro-
3885 638 3891 644 .

2267 668 2364 726 fuit
2409 671 2707 728 Balthasari
2744 673 2878 746 regi,
2911 672 3053 747 quod
3090 688 3305 731 manum
3350 674 3672 731 scribentem
3726 685 3846 734 ante

2265 764 2452 819 oculos
2494 779 2619 821 suos
2662 766 2713 821 in
2768 765 2969 839 pariete
3013 766 3335 838 conspexit?
3373 766 3467 822 (lui
3496 766 3687 823 visioni
3728 771 3845 841 quia

2266 870 2373 911 non
2400 857 2570 928 potuit
2597 857 2888 930 adjungere
2930 858 3121 913 mentis
3142 866 3436 929 aspectum,
3458 859 3726 931 quaerebat
3753 862 3846 917 ad-

2266 946 2372 1002 huc
2401 948 2580 1004 videre
2606 950 2747 1021 quod
2777 950 3001 1005 viderat.
3020 950 3133 1006 Tali
3151 960 3327 1007 autem
3354 952 3465 1007 acie
3494 952 3725 1023 luminis,
3748 971 3847 1025 qua

2266 1039 2363 1094 ista
2394 1041 2756 1123 intelliguptur
2774 1084 2789 1113 ,
2821 1042 3003 1098 Daniel
3030 1042 3281 1117 prmditus
3299 1086 3313 1109 ,
3335 1053 3513 1100 mente
3538 1046 3686 1112 vidit,
3709 1047 3848 1118 quod

2267 1134 2357 1191 ille
2380 1136 2585 1192 viderat
2607 1151 2832 1209 corpore
2861 1136 3019 1209 (Dan.
3046 1136 3125 1207 v).
3147 1137 3351 1193 Rursus
3377 1138 3462 1192 illa
3492 1148 3642 1221 parte
3665 1139 3843 1208 animi,

2266 1241 2385 1297 quae
2408 1227 2663 1299 imagines
2692 1243 2975 1301 corporum
3015 1230 3173 1301 capit,
3205 1229 3336 1285 vidit
3374 1231 3637 1286 somnium
3677 1230 3853 1287 Nabu-

2266 1316 2606 1374 chodonosor
2634 1334 2726 1375 rex
2755 1336 2770 1378 ;
2798 1321 3129 1391 etquoniam
3183 1337 3287 1376 non
3332 1320 3562 1377 habebat
3602 1321 3849 1379 idoneum

2266 1407 2478 1479 oculum
2508 1411 2704 1467 mentis
2744 1410 2812 1465 ad
2844 1412 3032 1468 melius
3052 1411 3335 1468 videndum
3372 1412 3514 1485 quod
3536 1413 3770 1481 viderat,
3800 1414 3853 1472 id

2266 1506 2386 1566 est,
2416 1500 2483 1554 ad
2532 1501 2933 1573 intelligendum
2963 1503 3105 1575 quod
3140 1504 3377 1571 viderat,
3405 1504 3522 1559 ideo
3569 1505 3636 1560 ad
3688 1506 3853 1562 inter-

2266 1592 2584 1660 pretandum
2613 1593 2784 1649 visum
2815 1611 2990 1664 suum,
3018 1606 3292 1668 aspectum
3322 1597 3564 1668 quaesivit
3595 1598 3851 1667 alienum,

2266 1684 2502 1753 ejusdem
2550 1687 2751 1743 scilicet
2802 1689 3032 1744 Danielis
3076 1708 3091 1746 :
3135 1691 3218 1745 cui
3258 1698 3434 1745 tamen
3490 1692 3747 1764 aperienti
3799 1699 3855 1748 ut

2265 1786 2465 1834 certam
2504 1780 2933 1837 accommodaret
2961 1782 3119 1839 fidem
3141 1825 3155 1848 ,
3184 1783 3342 1838 etiam
3385 1784 3555 1854 ipsum
3586 1785 3855 1841 somnium

2267 1882 2323 1928 ut
2351 1872 2453 1928 sibi
2481 1872 2748 1929 diceretur
2784 1874 2981 1942 exegit.
3014 1874 3199 1929 Daniel
3228 1883 3404 1929 autem
3431 1876 3704 1930 revelante
3733 1890 3855 1930 sau-

2265 1973 2352 2019 cto
2372 1965 2462 2017 Dei
2486 1965 2708 2036 Spiritu,
2728 1972 2782 2021 et
2801 1965 2927 2034 quid
2956 1965 3047 2021 ille
3069 1964 3286 2020 vidisset
3315 1964 3367 2020 in
3384 1966 3584 2020 somnis
3608 1981 3671 2020 ea
3706 1976 3858 2036 parte

2265 2055 2398 2111 vidit
2439 2071 2541 2126 qua
2569 2071 2853 2127 corporum
2883 2056 3166 2127 capiuntur
3209 2057 3480 2129 imagines,
3513 2064 3567 2112 et
3617 2057 3747 2128 quid
3779 2058 3855 2112 si-

2265 2148 2543 2219 gniﬁcaret
2598 2155 2777 2202 mente
2818 2148 3098 2220 conspexit
3126 2146 3233 2219 (Id.
3260 2146 3342 2221 ιι),
3393 2148 3508 2203 Non
3545 2157 3629 2204 est
3676 2161 3857 2206 autem

2264 2240 2521 2312 prOpheta
2550 2242 2662 2297 veri
2692 2241 2784 2295 Dei
2810 2250 2864 2296 et
2888 2241 3099 2307 summi,
3122 2241 3213 2313 qui
3241 2241 3418 2299 oblata
3440 2241 3696 2296 divinitus
3721 2243 3855 2309 visa,

2265 2335 2346 2390 vel
2374 2336 2489 2390 solo
2514 2350 2742 2405 corpore
2765 2377 2779 2401 ,
2811 2334 2895 2391 vel
2926 2335 3085 2390 etiam
3131 2334 3219 2389 illa
3258 2344 3410 2405 parte
3459 2335 3678 2405 spiritus
3709 2336 3856 2392 videt

2266 2432 2367 2487 qua
2397 2431 2677 2486 corporum
2707 2416 2988 2486 capiuntur
3031 2416 3289 2486 imagines
3317 2456 3332 2481 ,
3355 2424 3408 2470 et
3436 2426 3615 2471 mente
3647 2431 3752 2471 non
3784 2419 3856 2472 vi-

2265 2509 2376 2564 det.
2403 2507 2508 2565 Sed
2540 2508 2853 2579 plerumque
2875 2509 2929 2562 in
2956 2508 3247 2578 Scripturis
3272 2508 3351 2563 sic
3377 2508 3546 2579 posita
3576 2508 3857 2564 inveniun—

2268 2608 2371 2665 tur,
2401 2599 2849 2670 quemadmodum
2882 2600 2992 2654 visa
3023 2607 3165 2665 sunt,
3188 2600 3471 2655 nonetiam
3501 2601 3856 2671 quemadmo-

2265 2690 2391 2745 dum
2435 2689 2703 2745 intellecta
2753 2696 2999 2757 sunt;ut
3048 2691 3241 2746 mentis
3289 2690 3443 2757 visio,
3473 2690 3525 2746 iu
3569 2708 3677 2762 qua
3720 2702 3857 2749 totus

2266 2785 2468 2840 fructus
2497 2795 2599 2850 est,
2628 2783 2941 2839 exercendis
2970 2783 3261 2839 lectoribus
3287 2794 3613 2840 servaretur.
3665 2785 3769 2841 Sed
3793 2802 3857 2842 ex

2266 2878 2448 2931 multis
2475 2892 2593 2946 qua}
2623 2884 2804 2946 aperte
2855 2884 2979 2929 sunt
3025 2879 3248 2947 scripta,
3284 2875 3678 2936 manifestatur.
3707 2877 3857 2934 nobis

2265 2967 2535 3038 quomodo
2562 2967 2649 3021 illa
2679 2966 3082 3034 intellexerint,
3123 2982 3242 3038 qua:
3276 2967 3354 3022 sic
3383 2967 3433 3021 in
3481 2967 3639 3023 libris
3667 2983 3858 3039 posue-

2266 3071 2411 3128 runt,
2444 3059 2711 3132 quomodo
2762 3059 2983 3129 ﬁgurate
3026 3059 3132 3114 illis
3173 3059 3535 3115 demonstrata
3590 3069 3734 3116 sunt.
3779 3060 3860 3117 Ad

2264 3154 2371 3209 duo
2399 3154 2540 3208 enim
2579 3167 2775 3224 genera
2805 3152 2891 3206 illa
2917 3152 3139 3208 visionis
3186 3153 3450 3223 bertinent
3497 3152 3743 3225 ﬁguratre
3768 3153 3863 3210 de-

2265 3245 2792 3302 monstrationcszad
2822 3245 3018 3301 mentis
3044 3255 3241 3311 autem,
3271 3245 3326 3300 id
3346 3254 3448 3312 est,
3467 3244 3534 3299 ad
3562 3245 3860 3316 intelligen-

2262 3338 2456 3410 gentiae
2486 3338 2745 3392 visionem
2775 3336 3001 3407 simplex
3020 3346 3076 3391 et
3097 3336 3312 3408 propria
3341 3337 3581 3407 pertinet
3610 3338 3862 3395 revelatio

2263 3446 2444 3489 rerum
2487 3430 2875 3486 intellecturum
2912 3438 3072 3499 atque
3109 3436 3395 3484 certarum.
3448 3429 3646 3486 Omnia
3688 3441 3861 3486 tamen

2264 3524 2381 3579 hinc
2407 3539 2603 3595 genera
2648 3522 2887 3577 miriﬁcis
2915 3533 2970 3578 et
3013 3520 3370 3577 incil'abilibus
3395 3522 3861 3581 distributionibus

2266 3617 2483 3674 exhibet
2512 3626 2672 3688 atque
2701 3615 3007 3672 moderatur
3025 3615 3250 3688 Spiritus
3279 3628 3493 3672 sanctus
3518 3634 3750 3673 summa:
3777 3618 3859 3673 in-

2264 3708 2759 3778 commutabilisque
2799 3708 3095 3778 sapientiae.
3126 3707 3233 3764 Sed
3277 3708 3362 3763 isti
3398 3710 3585 3764 miseri
3615 3719 3741 3765 sunt
3772 3707 3862 3778 qui

2263 3800 2654 3856 calumniantur
2688 3799 2970 3869 Propheta:
3009 3798 3206 3856 dicenti
3243 3800 3384 3871 quod
3426 3800 3597 3856 Deum
3628 3801 3857 3867 viderit,

2263 3890 2577 3961 objicientes
2620 3890 2970 3960 apostolicam
3020 3892 3372 3959 sententiam,
3403 3891 3490 3959 ubi
3537 3892 3862 3947 invisibilem

2263 3984 2416 4040 dixit.
2460 3984 2517 4041 Si
2565 3984 2707 4039 enim
2748 3983 2886 4038 alter
2913 3983 3129 4054 objiciat
3179 3983 3301 4039 huic
3343 3985 3646 4053 apostolico
3699 3985 3862 4040 verbo

2262 4074 2622 4145 evangelicum
2651 4072 2893 4142 verbum,
2923 4088 3030 4144 quo
3054 4073 3308 4130 Dominus
3333 4075 3427 4137 ait,
3483 4073 3639 4130 Beati
3685 4072 3861 4129 mundi

2263 4169 2470 4231 cordcs,
2493 4166 2733 4237 quoniam
2774 4166 2873 4236 ipsi
2918 4166 3079 4220 Deum
3123 4166 3355 4220 videbunt
3382 4165 3403 4240 (
3434 4165 3631 4222 Matth.
3666 4185 3718 4233 v,
3749 4168 3856 4239 8);

2262 4259 2529 4331 quomodo
2555 4258 2950 4327 respondebunt
2976 4274 3134 4328 posse
3162 4258 3477 4314 invisibilem
3504 4260 3719 4315 videri?
3737 4261 3861 4314 Ver-

2263 4352 2331 4407 bo
2358 4353 2497 4407 enim
2552 4360 2803 4421 premunt
2845 4349 3139 4419 imperitos,
3176 4359 3229 4404 et
3270 4357 3534 4419 quatenus
3574 4352 3861 4408 invisibilis

2262 4445 2402 4499 Deus
2444 4443 2616 4499 dictus
2658 4443 2764 4509 sit,
2792 4442 2893 4497 etsi
2938 4450 3299 4512 cognoscunt,
3342 4444 3595 4512 cognosci
3648 4445 3857 4499 timcnt.

2261 4535 2431 4591 Tanta
2449 4544 2532 4591 est
2557 4535 2821 4606 pernicies
2842 4536 3164 4603 animorum,
3179 4534 3271 4606 qui
3294 4549 3415 4592 cum
3443 4537 3663 4594 vincere
3690 4537 3862 4593 homi-

2262 4643 2385 4685 nem
2409 4628 2633 4696 volunt,
2659 4628 2728 4685 ab
2754 4643 2938 4686 errore
2965 4628 3269 4684 vincuntur.

1894 4814 2350 4825 ....__..______.
3234 4819 3648 4831 ...ψ-...η-
3670 4823 3683 4831 ,
3707 4818 3803 4829 ...ν

589 4816 3862 4871 m

1745 4984 1827 5047 IN
1881 4981 2377 5057 SUBSEQUENS
2422 4981 2646 5061 OPUS,

568 5161 725 5226 Vide
743 5162 856 5226 lib.
881 5160 946 5239 2,
970 5178 1108 5243 cap.
1133 5158 1197 5237 2,
1226 5156 1802 5243 Retractationum,
1830 5162 1977 5243 tam.
2012 5153 2398 5243 1,_ool._631,
2434 5175 2473 5217 a
2490 5155 2735 5243 verbis,
2760 5156 2956 5220 Liber
2987 5112 3215 5243 contra
3258 5156 3621 5236 Epistolam
3647 5158 3858 5221 Mani-

1311 5239 1470 5304 chtei
1502 5235 1616 5320 (a),
1651 5255 1840 5318 usque
1868 5235 1951 5299 ad
1968 5235 2174 5308 verba,
2206 5238 2421 5301 Unum
2449 5256 2670 5301 verum
2698 5240 2926 5301 Deum.
3013 5237 3097 5301 M.

623 5411 697 5476 (a)
720 5411 913 5476 Librum
931 5410 1063 5476 hunc
1084 5422 1211 5460 anno
1230 5408 1325 5476 396
1346 5412 1430 5476 aut
1447 5405 1539 5476 59‘]
1563 5405 1793 5476 scriptum
1816 5404 2137 5476 intelligimus
2170 5418 2235 5457 ex
2258 5408 2660 5476 Itetractatlonum
2692 5405 2845 5465 serie,
2863 5405 2914 5476 in
2936 5416 3032 5476 qua

3194 5404 3348 5455 libros
3380 5406 3443 5469 ad
3472 5406 3855 5469 Simplicianum,

559 5466 691 5539 quos
705 5475 999 5537 Augustinus
1029 5473 1082 5523 in
1113 5470 1315 5523 exordio
1336 5470 1412 5520 sui
1447 5466 1754 5540 episcopatus
1767 5467 1945 5539 edidit,
1973 5466 2193 5530 proxime
2226 5467 2504 5517 collocatur.
2546 5476 2689 5517 Porro
2709 5480 2772 5516 ex
2800 5466 2972 5516 eadem
3011 5466 3251 5517 atanicluel
3274 5468 3494 5579 Epistola,
3541 5466 3689 5579 cu‘jlus
3718 5470 3859 5518 isthic

560 5537 788 5579 principia
809 5535 1147 5579 reprehendit.
1171 5533 1497 5579 fragmentum
1517 5542 1745 5579 reperies
1766 5529 1906 5579 infra.
1931 5532 1979 5579 in
2003 5528 2129 5579 libro
2141 5529 2208 5579 de
2228 5537 2397 5579 Natura
2420 5530 2551 5579 Boni.
2573 5541 2679 5579 can.
2703 5528 2784 5579 46.
2804 5536 2858 5579 et
2877 5528 2971 5579 alia
2990 5528 3215 5579 ouzedam
3232 5530 3284 5579 in
3336 5532 3441 5579 ibro
3457 5530 3523 5579 de
3546 5532 3598 5579 νὴ
3636 5546 3667 5579 e
3689 5537 3859 5579 contra

560 5528 805 5599 principia"
808 5535 1147 5599 reprehendit,
1171 5528 1497 5599 fragmentum
1517 5528 1745 5595 reperies
1766 5529 1906 5592 infra,
1931 5528 1985 5580 in
2003 5528 2129 5580 libro
2141 5529 2208 5580 de
2228 5537 2397 5580 Natura
2420 5530 2551 5590 Boni,
2573 5541 2679 5592 cap.
2703 5528 2784 5590 46,
2804 5536 2858 5581 et
2877 5528 2971 5581 alia
2990 5528 3215 5593 quaedam
3232 5530 3284 5580 in

558 5597 857 5660 ueniebteos,
870 5597 1015 5662 capp.
1036 5599 1085 5659 5,
1106 5598 1136 5647 7
1162 5597 1307 5648 et“.

3336 5532 3441 5582 ibro
3457 5530 3523 5581 de
3546 5530 3667 5583 Fide
3689 5537 3861 5584 contra

1895 5701 2522 5776 (Mem
2576 5808 2586 5818 ν
