4052 6466
297 587 316 602 .
893 482 1042 598 8-
1131 481 1894 598 ΔΠΒΕῙιῙῙ
1967 484 2974 600 Δπεπετιπι

1481 671 1992 738 HIPPONENSIS
2043 673 2396 738 EPISCOPI

295 835 1131 986 CONTRA
1261 805 2406 982 EPISTOLAM
2515 833 3586 990 MANICHXEI

954 1079 1426 1219 Qunam
1529 1087 1966 1222 harant
2049 1077 2910 1218 dfunhemmti

1491 1327 1833 1409 LIBER
1883 1322 2204 1407 UNUS
2247 1307 2354 1404 (α).

1615 1483 2256 1542 «assecuta»

293 1631 488 1684 aerem:
505 1635 698 1696 priores
719 1637 882 1696 partes
902 1629 1129 1702 mistake.
1157 1627 1414 1702 remoliri.
1433 1621 2431 1702 sistendaeiuumsrtaluei'seequtr
2445 1623 2784 1689 νουίοθδθιυτν
2807 1635 2860 1680 ει
2878 1643 2968 1694 υνο
2983 1637 3123 1684 σθηε
3141 1637 3439 1702 mum
3461 1649 3584 1692 ωη-

1079 1693 1174 1744 ulsi
1195 1693 1382 1744 incerta
1397 1686 1452 1742 et
1465 1689 1674 1740 absurda
1695 1686 2018 1738 deliramenta
2039 1687 2142 1738 suis
2157 1686 2483 1740 sectatoribus
2503 1686 2796 1756 proponere.

1715 1791 2160 1830 meum

365 1917 590 1976 CAPUT
639 1915 922 1974 PRIMUM.
983 1947 1032 1958 -
1071 1917 1123 1972 1.
1169 1913 1412 1970 Ηωνειίσὶ
1453 1915 1670 1969 sanandi
1721 1915 1884 1986 magis

291 2028 448 2084 ςιιαηι
485 2011 750 2078 perdendi.
789 2009 963 2066 Unum
1007 2023 1194 2063 verum
1227 2007 1392 2064 Deum
1427 2007 1884 2078 omnipotentem,

291 2117 356 2160 ex
381 2117 487 2172 quo
511 2103 712 2164 omnia,
739 2117 832 2172 per
857 2115 1015 2172 quem
1046 2101 1221 2155 omnia
1237 2141 1251 2166 ,
1281 2099 1336 2154 in
1362 2113 1466 2170 quo
1487 2098 1686 2166 omnia,
1715 2108 1768 2154 et
1795 2113 1888 2154 ro-

295 2197 412 2268 gavi
443 2205 500 2251 et
537 2211 667 2267 rogo
691 2238 706 2262 ,
739 2203 798 2250 ut
823 2194 876 2249 in
901 2192 1192 2250 refellenda
1231 2199 1285 2248 et
1323 2191 1644 2248 revincenda
1693 2191 1882 2246 hrcresi

289 2297 469 2344 vestra
493 2329 510 2356 ,
539 2287 816 2343 Manichtri
839 2331 854 2356 ,
883 2287 967 2342 cui
1014 2295 1068 2341 et
1094 2299 1188 2341 vos
1231 2283 1458 2340 fortasse
1499 2281 1886 2354 imprudentius

289 2395 450 2450 quam
485 2379 803 2434 malitiosius
831 2376 1130 2432 adhaesistis
1151 2417 1165 2442 ,
1187 2375 1281 2431 det
1307 2373 1436 2429 mihi
1461 2383 1693 2430 mentem
1725 2389 1884 2445 paca-

293 2479 400 2526 tam
427 2479 590 2542 atque
613 2470 968 2540 tranquillam,
986 2477 1040 2524 et
1059 2469 1225 2539 magis
1250 2467 1316 2523 de
1337 2475 1511 2522 vestra
1529 2467 1882 2532 correctione,

291 2581 448 2635 quam
497 2565 566 2619 dc
609 2563 958 2619 subversione
1001 2563 1344 2633 cogitantem.
1387 2561 1699 2632 Quanquam
1725 2561 1884 2616 enim

293 2657 556 2712 Dominus
595 2671 690 2726 per
734 2669 858 2711 suos
905 2669 1088 2710 servos
1125 2669 1288 2726 regna
1339 2653 1614 2710 subvertat
1653 2653 1881 2720 erroris;

293 2747 436 2817 ipsos
485 2755 664 2802 tamen
705 2745 982 2814 homines,
1031 2747 1084 2801 in
1139 2755 1396 2817 quantum
1443 2745 1684 2800 homines
1737 2755 1880 2812 sunt,

289 2837 652 2893 emendandos
689 2851 810 2894 esse
835 2837 1011 2908 potius
1031 2879 1046 2903 ,
1077 2853 1238 2909 quam
1281 2837 1578 2907 perdendos
1615 2835 1785 2908 jubet.
1819 2837 1886 2892 Et

293 2931 546 3002 quidquid
567 2931 828 2986 divinitus
856 2939 978 2985 ante
1009 2929 1138 2984 illud
1165 2929 1408 2985 ultimum
1431 2929 1690 2998 judicium
1721 2927 1884 2983 vindi-

295 3034 438 3078 catur
461 3066 478 3091 ,
509 3023 624 3078 sive
653 3037 750 3092 per
799 3021 1074 3092 improbos
1121 3021 1232 3077 sive
1279 3037 1372 3092 per
1404 3021 1578 3092 iustos
1604 3063 1618 3088 ,
1647 3022 1759 3076 sive
1791 3037 1884 3092 per

291 3115 594 3170 nescientes
619 3115 731 3169 sive
753 3129 848 3184 per
867 3115 1118 3179 scientes,
1146 3113 1259 3168 sive
1284 3111 1492 3168 occulte
1521 3113 1640 3168 sive
1669 3113 1878 3184 palam;

290 3221 392 3261 non
413 3207 482 3262 ad
515 3208 788 3262 interitum
815 3205 1111 3273 hominum,
1142 3205 1236 3261 sed
1265 3205 1330 3260 ad
1357 3204 1675 3260 medicinam
1705 3207 1883 3263 valere

289 3297 615 3353 credendum
645 3305 729 3353 est
755 3315 768 3352 ε
799 3312 954 3368 quam
985 3297 1076 3368 qui
1105 3297 1408 3368 respuerint
1431 3340 1444 3366 ,
1477 3304 1722 3354 extremo
1751 3313 1880 3370 sup»

291 3389 444 3460 plicio
471 3399 864 3462 praeparantur.
893 3389 1234 3462 Quapropter
1257 3407 1378 3448 cum
1405 3393 1458 3447 in
1485 3395 1586 3448 hac
1615 3391 1880 3448 universi-

291 3489 394 3536 tate
419 3499 604 3538 rerum
626 3525 640 3548 ,
669 3483 772 3537 alia
801 3483 910 3538 sint
932 3497 1052 3554 quae
1077 3483 1260 3538 valent
1285 3483 1354 3539 ad
1402 3485 1732 3555 corporalem
1762 3485 1880 3540 vin-

287 3571 503 3640 dictam,
535 3575 679 3630 sicut
705 3575 860 3644 ignis,
883 3583 938 3630 et
955 3589 1243 3642 venenum,
1265 3583 1320 3631 et
1339 3577 1578 3644 morbus,
1609 3585 1663 3633 et
1687 3585 1881 3632 caetera

292 3665 596 3736 huiusmodi
623 3683 636 3731 ;
666 3667 768 3720 alia
808 3667 1004 3736 quibus
1033 3667 1172 3738 apud
1212 3667 1446 3740 seipsum
1479 3685 1584 3723 non
1613 3669 1873 3725 molestiis

289 3760 532 3830 corporis
557 3759 668 3826 sui,
687 3759 782 3814 sed
815 3760 1158 3830 cupiditatum
1191 3775 1406 3816 suarum
1437 3761 1642 3832 laqueis
1671 3763 1880 3817 animus

289 3854 562 3922 puniatur,
589 3853 746 3908 sicuti
773 3861 854 3908 est
881 3853 1157 3920 damnum,
1190 3853 1436 3910 exsilium
1461 3897 1475 3920 ,
1503 3855 1721 3922 orbitas,
1746 3869 1880 3910 con-

287 3947 510 4001 tumelia
532 3988 546 4012 ,
577 3955 630 4000 et
655 3947 736 4002 his
761 3947 954 4001 similia
979 3965 993 4012 ;
1021 3946 1268 4017 quaedam
1313 3962 1440 4002 vero
1485 3961 1590 4002 non
1621 3947 1724 4001 sint
1753 3961 1878 4001 cru-

293 4041 566 4095 ciamenta
587 4081 604 4108 ,
627 4043 716 4098 sed
751 4042 901 4114 quasi
939 4041 1174 4097 fomenta
1212 4051 1265 4098 et
1297 4031 1583 4098 lenimenta
1629 4041 1882 4112 languen-

295 4132 452 4198 tium,
474 4141 532 4188 ut
551 4143 671 4189 sunt
689 4135 1095 4203 consolationes,
1111 4135 1533 4198 cohortationes,
1565 4133 1880 4206 disputatio-

289 4239 426 4290 nes;
461 4233 516 4280 et
541 4241 888 4298 quaecumque
919 4235 1046 4282 sunt
1065 4225 1188 4281 talia
1213 4245 1226 4280 :
1258 4226 1450 4280 horum
1477 4226 1716 4280 omnium
1739 4239 1878 4295 quaa-

287 4317 406 4371 dam
431 4319 592 4373 etiam
617 4335 715 4388 per
741 4321 910 4374 malos
937 4319 1236 4374 nescientes
1269 4325 1522 4388 operatur
1551 4331 1759 4374 summa
1783 4317 1878 4372 Dei

283 4408 506 4478 iustitia,
537 4409 780 4480 quaedam
811 4419 986 4466 autem
1019 4426 1112 4481 per
1135 4411 1368 4465 scientes
1397 4411 1585 4466 bonos.
1621 4409 1874 4465 Nostrum

287 4501 442 4572 igitur
483 4499 584 4555 fuit
625 4503 824 4572 eligere
860 4511 915 4558 et
957 4511 1142 4573 optare
1187 4503 1406 4556 meliora
1428 4543 1440 4566 ,
1470 4511 1530 4556 ut
1553 4502 1619 4556 ad
1647 4511 1876 4556 vestram

287 4593 678 4648 correctionem
706 4593 906 4648 aditum
937 4593 1288 4658 haberemus,
1318 4609 1424 4648 non
1452 4595 1504 4647 in
1533 4593 1878 4648 contentione

289 4691 338 4735 et
363 4683 708 4739 :emulatione
729 4693 784 4740 et
807 4685 1297 4756 persecutionibus;
1321 4683 1414 4740 sed
1449 4691 1724 4738 mansuete
1749 4699 1880 4738 con-

289 4773 506 4828 solando
527 4817 542 4842 ,
573 4775 834 4832 benevole
875 4777 1210 4832 cohortando
1229 4818 1244 4844 ,
1273 4777 1462 4832 leniter
1507 4777 1829 4847 disputando
1859 4791 1873 4832 :

289 4865 418 4920 sicut
449 4869 713 4938 scriptum
741 4877 845 4936 est,
879 4870 1091 4924 Servum
1119 4879 1287 4924 autent
1321 4869 1528 4924 Domini
1559 4887 1656 4924 non
1679 4879 1876 4940 oportet

289 4959 514 5030 litigare;
537 4963 628 5016 sed
647 4963 818 5017 mitem
845 4979 952 5018 esse
974 4964 1042 5016 ad
1057 4979 1247 5030 omnes,
1271 4963 1554 5030 docibilem,
1585 4964 1872 5032 patientem,

289 5049 336 5102 in
363 5053 615 5107 modestia
656 5055 1006 5125 corripientem
1035 5055 1232 5109 diversa
1261 5057 1524 5110 sentientes
1545 5055 1608 5126 (ll
1637 5055 1767 5110 Tim.
1801 5069 1837 5110 tt
1857 5095 1874 5120 ,

289 5143 374 5214 Ἡ,
401 5147 522 5220 25).
554 5148 806 5204 Nostrum
835 5165 964 5221 ergo
987 5151 1084 5206 l'uit
1103 5151 1242 5206 velle
1263 5150 1358 5206 has
1389 5159 1566 5222 partes
1583 5159 1834 5220 expetere
1860 5165 1872 5202 :

1995 1915 2198 1970 Dei~est
2221 1913 2524 1970 volentibus
2549 1921 2604 1972 et
2647 1917 2950 1988 petentibus
2991 1917 3192 1976 donare
3216 1923 3358 1994 quod
3383 1924 3582 1981 bonum

1994 2015 2094 2062 est.

2063 2099 2288 2156 CAPUT
2327 2099 2390 2154 11.
2419 2131 2492 2142 -
2515 2101 2572 2156 2.
2615 2099 2794 2157 Causae
2838 2119 2928 2156 cur
2967 2105 3139 2159 mitius
3176 2108 3427 2178 agendum
3469 2126 3584 2164 cum

1995 2191 2313 2248 Manichwis.
2337 2194 2415 2248 illi
2443 2195 2497 2248 in
2538 2209 2634 2250 vos
2663 2197 2885 2250 saeviant
2905 2239 2919 2264 ,
2949 2198 3038 2267 qui
3069 2201 3314 2254 nesciunt
3337 2217 3456 2256 cum
3480 2217 3588 2272 quo

1993 2285 2173 2342 labore
2219 2303 2404 2342 verum
2453 2287 2791 2356 inveniatur,
2816 2297 2869 2343 et
2913 2305 3070 2362 quam
3109 2289 3325 2348 difﬁcile
3354 2309 3585 2350 cavean-

1993 2385 2078 2432 tur
2118 2393 2351 2433 errores.
2379 2375 2460 2432 liii
2487 2379 2538 2433 in
2583 2394 2679 2434 vos
2706 2381 2926 2435 smviant
2953 2423 2967 2448 ,
2999 2382 3088 2452 qui
3133 2383 3378 2442 nesciunt
3424 2401 3586 2456 quam

1994 2483 2172 2522 rarum
2201 2477 2254 2524 et
2297 2467 2519 2523 arduum
2552 2473 2620 2524 sit
2643 2470 2876 2525 carnalia
2909 2471 3276 2541 phantasmata
3307 2475 3407 2544 piae
3429 2491 3586 2531 men-

1995 2559 2061 2614 tis
2095 2561 2385 2615 serenitate
2425 2575 2700 2630 superare.
2743 2561 2820 2616 Ilii
2848 2561 2902 2616 in
2945 2577 3041 2617 vos
3087 2566 3344 2632 saeviant,
3372 2569 3464 2638 qui
3491 2583 3586 2623 ne-

1993 2651 2302 2707 sciuntcum
2331 2661 2528 2722 quanta
2570 2651 2880 2710 difﬁcultate
2905 2665 3126 2710 sanetur
3153 2657 3336 2712 oculus
3362 2657 3586 2714 interio-

1989 2742 2064 2796 ris
2091 2741 2338 2808 hominis,
2373 2755 2430 2797 ut
2453 2743 2621 2814 possit
2645 2745 2838 2800 intueri
2863 2747 3031 2802 solem
3063 2741 3397 2818 suumﬂion
3424 2753 3583 2806 istum

1989 2851 2147 2905 quem
2187 2851 2281 2890 vos
2323 2837 2498 2890 colitis
2540 2838 2746 2893 cmlesti
2782 2855 3044 2910 corpore,
3075 2843 3244 2898 oculis
3279 2845 3488 2900 carneis
3529 2853 3584 2901 et

1991 2927 2263 2982 hominum
2306 2937 2358 2982 et
2399 2943 2654 2997 pecorum
2704 2929 2990 3000 fulgentem
3036 2943 3194 3003 atque
3243 2935 3580 3004 radiantem,

1989 3019 2082 3074 sed
2111 3019 2258 3073 illum
2287 3019 2353 3073 tle
2383 3035 2488 3089 quo
2511 3020 2770 3089 scriptum
2799 3031 2882 3078 est
2925 3039 3020 3093 per
3045 3025 3361 3095 prophetam
3386 3069 3400 3092 ,
3429 3027 3584 3084 Ortus

1987 3120 2058 3164 est
2083 3111 2206 3163 mihi
2228 3111 2441 3180 justitire
2467 3111 2544 3165 sol
2569 3109 2819 3176 (Malaclt.
2849 3129 2920 3179 tv,
2948 3114 3003 3186 2)
3031 3131 3046 3182 ;
3077 3125 3131 3172 et
3159 3115 3226 3172 de
3253 3133 3358 3188 quo
3377 3117 3580 3176 dictum

1987 3213 2068 3259 est
2097 3205 2148 3258 in
2173 3203 2462 3277 Evangelio
2487 3249 2500 3270 ,
2534 3205 2664 3261 Erat
2705 3207 2875 3262 lumen
2912 3223 3117 3277 verum,
3145 3211 3280 3280 quod
3328 3211 3584 3268 illuminat

1987 3311 2183 3351 omnem
2223 3297 2472 3352 hominem
2507 3299 2784 3352 venientem
2815 3299 2869 3353 in
2897 3301 3032 3354 hunc
3061 3303 3305 3357 mundum
3331 3301 3507 3377 (Joan.
3538 3321 3582 3370 ι,

1987 3387 2169 3482 9)/llii
2198 3391 2252 3446 in
2297 3405 2392 3446 vos
2415 3395 2640 3446 smviant
2661 3433 2676 3459 ,
2704 3393 2794 3463 qui
2819 3395 3064 3449 nesciunt
3102 3397 3294 3468 quibus
3339 3399 3582 3468 suSpiriis

1989 3491 2042 3538 et
2064 3484 2348 3554 gemitibus
2375 3485 2466 3538 tiat
2488 3527 2502 3552 ,
2531 3493 2590 3540 ut
2615 3501 2679 3540 ex
2705 3487 3190 3559 quantulacumque
3234 3501 3384 3560 parte
3412 3493 3583 3561 possit

1989 3574 2208 3645 intelligi
2241 3575 2402 3630 Deus.
2427 3575 2728 3640 Postremo,
2757 3577 2832 3630 illi
2863 3577 2916 3632 in
2939 3593 3033 3632 vos
3059 3580 3300 3647 saeviant,
3329 3583 3418 3652 qui
3441 3597 3579 3636 nuu-

1987 3680 2146 3735 quam
2199 3667 2289 3721 tali
2335 3681 2520 3722 errore
2560 3667 2768 3738 decepti
2813 3677 2973 3737 sunt,
3001 3671 3144 3742 quali
3191 3685 3285 3726 vos
3323 3671 3578 3744 deceptos

1987 3755 2186 3811 vident.

2059 3845 2284 3903 CAPUT
2323 3845 2407 3901 Ill.
2437 3877 2512 3888 —-
2539 3849 2591 3903 5.
2619 3847 2932 3920 Augustinus
2959 3852 3213 3922 quondam
3245 3855 3574 3911 manichwus.

1987 3941 2101 4012 Ego
2128 3949 2304 3996 autem
2326 3941 2416 4011 qui
2442 3941 2531 3996 diu
2557 3942 2888 4014 multumque
2913 3944 3143 4013 jactatus
3170 3947 3380 4002 tandem
3409 3949 3578 4018 respi-

1987 4049 2108 4090 cere
2133 4034 2152 4066 ¹
2180 4033 2326 4103 potui
2357 4033 2482 4104 quid
2517 4033 2586 4090 sit
2623 4035 2712 4089 illa
2741 4035 3052 4106 sinceritas,
3086 4055 3204 4109 quae
3247 4040 3364 4096 sine
3399 4043 3573 4097 inanis

1987 4127 2180 4198 fabula:
2200 4127 2503 4184 narratione
2525 4129 2846 4200 percipitur;
2874 4131 2965 4201 qui
2983 4147 3146 4187 vanas
3169 4133 3576 4206 imaginationes

1986 4221 2148 4276 animi
2199 4221 2304 4276 mei
2331 4221 2495 4278 variis
2539 4223 2878 4292 opinionibus
2913 4225 3290 4298 erroribusque
3323 4227 3576 4283 collectas

1985 4313 2074 4367 vix
2099 4313 2264 4368 miser
2303 4313 2472 4368 merui
2517 4313 2742 4368 Domino
2769 4315 3062 4384 opitulante
3103 4319 3456 4386 convincere;
3483 4321 3576 4390 qui

1986 4421 2072 4460 me
2093 4405 2160 4459 ad
2179 4403 2554 4475 detergendum
2585 4405 2863 4475 caliginem
2893 4409 3086 4462 mentis
3109 4450 3123 4476 ,
3155 4418 3259 4464 tam
3292 4411 3442 4466 tarde
3461 4411 3576 4466 cie-

1985 4501 2317 4556 mentissimo
2341 4499 2548 4556 medico
2569 4501 2778 4555 vocanti
2803 4501 3204 4574 biandientique
3222 4505 3424 4575 subjeci
3446 4524 3460 4570 ;
3485 4507 3576 4578 qui

1985 4593 2078 4648 diu
2105 4591 2246 4658 ﬂevi,
2273 4601 2331 4646 ut
2357 4591 2806 4648 incommutabilis
2833 4603 2885 4648 ct
2907 4595 3308 4652 immacuiabilis
3331 4599 3575 4654 substan-

1987 4685 2058 4740 tia
2093 4683 2496 4738 concinentibus
2525 4683 2719 4738 divinis
2745 4683 2918 4740 Lihris
2949 4703 3068 4742 sese
3097 4689 3224 4742 mihi
3255 4691 3576 4758 persuadere

1985 4778 2304 4833 intrinsecus
2351 4777 2696 4848 dignaretur;
2727 4779 2818 4849 qui
2856 4779 3087 4850 denique
3125 4783 3302 4837 omnia
3349 4784 3432 4837 illa
3475 4783 3576 4852 frg-

1986 4881 2162 4926 menta
2184 4913 2198 4936 ,
2227 4887 2345 4942 quae
2373 4885 2468 4926 vos
2507 4871 2756 4926 diuturna
2785 4873 3171 4929 consuetudine
3197 4875 3492 4944 implicatos
3523 4881 3576 4930 ct

1986 4963 2305 5018 constrictos
2333 4971 2516 5018 tenent
2539 5005 2552 5027 ,
2585 4971 2638 5018 et
2657 4965 2876 5035 quaesivi
2907 4967 3138 5032 curiose,
3165 4975 3220 5021 et
3243 4973 3446 5020 attente
3482 4983 3576 5020 au-

1984 5055 2113 5120 divi,
2143 5063 2197 5110 et
2225 5063 2424 5111 temere
2453 5055 2676 5124 credidi,
2703 5065 2758 5112 et
2785 5057 3046 5113 instanter
3070 5059 3259 5130 quibus
3285 5057 3430 5128 potui
3453 5073 3574 5128 per-

1985 5149 2148 5215 suasi,
2178 5157 2232 5204 et
2257 5150 2513 5206 adversus
2553 5149 2688 5206 alios
2723 5150 3066 5222 pertinaciter
3101 5151 3446 5222 animoseque
3475 5149 3573 5206 de-

1427 5297 1430 5302 '
1463 5281 1750 5322 ADMONITIO
1787 5283 1869 5320 PP.
1909 5279 2391 5322 BENEDICTINOBUI.

347 5379 410 5442 ad
435 5379 798 5429 emendandum
819 5378 994 5430 librum
1017 5387 1180 5430 contra
1199 5379 1452 5442 Epistoiam
1473 5379 1710 5428 atauichzei
1734 5376 2026 5442 contulimus
2049 5378 2290 5442 editiones
2311 5385 2412 5425 Am.
2437 5383 2517 5442 Er._
2551 5383 2604 5442 et
2641 5383 2752 5428 Lor.
2789 5389 2913 5442 cum
2939 5376 3271 5438 antiquissimo
3292 5378 3570 5442 Corbcicns

291 5439 466 5510 codice,
491 5455 602 5510 cum
623 5443 1016 5510 Gemmeticeusi,
1037 5437 1268 5502 Casalino,
1291 5440 1582 5502 Colbertiuo,
1606 5443 1881 5502 Sorbonico,
1903 5440 2155 5490 V'ictorinis
2175 5441 2380 5500 duobus,
2417 5445 2470 5490 et
2490 5439 2680 5490 duobus
2713 5439 2962 5500 vaticanis,
2983 5437 3195 5502 emitque
3233 5443 3377 5492 variis
3399 5437 3568 5492 lectio-

291 5503 428 5554 nibus
447 5505 670 5568 quinque
695 5503 1009 5567 Beigioorum.

361 5609 878 5689 Camparavimus
893 5621 1198 5690 prwterea
1223 5629 1320 5672 cas
1355 5627 1560 5672 omnes
1605 5607 1904 5672 editiones
1925 5605 2114 5674 initio
2151 5607 2318 5667 Retr.
2347 5611 2400 5663 et
2423 5603 2736 5680 Confess.,
2759 5609 2804 5663 t.
2841 5603 3310 5680 1,memoratas.
3399 5607 3484 5668 M.

345 5768 422 5832 (α)
451 5773 664 5836 Scriptus
683 5775 876 5826 circiter
899 5785 1078 5823 annum
1095 5772 1188 5822 597
1199 5809 1204 5818 .

2049 5775 2066 5802 ³
2101 5768 2204 5820 s‘oia
2219 5767 2364 5818 editio
2386 5773 2516 5824 LOV.,
2541 5777 2828 5828 perspicere.
