4052 6470
300 496 409 554 177

299 619 453 667 sunt.
497 607 602 665 Sed
630 607 771 664 absit
789 612 852 662 ut
897 618 998 676 ego
1023 603 1312 676 Evangelio
1354 616 1464 660 non
1509 603 1746 661 credam.
1806 603 1889 662 llli

288 700 445 759 ’enim
474 701 704 758 credens
727 741 742 768 ,
794 714 900 754 non
947 699 1159 754 invenio
1187 697 1454 768 quomodo
1499 697 1698 768 possim
1722 698 1883 753 etiam

299 797 395 852 tibi
417 795 662 852 credere.
693 794 1070 864 Apostolorum
1095 792 1239 847 enim
1279 791 1492 846 nomina
1511 832 1527 858 ,
1558 806 1675 861 quae
1704 790 1776 846 ibi
1813 791 1892 846 le-

297 901 498 964 guntur
523 888 740 962 (Matth.
769 903 824 954 χ,
865 886 998 954 Ξ-ις
1040 884 1209 940 Marc.
1241 901 1320 952 ιιι,
1348 884 1534 950 15-19,
1563 893 1607 938 et
1634 883 1762 938 Luc.
1795 899 1848 940 vl
1869 926 1885 952 ,

303 985 520 1056 15-16),
552 999 663 1039 non
706 983 845 1037 inter
869 995 930 1036 se
953 980 1230 1036 continent
1267 993 1466 1034 nomen
1493 976 1789 1032 Manichaei.
1831 974 1890 1031 ln

294 1077 474 1132 locum
520 1084 699 1130 autem
727 1072 997 1129 traditoris
1021 1069 1220 1127 Christi
1245 1071 1364 1140 quis
1415 1068 1774 1134 successerit,
1834 1068 1890 1122 in

292 1169 687 1241 Apostolorum
719 1167 938 1223 Actibus
968 1164 1192 1236 legimus
1222 1162 1356 1236 (Act.
1387 1178 1426 1229 ι,
1452 1161 1546 1231 26)
1577 1180 1589 1215 :
1635 1161 1721 1215 cui
1751 1160 1890 1216 libro

291 1277 522 1322 necesse
551 1271 636 1318 est
664 1276 750 1317 me
776 1259 1002 1316 credere
1024 1299 1039 1324 ,
1071 1259 1118 1312 si
1163 1255 1324 1312 credo
1376 1253 1669 1325 Evangelio
1691 1294 1708 1320 ,
1751 1267 1889 1323 quo-

290 1359 440 1412 niam
483 1363 769 1424 utramque
806 1351 1140 1422 Scripturam
1186 1347 1434 1403 similiter
1460 1346 1591 1401 mihi
1628 1344 1890 1400 catholica

289 1445 641 1504 commendat
665 1445 975 1500 auctoritas.
1010 1443 1068 1497 ln
1097 1440 1288 1496 eodem
1328 1439 1488 1494 etiam
1517 1437 1652 1492 libro
1699 1436 1767 1492 de
1792 1451 1889 1491 vo-

289 1539 507 1595 catione
534 1547 694 1607 atque
714 1535 1014 1606 apostolatu
1036 1533 1185 1588 Pauli
1207 1531 1626 1602 vulgatissimam
1647 1538 1889 1585 tenemus

291 1630 572 1688 historiam
593 1627 709 1699 (1d.
736 1627 838 1698 ix).
862 1627 1004 1697 Lege
1029 1624 1161 1680 mihi
1181 1623 1314 1694 jam,
1337 1623 1383 1677 si
1413 1631 1566 1692 potes
1583 1662 1598 1687 ,
1630 1620 1685 1676 in
1711 1621 1889 1676 Evan-

292 1723 454 1794 gelio,
482 1723 577 1777 ubi
602 1721 929 1776 Manichacus
959 1717 1234 1790 apostolus
1254 1716 1430 1772 dictus
1453 1725 1566 1782 est;
1593 1715 1676 1771 vel
1703 1716 1758 1770 in
1783 1715 1886 1771 ali-

299 1832 409 1887 quo
434 1815 536 1870 alio
561 1815 723 1882 libro,
768 1815 856 1869 cui
902 1828 990 1868 me
1015 1812 1126 1882 jam
1170 1809 1463 1867 Credidisse
1493 1809 1772 1865 confiteor.
1804 1811 1888 1866 An

296 1909 428 1964 illud
453 1909 690 1964 lecturus
740 1921 830 1973 es,
879 1907 968 1961 ubi
999 1904 1256 1974 Spiritum
1285 1912 1528 1958 sanctum
1558 1901 1886 1973 paracletum

291 2002 554 2055 Dominus
580 1999 828 2070 promisit
867 1994 1188 2068 Apostolis?
1215 1995 1293 2051 De
1333 2010 1438 2066 quo
1460 1995 1580 2050 loco
1607 1993 1729 2050 vide
1758 2004 1889 2066 quot

292 2104 346 2150 et
371 2103 573 2165 quanta
617 2093 763 2160 sint,
805 2108 924 2163 quae
974 2105 1062 2146 me
1089 2098 1348 2146 revocent
1385 2097 1447 2144 et
1469 2087 1780 2144 deterreant
1817 2102 1886 2144 ne

289 2187 585 2244 Ilanichaao
612 2185 853 2242 credam.

356 2278 592 2336 CAPUT
647 2277 726 2333 Vl.
755 2307 828 2319 --
852 2277 907 2332 7.
933 2275 1037 2331 Cur
1090 2275 1380 2346 apostolum
1427 2272 1617 2328 Christi
1657 2289 1710 2328 se
1756 2273 1886 2327 scri-

288 2375 466 2430 pserit.
529 2373 726 2440 Quaero
754 2371 898 2428 enim
924 2413 940 2439 ,
989 2384 1085 2426 cur
1107 2369 1349 2440 epistola:
1377 2367 1536 2437 hujus
1565 2365 1887 2438 principium

289 2470 378 2535 sit,
412 2466 737 2521 Manicheam
781 2465 1045 2537 apostolus
1096 2461 1224 2517 Iesu
1269 2460 1500 2527 Christi;
1531 2469 1585 2516 ει
1615 2475 1722 2514 non
1781 2459 1884 2528 sit,

287 2561 600 2618 Paracletns
623 2560 896 2631 apostolus
921 2559 1046 2612 Jesu
1076 2555 1302 2612 Christi.
1334 2554 1392 2611 Si
1418 2561 1596 2609 autem
1633 2552 1829 2607 missus
1855 2565 1887 2607 a

291 2655 502 2711 Christo
530 2654 834 2709 Paracletns
866 2650 1216 2706 Manichazum
1270 2649 1438 2715 misit,
1469 2662 1564 2702 cur
1595 2647 1735 2717 lego,
1770 2645 1890 2700 Ma-

294 2749 518 2803 nicth
541 2747 806 2818 apostolus
833 2743 959 2799 Iesu
985 2742 1205 2805 Christi;
1233 2749 1288 2796 et
1338 2755 1446 2795 non
1479 2740 1686 2810 potius,
1720 2737 1888 2792 Mani-

293 2839 474 2896 cha-us
504 2838 784 2909 apostolus
814 2835 1078 2891 Paracleti
1099 2835 1123 2888 ‘l
1147 2833 1209 2889 Si
1235 2833 1369 2888 dicis
1391 2833 1563 2902 ipsum
1594 2846 1714 2886 esse
1734 2829 1888 2884 Chri-

297 2946 471 2998 stum,
533 2933 734 3003 quiest
763 2931 924 2986 etiam
981 2928 1212 2998 Spiritus
1258 2934 1511 2991 sanctus,
1564 2925 1889 2980 contradicis

303 3027 397 3098 ipsi
418 3027 713 3097 Scripturaa
733 3068 750 3093 ,
797 3025 888 3080 ubi
921 3023 1182 3079 Dominus
1209 3022 1322 3088 ait,
1359 3019 1427 3074 Et
1454 3021 1612 3074 alium
1640 3018 1889 3073 Paracle-

293 3132 395 3175 tum
430 3121 632 3173 mittam
659 3117 796 3173 vobis
827 3115 1006 3190 (Joan.
1041 3131 1133 3170 le
1161 3155 1177 3183 ,
1213 3115 1325 3184 16).
1383 3112 1442 3167 Si
1488 3122 1664 3166 autem
1691 3109 1888 3164 Christi

295 3227 490 3269 nomen
523 3211 648 3267 ideo
674 3219 822 3266 recte
867 3208 1100 3280 positum
1156 3214 1311 3278 putas
1333 3248 1348 3273 ,
1379 3220 1486 3261 non
1513 3205 1636 3274 quia
1669 3204 1784 3274 ipse
1809 3209 1892 3258 est

291 3301 569 3369 Christus,
621 3301 795 3374 quiet
826 3301 1168 3366 Paracletns,
1203 3297 1298 3354 sed
1326 3300 1448 3368 quia
1494 3295 1734 3366 ejusdem
1766 3301 1892 3350 sunt

292 3395 446 3450 ambo
476 3393 827 3460 substantiae;
856 3391 908 3447 id
957 3399 1072 3458 est,
1129 3406 1238 3446 non
1290 3389 1411 3459 quia
1461 3400 1598 3442 unus
1643 3395 1764 3451 est,
1796 3385 1892 3442 sed

294 3490 412 3560 quia
443 3503 610 3544 unum
654 3494 778 3541 sunt
811 3502 824 3540 :
853 3493 1065 3556 poterat
1111 3493 1166 3539 et
1193 3482 1392 3538 Paulus
1431 3480 1610 3536 dicere
1633 3521 1649 3548 ,
1698 3478 1894 3534 Paulus

294 3581 572 3652 sposmlus
602 3579 699 3634 Dei
729 3579 944 3645 Patris;
999 3577 1128 3649 quia
1172 3576 1306 3632 dixit
1335 3574 1631 3640 Dominus,
1680 3569 1793 3643 Ego
1845 3578 1894 3625 ct

298 3672 453 3730 Pater
497 3691 662 3729 unum
691 3691 865 3730 sumus
890 3672 1001 3747 (Id.
1037 3689 1092 3740 x,
1119 3669 1233 3744 50).
1278 3670 1551 3740 Nusquam
1591 3667 1694 3723 hoc
1729 3666 1888 3722 dicit:

297 3769 389 3826 sed
415 3784 521 3825 nec
548 3770 831 3840 quisquam
889 3767 1267 3838 Apostolorum
1297 3764 1474 3819 Patris
1493 3778 1551 3817 se
1589 3761 1894 3834 apostolum

298 3861 503 3917 scribit.
535 3861 676 3930 Quid
725 3860 824 3916 sibi
849 3874 979 3930 ergo
1004 3859 1123 3914 vult
1147 3858 1248 3913 ista
1276 3857 1486 3912 novitas
1507 3855 1533 3909 ’ἶ
1570 3853 1756 3908 Nonne
1796 3868 1891 3906 vo-

297 3953 383 4008 bis
407 3953 621 4007 vidctur
649 3953 828 4007 nescio
853 3966 1012 4022 quam
1053 3949 1300 4006 redolere
1324 3946 1624 4002 fallaciam?
1661 3944 1819 4000 Certe
1848 3943 1895 4000 si

303 4043 443 4097 nihil
495 4044 746 4098 interesse
773 4044 1064 4098 arbitratus
1103 4051 1187 4097 est
1207 4083 1221 4109 ,
1267 4055 1364 4096 cur
1390 4053 1495 4093 non
1523 4037 1668 4092 varie
1698 4037 1749 4090 in
1777 4035 1896 4091 aliis

303 4135 552 4205 epistolis
598 4137 886 4206 apostolum
914 4135 1114 4190 Christi
1187 4149 1247 4189 se
1326 4133 1604 4198 nominat;
1637 4131 1690 4184 in
1733 4129 1892 4198 aliis,

299 4229 606 4284 Paracleti?
629 4229 730 4286 Sed
759 4229 958 4285 Christi
985 4243 1198 4299 semper
1225 4227 1424 4296 audivi,
1456 4225 1897 4296 quotiescumque

301 4321 476 4374 audivi
511 4339 526 4375 :
583 4320 848 4376 Paracleti
899 4328 1078 4376 autem
1110 4334 1208 4374 nec
1235 4318 1420 4374 semel.
1479 4316 1616 4384 Quid
1645 4315 1746 4370 hoc
1775 4328 1899 4372 esse

299 4426 478 4468 causa:
531 4411 894 4477 arbitramur,
948 4411 1051 4467 nisi
1094 4411 1218 4481 quia
1261 4410 1350 4465 illa
1392 4409 1680 4480 superbia,
1728 4415 1900 4462 mater

299 4505 538 4560 omnium
591 4505 1000 4568 hmreticorum,
1051 4503 1260 4573 impulit
1309 4502 1622 4569 hominem,
1683 4508 1742 4554 ut
1791 4514 1898 4556 non

301 4600 521 4653 missum
550 4614 614 4654 se
642 4614 671 4652 a
701 4598 978 4654 Paracleto
1005 4596 1172 4652 vellet
1199 4595 1368 4651 videri
1393 4611 1408 4662 ;
1470 4595 1566 4651 sed
1613 4595 1685 4648 ita
1715 4607 1899 4649 susce-

301 4705 484 4764 ptum,
537 4702 599 4748 ut
655 4693 771 4763 ipse
817 4692 1126 4748 Paracletns
1178 4691 1484 4747 diceretur?
1539 4689 1690 4745 Sicut
1741 4688 1898 4744 Jesus

299 4784 546 4840 Christus
576 4784 774 4849 homo,
807 4800 912 4838 non
943 4799 972 4837 a
1001 4784 1095 4839 Dei
1119 4782 1277 4850 Filio,
1305 4781 1358 4836 id
1384 4789 1468 4836 est
1490 4781 1700 4835 Virtute
1725 4787 1780 4834 et
1809 4777 1896 4834 Sa-

301 4878 498 4948 pientia
527 4877 623 4932 Dei
648 4919 664 4942 ,
697 4893 792 4947 per
811 4892 970 4948 quam
1004 4875 1142 4931 facta
1166 4883 1290 4932 sunt
1308 4875 1487 4929 omnia
1510 4914 1526 4941 ,
1556 4873 1754 4928 missus
1783 4880 1896 4940 est;

301 4969 395 5024 sed
444 4971 518 5024 ita
577 4979 863 5039 susceptus
909 4967 1201 5024 secundum
1243 4966 1560 5022 catholicam
1609 4965 1802 5031 iidem,
1842 4971 1902 5019 ut

303 5063 415 5132 ipse
441 5072 585 5118 esset
619 5063 714 5117 Dei
738 5062 904 5117 Filius
924 5103 940 5128 ,
974 5061 1028 5116 id
1057 5069 1173 5130 est,
1203 5061 1256 5116 in
1287 5061 1378 5115 illo
1403 5061 1521 5130 ipso
1550 5059 1646 5115 Dei
1673 5059 1901 5130 Sapien-

303 5155 371 5208 tia
399 5153 656 5209 sanandis
701 5153 1071 5224 peccatoribus
1095 5154 1110 5185 ι
1141 5160 1458 5223 appareret:
1491 5152 1569 5207 sic
1594 5165 1653 5207 se
1679 5151 1770 5207 ille
1798 5165 1897 5206 vo-

304 5246 401 5300 luit
425 5263 454 5300 a
476 5247 681 5318 Spiritu
713 5255 898 5301 sancto
919 5288 934 5312 ,
966 5260 1126 5316 quem
1153 5245 1399 5299 Christus
1428 5243 1707 5316 promisit,
1732 5242 1898 5298 videri

303 5352 422 5394 esse
442 5347 774 5410 susceptum.
794 5345 852 5392 ut
873 5337 983 5406 jam
998 5352 1120 5391 cum
1138 5335 1382 5391 audimus
1405 5333 1752 5390 Manicheum
1774 5333 1898 5404 Spi-

306 5429 464 5482 ritum
493 5437 738 5484 sanctum
762 5469 776 5493 ,
801 5427 1158 5497 intelligamus
1183 5425 1481 5497 apostolum
1510 5423 1639 5480 Jesu
1662 5423 1893 5492 Christi,

307 5519 359 5572 id
389 5527 499 5585 est,
529 5519 754 5575 missum
782 5534 812 5572 a
838 5516 965 5573 Jesu
991 5515 1236 5584 Christo,
1259 5515 1350 5587 qui
1375 5531 1497 5571 eum
1531 5531 1592 5571 se
1611 5515 1898 5571 missurum

307 5627 424 5668 esse
449 5613 717 5683 promisit.
745 5611 1045 5683 Singularis
1089 5609 1312 5666 audacia
1339 5609 1477 5677 ista,
1528 5616 1585 5665 et
1631 5609 1898 5665 inell‘abile

306 5705 650 5775 sacrilegium
672 5705 687 5759 l

378 5797 610 5854 CAPUT
635 5797 750 5853 VII.
773 5827 847 5838 —
869 5796 925 5852 8.
959 5794 1274 5851 Manicheam
1304 5792 1529 5863 Spiritus
1551 5801 1754 5848 sanctus
1768 5809 1898 5864 quo-

311 5893 464 5946 modo
492 5892 712 5946 creditus
732 5907 763 5944 a
782 5891 906 5946 suis.
933 5888 1041 5946 Sed
1070 5898 1248 5944 tamen
1275 5900 1479 5958 quaero,
1510 5902 1630 5942 cum
1663 5886 1820 5942 Pater
1843 5894 1900 5944 et

376 6028 394 6057 ⁸
427 6031 504 6074 ετ.
532 6033 586 6077 ει
606 6031 738 6085 t.ov.,
761 6019 1045 6086 pectoribus.
1068 6019 1368 6083 (hstigantur
1406 6030 1471 6069 ex
1494 6026 1593 6070 Am.
1622 6025 1796 6070 etMss.

1725 490 1932 549 LIBER
1968 493 2165 552 UNUS.

3477 509 3584 568 178

1999 609 2164 666 Filius
2189 619 2243 668 et
2265 611 2494 685 Spiritus
2517 623 2733 672 sanctus
2753 658 2771 686 ,
2799 617 2951 676 vobis
2975 618 3138 676 etiam
3160 621 3536 682 conﬁtentibus
3565 664 3584 692 ,

1997 718 2104 757 non
2131 703 2328 774 dispari
2373 717 2563 763 natura
2591 710 2906 780 copulentur
2923 754 2938 779 ,
2984 727 3085 769 cur
3102 713 3373 772 hominem
3403 731 3587 777 susce-

1999 804 2145 865 ptum
2173 811 2201 849 a
2219 796 2415 867 Spiritu
2439 810 2622 857 sancto
2647 802 3017 873 Manichazum,
3040 821 3149 862 non
3177 808 3374 877 putatis
3399 817 3580 880 turpe,

1999 895 2182 942 natum
2211 903 2278 944 ex
2305 899 2531 961 utroque
2555 908 2684 948 sexu
2713 896 3046 965 praedicare;
3095 899 3367 958 hominem
3403 909 3584 958 autem

2000 989 2306 1049 susceptum
2332 980 2401 1034 ab
2427 983 2696 1053 unigenita
2719 986 2990 1058 Sapientia
3019 989 3152 1057 Dei,
3178 1000 3362 1046 natum
3392 989 3461 1048 de
3481 991 3586 1047 vir-

1997 1071 2120 1142 gine
2139 1072 2362 1129 credere
2382 1073 2715 1131 formidatis?
2736 1078 2790 1134 Si
2819 1095 2944 1135 caro
2966 1081 3196 1137 humana
3213 1122 3231 1150 ,
3256 1084 3303 1138 si
3325 1083 3584 1140 concubi-

1996 1170 2082 1217 tus
2106 1162 2240 1230 viri,
2264 1164 2311 1219 si
2335 1173 2519 1222 uterus
2539 1165 2778 1224 mulieris
2801 1185 2907 1226 non
2945 1173 3116 1242 potuit
3143 1173 3423 1244 inquinare
3446 1173 3577 1246 Spi-

1994 1256 2154 1312 ritum
2183 1268 2461 1326 sanctum;
2509 1261 2775 1331 quomodo
2818 1264 2990 1335 potuit
3028 1277 3213 1323 uterus
3235 1268 3457 1340 virginis
3502 1267 3584 1323 iu-

1996 1349 2219 1420 quinare
2249 1351 2342 1406 Dei
2371 1351 2733 1423 Sapientiam?
2771 1354 3094 1413 Manichacus
3117 1375 3245 1430 ergo
3274 1360 3377 1416 iste
3402 1359 3494 1431 qui
3519 1359 3588 1418 de

1995 1449 2180 1496 sancto
2204 1440 2402 1512 Spiritu
2441 1451 2495 1498 et
2535 1445 2839 1515 evangelica
2889 1445 3119 1504 lectione
3159 1449 3455 1520 gloriatur,
3485 1466 3587 1508 ne-
3613 1451 3631 1486 ‘

1996 1546 2146 1588 cesse
2171 1541 2254 1588 est
2280 1534 2432 1590 vobis
2459 1535 2718 1592 concedat
2749 1537 2789 1602 ⁸,
2819 1546 2913 1592 aut
2938 1539 3160 1596 missum
3182 1556 3242 1597 se
3264 1556 3386 1598 esse
3405 1557 3436 1597 a
3461 1541 3587 1612 Spi-

1993 1629 2100 1683 ritu
2123 1642 2308 1684 sancto
2331 1670 2346 1698 ,
2373 1638 2466 1686 aut
2491 1640 2819 1702 susceptum.
2847 1631 2905 1688 Si
2951 1633 3146 1690 missus
3174 1644 3256 1691 est
3275 1675 3291 1701 ,
3321 1635 3586 1696 Paracleti

1999 1737 2061 1778 se
2084 1723 2384 1792 apostolum
2412 1722 2588 1792 dicat;
2639 1725 2685 1780 si
2713 1734 3026 1797 susceptus,
3054 1728 3313 1784 concedat
3335 1729 3386 1784 ei
3409 1729 3588 1785 homi-

1993 1830 2118 1869 nem
2139 1817 2160 1847 ⁸
2188 1825 2413 1872 matrem
2442 1832 2601 1888 quem
2633 1819 2868 1888 suscepit
2893 1820 3194 1890 unigenitus
3219 1819 3418 1888 Filius,
3466 1821 3511 1875 si
3535 1821 3590 1876 ei

1994 1923 2150 1978 quem
2203 1909 2438 1980 suscepit
2477 1909 2706 1980 Spiritus
2731 1920 2947 1966 sanctus
2985 1912 3232 1969 concedit
3280 1923 3335 1968 et
3359 1921 3588 1983 patrem.

1992 1997 2189 2054 Credat
2215 1999 2515 2071 virginitate
2535 2001 2714 2056 Mariae
2743 2002 2978 2058 Verbum
3010 2002 3107 2059 Dei
3134 2019 3242 2059 non
3265 2019 3386 2059 esse
3412 2003 3589 2074 pollu-

1994 2097 2140 2156 tum,
2173 2091 2218 2144 si
2246 2091 2533 2146 concubitu
2562 2101 2842 2162 parentum
2891 2108 3109 2150 suorum
3160 2095 3416 2165 Spiritum
3465 2110 3591 2150 san-

1887 2201 1895 2222 ι
1993 2191 2138 2237 ctum
2159 2198 2263 2238 non
2292 2185 2528 2254 potuisse
2558 2186 2725 2257 pollui
2749 2195 2806 2241 ut
2831 2186 3115 2243 credamus
3144 2187 3408 2244 hortatur.
3433 2188 3590 2257 Quod

1993 2275 2039 2330 si
2067 2276 2309 2332 dixeritis
2332 2319 2349 2346 ,
2407 2293 2513 2333 non
2540 2281 2595 2333 in
2621 2289 2774 2335 utero
2798 2281 2882 2336 vel
2911 2291 3035 2336 ante
3065 2289 3309 2348 uterum,
3339 2282 3435 2338 sed
3474 2282 3590 2353 jam

1992 2377 2175 2422 natum
2202 2368 2554 2425 Manichaeum
2582 2385 2614 2426 a
2639 2370 2842 2441 Spiritu
2887 2380 3074 2429 sancto
3096 2388 3217 2429 esse
3242 2384 3549 2445 susceptum
3568 2416 3588 2444 ,

1991 2461 2186 2518 suflicit
2203 2472 2259 2517 ut
2279 2463 2547 2520 fateamini
2573 2463 2820 2522 habuisse
2847 2480 3062 2522 carnem
3087 2465 3155 2522 de
3174 2467 3289 2523 viro
3308 2476 3364 2524 et
3391 2467 3592 2525 femina

1992 2563 2344 2624 procreatam.
2375 2553 2507 2611 Cum
2552 2557 2692 2612 enim
2734 2572 2830 2613 vos
2879 2572 2986 2612 non
3031 2560 3260 2615 timeatis
3303 2560 3510 2616 viscera
3535 2568 3594 2617 et

1991 2647 2302 2716 sanguinem
2355 2647 2632 2704 Manichaei
2661 2648 2728 2705 de
2756 2649 2989 2706 humano
3031 2652 3315 2707 concubitu
3360 2653 3592 2709 venien-

1993 2729 2142 2807 tem,
2171 2749 2225 2794 et
2250 2741 2496 2795 intestina
2520 2742 2644 2797 limo
2669 2743 2822 2812 plena
2842 2784 2858 2809 ,
2892 2759 3010 2814 quae
3037 2745 3126 2800 illa
3150 2760 3277 2800 caro
3303 2747 3588 2816 gestabat,

1993 2839 2047 2885 et
2072 2829 2156 2886 his
2183 2833 2431 2887 omnibus
2460 2849 2565 2888 nou
2587 2835 3257 2892 credatiscontaminatum
3277 2853 3399 2893 esse
3419 2836 3592 2908 Spiri-

1995 2933 2106 2980 tum
2131 2936 2372 2981 sanctum
2390 2969 2404 2993 ,
2455 2942 2485 2982 a
2512 2943 2618 2998 quo
2647 2929 2794 2985 illum
2823 2930 3095 2986 hominem
3130 2940 3436 3002 susceptum
3467 2946 3592 2989 esse

1993 3017 2248 3074 creditis:
2274 3034 2369 3074 cur
2387 3035 2488 3090 ego
2516 3030 2724 3077 uterum
2751 3023 3061 3094 virginalem
3098 3031 3154 3079 et
3205 3024 3400 3080 intacta
3440 3024 3594 3094 geni-

1994 3111 2119 3166 talia
2153 3110 2494 3168 reformidem
2515 3154 2528 3176 ,
2583 3123 2637 3169 et
2665 3130 2770 3170 non
2802 3119 2982 3185 potius
3005 3115 3222 3173 credam
3261 3115 3593 3189 Sapientiam

1995 3203 2092 3258 Dei
2117 3203 2169 3257 in
2197 3204 2325 3274 ipsis
2354 3205 2611 3260 maternis
2649 3206 2944 3262 visceribus
2972 3207 3188 3263 homine
3207 3218 3456 3280 suscepto
3483 3209 3589 3265 im-

1996 3295 2315 3351 maculatum
2342 3297 2712 3370 sinceramque
2741 3300 3047 3355 mansisse?
3093 3300 3429 3372 Quapropter
3453 3316 3594 3373 quo-

1996 3387 2142 3442 niam
2169 3387 2284 3443 sive
2345 3389 2601 3457 missum,
2647 3390 2762 3445 sive
2807 3400 3113 3462 susceptum
3159 3407 3191 3446 a
3232 3393 3596 3451 Paracletoso

1997 3479 2323 3536 Manichzeus
2347 3489 2525 3538 vester
2549 3482 2811 3552 afﬁrmet,
2857 3483 2988 3538 nihil
3015 3484 3205 3540 horum
3233 3487 3429 3556 poterit
3447 3485 3592 3542 obti-

1997 3584 2128 3628 nere
2153 3591 2167 3627 :
2196 3589 2295 3644 ego
2313 3574 2424 3645 jam
2450 3575 2657 3631 cautior
2679 3590 2855 3647 neque
2879 3577 3104 3634 missum
3127 3593 3253 3635 eum
3276 3578 3460 3647 credo,
3492 3592 3596 3636 ne-

1997 3680 2100 3737 que
2121 3678 2447 3737 susceptum.
2645 3662 2652 3666 ”

2070 3753 2296 3812 CAPUT
2354 3755 2487 3812 Vill.
2536 3789 2608 3800 —
2653 3758 2710 3815 9.
2765 3758 2980 3816 Festum
3041 3761 3230 3817 natalis
3294 3759 3594 3820 Manichaei.

1996 3845 2133 3904 Nam
2160 3847 2301 3918 quod
2351 3848 2558 3905 addidit
2604 3849 2788 3908 dicens
2813 3893 2828 3920 ,
2867 3851 3183 3924 prouidentia
3233 3852 3332 3910 Dei
3381 3853 3598 3922 Patris;

1998 3940 2125 4012 quid
2170 3940 2313 3996 aliud
2359 3942 2581 3998 ambivit
2633 3943 2763 4000 Jesu
2803 3943 3020 4001 Christo
3071 3947 3387 4015 nominato,
3439 3946 3596 4017 cujus

1999 4048 2059 4090 se
2097 4033 2228 4090 dicit
2253 4036 2588 4105 apostolum,
2641 4046 2697 4092 et
2725 4038 2836 4094 Deo
2867 4039 3044 4108 Patre,
3073 4041 3226 4110 cujus
3258 4040 3594 4111 providentia

1998 4127 2220 4182 missum
2264 4141 2325 4182 se
2373 4127 2504 4183 dicit
2543 4143 2573 4183 a
2603 4129 2774 4196 Filio,
2813 4130 2918 4185 nisi
2943 4111 3005 4186 ut
3047 4130 3305 4202 Spiritum
3348 4140 3594 4188 sanctum

2000 4219 2173 4290 ipsum
2227 4220 2442 4274 tertium
2498 4234 2619 4276 esse
2673 4221 3058 4277 crederemus?
3117 4222 3208 4280 Sic
3263 4222 3405 4278 enim
3458 4223 3596 4278 scri—

1999 4312 2078 4368 bit
2102 4331 2117 4369 :
2145 4312 2459 4368 Mauichwus
2483 4314 2744 4384 apostolus
2769 4312 2894 4369 Jesu
2922 4312 3112 4370 Christi
3155 4315 3470 4386 providentia
3495 4316 3597 4370 Dei

2001 4403 2195 4459 Patris.
2224 4404 2456 4475 Spiritus
2498 4415 2716 4462 sanctus
2739 4404 3046 4461 nominatus
3068 4421 3176 4461 non
3199 4416 3284 4463 est
3301 4449 3318 4476 ,
3349 4408 3440 4478 qui
3483 4423 3600 4464 ma-

2003 4498 2150 4553 xime
2195 4497 2382 4554 debuit
2419 4498 2488 4554 ab
2512 4513 2579 4554 eo
2609 4498 2876 4554 nominari
2897 4540 2914 4569 ,
2940 4499 3031 4570 qui
3061 4500 3218 4555 nobis
3241 4501 3598 4571 apostolatum

2003 4606 2156 4647 suum
2201 4591 2458 4646 Paracleti
2507 4591 2864 4661 promissione
2902 4592 3279 4660 commendat,
3327 4601 3387 4649 ut
3430 4610 3597 4650 evan-

2001 4683 2170 4754 gelica
2195 4684 2510 4739 auctoritate
2553 4684 2828 4755 imperitos
2854 4696 3083 4756 premat.
3115 4685 3270 4756 Quod
3294 4701 3416 4742 cum
3436 4701 3468 4741 a
3497 4701 3597 4743 vo-

2002 4776 2087 4832 bis
2105 4776 2360 4846 quzeritur
2382 4817 2398 4844 ,
2424 4777 2762 4847 respondetis
2790 4779 2976 4850 utique
3014 4779 3312 4837 Manichaee
3352 4780 3598 4850 apostolo

2005 4871 2279 4925 nominato
2300 4911 2315 4937 ,
2360 4869 2614 4941 Spiritum
2646 4880 2892 4928 sanctum
2919 4874 3247 4945 paracletum
3287 4875 3550 4930 nominari
3577 4916 3595 4944 ,

2004 4964 2124 5034 quia
2152 4965 2206 5019 in
2249 4965 2367 5034 ipso
2407 4964 2594 5022 venire
2617 4966 2865 5037 dignatus
2908 4975 3012 5025 est.
3041 4967 3237 5038 Quaero
3259 4984 3387 5040 ergo
3409 5008 3427 5036 ,
3458 4968 3599 5024 sicut

2003 5057 2248 5127 superius
2289 5057 2532 5113 dicebam
2555 5100 2570 5126 ,
2622 5075 2786 5131 quare
2811 5061 3144 5118 exhorreatis
3172 5078 3292 5118 cum
3323 5061 3453 5118 dicit
3503 5077 3596 5117 ca-

2005 5150 2200 5205 tholica
2228 5150 2466 5207 Ecclesia
2484 5194 2499 5220 ,
2530 5168 2653 5208 eum
2681 5155 2736 5209 in
2763 5170 2871 5226 quo
2895 5156 3042 5210 venit
3081 5156 3260 5210 divina
3285 5154 3559 5226 Sapientia
3586 5201 3602 5227 ,

2003 5252 2186 5298 natum
2217 5258 2335 5300 esse
2356 5244 2424 5301 de
2445 5247 2650 5318 virgine
2681 5267 2695 5303 :
2727 5264 2848 5304 cum
2870 5263 2967 5305 vos
2992 5263 3115 5304 eum
3135 5249 3190 5304 in
3211 5264 3319 5320 quo
3337 5249 3600 5321 Spiritum

2005 5345 2249 5391 sanctum
2290 5337 2505 5394 venisse
2535 5339 2868 5409 praedicatis,
2919 5347 3103 5394 natum
3151 5339 3219 5397 de
3260 5340 3456 5398 femina
3481 5343 3600 5399 viro

2003 5429 2175 5488 mixta
2219 5430 2351 5485 nihil
2404 5431 2686 5488 horreatis.
2717 5432 2854 5499 Quid
2899 5447 3028 5504 ergo
3055 5432 3203 5489 aliud
3225 5421 3467 5506 suspicer
3498 5453 3598 5493 ne-

2001 5521 2150 5590 scio,
2181 5523 2284 5578 nisi
2312 5523 2438 5598 quia
2467 5524 2568 5580 iste
2611 5524 2967 5594 Manichacus,
3022 5527 3113 5596 qui
3153 5542 3250 5598 per
3268 5527 3469 5586 Christi
3498 5545 3598 5586 no-

2001 5629 2127 5671 men
2157 5615 2224 5670 ad
2276 5597 2646 5686 imperitorum
2700 5615 2909 5672 animos
2957 5597 3164 5675 aditum
3206 5620 3435 5691 quaerit;
3492 5633 3598 5690 pro

2002 5706 2214 5763 Christo
2244 5707 2362 5778 ipso
2387 5722 2446 5764 se
2468 5708 2574 5763 coli
2601 5706 2786 5762 voluit.
2818 5707 2932 5764 Hoc
2953 5709 3094 5767 unde
3119 5713 3398 5783 conjiciam
3415 5753 3434 5780 ,
3471 5711 3599 5770 bre-

2002 5801 2139 5856 viter
2163 5800 2356 5855 dicam.
2404 5799 2537 5855 Cum
2566 5813 2712 5870 saepe
2739 5813 2771 5852 a
2808 5799 2962 5856 vobis
2989 5817 3282 5874 qumrerem
3331 5802 3424 5859 illo
3452 5811 3593 5860 tem-

2068 5892 2087 5962 ξ
2122 5891 2260 5962 aditi,
2283 5904 2474 5962 necesse
2504 5898 2578 5946 est
2599 5898 2651 5944 ut
2681 5891 2817 5944 nobis
2839 5892 3090 5946 madas.
3115 5903 3221 5946 Mss.
3241 5905 3378 5958 vero,
3398 5905 3598 5950 necesse

2002 5959 2074 6006 est
2094 5955 2222 6005 vobis
2238 5956 2484 6006 concedat.

2066 6019 2088 6049 ²
2119 6019 2193 6067 sic
2215 6017 2446 6072 meliores
2467 6026 2572 6072 Mss.
2591 6017 2712 6075 Editi
2727 6026 2869 6078 vero.
