4052 6438
462 334 568 393 183

465 452 727 511 recondita
760 449 921 507 millia
964 448 1406 506 innumerabilium
1442 455 1491 501 et
1531 445 1892 500 immensarum
1929 441 2044 497 the—-

459 562 753 601 murorum.
801 542 925 615 Ipse
966 558 1081 597 uero
1121 541 1279 595 Pater
1316 541 1369 593 in
1408 520 1500 591 sua
1541 535 1691 589 laude
1735 534 2042 606 prtecipuus,

463 638 811 711 magnitudine
859 631 1408 706 incomprehensibilis,
1460 627 1699 699 copulata
1747 625 1892 681 habet
1949 625 2047 680 sibi

463 730 609 785 beata
637 740 684 784 et
711 728 936 801 gloriosa
964 726 1169 791 stecula,
1198 739 1355 793 neque
1389 736 1613 787 numero,
1639 736 1794 787 neque
1833 718 2047 789 prolixi-

464 832 567 879 tate
590 822 908 889 wstimanda,
932 837 1041 875 cum
1062 817 1238 890 quibus
1262 815 1397 869 idem
1422 822 1624 868 sanctus
1658 822 1807 883 atque
1832 811 2045 865 illustris

463 915 624 970 Pater
654 924 702 971 et
745 916 940 987 genitor
966 912 1117 982 degit,
1147 908 1287 963 nullo
1328 909 1381 962 in
1420 908 1584 979 regnis
1627 908 1735 976 ejus
1764 905 2044 976 insignibus

420 1048 421 1051 η
465 1017 554 1062 aut
581 1008 831 1078 indigente
855 1013 940 1059 aut
968 1004 1170 1072 inﬁrmo
1194 1001 1483 1056 constituto.
1512 999 1598 1052 Ita
1636 1007 1801 1053 autem
1826 996 2043 1067 fundata

463 1111 582 1157 sunt
619 1102 843 1173 ejusdem
883 1096 1291 1167 splendidissima
1332 1109 1487 1165 regna
1530 1107 1686 1164 supra
1734 1090 1953 1145 lucidam
1992 1096 2041 1143 et

465 1196 659 1249 beatam
681 1202 884 1258 terram,
908 1201 964 1244 ut
996 1206 1028 1245 a
1053 1188 1191 1245 nullo
1216 1202 1437 1259 unquam
1461 1194 1552 1240 aut
1588 1184 1774 1240 moveri
1813 1190 1900 1238 aut
1919 1197 2041 1237 con-

459 1288 565 1341 cuti
594 1286 805 1358 possint.

528 1378 618 1433 17.
658 1377 783 1432 Haec
821 1375 953 1431 mihi
992 1374 1133 1431 unde
1178 1373 1496 1445 probaturus
1525 1379 1627 1437 est,
1656 1378 1747 1425 aut
1783 1368 1898 1425 haec
1925 1370 2039 1441 ipse

455 1469 598 1525 unde
637 1468 921 1542 cognovit?
963 1468 1077 1522 Noli
1120 1481 1208 1522 me
1252 1474 1453 1521 terrere
1502 1463 1758 1519 Paracleti
1802 1462 2036 1517 nomine.

456 1564 657 1628 Primo,
682 1565 801 1634 quia
832 1577 934 1617 non
976 1561 1193 1617 credere
1220 1559 1505 1629 incognita,
1535 1558 1627 1612 sed
1661 1566 1805 1613 certa
1843 1570 2039 1627 cogno-

456 1672 608 1713 scere
647 1657 863 1720 accessi,
894 1672 923 1709 a
948 1654 1098 1709 vobis
1125 1654 1251 1723 ipsis
1282 1654 1447 1707 factus
1481 1650 1732 1706 timidior.
1761 1650 1871 1705 Vos
1896 1651 2038 1706 enim

457 1749 647 1813 nostis,
677 1757 880 1803 temere
922 1746 1261 1801 credentibus
1287 1760 1443 1815 quam
1478 1743 1821 1799 vehementer
1865 1742 2035 1797 insul-

452 1848 567 1895 tare
608 1842 862 1896 soleatis:
896 1840 1190 1909 praesertim
1238 1853 1357 1892 cum
1412 1836 1546 1906 ipse,
1593 1836 1682 1905 qui
1722 1835 1832 1904 jam
1875 1834 2037 1903 cwpit

453 1932 652 1987 incerta
682 1938 919 1996 narrat,
943 1931 1155 2001 plenam
1195 1944 1258 1984 ac
1298 1928 1505 1983 ﬁrmam
1552 1927 1827 1983 scientiam
1879 1926 2037 1997 paulo

451 2035 576 2081 ante
610 2025 928 2095 promiserit.

524 2120 748 2175 CAPUT
788 2119 925 2174 XIV.
965 2150 1035 2159 ——
1074 2117 1416 2172 Pollicebalur
1459 2132 1627 2170 rerum
1656 2122 1903 2169 certarunt
1946 2130 2033 2168 co-

451 2213 745 2283 gnitionem,
775 2221 822 2265 et
848 2212 1057 2281 imperat
1094 2211 1397 2263 incertarum
1440 2207 1609 2276 ﬁdem.
1660 2206 1881 2271 Deinde,
1906 2220 2037 2275 quo-

453 2304 595 2356 niam
643 2303 686 2356 si
718 2301 846 2355 mihi
877 2302 1009 2356 fides
1049 2300 1353 2371 imperanda
1388 2308 1488 2361 est,
1513 2298 1679 2369 magis
1715 2313 1799 2351 me
1830 2305 2032 2355 teneret

455 2391 542 2445 illa
570 2390 861 2461 Scriptura,
888 2392 975 2445 ubi
1006 2393 1144 2461 lego,
1175 2392 1385 2447 venisse
1413 2390 1666 2460 Spiritum
1689 2397 1949 2456 sanctum,
1982 2397 2036 2445 et

451 2484 738 2552 Apostolos
763 2484 1051 2551 inspirasse
1079 2483 1211 2555 (Act.
1241 2499 1298 2550 ιι,
1334 2482 1471 2553 1-4),
1498 2482 1688 2552 quibus
1709 2497 1830 2537 eum
1859 2482 2037 2536 Domi-

454 2589 556 2627 nus
580 2588 638 2629 se
663 2574 948 2629 missurum
977 2589 1096 2629 esse
1132 2574 1443 2644 promiserat
1472 2573 1646 2645 (Joan.
1676 2589 1787 2641 xw,
1811 2573 1899 2640 16,
1916 2571 2031 2646 26).

455 2666 809 2738 Quapropter,
844 2676 934 2722 aut
958 2683 1019 2723 ea
1053 2684 1171 2739 quae
1192 2667 1340 2735 dicit,
1369 2666 1532 2737 proba
1568 2666 1699 2721 mihi
1737 2683 1862 2722 vera
1890 2683 2030 2736 esse,

454 2769 513 2814 nt
539 2760 788 2815 ostendas
818 2777 933 2831 qua:
963 2777 1068 2815 non
1108 2776 1325 2830 possum
1380 2760 1633 2826 credere;
1674 2769 1764 2814 aut
1796 2776 1915 2815 eum
1945 2761 2035 2831 qui

455 2852 605 2919 dicit,
630 2853 793 2922 proba
836 2853 966 2907 mihi
1002 2853 1258 2923 Spiritum
1287 2861 1525 2907 sanctum
1565 2866 1704 2919 esse,
1736 2860 1794 2906 ut
1820 2852 2034 2908 credam

453 2956 573 3011 qua:
618 2957 724 2997 non
770 2953 921 3012 potes
966 2943 1269 2998 ostendere.
1302 2942 1415 3012 Ego
1461 2958 1688 3012 namque
1719 2942 2035 2997 catholicam

456 3035 615 3090 ﬁdem
641 3035 913 3105 proﬁteor,
945 3044 998 3090 et
1037 3051 1129 3106 per
1154 3035 1295 3089 illam
1325 3049 1409 3089 me
1437 3033 1504 3089 ad
1537 3044 1733 3088 certam
1761 3035 2034 3089 scientiam

454 3138 834 3197 perventurum
887 3142 1004 3182 esse
1051 3142 1313 3197 prmsumo
1362 3145 1374 3180 :
1429 3135 1485 3181 tu
1531 3142 1688 3193 vero,
1741 3126 1830 3198 (μή
1876 3127 2033 3182 ﬁdem

456 3236 632 3278 meam
676 3222 992 3277 labefactare
1034 3222 1261 3285 conaris,
1299 3229 1499 3276 certam
1546 3220 1819 3276 scientiam
1864 3220 2033 3287 trade,

454 3314 500 3368 si
530 3322 711 3384 potes;
744 3323 800 3369 ut
837 3314 889 3369 id
928 3314 1070 3385 quod
1097 3314 1329 3382 credidi,
1370 3324 1571 3369 temere
1617 3329 1703 3369 me
1743 3314 2035 3370 credidisse

455 3409 764 3464 convincas.
798 3409 914 3464 Duo
939 3419 1060 3464 sunt
1087 3426 1206 3481 qua:
1250 3408 1379 3464 mihi
1423 3408 1627 3480 profers
1661 3425 1675 3462 :
1706 3424 1871 3463 unum
1913 3422 2036 3463 cum

456 3499 593 3556 dicis
616 3500 869 3570 Spiritum
891 3513 1131 3557 sanctum
1159 3517 1277 3557 esse
1297 3502 1387 3573 qui
1416 3501 1681 3571 loquitur;
1710 3508 1765 3555 et
1787 3500 2033 3566 alterum,

450 3607 571 3648 eum
590 3594 721 3649 dicis
740 3595 1015 3650 manifesta
1036 3612 1157 3653 esse
1174 3612 1291 3667 quae
1310 3596 1559 3666 loquitur.
1574 3595 1867 3666 Utrumque
1878 3595 1971 3650 abs
1985 3604 2039 3653 te

453 3685 571 3741 sine
590 3686 691 3741 ulla
713 3687 1040 3743 dubitatione
1053 3703 1374 3758 cognoscere
1403 3688 1559 3743 debui
1589 3705 1602 3741 :
1636 3688 1729 3743 sed
1768 3704 1873 3743 non
1920 3702 2037 3743 sum

453 3792 665 3846 avarus;
686 3797 845 3835 unum
866 3780 1053 3835 horum
1074 3782 1225 3837 doce.
1243 3780 1475 3837 Ostende
1495 3780 1636 3837 hunc
1652 3796 1771 3837 esse
1782 3782 2036 3852 Spiritum

455 3879 696 3925 sanctum
723 3912 737 3935 ,
767 3881 821 3926 et
861 3872 1075 3926 credam
1109 3888 1233 3929 vera
1251 3888 1371 3928 esse
1396 3888 1514 3943 quae
1543 3873 1689 3941 dicit,
1708 3873 1914 3929 etiamsi
1944 3888 2039 3929 ne-

452 3960 618 4014 sciam
640 3977 653 4013 :
670 3971 761 4016 aut
776 3962 997 4017 ostende
1010 3976 1137 4017 vera
1149 3977 1266 4018 esse
1280 3979 1397 4033 quae
1412 3962 1561 4032 dicit,
1575 3972 1629 4019 et
1647 3964 1859 4020 credam
1880 3963 2039 4035 Spiri-

453 4057 569 4106 tum
601 4063 842 4108 sanclum
875 4069 1015 4123 esse,
1044 4054 1251 4110 etiamsi
1278 4056 1533 4110 nesciam.
1556 4057 1820 4127 Numquid
1835 4058 2037 4128 aequius

452 4143 957 4200 autbenevolentius
974 4152 1147 4201 tecum
1163 4147 1244 4217 agi
1272 4148 1482 4216 potest?
1498 4148 1603 4203 Sed
1625 4157 1680 4204 tu
1701 4164 1799 4204 nec
1817 4149 1918 4204 hoc
1938 4164 2038 4205 nec

452 4234 582 4289 illud
610 4236 755 4291 vales
780 4237 1082 4292 ostendere.
1112 4236 1253 4292 Nihil
1278 4238 1419 4293 aliud
1437 4240 1641 4310 elegisti
1660 4283 1676 4308 ,
1700 4241 1800 4295 nisi
1825 4241 2037 4297 laudare

455 4328 599 4397 quod
628 4330 820 4397 credis,
844 4339 896 4385 et
922 4329 1142 4386 irridere
1162 4331 1301 4401 quod
1325 4332 1504 4387 credo.
1529 4333 1662 4387 Cum
1694 4333 1853 4403 igitur
1876 4334 2035 4389 etiam

457 4435 557 4491 ego
603 4421 839 4477 vicissim
889 4422 1173 4477 laudavere
1213 4423 1353 4493 quod
1386 4423 1566 4489 credo,
1599 4432 1653 4478 et
1696 4424 1837 4494 quod
1863 4425 2038 4481 credis

454 4513 711 4581 irrisero;
753 4516 877 4585 quid
920 4525 1070 4585 putas
1111 4515 1265 4570 nobis
1293 4530 1412 4571 esse
1444 4514 1808 4585 judicandum,
1846 4517 2039 4587 quidve

454 4606 778 4675 faciendum,
811 4608 911 4663 nisi
940 4618 997 4662 ut
1022 4623 1115 4665 eos
1158 4608 1538 4679 relinquamus,
1571 4610 1661 4680 qui
1688 4625 1785 4665 nos
1816 4610 2040 4665 invitant

455 4711 602 4756 certa
625 4716 964 4772 cognoscere,
993 4710 1046 4756 et
1087 4710 1267 4770 postea
1307 4702 1569 4772 imperant
1602 4709 1659 4756 ut
1687 4702 1885 4757 incerta
1914 4686 2037 4756 cre-

458 4794 680 4859 damus;
710 4803 766 4851 et
783 4810 877 4850 eos
903 4810 1208 4865 sequamur,
1244 4796 1334 4866 qui
1371 4810 1469 4851 nos
1495 4794 1717 4850 invitant
1752 4796 1896 4866 prius
1921 4809 2038 4850 cre-

457 4886 605 4954 dere,
629 4887 770 4957 quod
808 4886 1043 4941 nondum
1080 4887 1321 4943 valemus
1357 4887 1569 4952 intueri,
1597 4895 1656 4940 ut
1680 4888 1789 4957 ipsa
1816 4885 1918 4940 ﬁde
1943 4901 2038 4941 va-

456 4978 714 5036 lentiores
740 4979 886 5047 facti,
913 4980 1055 5050 quod
1093 4979 1360 5035 credimus
1383 4979 1677 5050 intelligere
1713 4994 2034 5046 mereamur,

453 5085 563 5127 non
584 5071 696 5142 jam
733 5072 1057 5139 hominibus,
1087 5072 1182 5127 sed
1225 5073 1341 5142 ipso
1382 5071 1492 5126 Deo
1529 5071 1847 5127 intrinsecus
1889 5086 2040 5126 men-

456 5170 565 5220 tem
594 5172 829 5219 nostram
854 5165 1191 5219 illuminante
1216 5175 1375 5234 atque
1405 5162 1686 5218 firmante?

527 5258 616 5314 18.
659 5258 727 5313 Ει
770 5259 1021 5332 quoniam
1051 5259 1270 5329 quaesivi
1311 5258 1451 5313 unde
1484 5258 1613 5312 mihi
1660 5257 1868 5328 probet,
1899 5273 2039 5315 nunc

453 5366 640 5422 quaero
677 5351 818 5407 unde
847 5352 962 5423 ipse
990 5352 1315 5423 cognoverit.
1354 5351 1411 5407 Si
1438 5350 1567 5406 dicit
1606 5351 1706 5406 sibi
1744 5366 1863 5406 esse
1889 5367 2041 5407 reve-

454 5443 622 5498 latum
651 5458 682 5498 a
720 5443 921 5515 Spiritu
964 5453 1171 5513 sancto,
1212 5459 1470 5514 suamque
1513 5452 1744 5499 mentem
1790 5444 2040 5499 divinitus

456 5536 797 5604 illustratam,
828 5546 889 5592 ut
929 5552 992 5593 ea
1034 5553 1154 5608 qua:
1194 5537 1343 5604 dicit,
1370 5545 1513 5591 certa
1550 5544 1604 5591 et
1633 5535 1913 5592 manifesta
1945 5550 2039 5591 co-

458 5641 775 5699 gnosceret;
820 5632 935 5701 ipse
965 5630 1226 5701 signiﬁcat
1254 5630 1379 5700 quid
1425 5630 1635 5685 intersit
1678 5631 1817 5685 inter
1845 5644 2041 5699 cogno-

458 5738 613 5779 scere
640 5733 693 5779 et
720 5725 961 5779 credere.
981 5725 1097 5794 ipse
1120 5725 1260 5779 enim
1283 5724 1573 5795 cognoscit,
1606 5724 1687 5779 cui
1710 5723 2042 5793 apertissime

458 5813 561 5869 ista
589 5824 951 5872 monstrantur
983 5832 996 5871 :
1039 5815 1117 5871 eis
1152 5822 1326 5871 autem
1348 5815 1536 5885 quibus
1568 5815 1681 5871 haec
1710 5824 1909 5882 narrat,
1934 5829 2041 5871 non

1310 326 1584 386 CONTRA
1620 323 2005 383 EPISTOLAM
2043 323 2424 403 mutuam,

3627 328 3735 385 184

2154 444 2519 514 cognitionem
2552 442 2807 512 insinuat,
2838 443 2933 502 sed
2970 442 3337 502 credulitatem
3387 441 3594 499 suadet.
3634 443 3736 501 Cui

2156 538 2393 607 quisquis
2449 545 2654 595 temere
2702 542 3067 611 consenserit,
3112 543 3433 600 Manichacus
3472 546 3732 615 efﬁcitur;

2155 644 2259 684 non
2287 638 2433 685 certa
2462 632 2852 702 cognoscendo,
2884 632 2978 689 sed
3001 634 3199 690 incerta
3225 636 3519 704 credendo;
3549 642 3739 707 quales

2114 748 2117 751 ι
2154 737 2253 777 nos
2282 723 2558 794 imperitos
2593 725 3017 781 adolescentulos
3058 728 3343 799 aliquando
3371 730 3597 802 decepit.
3627 732 3705 787 De

2152 816 2267 872 buit
2286 834 2414 889 ergo
2441 835 2545 874 non
2589 820 2741 876 nobis
2781 821 3021 891 polliceri
3048 822 3343 887 scientiam,
3367 840 3540 894 neque
3565 827 3735 882 mani.

2151 908 2339 966 festam
2371 914 2747 985 cognitionem,
2780 932 2952 986 neque
2981 916 3046 970 ad
3073 916 3124 971 id
3151 917 3291 987 quod
3322 918 3597 989 qumritur,
3614 920 3738 976 sine

2150 1001 2256 1056 ulla
2300 1005 2643 1075 ambiguitate
2702 1010 3138 1077 perventionem;
3190 1009 3281 1064 sed
3334 1009 3514 1066 dicere
3555 1013 3735 1081 potius

2150 1092 2249 1147 sibi
2275 1093 2375 1149 ista
2400 1110 2518 1151 esse
2547 1106 2861 1163 monstrata,
2890 1100 3008 1155 illos
3028 1110 3203 1155 autem
3234 1101 3424 1170 quibus
3448 1114 3736 1161 narrantur

2148 1184 2367 1239 credere
2392 1185 2494 1241 sibi
2520 1186 2715 1243 debere
2738 1206 2855 1260 quae
2888 1192 3149 1246 nesciunt.
3176 1192 3281 1247 Sed
3311 1194 3353 1247 si
3379 1194 3478 1249 hoc
3505 1193 3731 1263 diceret,

2147 1278 2265 1347 quis
2291 1294 2396 1335 non
2426 1281 2473 1335 ei
2501 1283 2869 1353 responderet,
2900 1285 2956 1339 Si
2982 1300 3112 1356 ergo
3143 1286 3407 1356 incognita
3434 1288 3736 1345 crediturus

2146 1386 2285 1439 sum,
2312 1388 2407 1428 cur
2435 1389 2540 1429 non
2562 1390 2623 1429 ea
2650 1377 2825 1445 potius
2852 1378 3086 1445 credam,
3109 1394 3226 1448 quae
3243 1378 3352 1449 jam
3379 1382 3733 1436 consensione

2146 1464 2421 1522 doctorum
2460 1468 2901 1541 indoctorumque
2929 1460 3289 1539 celebrantur,
3322 1480 3377 1528 et
3422 1489 3519 1543 per
3541 1489 3733 1531 omnes

2116 1564 2121 1567 “
2145 1561 2368 1629 populos
2388 1563 2699 1632 gravissima
2726 1566 3040 1621 auctoritate
3067 1567 3271 1622 ﬁrmata
3299 1569 3462 1624 sunt?
3499 1569 3611 1624 Hoc
3640 1571 3733 1627 ille

2144 1661 2385 1708 metuens
2405 1670 2471 1709 ne
2501 1654 2600 1709 sibi
2630 1656 2914 1722 diceretur,
2938 1655 3163 1713 oﬁ’undit
3183 1659 3403 1715 nebulas
3430 1661 3726 1730 imperitis;

2143 1744 2373 1814 primum
2414 1747 2673 1817 pollicens
2718 1765 2899 1805 rerum
2947 1760 3212 1806 certarum
3259 1753 3631 1823 cognitionem,
3673 1764 3734 1811 et

2143 1843 2326 1905 postea
2356 1836 2681 1893 incertarum
2705 1840 2973 1910 imperans
3003 1841 3184 1896 ﬁdem.
3210 1842 3307 1897 Cui
3336 1853 3511 1899 tamen
3543 1845 3586 1899 si
3623 1846 3727 1901 hoc

2142 1926 2367 1996 dicatur,
2392 1936 2447 1983 ut
2472 1930 2659 1986 saltem
2687 1932 2771 1985 vel
2794 1932 2892 1986 sibi
2915 1932 3028 1987 haec
3053 1932 3240 1988 doceat
3265 1948 3384 1989 esse
3408 1943 3722 2004 monstrata,

2142 2019 2388 2076 similiter
2414 2022 2633 2089 deﬁcit,
2675 2032 2730 2079 et
2769 2025 2869 2079 hoc
2910 2041 3120 2097 quoque
3148 2035 3206 2081 ut
3233 2027 3511 2083 credamus
3553 2029 3724 2099 jubet.

2143 2112 2271 2179 Quis
2316 2112 2447 2169 ferat
2496 2124 2695 2170 tantam
2743 2115 3000 2171 fallaciam
3050 2125 3355 2189 tantamque
3382 2120 3729 2195 superbiam?

2211 2204 2438 2262 CAPUT
2476 2206 2591 2260 XV.
2624 2237 2697 2247 —
2736 2208 2821 2263 i9.
2866 2206 2987 2262 Non
3015 2209 3180 2263 solum
3204 2211 3415 2278 incerta,
3446 2211 3537 2265 sed
3576 2214 3728 2267 etiam

2142 2298 2277 2368 falsa
2301 2315 2408 2352 esse
2435 2316 2549 2371 qua:
2574 2301 2746 2355 tradit.
2802 2301 3201 2356 Deliramentum
3227 2303 3290 2357 de
3317 2313 3450 2358 terra
3497 2312 3542 2358 et
3584 2315 3728 2376 gente

2142 2393 2454 2448 tenebrarum
2474 2396 2625 2465 juxta
2655 2395 2786 2450 latus
2812 2405 2957 2449 terra:
2984 2406 3174 2450 sanctte
3192 2413 3252 2450 ac
3279 2396 3570 2452 substantiw
3608 2398 3722 2452 Dei.

2144 2486 2443 2554 Confutatur
2486 2488 2668 2557 primo,
2711 2488 2831 2557 quia
2880 2498 3075 2543 naturae
3121 2488 3215 2543 Dei
3262 2498 3427 2559 partes
3478 2498 3522 2543 et
3569 2490 3728 2544 latera

2143 2576 2312 2630 tribuit
2343 2587 2578 2647 tanquam
2602 2594 2694 2631 sua
2738 2578 2869 2631 mole
2908 2596 2995 2649 per
3021 2580 3243 2632 locorum
3279 2580 3445 2649 spatia
3471 2580 3728 2634 distenda-

2143 2678 2241 2723 tur.
2274 2669 2431 2736 Quid,
2465 2670 2508 2723 si
2538 2686 2644 2724 non
2681 2672 2853 2725 solum
2880 2672 3100 2737 incerta,
3130 2672 3223 2728 sed
3254 2674 3414 2728 etiam
3445 2675 3575 2728 falsa
3603 2689 3727 2732 esse

2140 2778 2259 2833 qua:
2300 2762 2447 2827 dicit,
2494 2763 2601 2818 Deo
2635 2762 2699 2819 ‘et
2738 2764 2965 2819 Domino
3021 2774 3203 2821 nostro
3253 2766 3383 2821 mihi
3436 2767 3729 2837 opitulante

2140 2856 2550 2911 monstravere?
2592 2856 2727 2924 Quid
2778 2857 3046 2913 infelicius
3078 2859 3177 2913 ista
3221 2860 3596 2929 superstitione
3638 2861 3726 2915 in-

2140 2948 2309 3003 veniri
2341 2958 2532 3018 potest,
2562 2965 2681 3019 quae
2708 2964 2814 3003 non
2852 2950 3012 3004 modo
3039 2966 3145 3005 non
3188 2951 3408 3006 exhibet
3447 2952 3725 3007 scientiam

2141 3055 2297 3110 quam
2343 3039 2605 3110 promittit
2643 3048 2802 3111 atque
2843 3042 3163 3107 veritatem,
3190 3042 3282 3096 sed
3331 3058 3392 3097 ea
3438 3042 3565 3097 dicit
3608 3057 3727 3113 quae

2140 3131 2487 3186 vehementer
2506 3140 2629 3186 sunt
2650 3132 2883 3186 scientiae
2908 3134 3224 3204 veritatique
3241 3134 3542 3207 contraria?
3574 3133 3728 3201 Quod

2141 3222 2195 3279 in
2234 3223 2577 3293 sequentibus
2603 3223 2938 3279 manifestius
2963 3225 3255 3294 apparebit.
3288 3225 3365 3279 Ita
3391 3226 3531 3279 enim
3563 3226 3722 3280 dicit:

2140 3314 2301 3370 Juxta
2345 3333 2498 3369 unam
2541 3333 2654 3371 vero
2702 3325 2897 3387 partem
2953 3333 3011 3369 ac
3056 3317 3189 3371 latus
3230 3318 3441 3371 illustris
3481 3316 3621 3372 illius
3664 3332 3727 3370 ac

2141 3416 2330 3461 sanctae
2367 3416 2510 3461 teme
2560 3415 2668 3461 erat
2706 3408 3021 3462 tenebrarum
3060 3416 3191 3461 terra
3238 3408 3494 3479 profunda
3535 3417 3584 3462 et
3625 3409 3725 3461 im-

2142 3518 2313 3555 mensa
2342 3501 2706 3572 magnitudine,
2739 3501 2791 3554 in
2819 3516 2916 3570 qua
2962 3501 3281 3554 habitabant‘
3308 3502 3454 3570 ignea
3490 3517 3723 3571 corpora,

2142 3609 2323 3663 genera
2362 3593 2547 3646 scilicet
2575 3592 2831 3663 pestifera.
2879 3591 2977 3645 Hic
3018 3593 3231 3660 inﬁnita:
3273 3592 3504 3658 tenebras,
3538 3608 3600 3646 ea:
3642 3608 3727 3646 ea-

2144 3686 2256 3739 dem
2287 3694 2545 3739 manantes
2570 3692 2754 3738 natura
2794 3685 3183 3748 intestimabiles,
3211 3700 3324 3737 cum
3364 3684 3580 3754 prepriis
3607 3683 3725 3754 feti-

2144 3777 2235 3830 bus
2262 3792 2281 3830 :
2326 3776 2462 3830 ultra
2503 3792 2628 3847 quas
2664 3784 2804 3830 erant
2829 3791 2972 3840 aqute
2996 3792 3205 3830 caenosas
3250 3791 3309 3828 ac
3351 3775 3566 3829 turbidae
3610 3791 3727 3828 cum

2142 3868 2247 3923 suis
2292 3867 2746 3931 inhabitatoribus;
2788 3884 3004 3939 quarum
3046 3868 3256 3920 interius
3295 3868 3427 3920 uenti
3464 3866 3726 3920 horribiles

2142 3977 2203 4014 ac
2229 3962 2536 4015 uehementes
2560 3977 2676 4014 cum
2701 3976 2791 4015 suo
2830 3961 3058 4032 principe
3076 3971 3122 4015 et
3146 3960 3471 4033 genitoribus.
3502 3960 3727 4015 Rursum

2140 4053 2280 4125 regio
2317 4054 2463 4126 ignea
2501 4062 2547 4107 et
2580 4051 2919 4123 corruptibilis
2963 4070 3076 4107 cum
3100 4054 3206 4107 suis
3232 4053 3440 4106 ducibus
3485 4061 3531 4106 et
3558 4053 3725 4107 natio-

2143 4144 2306 4201 nibus.
2328 4144 2454 4200 Pnri
2475 4162 2613 4199 more
2636 4146 2908 4201 introrsum
2930 4162 3051 4215 gens
3069 4145 3300 4216 caliginis
3318 4161 3380 4197 ac
3401 4145 3531 4213 fumi
3550 4147 3723 4215 plena,

2142 4238 2197 4292 in
2224 4253 2322 4307 qua
2367 4236 2654 4289 morabatur
2704 4236 2937 4289 immanis
2982 4235 3213 4305 princeps
3258 4235 3481 4288 omnium
3519 4246 3564 4288 et
3595 4236 3722 4303 dux,

2145 4327 2333 4381 habens
2374 4327 2509 4379 circa
2547 4343 2601 4380 se
2635 4323 3019 4379 innumerabiles
3066 4324 3337 4394 principes,
3378 4340 3590 4394 quorum
3618 4341 3727 4379 om-

2144 4420 2284 4473 nium
2310 4419 2419 4486 ipse
2443 4427 2549 4471 erat
2573 4434 2713 4470 mens
2737 4424 2885 4487 atque
2912 4417 3090 4488 origo:
3113 4416 3287 4487 [neque
3308 4418 3507 4487 fuerunt
3532 4425 3726 4471 natura:

2144 4510 2360 4580 quinque
2380 4517 2527 4563 teme
2556 4508 2828 4578 pestiferae.

2213 4602 2303 4657 20.
2345 4601 2402 4658 Si
2447 4601 2650 4656 aerium
2678 4601 2763 4656 vel
2791 4600 2951 4655 etiam
2994 4599 3269 4655 aetherium
3308 4612 3500 4669 corpus
3528 4599 3728 4655 diceret

2144 4707 2265 4749 esse
2289 4701 2531 4747 naturam
2570 4691 2687 4756 Dei,
2726 4691 2966 4760 profecto
3010 4689 3324 4746 irrideretur
3362 4690 3429 4745 ab
3457 4691 3722 4757 omnibus,

2143 4784 2232 4853 qui
2258 4783 2532 4853 sapientiae
2558 4782 2906 4851 veritatisque
2936 4776 3177 4836 naturam
3204 4796 3301 4851 per
3322 4781 3465 4835 nulla
3486 4781 3724 4835 locorum

2144 4875 2313 4944 spatia
2342 4874 2627 4928 distentam
2653 4880 2811 4942 atque
2849 4872 3114 4940 diffusam,
3144 4872 3258 4928 sine
3296 4873 3402 4928 ulla
3442 4873 3585 4927 mole
3610 4886 3726 4927 ma—

2144 4983 2301 5038 gnam
2331 4977 2384 5022 et
2430 4966 2781 5036 magniﬁcam,
2825 4982 2924 5021 nec
2972 4967 3024 5020 in
3070 4975 3221 5036 parte
3264 4966 3548 5031 minorem,
3582 4974 3636 5019 et
3674 4965 3726 5020 in

2144 5066 2296 5129 parte
2322 5058 2598 5129 majorem,
2631 5057 2723 5112 sed
2755 5072 2849 5127 per
2876 5058 3052 5112 omnia
3082 5058 3341 5127 aequalem
3373 5071 3582 5111 summo
3624 5056 3726 5110 Pa-

2145 5155 2235 5219 tri,
2264 5167 2363 5208 nec
2390 5151 2531 5205 aliud
2557 5150 2838 5205 habentem
2869 5149 2954 5204 hic
2973 5158 3026 5205 et
3053 5149 3195 5204 aliud
3237 5150 3383 5215 alibi,
3411 5148 3503 5204 sed
3533 5149 3727 5218 ubique

2147 5246 2427 5315 integram,
2460 5242 2654 5313 ubique
2691 5250 3009 5311 praesentem
3052 5240 3426 5311 qualicumque
3465 5240 3579 5296 acie
3619 5242 3726 5310 jam

2147 5338 2435 5394 serenioris
2461 5337 2654 5391 mentis
2682 5334 2878 5389 intueri
2909 5335 3108 5390 valent.

2217 5427 2440 5484 CAPUT
2479 5425 2619 5481 XVI.
2659 5456 2730 5466 —
2767 5426 3002 5479 Animam
3029 5427 3214 5495 ipsam,
3246 5426 3338 5480 etsi
3363 5425 3618 5479 mutabilis
3640 5426 3728 5491 sit,

2148 5538 2238 5593 per
2276 5520 2440 5590 spatia
2485 5518 2708 5572 locorum
2751 5534 2853 5571 non
2900 5517 3135 5571 distendi.
3185 5515 3325 5570 Nam
3355 5526 3459 5570 tota
3502 5518 3650 5570 sentit
3677 5516 3729 5570 in

2148 5612 2358 5685 singulis
2398 5610 2623 5682 partibus
2643 5609 2887 5680 corporis.
2916 5609 3022 5664 Sed
3047 5608 3172 5678 quid
3213 5608 3384 5663 dicam
3413 5609 3480 5665 de
3504 5610 3729 5665 veritate

2149 5715 2307 5777 atque
2326 5703 2603 5774 sapientia,
2622 5717 2739 5773 quae
2764 5716 2949 5756 omnes
2974 5702 3163 5754 animae
3187 5704 3451 5771 potentias
3479 5708 3726 5774 superat;

2216 5821 2233 5852 ι
2269 5818 2408 5880 Editi,
2433 5814 2661 5869 habitant.
2686 5823 2742 5868 At
2761 5824 2888 5879 ωδε..
2911 5813 3203 5868 habitabant.
