4052 6432
201 537 331 578 cum
371 517 543 589 ipsius
579 517 772 574 animae
811 522 1000 572 natura
1038 528 1157 586 quae
1194 509 1465 569 mutabilis
1508 504 1794 568 invenitur,

205 613 358 670 nullo
383 610 546 666 modo
575 611 814 666 locorum
859 609 1030 678 spatia
1055 605 1280 678 quadam
1325 602 1468 658 mole
1509 614 1604 655 sua
1633 611 1795 653 occuo

204 708 342 779 pet?
370 705 641 777 Quidquid
688 706 830 760 enim
869 703 1102 773 qualibet
1130 699 1480 756 crassitudine
1524 696 1654 763 est‘,
1686 708 1794 748 non

202 809 383 872 potest
421 800 527 854 nisi
575 797 742 854 minui
790 812 887 867 per
925 805 1122 867 partes,
1152 793 1398 849 habendo
1439 789 1581 846 aliud
1628 787 1714 842 hic
1743 795 1796 842 et

203 891 350 947 aliud
375 892 525 946 alibi.
557 879 727 946 Minor
751 898 833 945 est
856 888 1000 944 enim
1027 886 1221 958 digitus
1251 901 1406 957 quam
1439 891 1548 938 tota
1574 895 1792 946 manus;

203 993 254 1037 et
283 984 463 1037 minor
488 992 571 1038 est
592 982 785 1053 digitus
812 996 946 1035 unus
973 994 1130 1050 quam
1158 977 1297 1044 duo;
1338 988 1393 1032 et
1418 975 1542 1031 alibi
1570 981 1652 1030 est
1694 972 1798 1027 iste

203 1074 426 1146 digitus,
449 1074 576 1130 alibi
621 1075 728 1140 ille,
757 1072 882 1128 alibi
909 1079 1100 1128 caetera
1132 1085 1336 1125 manus.
1375 1067 1528 1136 Quod
1565 1080 1672 1121 non
1708 1077 1797 1118 so-

199 1169 314 1224 lum
356 1167 410 1221 in
442 1166 674 1223 molibus
699 1181 983 1236 corporum
1027 1162 1319 1219 articulatis
1339 1162 1360 1194 ¹
1384 1160 1625 1215 videmus
1651 1174 1664 1210 :
1697 1155 1793 1211 sed

201 1259 364 1314 etiam
395 1269 555 1314 terra:
580 1274 702 1328 pars
728 1258 826 1312 ista
858 1273 965 1312 non
992 1265 1075 1312 est
1099 1255 1172 1311 ibi
1211 1254 1300 1309 ubi
1329 1253 1440 1320 illa,
1468 1251 1590 1322 quia
1614 1279 1617 1282 -
1637 1262 1792 1303 suum

202 1351 382 1406 locum
429 1367 658 1422 quaeque
685 1351 890 1406 obtinet
920 1367 934 1406 :
975 1357 1030 1406 et
1057 1364 1178 1420 pars
1206 1345 1448 1402 humoris
1488 1344 1662 1398 minor
1689 1341 1794 1396 mi-

198 1459 346 1506 nore,
381 1451 442 1498 et
476 1443 652 1514 major
684 1443 888 1512 majore
910 1442 1030 1497 loco
1050 1450 1164 1507 est;
1197 1448 1251 1495 ct
1277 1439 1377 1492 alia
1401 1451 1526 1507 pars
1545 1443 1626 1492 est
1652 1435 1792 1490 circa

197 1534 443 1600 fundum,
467 1535 575 1590 alia
603 1536 746 1590 circa
772 1550 894 1591 oras
922 1534 1116 1604 poculi.
1149 1531 1406 1588 Similiter
1448 1529 1587 1584 aeris
1612 1535 1790 1599 partes

197 1641 320 1681 suos
349 1642 580 1697 quaeque
625 1627 850 1697 implent
888 1627 1068 1693 locos;
1114 1640 1214 1681 nec
1240 1623 1357 1679 ﬁeri
1400 1630 1575 1693 potest
1615 1629 1674 1674 ut
1697 1635 1792 1677 aer

197 1733 305 1788 quo
326 1718 584 1789 impletur
604 1719 721 1774 hazc
741 1718 951 1786 domus,
970 1717 1125 1774 simul
1147 1731 1328 1772 secum
1351 1716 1402 1770 in
1424 1714 1608 1770 eadem
1631 1713 1791 1769 domo

194 1815 408 1871 habere
433 1817 599 1886 possit
619 1817 781 1872 etiam
812 1817 961 1872 illum
990 1831 1168 1872 aerem
1189 1829 1348 1886 quem
1371 1813 1532 1869 vicini
1557 1812 1787 1867 habent:

197 1907 444 1978 lucisque
481 1909 650 1979 ipsius
692 1909 798 1963 alia
849 1923 974 1979 pars
1014 1907 1307 1963 infunditur
1335 1923 1429 1978 per
1456 1906 1594 1960 hanc
1640 1904 1789 1959 fene-

195 2007 383 2065 stram,
413 1999 522 2053 alia
567 2015 664 2069 per
702 1999 884 2066 illam;
928 2009 984 2056 et
1012 2000 1183 2070 major
1223 2015 1317 2070 per
1361 1999 1642 2069 majorem,
1693 2011 1792 2066 per

196 2090 460 2144 minorem
506 2100 684 2146 autem
710 2091 905 2146 minor.
935 2090 1045 2146 Nec
1073 2091 1291 2146 omnino
1321 2098 1496 2160 potest
1531 2103 1651 2143 csse
1672 2087 1791 2141 'ali-

197 2181 334 2253 quod
360 2197 584 2253 corpus,
614 2183 728 2239 sive
755 2183 974 2240 caeleste
1013 2184 1128 2238 sive
1151 2190 1424 2249 terrestre,
1451 2182 1563 2236 sive
1586 2179 1788 2235 aerium

198 2275 304 2328 sive
338 2275 645 2341 humidum,
679 2275 821 2346 quod
852 2290 957 2331 non
987 2275 1164 2330 minus
1190 2274 1260 2330 sit
1287 2275 1340 2328 in
1379 2283 1528 2344 parte
1554 2287 1709 2343 quam
1735 2271 1790 2327 in

199 2375 341 2421 toto:
387 2382 567 2436 neque
610 2367 717 2420 ullo
759 2366 922 2421 modo
964 2367 1134 2438 possit
1180 2367 1383 2420 inloco
1427 2365 1583 2436 hujus
1624 2364 1790 2434 partis

200 2459 352 2513 simul
397 2459 602 2514 habere
644 2459 802 2513 aliam
853 2459 1214 2538 partemased
1258 2458 1399 2514 aliud
1440 2458 1526 2512 hic
1566 2467 1618 2512 et
1647 2455 1790 2511 aliud

201 2550 318 2627 alibi
358 2550 570 2605 habens
610 2567 704 2620 per
729 2551 981 2621 quazlibet
1021 2551 1192 2622 spatia
1233 2551 1469 2605 locorum
1501 2549 1716 2604 distanti
1738 2555 1793 2603 et

202 2643 430 2709 dividua,
465 2644 553 2699 vel
594 2644 792 2715 potius,
821 2653 879 2699 ut
905 2645 977 2700 ita
1006 2645 1198 2712 dicam,
1227 2644 1396 2700 sectili
1424 2644 1561 2699 mole
1586 2643 1792 2698 disten-

202 2733 357 2789 ditur.
379 2735 595 2790 Animze
619 2751 751 2792 vero
789 2741 1001 2805 natura,
1040 2737 1250 2792 etiamsi
1290 2751 1394 2791 non
1437 2736 1524 2791 illa
1552 2735 1668 2806 ejus
1700 2749 1793 2806 po-

204 2829 362 2882 tentia
402 2827 781 2884 consideretur
807 2844 912 2900 qua
954 2829 1202 2900 intelligit
1239 2831 1541 2895 veritatem,
1569 2827 1665 2883 sed
1705 2813 1794 2883 illa

205 2921 419 2977 inferior
463 2938 571 2992 qua
619 2923 857 2977 continet
899 2937 1098 2992 corpus
1139 2931 1194 2977 et
1235 2922 1397 2977 sentit
1439 2921 1494 2975 in
1536 2934 1790 2990 corpore;

204 3017 346 3072 nullo
389 3017 554 3073 modo
585 3017 857 3073 invenitur
898 3015 1142 3072 locorum
1193 3015 1380 3086 spatiis
1429 3014 1605 3084 aliqua
1654 3014 1796 3070 mole

205 3107 455 3164 distendi.
505 3108 640 3163 Nam
683 3108 908 3178 singulis
953 3107 1036 3162 sui
1079 3106 1323 3177 corporis
1368 3105 1642 3176 particulis
1685 3111 1796 3161 tota

204 3209 395 3270 pnesto
438 3210 544 3268 est,
577 3215 699 3256 cum
739 3209 851 3256 tota
891 3200 1053 3256 sentit
1096 3199 1148 3253 in
1180 3198 1438 3270 singulis:
1478 3213 1578 3254 nec
1619 3197 1796 3252 minor

204 3307 322 3363 pars
357 3293 480 3364 ejus
519 3294 574 3348 in
605 3292 774 3364 digito
813 3301 924 3360 est,
966 3300 1021 3347 et
1065 3291 1236 3362 major
1280 3291 1332 3345 in
1374 3289 1611 3355 brachio,
1659 3290 1796 3345 sicut

203 3386 313 3456 ipse
339 3387 539 3457 digitus
567 3383 791 3441 brachio
818 3385 995 3440 minor
1020 3390 1133 3450 est;
1168 3381 1262 3438 sed
1289 3381 1484 3452 ubique
1516 3389 1660 3435 tanta
1688 3388 1791 3450 est,

203 3477 323 3548 quia
349 3479 550 3550 ubique
577 3486 689 3532 tota
717 3486 819 3533 est.
843 3477 976 3533 Cum
1001 3477 1141 3531 enim
1173 3475 1404 3546 tangitur
1431 3475 1649 3545 digitus,
1685 3489 1794 3530 non

204 3587 298 3642 per
317 3581 489 3626 totum
519 3586 719 3642 corpus
743 3569 927 3634 sentit,
955 3578 1009 3625 et
1033 3577 1213 3623 tamen
1245 3577 1352 3622 tota
1389 3569 1571 3622 sentit.
1602 3565 1793 3621 Totam

204 3665 344 3720 enim
371 3672 550 3719 tactus
581 3663 673 3718 ille
702 3677 808 3717 non
841 3662 1000 3728 latet;
1042 3659 1186 3732 quod
1217 3675 1320 3714 non
1350 3658 1520 3724 ﬁeret,
1553 3658 1655 3712 nisi
1685 3663 1796 3714 tota

203 3762 401 3825 prmsto
438 3762 604 3810 esset.
650 3751 763 3808 Nec
791 3753 868 3808 sic
896 3759 1004 3807 tota
1041 3758 1241 3823 praesto
1265 3757 1367 3816 est,
1397 3763 1519 3804 cum
1563 3748 1796 3819 tangitur

203 3847 403 3920 digitus
425 3856 484 3902 et
505 3846 669 3902 sentit
689 3846 742 3900 in
768 3844 956 3916 digito,
974 3853 1033 3899 ut
1057 3853 1311 3898 cancrum
1341 3841 1552 3896 deserat
1577 3855 1794 3910 corpus,

204 3949 266 3996 et
293 3954 422 3995 sese
448 3939 518 3992 ad
550 3954 709 3993 unum
742 3938 891 3992 illum
921 3937 1092 3990 locum
1119 3936 1174 3989 in
1204 3947 1312 4005 quo
1341 3933 1502 3988 sentit
1528 3931 1797 4002 agglome—

208 4031 454 4090 ret.Sed
480 4046 601 4087 cum
623 4041 725 4086 tota
749 4031 911 4086 sentit
933 4030 984 4084 in
1007 4028 1173 4100 digito
1194 4041 1405 4094 manus,
1419 4027 1463 4081 si
1485 4025 1622 4081 alius
1648 4025 1798 4082 locus

209 4134 474 4198 tangatur
501 4124 556 4179 in
583 4123 727 4194 pede,
758 4138 859 4180 nec
887 4123 960 4178 ibi
985 4121 1182 4178 desinit
1209 4128 1317 4176 tota
1359 4120 1556 4175 sentire
1591 4136 1603 4173 :
1636 4127 1798 4190 atque

204 4220 279 4273 ita
310 4218 365 4272 in
406 4217 630 4288 singulis
654 4217 976 4272 distantibus
1013 4215 1144 4270 locis
1171 4223 1280 4270 tota
1306 4213 1462 4268 simul
1488 4211 1660 4280 adest,
1690 4227 1798 4267 non

207 4325 372 4365 unum
401 4309 660 4365 deserens
685 4318 743 4364 ut
772 4309 824 4363 in
856 4309 1027 4363 altero
1055 4315 1164 4362 tota
1191 4307 1280 4371 sit,
1305 4321 1478 4376 neque
1499 4306 1570 4359 ita
1597 4313 1799 4360 utrum-

209 4419 312 4474 que
337 4412 528 4458 tenens
552 4412 612 4457 ut
630 4403 788 4458 aliam
817 4413 1023 4472 partem
1045 4401 1132 4455 hic
1154 4399 1369 4465 habeat,
1385 4407 1438 4454 et
1457 4397 1583 4468 alibi
1605 4397 1794 4465 aliam;

209 4494 300 4550 sed
325 4493 601 4550 sufﬁciens
627 4493 885 4550 exhibere
915 4507 974 4547 se
1005 4491 1229 4561 singulis
1254 4490 1386 4545 locis
1417 4490 1574 4544 simul
1607 4497 1796 4558 totam,

209 4589 457 4660 quoniam
502 4596 612 4644 tota
641 4588 806 4643 sentit
849 4587 904 4640 in
947 4585 1191 4657 singulis,
1221 4583 1350 4639 satis
1378 4581 1610 4638 ostendit
1635 4596 1695 4638 se
1722 4581 1800 4638 lo-

214 4697 397 4736 corum
423 4681 613 4752 spatiis
641 4695 749 4734 non
776 4679 970 4734 teneri.

274 4775 508 4832 CAPUT
534 4772 1043 4831 XVII.—Memoria
1063 4772 1199 4842 capit
1221 4767 1555 4823 maximorum
1572 4766 1800 4821 locorum

209 4870 475 4940 imagines.
505 4868 666 4937 Quid,
694 4868 739 4923 si
765 4866 881 4937 ejus
904 4864 1215 4920 memoriam
1238 4862 1551 4932 cogitemus,
1579 4875 1686 4915 non
1707 4874 1798 4914 re-

209 4977 324 5015 rum
358 4961 794 5030 intelligibilium,
825 4957 919 5013 sed
947 4957 1134 5012 harum
1155 4969 1533 5024 corporearum
1559 4968 1720 5022 quam
1747 4960 1801 5007 et

207 5055 397 5112 bestia:
433 5055 633 5110 habere
664 5053 968 5109 sentiuntur
996 5052 1151 5119 (nam
1179 5058 1234 5104 et
1262 5064 1355 5118 per
1388 5047 1503 5102 loca
1534 5055 1657 5101 nota
1684 5046 1800 5102 sine

208 5165 392 5206 errore
416 5150 660 5221 jumenta
693 5154 938 5218 pergunt,
962 5153 1017 5200 et
1043 5143 1237 5198 cubilia
1269 5156 1365 5196 sua
1388 5141 1408 5173 ³
1431 5139 1615 5194 bestiae
1640 5153 1799 5209 repe-

211 5252 330 5298 tunt
350 5285 368 5311 ,
399 5251 453 5298 et
479 5256 642 5297 canes
672 5239 1013 5296 dominorum
1043 5251 1262 5306 suorum
1290 5249 1515 5304 corpora
1543 5247 1802 5304 recogno-

211 5343 388 5403 scunt,
417 5344 475 5390 et
501 5333 833 5389 dormientes
860 5331 1171 5402 plerumque
1197 5329 1601 5383 immurmurant
1619 5366 1634 5393 ,
1667 5334 1720 5380 et
1747 5325 1801 5381 in

213 5427 463 5483 latratum
493 5427 781 5498 aliquando
808 5432 1116 5494 erumpunt,
1142 5420 1282 5493 quod
1312 5421 1458 5474 nullo
1488 5419 1648 5473 modo
1680 5432 1802 5487 pos—

209 5530 333 5575 sent
372 5519 476 5574 nisi
518 5520 576 5574 in
602 5534 790 5576 eorum
819 5516 1080 5572 memoria
1107 5515 1343 5568 visarum
1371 5526 1550 5566 rerum
1584 5511 1668 5565 vel
1707 5524 1803 5580 per

209 5626 406 5683 corpus
445 5620 732 5681 utcumque
771 5623 1048 5665 senserunt
1083 5611 1426 5660 versarentur
1471 5597 1799 5678 imagines);

270 5730 290 5762 ⁸
326 5733 395 5778 Ita
417 5735 526 5778 Mss.
550 5733 606 5777 At
627 5726 764 5782 editi,
791 5721 1104 5776 crassitudine
1127 5718 1433 5782 distenditur.

270 5793 294 5824 ²
329 5791 449 5840 Editi
466 5825 482 5851 ,
511 5789 568 5841 in
607 5779 857 5851 mobilibus
920 5797 1175 5851 corporum
1219 5779 1462 5851 articulis.
1500 5779 1802 5842 castigantur

210 5852 391 5916 milia
415 5847 602 5904 veteris
623 5850 934 5916 manuscripti
955 5847 1275 5916 Cdrbeiensis.
1567 5904 1577 5914 ι
1618 5903 1646 5916 η

273 5917 298 5950 ³
331 5915 469 5980 aditi,
497 5921 546 5968 et
565 5911 788 5968 cubicula
807 5910 912 5968 sua.
933 5912 1232 5974 castigantur
1255 5921 1321 5960 ex
1341 5910 1695 5969 manuscriptis.

1626 380 1830 444 LIBER
1862 381 2065 444 UNUS.

2645 471 2650 480 .
3363 412 3466 472 186

1913 507 2030 576 quis
2053 507 2212 580 digne
2238 510 2466 583 cogitet,
2497 512 2587 570 ubi
2613 513 2888 588 capiantur
2920 517 3035 577 ista;
3071 520 3354 595 imagines,
3385 529 3476 586 ubi

1904 609 2196 673 gestemur,
2225 605 2309 660 vel
2340 606 2427 661 ubi
2469 605 2801 666 formentur?
2838 610 2895 668 Si
2925 613 3068 668 enim
3113 630 3219 671 non
3259 629 3479 688 possent

1903 710 2024 752 esse
2050 699 2280 768 majores
2322 717 2482 773 quam
2523 706 2692 761 nostri
2730 708 2971 778 corporis
3000 708 3268 781 quantitas
3294 721 3475 786 tenet,

1847 851 1860 862 η
1895 779 2105 845 diceret
2129 791 2354 862 aliquis,
2386 796 2524 852 intra
2553 798 2667 867 ipsa
2691 799 2775 854 sui
2810 779 3053 870 corporis
3079 805 3248 874 spatia
3283 779 3478 876 quibus

1899 890 1956 936 et
1984 881 2072 937 illa
2097 883 2450 953 concluditur,
2481 888 2578 944 has
2608 890 2861 962 imagines
2885 894 3116 950 animam
3144 897 3370 966 ﬁgurare
3394 908 3480 954 at.

1901 988 2006 1043 que
2032 989 2266 1032 servare.
2285 975 2436 1033 Nunc
2454 994 2579 1035 vero
2595 996 2714 1036 cum
2735 985 3069 1056 perexiguam
3094 995 3252 1044 terra:
3270 997 3476 1059 partem

1900 1077 2123 1138 occupet
2152 1083 2375 1139 corpus,
2408 1070 2793 1130 immensarum
2837 1077 3112 1146 regionum
3157 1088 3211 1134 et
3247 1080 3370 1136 caeli
3411 1096 3473 1138 ac

1901 1166 2056 1214 terrae
2081 1160 2336 1232 imagines
2359 1164 2568 1221 animus
2592 1168 2774 1233 volvit,
2802 1169 2992 1238 quibus
3019 1173 3327 1228 catervatim
3355 1173 3474 1228 dis-

1907 1252 2218 1310 cedentibus
2242 1270 2305 1312 ac
2355 1258 2760 1315 succedentibus
2786 1276 2890 1316 non
2917 1262 2972 1316 ﬁt
2995 1277 3250 1335 angusms
3277 1283 3290 1319 :
3315 1275 3476 1336 atque

1898 1344 2024 1402 hinc
2051 1362 2110 1403 se
2138 1349 2373 1404 ostendit
2411 1366 2517 1406 non
2556 1351 2804 1408 diffusum
2851 1369 2969 1409 esse
3006 1371 3103 1426 per
3144 1357 3321 1422 locos,
3350 1359 3476 1428 quia

1897 1439 2253 1496 maximorum
2283 1442 2523 1498 locorum
2564 1444 2883 1516 imaginibus
2921 1462 3027 1501 non
3065 1449 3214 1518 quasi
3245 1451 3473 1519 capitur,

1897 1531 1992 1584 sed
2024 1531 2196 1600 potius
2225 1548 2316 1589 eas
2342 1536 2509 1604 capit;
2541 1550 2648 1590 non
2689 1538 2807 1592 sinu
2847 1537 3055 1609 aliquo,
3083 1538 3174 1594 sed
3202 1541 3250 1593 vi
3283 1549 3476 1610 poten-

1900 1622 2073 1694 tiaque
2100 1623 2385 1694 ineffabili,
2427 1642 2530 1697 qua
2568 1628 2693 1682 licet
2719 1629 2797 1684 eis
2824 1638 2878 1685 et
2900 1629 3097 1686 addere
3122 1631 3392 1701 quodlibet
3421 1641 3476 1689 et

1895 1713 2200 1784 detrahere,
2230 1725 2285 1772 et
2312 1718 2364 1772 in
2390 1726 2671 1790 angustum
2697 1735 2788 1775 eas
2812 1721 3150 1788 contrahere,
3178 1732 3231 1776 et
3257 1739 3351 1792 per
3371 1723 3474 1779 im-

1896 1826 2078 1866 mensa
2103 1812 2428 1881 expandere,
2459 1823 2510 1870 et
2539 1815 2787 1869 ordinare
2809 1824 2865 1869 ut
2889 1815 3035 1880 velit,
3064 1824 3118 1870 et
3147 1816 3479 1888 perturbare,

1895 1913 1951 1959 et
1988 1906 2377 1976 multiplicare,
2423 1917 2477 1964 et
2521 1908 2586 1964 ad
2629 1896 2951 1980 paucitatem
2991 1909 3486 1982 singularitatemvo

1899 1997 2159 2068 redigere.
3467 2065 3470 2072 ,

1966 2091 2191 2148 CAPUT
2213 2093 2398 2148 XVIII.
2427 2124 2499 2135 —
2519 2093 2845 2167 Intelligendi
2870 2100 3089 2166 potentia
3114 2095 3178 2150 de
3203 2109 3372 2151 rerum
3398 2113 3486 2152 ve-

1894 2183 2043 2237 ritate
2071 2184 2228 2254 deque
2249 2188 2361 2254 ipsa
2381 2187 2685 2257 cogitatione
2705 2187 2925 2258 iudicat.
2959 2187 3097 2254 Quid
3131 2187 3253 2258 jam'
3287 2188 3353 2243 de
3390 2189 3481 2246 illa

1896 2274 2084 2346 loquar
2107 2277 2361 2347 potentia,
2385 2278 2826 2350 quaintelligitur
2846 2280 3062 2343 veritas,
3086 2294 3190 2350 qua
3211 2279 3326 2333 istis
3349 2279 3480 2348 ipsis

1895 2385 2014 2439 quae
2039 2369 2106 2424 de
2129 2371 2368 2440 corporis
2397 2385 2556 2426 sensu
2587 2370 2790 2426 haustae
2819 2371 3130 2444 ﬁgurantur,
3156 2371 3476 2442 imaginibus

1898 2478 2018 2519 sese
2049 2479 2143 2533 pro
2169 2466 2390 2520 veritate
2419 2466 2810 2536 opponentibus
2843 2481 3032 2536 magna
3063 2465 3344 2520 vivacitate
3390 2479 3480 2520 re-

1897 2555 2143 2609 sistitur?
2169 2555 2281 2623 Qua
2311 2557 2519 2612 videtur
2544 2557 2722 2624 aliam,
2755 2557 2905 2612 verbi
2935 2557 3124 2628 gratia,
3156 2571 3338 2612 veram
3359 2570 3482 2614 esse

1897 2647 2292 2718 Carthaginem,
2324 2649 2482 2704 aliam
2508 2666 2666 2721 quam
2699 2651 2936 2721 cogitans
2962 2651 3146 2722 ﬁngit,
3178 2659 3234 2707 et
3261 2666 3356 2721 pro
3383 2665 3483 2707 suo

1898 2738 2120 2793 arbitrio
2164 2747 2272 2793 tota
2311 2738 2564 2796 facilitate
2611 2749 2948 2798 commutat:
2978 2758 3044 2797 ex
3085 2743 3270 2798 eadem
3298 2742 3482 2798 venire

1899 2827 2152 2886 facilitate
2198 2830 2614 2888 innumerabiles
2658 2833 2904 2898 mundos,
2950 2834 3005 2889 in
3049 2834 3242 2906 quibus
3268 2833 3486 2903 Epicurl

1847 2958 1850 2960 η
1899 2925 2149 2996 cogitatio
2214 2925 2673 2982 innumerabiliter
2729 2928 3064 2998 peregrinata
3120 2935 3257 2983 est:
3306 2935 3380 2994 et,
3414 2940 3484 2983 ne

1898 3018 2065 3073 multa
2103 3026 2416 3087 consecter,
2467 3034 2534 3074 ex
2577 3019 2764 3076 eadem
2814 3021 2996 3076 venire
3038 3019 3287 3075 facilitate
3327 3019 3483 3074 istam

1903 3120 2100 3165 terram
2126 3112 2261 3166 lucis
2290 3127 2384 3181 per
2412 3113 2582 3184 Spatia
2611 3112 2816 3168 inﬁnita
2844 3113 3090 3168 diffusam
3111 3155 3127 3182 ,
3155 3121 3210 3169 et
3247 3113 3482 3183 quinque

1899 3211 2050 3257 antra
2085 3205 2259 3272 gentis
2290 3203 2630 3259 tenebrarum
2671 3219 2792 3260 cum
2841 3204 3227 3261 habitatoribus
3253 3204 3364 3260 suis
3384 3246 3398 3271 ,
3431 3203 3486 3260 in

1901 3297 2093 3368 quibus
2135 3297 2412 3352 Manichaei
2458 3299 2827 3369 phantasmata
2869 3299 3107 3354 veritatis
3146 3299 3247 3354 sibi
3288 3312 3487 3354 nomen

1901 3405 2029 3445 ausa
2055 3397 2180 3444 sunt
2205 3405 2484 3461 usurpare.
2512 3391 2650 3459 Quid
2676 3400 2758 3447 est
2789 3407 2918 3463 ergo
2948 3391 3063 3447 haec
3103 3391 3339 3463 potentia
3367 3406 3487 3462 qua!

1899 3482 2000 3538 ista
2049 3482 2344 3539 discernit?
2391 3482 2637 3540 Profecto
2687 3492 3112 3556 quantacumque
3155 3485 3259 3551 sit,
3303 3493 3358 3540 et
3403 3482 3490 3539 his
3547 3535 3564 3550 ,

1900 3575 2148 3631 omnibus
2180 3575 2352 3646 major
2379 3585 2462 3632 est
2481 3617 2497 3642 ,
2526 3585 2580 3632 et
2608 3577 2724 3632 sine
2757 3576 2868 3632 ulla
2899 3577 2990 3632 tali
3015 3592 3196 3633 rerum
3227 3577 3489 3648 imagina-

1900 3667 2049 3722 tione
2086 3669 2367 3738 cogitatur.
2409 3668 2542 3723 Iiuic
2583 3668 2763 3724 inveni
2811 3669 3012 3739 spatia,
3055 3669 3102 3724 si
3130 3677 3311 3739 potes;
3345 3666 3486 3723 hanc

1901 3758 2137 3815 diffunde
2159 3775 2256 3831 per
2279 3760 2445 3828 locos,
2469 3759 2607 3814 hanc
2633 3759 2853 3815 inﬁnitae
2873 3760 3030 3815 molis
3054 3767 3263 3814 tumore
3285 3755 3490 3814 disten-F

1901 3851 1988 3908 de.
2036 3852 2284 3907 Profecto
2327 3853 2373 3907 si
2416 3851 2554 3906 bene
2595 3852 2835 3922 cogitas,
2865 3867 2974 3906 non
3002 3860 3173 3923 potes.
3205 3849 3478 3922 Quidquid

1902 3944 2046 3999 enim
2095 3943 2187 3999 tibi
2237 3944 2345 4000 tale
2381 3943 2707 4008 occurrerit,
2751 3943 2959 4012 judicas
3005 3943 3118 4015 ipsa
3168 3942 3492 4014 cogitatione

1902 4038 2075 4095 secari
2123 4051 2282 4106 posse
2330 4051 2425 4106 per
2471 4043 2685 4106 partes,
2725 4033 2964 4105 facisque
2993 4033 3067 4090 ibi
3095 4034 3253 4088 aliam
3280 4042 3490 4104 partem

1903 4132 2194 4198 minorem,
2219 4130 2374 4184 aliam
2407 4129 2686 4199 majorem,
2709 4137 2965 4200 quantum
2998 4129 3208 4198 placet;
3237 4127 3364 4183 illud
3393 4143 3490 4184 au-

1904 4233 2012 4281 tem
2057 4224 2226 4294 ipsum
2270 4237 2378 4294 quo
2407 4221 2506 4277 ista
2531 4221 2738 4292 judicas
2757 4261 2773 4288 ,
2804 4223 2982 4277 cernis
3013 4235 3134 4278 esse
3162 4236 3323 4290 supra
3351 4220 3488 4289 ista,

1902 4331 2011 4372 non
2038 4316 2140 4370 loci
2168 4314 2466 4381 altitudine,
2491 4313 2586 4369 sed
2615 4313 2874 4383 potentiae
2899 4313 3179 4383 dignitate.

1972 4407 2200 4464 CAPUT
2238 4405 2379 4462 XIX.
2403 4436 2477 4446 —
2494 4405 2585 4461 21.
2614 4405 2677 4461 Si
2698 4405 2871 4462 anima
2897 4421 2988 4476 per
3022 4404 3160 4459 locos
3184 4412 3487 4459 nonexten-

1904 4500 2063 4567 ditur,
2107 4499 2267 4554 multo
2311 4499 2479 4552 minus
2522 4497 2680 4553 Deus.
2727 4497 2922 4565 Quare,
2968 4496 3015 4552 si
3059 4497 3291 4553 animam
3333 4498 3491 4555 toties

1904 4593 2240 4660 mutabilem,
2269 4594 2382 4647 sive
2410 4591 2672 4646 variarum
2700 4591 3035 4646 voluntatum
3063 4592 3240 4660 turba,
3265 4592 3377 4648 sive
3405 4591 3489 4647 af-

1906 4686 2132 4743 fectibus
2161 4699 2258 4756 pro
2279 4699 2458 4741 rerum
2483 4684 2634 4752 c0pia
2660 4683 2747 4739 vel
2776 4683 2952 4754 inopia
2978 4698 3099 4740 sese
3123 4682 3482 4752 flectentibus,

1903 4779 2018 4835 sive
2047 4777 2178 4848 ipsis
2205 4775 2685 4832 innumerabilibus
2712 4774 2854 4831 ludis
2881 4775 3307 4846 phantasmatum
3325 4817 3341 4842 ,
3373 4770 3487 4831 sive

1904 4870 2171 4925 oblivione
2195 4877 2250 4924 et
2279 4868 2535 4924 memoria
2561 4911 2577 4937 ,
2607 4868 2718 4923 sive
2745 4867 2985 4923 doctrina
3021 4876 3076 4924 et
3118 4867 3406 4938 imperitia;
3438 4865 3486 4922 si

1905 4979 2034 5036 ergo
2058 4963 2311 5028 animam,
2343 4970 2404 5017 ut
2425 4962 2570 5031 dixi,
2603 4961 2687 5018 his
2717 4971 2874 5032 atque
2903 4961 3207 5032 hujusmodi
3233 4958 3486 5013 motioni-

1904 5057 2003 5112 bus
2033 5055 2188 5111 toties
2217 5055 2547 5119 mutabilem,
2577 5054 2742 5110 sentis
2771 5069 2878 5110 non
2903 5052 3123 5108 diffundi
3160 5049 3482 5120 extendique

1910 5140 2198 5222 perlocos,
2225 5148 2319 5204 sed
2347 5149 2524 5203 omnia
2552 5147 2676 5204 talia
2706 5147 2876 5216 Spatia
2918 5145 3168 5215 potentiae
3207 5142 3487 5200 vivacitate

1907 5257 2196 5313 superare:
2227 5240 2353 5312 quid
2392 5240 2459 5296 de
2498 5239 2615 5310 ipso
2651 5239 2760 5294 Deo
2790 5235 3127 5309 cogitandum
3170 5241 3264 5289 aut
3298 5235 3484 5291 existi-

1906 5333 2160 5390 mandum
2186 5340 2298 5398 est,
2329 5331 2418 5401 qui
2447 5345 2607 5402 supra
2635 5345 2823 5385 omnes
2851 5325 3140 5383 rationales
3164 5335 3370 5382 mentes
3401 5327 3489 5382 in-

1906 5439 2198 5484 concussus
2217 5431 2376 5495 atque
2402 5421 2852 5480 incommutabilis
2873 5433 3115 5486 manens,
3139 5419 3320 5474 tribuit
3337 5417 3485 5490 quod

1906 5523 2096 5594 cuique
2139 5518 2480 5576 tribuendum
2516 5517 2636 5574 est?
2671 5514 2841 5583 Quem
2887 5513 3095 5569 facilius
3119 5513 3297 5585 eloqui
3327 5513 3489 5570 audet

1907 5615 2105 5683 anima,
2134 5627 2293 5684 quam
2319 5611 2537 5667 videre:
2561 5616 2616 5664 et
2644 5623 2804 5678 quem
2833 5615 2978 5663 tanto
2999 5607 3174 5662 minus
3199 5607 3489 5678 eloquitur,

1881 5719 2104 5782 quanto
2143 5709 2402 5766 sincerius
2442 5704 2624 5760 videre
2667 5703 2916 5775 potuerit.
2957 5703 3060 5773 Qui
3091 5711 3266 5760 tamen
3308 5701 3388 5769 si,
3434 5706 3494 5756 ut

1909 5803 2319 5859 Manicbteorum
2346 5798 2714 5868 phantasmata
2742 5806 3118 5868 perstrepunt,
3147 5796 3387 5852 locorum
3418 5807 3487 5849 ex

1911 5911 2014 5953 una
2043 5904 2195 5967 parte
2218 5889 2592 5961 determinato,
2624 5905 2690 5948 ex
2719 5891 2837 5949 aliis
2863 5891 3132 5948 immenso
3157 5886 3330 5959 spatio
3365 5894 3492 5958 tene
