4016 6416
574 424 680 489 ιετ

577 546 798 603 dcretur
819 558 834 597 :
856 534 1201 614 quantaelibet
1226 536 1279 594 in
1300 551 1365 594 co
1392 534 1687 607 particulae,
1719 536 1773 586 et
1802 524 2163 586 innumerabi-

576 638 649 695 lia
697 638 863 694 frusta
907 635 1010 691 alia
1050 633 1288 704 majora,
1343 630 1444 685 alia
1489 628 1694 684 minora
1735 634 1833 697 pro
1877 622 2160 696 cogitantis

576 731 799 787 arbitrio
824 729 1169 791 metirentur;
1198 732 1258 779 ut
1284 718 1546 792 bipedalis
1574 720 1627 774 in
1659 733 1753 786 eo,
1786 717 1932 773 verbi
1953 716 2118 787 gratia
2140 756 2158 783 ,

575 836 701 895 pars
730 826 851 878 octo
880 819 1115 890 partibus
1158 815 1334 870 minor
1360 821 1504 870 esset
1541 827 1701 884 quam
1746 806 2158 880 deccmpedalis.

577 916 635 972 ld
666 917 807 971 enim
835 920 1051 971 necesse
1081 918 1163 965 est
1191 909 1466 976 contingat
1494 906 1742 962 omnibus
1770 904 1972 960 naturis
1996 945 2011 971 ,
2040 917 2160 972 quae

575 1023 675 1082 per
698 1009 818 1063 talia
845 1006 1013 1077 spatia
1039 1002 1244 1059 diffusae
1268 1001 1463 1072 ubique
1484 1008 1607 1056 totae
1629 1014 1748 1056 esse
1770 1015 1875 1054 non
1903 1003 2156 1069 possunt:

578 1102 719 1173 quod
747 1103 799 1157 in
830 1101 942 1171 ipsa
966 1098 1143 1153 anima
1176 1112 1283 1152 non
1309 1096 1598 1163 invenitur,
1632 1102 1686 1151 ct
1711 1094 1778 1148 ab
1812 1093 1887 1147 eis
1918 1091 2005 1162 qui
2033 1106 2162 1145 eon-

577 1195 813 1251 siderare
837 1184 955 1247 haec
982 1205 1088 1246 non
1116 1189 1315 1256 valent,
1344 1186 1661 1244 deformiter
1686 1184 1752 1242 de
1777 1186 1867 1241 illa
1894 1191 1948 1239 ct
1990 1181 2159 1253 turpi-

579 1294 660 1341 ter
685 1284 944 1340 creditur.

647 1376 869 1433 CAPUT
906 1372 1027 1432 XX.
1048 1373 1227 1430 ——22.
1261 1372 1660 1428 Deliramentum
1702 1371 1766 1426 de
1805 1370 2000 1441 duplici
2028 1376 2163 1423 terra

573 1468 839 1541 refellitur.
872 1466 1254 1524 Verumtamen
1274 1481 1394 1522 cum
1412 1466 1712 1520 carnalibus
1729 1464 1922 1518 animis
1938 1461 2164 1517 fortasse

577 1568 687 1620 non
718 1565 795 1620 sic
823 1563 1089 1635 agendum
1121 1570 1204 1618 est
1228 1604 1242 1629 ,
1276 1561 1368 1616 sed
1409 1559 1841 1617 descendendum
1873 1566 1955 1613 est
1984 1558 2163 1629 potius

579 1658 646 1713 ad
674 1672 857 1713 eorum
897 1656 1251 1727 cogitationes
1270 1696 1286 1722 ,
1313 1655 1401 1726 qui
1444 1663 1683 1709 naturam
1715 1652 2082 1722 incorpoream
2111 1656 2165 1703 et

580 1750 910 1821 spiritualem
938 1749 1221 1820 cogitando
1245 1748 1420 1820 potius
1441 1746 1591 1818 sequi
1616 1746 1655 1813 ⁸,
1684 1747 1769 1801 vel
1793 1760 1897 1800 non
1924 1738 2119 1799 audcht
2145 1781 2161 1809 ,

578 1842 663 1897 vel
702 1841 939 1896 nondum
968 1841 1187 1908 valent;
1229 1840 1301 1895 ita
1340 1848 1399 1894 ut
1440 1854 1540 1895 nec
1579 1838 1747 1910 ipsam
1790 1836 2164 1907 cogitationem

580 1938 729 1990 Suam
774 1933 960 1990 eadem
1006 1933 1328 2005 cogitatione
1370 1931 1746 1997 considerent,
1793 1938 1848 1984 et
1895 1928 2165 1983 inveniant

581 2043 697 2082 eam
728 2026 870 2080 nullo
917 2027 1156 2081 locorum
1202 2025 1376 2095 spatio
1424 2024 1492 2080 de
1538 2024 1667 2093 ipsis
1710 2022 1948 2077 locorum
1981 2020 2165 2092 spatiis

581 2119 904 2188 indicantem
926 2119 967 2171 ².
996 2118 1389 2173 Descendamus
1419 2132 1547 2187 ergo
1569 2116 1637 2170 ad
1661 2130 1845 2171 eorum
1875 2130 2083 2181 sensus,
2113 2122 2168 2169 et

585 2222 886 2280 qntera‘mus
924 2210 991 2265 ab
1016 2209 1127 2274 eis,
1164 2211 1313 2276 iuxta
1353 2224 1509 2279 quam
1538 2217 1731 2279 portent
1760 2216 1806 2263 et
1841 2206 1994 2278 juxta
2024 2205 2167 2276 quod

582 2303 734 2368 latus,
768 2294 1247 2357 sicutManiehzeus
1274 2302 1421 2370 dicit,
1451 2301 1665 2356 illustris
1703 2302 1841 2356 illius
1882 2318 1940 2354 ac
1978 2309 2166 2358 sancta:

582 2406 731 2451 terra!
761 2404 868 2451 erat
896 2395 1212 2451 tenebrarum
1244 2406 1397 2452 terra.
1440 2396 1575 2450 Dicit
1618 2396 1782 2457 enim,
1820 2397 1973 2466 juxta
2014 2411 2168 2448 unam

584 2496 775 2558 partem
804 2504 863 2541 ac
886 2489 1055 2552 latus;
1082 2504 1183 2543 nec
1210 2487 1339 2543 dicit
1364 2504 1522 2558 quam
1549 2497 1775 2559 partem,
1801 2487 1885 2543 vel
1915 2486 2058 2558 quod
2087 2487 2166 2541 la-

581 2584 667 2634 tus
691 2621 704 2645 ,
733 2579 978 2634 dextrum
1025 2592 1090 2634 an
1137 2580 1432 2634 sinistrum.
1466 2578 1571 2635 Sed
1617 2580 1893 2650 quodlibet
1930 2580 2164 2649 eligant,

581 2668 712 2725 illud
737 2678 884 2725 certe
917 2671 1256 2727 manifestum
1282 2680 1385 2738 est,
1417 2687 1527 2727 non
1555 2672 1659 2727 dici
1688 2689 1851 2728 unum
1880 2672 2040 2741 latus,
2068 2672 2167 2727 nisi

582 2762 671 2817 ubi
700 2772 859 2819 estet
887 2758 1114 2819 alterum
1146 2765 1307 2819 latus.
1332 2762 1432 2821 Ubi
1466 2773 1641 2820 autem
1671 2766 1757 2818 vel
1785 2765 1882 2819 tria
1909 2764 1992 2818 vel
2018 2765 2169 2836 plura

584 2864 709 2912 sunt
738 2857 898 2912 latera
921 2898 935 2925 ,
965 2865 1054 2911 aut
1081 2856 1266 2929 ﬁgurae
1306 2859 1537 2913 ambitus
1587 2854 1900 2927 intelligitur
1939 2858 2169 2927 undique

582 2949 897 3004 terminatus
917 2990 932 3017 ,
965 2958 1056 3005 aut
1080 2950 1124 3005 si
1154 2966 1220 3005 ex
1246 2950 1418 3020 aliqua
1460 2960 1611 3020 parte
1640 2951 1693 3005 in
1725 2950 2043 3005 immensum
2072 2964 2167 3020 pa~

582 3048 688 3108 tct,
736 3057 800 3097 ex
851 3041 916 3097 iis
966 3048 1142 3096 tamen
1177 3059 1294 3113 qute
1332 3043 1499 3098 latera
1529 3042 1795 3105 dicuntur,
1830 3056 2048 3096 neceSse
2089 3051 2172 3097 est

583 3131 818 3190 ﬁniatur.
848 3130 1039 3191 Dicant
1068 3150 1226 3205 ergo,
1257 3144 1322 3190 ex
1350 3135 1455 3189 alio
1485 3136 1654 3191 latere
1675 3177 1688 3200 ,
1728 3134 1813 3189 vel
1846 3149 1909 3188 ex
1948 3133 2065 3187 aliis
2099 3134 2173 3188 la-

582 3226 787 3282 teribus
812 3269 826 3295 ,
876 3226 1003 3298 quid
1047 3227 1438 3298 adjungebatur
1478 3236 1634 3281 terrae
1681 3226 1853 3294 lucis,
1896 3226 1939 3281 si
1972 3242 2033 3280 ex
2067 3242 2172 3280 uno

584 3316 754 3374 latere
797 3329 911 3374 erat
953 3334 1085 3391 gens
1126 3318 1638 3374 tenebrarum?Non
1671 3317 1892 3373 dicunt:
1923 3318 2018 3373 sed
2048 3333 2170 3372 cum

584 3418 904 3482 premuntur
926 3423 984 3467 ut
1012 3412 1211 3480 dicant,
1241 3412 1444 3467 inﬁnita
1473 3411 1661 3467 dicunt
1700 3426 1820 3468 esse
1860 3411 1960 3466 alia
2006 3413 2171 3467 latera

525 3571 528 3576 _
584 3511 745 3560 terrae
788 3506 929 3560 illius
973 3522 1130 3576 quam
1176 3506 1310 3560 lueis
1338 3512 1565 3569 vocant,
1595 3503 1649 3559 id
1680 3514 1794 3570 est,
1830 3519 1925 3575 per
1966 3503 2170 3558 inﬁnita

586 3597 757 3668 Spatia
788 3597 1039 3668 distendi,
1065 3608 1119 3655 et
1143 3600 1294 3654 nullo
1320 3599 1424 3653 ﬁne
1449 3597 1709 3655 cohiberi.
1736 3597 1847 3653 Nec
1870 3598 2173 3669 intelligunt

583 3689 691 3764 jam
722 3707 827 3746 non
858 3706 978 3748 esse
1022 3693 1217 3759 latera,
1255 3690 1396 3763 quod
1435 3692 1711 3761 quibusvis
1753 3691 1917 3755 tardis
1948 3691 2173 3762 ingeniis

585 3786 982 3855 apertissimum
1012 3795 1113 3842 est.
1146 3786 1295 3842 Tunc
1323 3789 1464 3842 enim
1489 3794 1669 3842 essent
1695 3788 1881 3853 latera,
1907 3789 1950 3843 si
1978 3787 2172 3843 ﬁnibus

587 3878 699 3933 suis
732 3879 1166 3933 terminarentur.
1204 3880 1340 3947 Quid
1380 3879 1445 3935 ad
1472 3896 1559 3936 me
1580 3923 1593 3948 ,
1635 3880 1834 3952 inquit,
1860 3881 1905 3936 si
1934 3898 2040 3937 non
2068 3882 2174 3938 sint

587 3968 794 4023 latera?
821 3969 925 4025 Sed
952 3984 1073 4025 cum
1104 3969 1331 4036 diceres,
1357 3974 1510 4043 juxta
1531 3988 1683 4026 unam
1712 3983 1905 4044 partem
1934 3991 1994 4027 ac
2015 3972 2169 4043 latus,

588 4060 744 4116 aliam
774 4075 986 4132 quoque
1014 4071 1219 4131 partem
1254 4062 1366 4117 sive
1393 4070 1571 4132 partes
1596 4104 1611 4130 ,
1642 4072 1697 4119 et
1722 4064 1866 4119 aliud
1901 4064 2037 4120 latus
2062 4065 2174 4135 sive

586 4154 755 4209 latera
783 4154 1013 4224 cogebas
1047 4153 1288 4223 intelligi.
1318 4153 1449 4209 Nam
1495 4154 1539 4209 si
1581 4171 1741 4209 unum
1789 4164 1988 4209 tantum
2037 4156 2175 4211 latus

588 4252 723 4311 erat,
755 4250 957 4299 tantum
984 4246 1132 4315 juxta
1164 4246 1307 4301 latus
1330 4245 1432 4301 dici
1459 4247 1641 4302 debuit
1670 4289 1685 4315 ,
1715 4262 1817 4301 non
1838 4248 1990 4317 juxta
2019 4265 2174 4302 unum

590 4335 746 4390 latus.
778 4336 927 4391 Sicut
953 4336 1005 4391 in
1032 4352 1255 4408 corpore
1284 4348 1470 4393 nostro
1500 4348 1642 4394 recte
1672 4339 1901 4395 dicimus
1935 4356 2053 4396 esse
2077 4341 2175 4396 ali-

589 4427 717 4499 quid
740 4427 887 4497 juxta
915 4442 1077 4485 unum
1108 4432 1320 4484 oculum
1346 4474 1361 4499 ,
1404 4431 1527 4501 quia
1559 4441 1642 4487 est
1665 4433 1801 4487 alter
1830 4432 2053 4499 oculus;
2083 4442 2176 4489 aut

589 4519 737 4590 juxta
764 4534 928 4575 unam
955 4522 1267 4589 mamillam,
1298 4523 1419 4592 quia
1450 4531 1532 4578 est
1562 4523 1748 4578 altera.
1787 4522 1842 4578 Si
1882 4532 2059 4579 autem
2088 4523 2174 4578 di-

591 4629 775 4671 camus
800 4616 947 4687 juxta
979 4631 1144 4671 unum
1175 4632 1361 4671 nasum
1389 4658 1405 4684 ,
1446 4625 1536 4672 aut
1562 4618 1711 4686 juxta
1755 4634 1916 4672 unum
1958 4618 2175 4673 umbili-

590 4722 734 4773 cum,
767 4722 887 4763 cum
914 4708 1048 4762 alius
1076 4722 1184 4763 non
1214 4708 1310 4772 sit,
1339 4722 1367 4762 a
1394 4707 1567 4763 doctis
1594 4718 1647 4764 et
1676 4709 1743 4763 ab
1772 4708 1998 4763 inductis
2030 4708 2174 4763 ride-

589 4799 787 4856 bimur.
813 4800 918 4856 Sed
943 4816 1048 4856 non
1072 4809 1124 4855 te
1147 4792 1323 4857 verbis
1346 4817 1529 4871 premo
1552 4820 1565 4856 :
1590 4801 1814 4870 fortasse
1844 4802 1984 4857 enim
2011 4818 2173 4858 unum

589 4892 740 4963 quasi
771 4892 986 4947 unicum
1017 4892 1289 4963 appellare
1322 4893 1565 4948 voluisti.

660 4983 885 5040 CAPUT
909 4978 1053 5040 XXI.
1079 5014 1150 5025 —
1173 4984 1421 5039 Eamdcm
1463 4994 1649 5039 terram
1676 4985 1799 5039 lucis
1818 5028 1832 5051 ,
1860 4986 1904 5040 si
1928 4992 2073 5041 terra:
2100 4994 2175 5041 te-

589 5076 854 5131 nebrarum
878 5077 1133 5148 jungitur,
1160 5093 1264 5131 esse
1288 5091 1601 5151 corpoream.
1626 5075 1824 5149 Figura
1858 5086 2005 5132 terra:
2036 5087 2176 5132 tene-

590 5165 795 5221 brarum
812 5169 1009 5239 juncta:
1029 5184 1144 5222 eum
1176 5178 1309 5221 terra
1345 5166 1489 5222 lucis.
1526 5169 1662 5235 Quid
1706 5184 1835 5240 ergo
1881 5180 1995 5225 erat
2028 5170 2175 5241 juxta

589 5255 719 5312 illud
750 5257 888 5312 latus
914 5266 1069 5313 terra:
1090 5298 1106 5325 ,
1138 5273 1295 5327 qttam
1327 5257 1584 5315 illustrem
1610 5274 1674 5313 ac
1705 5269 1942 5315 sanctam
1979 5256 2177 5317 vocas?

590 5345 771 5413 Terra,
820 5348 1016 5419 inquis,
1046 5351 1378 5405 tenebrarum.
1402 5350 1559 5419 Quid,
1599 5351 1665 5407 de
1688 5352 1785 5406 ista
1819 5361 1957 5411 terra
1986 5356 2174 5412 saltem

590 5439 842 5494 concedis
886 5442 1027 5511 quod
1072 5458 1329 5515 corporea
1378 5444 1533 5499 erat?
1579 5444 1807 5501 Necesse
1852 5455 1935 5501 est
1978 5456 2029 5502 te
2074 5447 2176 5505 hoc

590 5530 798 5596 dicere;
847 5532 1273 5603 quandoquidem
1320 5537 1498 5590 omnia
1544 5551 1767 5608 corpora
1813 5536 1936 5595 inde
1979 5543 2176 5598 asseris

592 5622 855 5694 originem
879 5622 1095 5679 ducere.
1125 5626 1262 5695 Quid
1291 5640 1447 5699 ergo,
1482 5638 1691 5701 quieso,
1728 5633 1970 5702 quamvis
1995 5633 2130 5690 tardi
2156 5676 2171 5703 ,

656 5784 674 5817 ι
704 5783 1010 5857 corbeiensis
1028 5784 1175 5855 yetus
1202 5787 1379 5849 codex,
1403 5791 1659 5854 cogitanda
1677 5792 1915 5866 persequi.

654 5848 675 5880 Ι
707 5846 823 5880 nim
881 5852 1121 5880 autumn”!
1154 5861 1259 5880 nam
1299 5847 1506 5880 Ιωιηιριηκ
1533 5869 1584 5880 ...ι
1598 5853 1684 5880 τοι..
1726 5855 1782 5880 Α-
1818 5856 1910 5880 ...Α

707 5846 1142 5921 εόίῃὶηρηυιξηὶωιι-
1153 5846 1508 5921 eam-locorum
1529 5846 1688 5921 spatia
1698 5920 1705 5921 ί
1721 5855 1782 5907 de
1818 5846 1935 5921 ipsis
1966 5857 2179 5912 locorum

590 5915 759 5974 sputus
768 5908 1088 5976 judicantem.
1112 5910 1430 5964 Eruendautur
1453 5928 1519 5967 ex
1539 5908 1818 5971 éorbeieusi
1836 5908 2018 5973 codice.

1423 419 1695 477 CONTRA
1734 406 2114 473 EPISTULAM
2151 384 2524 482 MANICILEI,
2563 415 2623 473 s.
2664 418 3029 479 AUGUSTINI
3486 428 3493 437 ν
3633 472 3645 483 .
3736 424 3834 481 ιεε

2270 534 2511 605 quamvis
2539 534 2781 591 carnales
2806 532 3067 602 homines,
3096 552 3165 593 ne
3193 530 3296 593 hoc
3324 535 3537 609 quidem
3559 538 3834 610 aliquando

2269 628 2709 697 animadvertitis,
2735 630 2875 701 quod
2906 629 3158 685 lateribus
3186 630 3287 686 sibi
3309 630 3457 703 jungi
3491 641 3711 703 utraque
3740 634 3835 689 ista

2270 724 2413 776 terra
2456 738 2562 778 non
2610 723 2797 793 possit,
2840 722 2940 778 nisi
2987 731 3130 778 esset
3166 731 3388 794 utraque
3428 723 3839 794 corporea?Cur

2270 829 2397 885 ergo
2425 815 2577 872 nobis
2607 816 2887 872 dicebatur
2915 816 3099 872 nescio
3124 832 3224 887 qua
3249 817 3265 849 ι
3293 818 3534 872 ezcoitate
3557 818 3833 887 perversis,

2270 910 2608 965 tenebrarum
2657 920 2859 967 tantum
2903 922 3099 966 terram
3149 909 3313 967 fuisse
3360 910 3443 965 vel
3488 926 3606 965 esse
3646 926 3837 981 corpo-

2266 1018 2412 1058 ream
2434 1021 2447 1068 ;
2469 1004 2612 1058 illam
2636 1020 2765 1060 vero
2784 1020 2905 1076 qum
2927 1014 3066 1059 terra
3086 1003 3300 1060 luminis
3319 1002 3584 1058 diceretur
3605 1002 3845 1072 incorpo-

2272 1112 2417 1153 ream
2443 1106 2497 1152 ct
2524 1096 2856 1169 spiritualcm
2900 1096 3046 1153 credi
3087 1093 3369 1167 oportere?
3404 1090 3843 1165 Expergiscamur

2230 1229 2237 1236 -
2267 1188 2552 1261 aliquando
2576 1190 2819 1246 homines
2848 1190 2995 1258 boni,
3022 1199 3077 1246 et
3104 1189 3295 1245 saltem
3325 1187 3582 1242 admoniti
3605 1186 3743 1258 quod
3770 1186 3846 1240 fa-

2269 1282 2525 1337 cillimum
2569 1291 2652 1337 est
2688 1282 3024 1337 attendamus
3048 1324 3064 1349 ,
3104 1280 3237 1336 duas
3267 1289 3437 1335 terras
3467 1278 3566 1333 sibi
3597 1276 3846 1334 lateribus

2268 1388 2375 1427 non
2399 1387 2554 1441 posse
2583 1372 2852 1444 conjungi,
2881 1374 2982 1428 nisi
3011 1381 3233 1443 utraque
3253 1372 3274 1404 ⁸
3306 1371 3377 1426 sit
3399 1385 3612 1440 corpus.

2340 1467 2431 1524 25.
2466 1468 2571 1522 Aut
2606 1468 2651 1521 si
2681 1467 2746 1522 ad
2793 1467 2892 1522 ista
2933 1466 3093 1522 etiam
3134 1466 3302 1523 crassi
3350 1473 3406 1520 et
3448 1464 3584 1520 tardi
3626 1477 3848 1528 sumus,

2270 1576 2451 1632 quzcro
2494 1572 2670 1616 utrum
2712 1570 2767 1617 et
2807 1561 2919 1632 ipsa
2951 1571 3089 1616 terra
3120 1560 3460 1616 tenebrarum
3510 1577 3669 1615 unum
3718 1556 3853 1614 latus

2269 1652 2537 1717 habuerit,
2569 1664 2621 1710 et
2651 1661 2843 1709 cratera
2869 1653 3095 1718 inﬁnita,
3123 1653 3262 1707 sicut
3288 1661 3432 1707 terra
3464 1651 3617 1707 lucis.
3642 1650 3759 1707 Non
3787 1650 3853 1704 ita

2270 1746 2531 1812 credunt;
2565 1746 2753 1801 timent
2795 1746 2935 1801 enim
2980 1764 3047 1801 ne
3088 1745 3199 1800 Deo
3225 1744 3469 1801 videatur
3497 1744 3740 1814 aequalis.
3770 1743 3856 1797 Di-

2271 1847 2401 1895 cunt
2425 1854 2553 1910 ergo
2574 1838 2718 1894 illam
2746 1854 2843 1910 per
2868 1837 3184 1909 profundum
3214 1838 3531 1892 immensam
3552 1844 3605 1890 et
3627 1851 3725 1905 per
3745 1835 3858 1890 lun-

2270 1947 2394 2003 gum
2425 1950 2438 1985 :
2467 1947 2678 1987 sursum
2700 1945 2885 1986 versus
2914 1939 3089 1985 autem
3115 1945 3273 2001 supra
3316 1929 3460 1984 illam
3482 1928 3503 1960 ²
3533 1928 3703 1998 spatia
3737 1922 3857 1981 inli-

2273 2024 2382 2079 nite
2412 2023 2684 2079 inanitatis
2714 2021 3000 2078 afﬁrmant.
3046 2022 3114 2077 Et
3161 2038 3228 2076 ne
3275 2036 3388 2093 ipsa
3433 2019 3522 2076 vel
3568 2019 3857 2089 simplum,

2275 2129 2414 2174 terra
2443 2127 2621 2174 autem
2654 2117 2869 2173 luminis
2897 2116 3117 2189 duplum
3165 2123 3351 2171 tenere
3393 2114 3662 2181 videatur,
3693 2128 3860 2181 angu-

2273 2219 2415 2267 stant
2438 2228 2554 2267 eam
2579 2227 2610 2266 a
2631 2210 2840 2268 duobus
2865 2212 3022 2265 etiam
3049 2210 3328 2265 lateribus.
3356 2209 3629 2277 Tanquam
3651 2207 3700 2262 si
3730 2221 3859 2262 unus

2272 2304 2427 2376 panis
2452 2303 2554 2375 (sic
2576 2304 2717 2359 enim
2747 2304 2885 2375 quod
2913 2301 3109 2359 dicitur
3142 2302 3347 2358 facilius
3382 2300 3555 2357 videri
3580 2300 3782 2371 potest)
3809 2299 3857 2355 in

2271 2397 2504 2468 quadras
2530 2405 2759 2467 quatuor
2786 2396 3104 2453 dccussatim
3128 2396 3404 2462 formetur,
3436 2394 3490 2449 in
3522 2393 3719 2465 quibus
3760 2404 3861 2448 tres

2274 2488 2382 2545 sint
2410 2487 2690 2556 candidae,
2733 2504 2837 2543 una
2881 2490 3066 2560 nigra:
3097 2488 3256 2543 modo
3292 2487 3362 2542 de
3408 2487 3574 2542 tribus
3618 2485 3861 2542 candidis

2275 2580 2401 2635 tolle
2427 2579 2825 2637 distinctionem
2849 2623 2864 2648 ,
2898 2589 2951 2636 et
2981 2578 3065 2636 fac
3094 2580 3214 2635 illas
3254 2588 3309 2635 et
3350 2595 3562 2634 sursum
3591 2593 3786 2633 versus
3812 2586 3862 2634 et

2275 2671 2527 2727 deorsum
2554 2688 2761 2741 versus,
2785 2684 2840 2728 et
2860 2671 3097 2742 undique
3122 2680 3268 2727 retro
3297 2670 3529 2725 inﬁnitas
3560 2672 3677 2726 :sic
3706 2670 3771 2725 ab
3791 2670 3863 2724 eis

2275 2778 2395 2820 esse
2421 2760 2658 2819 creditur
2684 2774 2823 2819 terra
2849 2764 3005 2819 lueis.
3033 2763 3184 2818 Illam
3211 2779 3336 2818 vero
3365 2762 3569 2833 nigram
3603 2761 3862 2833 quadram

2276 2856 2361 2912 fac
2384 2858 2636 2913 deorsum
2658 2873 2848 2913 versus
2872 2867 2926 2912 et
2948 2865 3094 2913 retro
3115 2856 3398 2923 inﬁnitam,
3421 2872 3580 2927 supra
3601 2870 3662 2910 se
3691 2864 3863 2911 autem

2276 2949 2594 3005 immensam
2621 2948 2930 3004 inanitatem
2963 2948 3198 3004 habere:
3230 2949 3307 3003 sic
3346 2949 3631 3018 opinantur
3662 2956 3858 3003 terram

2278 3042 2623 3097 tenebrarum
2648 3039 2690 3095 ⁸.
2721 3040 2826 3097 Sed
2857 3040 2972 3096 haec
3007 3041 3165 3097 nimis
3188 3041 3406 3095 attentis
3437 3048 3491 3095 et
3516 3039 3760 3096 studiose
3786 3037 3861 3094 in-

2276 3133 2607 3205 quirentibus
2629 3133 2779 3203 quasi
2802 3143 3004 3188 secreta
3026 3132 3420 3188 demonstrant.

2347 3226 2573 3284 CAPUT
2602 3227 2762 3283 XXII.
2789 3258 2862 3269 —
2882 3227 3076 3300 Figura
3104 3237 3249 3282 teme
3269 3227 3393 3282 lucis
3414 3227 3615 3301 fmdior.
3640 3226 3866 3283 Verum-

2278 3330 2456 3377 tamen
2489 3323 2532 3376 si
2564 3322 2632 3375 ita
2662 3330 2741 3376 est
2761 3363 2777 3388 ,
2806 3329 3027 3392 apparet
3054 3330 3249 3376 terram
3296 3320 3638 3375 tenebrarum
3669 3335 3702 3373 ει
3732 3328 3865 3374 terra

2279 3412 2415 3468 lucis
2437 3411 2646 3467 duobus
2672 3413 2926 3468 lateribus
2955 3413 3120 3482 tangi.
3146 3414 3214 3467 Et.
3241 3412 3425 3483 utique
3446 3412 3490 3466 si
3515 3410 3731 3467 duobus
3758 3419 3867 3465 tan-

2278 3507 2445 3578 gitur,
2482 3507 2690 3561 duobus
2733 3508 2891 3562 etiam
2940 3508 3125 3577 tangit.
3166 3506 3327 3563 Certe
3369 3507 3514 3576 iuxta
3548 3524 3714 3562 unum
3742 3506 3866 3560 tatus

2279 3609 2386 3654 erat
2408 3610 2539 3654 terra
2569 3600 2906 3654 tenebrarum.

2350 3678 2441 3748 94.
2472 3694 2670 3747 Deinde
2698 3710 2856 3765 quam
2884 3692 3024 3749 fmda
3049 3688 3213 3765 ﬁgura
3236 3701 3395 3749 terra:
3420 3693 3443 3726 '
3469 3693 3602 3750 lucis
3625 3701 3864 3764 apparet,

2280 3794 2532 3856 tanquam
2580 3786 2703 3840 ﬁssa
2744 3786 2941 3856 ungula
2990 3786 3143 3855 nigro
3184 3786 3414 3857 quodam
3465 3801 3637 3842 cuneo
3691 3786 3869 3841 subter

2279 3882 2484 3932 arctato
2508 3920 2523 3943 ,
2556 3877 2680 3932 illac
2708 3886 2913 3932 tantum
2948 3877 3093 3932 ﬁnita
3124 3894 3227 3948 qua
3257 3879 3497 3943 ﬁnditur,
3527 3877 3682 3933 hians
3714 3878 3867 3932 etiam

2279 3975 2333 4024 et
2360 3977 2546 4037 patens
2574 3968 2805 4038 desuper
2826 3968 3141 4038 interposito
3171 3969 3315 4023 inani
3341 3968 3596 4040 quidquid
3626 3984 3655 4023 a
3687 3984 3869 4040 super-

2280 4057 2399 4113 ﬁcie
2432 4068 2587 4113 terra:
2609 4059 2948 4114 tenebrarum
2976 4074 3188 4114 sursum
3218 4074 3404 4114 versus
3424 4058 3749 4115 immensum
3769 4068 3868 4115 est.

2286 4151 2456 4220 Quam
2489 4151 2683 4207 deinde
2709 4152 2901 4207 melior
2933 4151 3099 4222 ipsius
3130 4160 3283 4207 terrae
3321 4152 3662 4207 tenebrarum
3711 4152 3870 4223 ﬁgura

2280 4241 2579 4298 ostenditur
2605 4261 2616 4297 :
2652 4243 2912 4314 siquidem
2937 4244 3023 4298 illa
3049 4243 3218 4311 ﬁndit,
3250 4244 3366 4299 haec
3391 4243 3641 4307 ﬁnditur;
3668 4243 3760 4298 illa
3789 4241 3871 4297 in-

2280 4335 2499 4402 seritur,
2533 4334 2648 4390 haec
2686 4335 3006 4405 interpatet;
3036 4334 3123 4390 illa
3152 4335 3204 4389 in
3244 4350 3303 4391 se
3341 4335 3472 4390 nulli
3502 4334 3756 4390 inauitati
3784 4332 3870 4388 dat

2280 4426 2479 4493 locum,
2516 4427 2630 4482 hme
2658 4427 2725 4482 ab
2753 4426 3003 4482 inferiore
3039 4436 3241 4482 tantum
3272 4435 3427 4499 parte
3462 4427 3582 4482 laxa
3615 4442 3725 4482 non
3755 4435 3871 4493 est,

2280 4537 2381 4591 qua
2412 4522 2590 4578 hostili
2630 4537 2802 4578 cuneo
2828 4522 3200 4592 subimpletur.
3230 4521 3433 4578 lndocti
3472 4538 3600 4594 ergo
3627 4523 3874 4579 homines

2281 4621 2335 4669 et
2361 4613 2505 4667 avari
2535 4629 2657 4668 cum
2685 4615 2949 4683 majorem
2981 4612 3239 4669 honorem
3268 4614 3509 4669 tribuunt
3545 4610 3874 4669 multitudini

2281 4706 2510 4776 partium
2538 4722 2697 4775 quam
2729 4706 2941 4774 unitati,
2974 4715 3032 4761 ut
3058 4721 3151 4762 sex
3183 4716 3363 4777 partes
3388 4705 3580 4763 darent
3605 4716 3767 4762 terr-te
3797 4704 3877 4760 lu-

2281 4801 2379 4865 cis,
2413 4809 2521 4854 tres
2550 4799 2799 4855 deorsum
2828 4814 3036 4869 versus,
3063 4809 3172 4856 tres
3193 4816 3401 4855 sursum
3435 4815 3640 4866 versus,
3670 4798 3875 4855 malue-

2280 4900 2408 4949 runt
2457 4894 2723 4964 penetrari
2774 4902 2968 4948 terram
3016 4893 3152 4949 lueis
3182 4908 3340 4964 quam
3394 4900 3703 4963 penetrare.
3762 4890 3877 4946 Tali

2274 5136 2283 5143 -
2347 5112 2367 5145 ί
2401 5118 2472 5161 Er.
2501 5117 2554 5162 et
2574 5118 2706 5177 ῐργη
2731 5110 2978 5177 dicebatur
2997 5123 3030 5162 α
3049 5110 3211 5164 nescio
3227 5124 3341 5177 qua,
3367 5119 3462 5163 etc.
3505 5111 3807 5175 Pmpositio,
3832 5122 3881 5169 αν

2282 5186 2379 5225 non
2402 5182 2479 5224 est
2500 5175 2623 5237 apud
2648 5183 2747 5223 Am.
2776 5187 2941 5238 neque
2963 5175 3012 5224 in
3034 5182 3139 5224 Mss.

2347 5238 2368 5269 ¹
2401 5245 2527 5297 Mss,
2554 5244 2823 5299 utrimque.

2347 5300 2368 5332 ³
2398 5300 2516 5350 Editi
2539 5298 2684 5362 vulgo
2706 5296 2793 5356 sic,
2816 5310 2904 5362 per
2926 5296 3219 5362 profundum
3239 5299 3520 5349 immensam
3542 5308 3560 5348 :
3581 5302 3639 5362 et,
3650 5310 3741 5359 per
3776 5296 3880 5346 tou-

2282 5373 2396 5425 gum
2416 5375 2607 5412 sursum
2626 5358 2788 5425 uersus
2805 5358 2887 5410 aut
2909 5358 3055 5423 supra
3078 5358 3231 5425 illam,
3258 5369 3351 5410 etc.
3375 5358 3655 5425 Castigandi
3669 5373 3750 5425 ere
3770 5365 3876 5425 Mss.

2284 5421 2367 5487 'qui
2393 5436 2495 5486 pro,
2521 5430 2621 5483 aut,
2663 5423 2864 5487 habent,
2896 5421 3088 5487 mitem;
3124 5430 3175 5472 et
3217 5423 3308 5471 hoc
3339 5429 3477 5487 pacto
3504 5421 3663 5472 Verba
3704 5421 3880 5469 distin.

2283 5482 2458 5549 guunt,
2481 5500 2568 5551 per
2606 5482 2896 5556 profundum
2933 5482 3216 5556 immensam
3237 5490 3281 5556 et
3321 5482 3407 5556 per
3431 5482 3621 5547 longum
3642 5495 3666 5556 νε
3682 5493 3881 5556 sursum

2285 5546 2447 5612 iterans
2470 5546 2627 5612 autem
2640 5546 2795 5612 supra
2817 5546 2968 5612 illam,
2996 5554 3090 5596 etc.
3126 5554 3236 5595 Nam
3268 5546 3719 5612 infra_comparatur
3745 5552 3881 5612 terra

2284 5610 2375 5677 ista
2396 5610 2592 5672 quadrae
2621 5604 3247 5677 nigrmfleorsumrersas,
3282 5604 3635 5677 qu9d__est'per
3673 5604 3882 5668 profun-

2283 5669 2423 5732 dum,
2440 5680 2485 5723 et
2508 5680 2657 5731 retro,
2678 5669 2806 5733 quod
2832 5677 3027 5733 estper
3041 5670 3254 5733 longum,
3279 5669 3497 5733 inﬁnitae.

2284 5728 2487 5845 abEgilio
2510 5735 2624 5786 editi
2645 5728 2848 5794 addunt,
2882 5728 2954 5783 sit:
2977 5729 3038 5783 ab
3059 5728 3252 5783 eis'esse
3273 5728 3523 5794 creditur;
3545 5728 3675 5795 qu'od
3714 5741 3746 5780 a
3772 5737 3879 5780 Mss.

2350 5804 2441 5847 est.

2315 5860 2368 5933 0"
2402 5866 2452 5909 tn
2494 5858 2638 5912 editis
2670 5858 2846 5909 omissa
2884 5863 2989 5907 erat
3022 5870 3136 5922 vox,
3178 5860 3359 5921 terrai;
3390 5866 3501 5925 quas
3522 5856 3574 5907 in
3595 5860 3710 5906 MSS.
3734 5856 3890 5917 repe-

2285 5930 2425 5977 πίων.
