4052 6428
201 455 310 514 189

195 577 348 632 enim
373 573 540 646 ﬁgura
574 573 676 631 etsi
705 571 1048 630 commixtam
1073 578 1302 646 negant,
1343 577 1674 644 penetralam
1705 579 1787 627 ta-

197 683 334 724 men
365 683 566 739 negare
590 683 696 723 non
722 675 967 738 possunt.
1815 729 1820 734 _

265 761 500 818 CAPUT
521 761 790 818 XXlll.—
802 761 894 817 25.
922 759 1104 815 Levius
1120 769 1324 832 peccant
1353 759 1651 814 Maniclueis
1683 759 1788 812 An-

197 857 678 926 thropomorphitw.
711 855 908 911 Confer
937 869 1094 918 nunc,
1125 869 1234 908 non
1264 853 1564 924 spirituales
1603 852 1788 908 catho—

193 947 317 1002 liae
339 947 462 1002 ﬁdei
485 947 652 1014 viros,
679 948 730 1001 in
762 947 954 1018 quibtls
972 955 1227 1016 quantum
1249 947 1304 1000 in
1327 945 1426 1001 hac
1445 947 1549 1000 vita
1576 945 1786 999 animus

194 1048 395 1110 potest,
424 1041 602 1094 cernit
619 1040 970 1094 substantiam
997 1049 1346 1109 naturamque
1371 1038 1600 1092 divinam
1627 1037 1786 1090 nullis

193 1133 438 1188 locorum
471 1135 658 1204 spatiis
695 1133 875 1198 tendi,
919 1132 1080 1186 nullis
1109 1132 1552 1186 lineamentorum
1577 1131 1788 1184 dimen-

193 1227 440 1282 sionibus
463 1227 710 1296 ﬁgurari;
744 1226 838 1281 sed
863 1224 1050 1284 confer
1073 1225 1316 1279 carnales
1337 1231 1390 1280 et
1416 1225 1662 1294 parvulos
1683 1237 1784 1278 no-

193 1327 356 1382 stros,
381 1319 474 1388 qui
505 1320 681 1374 solent
704 1319 896 1373 auditis
927 1318 976 1372 in
1007 1315 1258 1387 allegoria
1285 1317 1539 1371 membris
1559 1316 1782 1386 quibus-

193 1411 316 1466 dam
343 1413 592 1482 corporis
621 1413 814 1478 nostri,
844 1411 988 1466 velut
1013 1425 1132 1466 cum
1163 1411 1410 1464 dicuntur
1437 1409 1698 1463 oculiDei
1728 1415 1784 1463 et

189 1518 346 1558 aures
389 1505 524 1570 Dei,
575 1505 748 1558 solent
789 1505 950 1558 Deum
987 1503 1084 1557 sibi
1129 1503 1374 1558 libertate
1403 1501 1783 1572 phantasmatis

190 1596 436 1665 corporis
463 1595 686 1651 humani
717 1597 892 1666 specie
921 1596 1146 1664 ﬁgurare
1172 1613 1184 1648 :
1221 1596 1316 1650 hos
1344 1593 1526 1648 confer
1547 1593 1653 1662 jam
1683 1591 1783 1648 illis

187 1687 520 1752 Hanichaais,
554 1689 644 1758 qui
673 1689 848 1743 solent
877 1689 1004 1742 istas
1035 1701 1200 1756 nugas
1231 1686 1449 1741 intentis
1478 1693 1532 1740 et
1559 1684 1784 1739 curiosis

187 1781 503 1837 horninibus
531 1782 684 1852 quasi
731 1797 918 1853 magna
948 1790 1155 1836 secreta
1184 1780 1489 1836 describere
1520 1797 1534 1835 :
1569 1787 1622 1834 et
1649 1793 1782 1834 eon-

187 1875 364 1930 sidera
391 1875 482 1944 qui
515 1873 850 1930 tolerabilius
871 1881 924 1930 et
953 1873 1229 1929 honestius
1271 1873 1338 1928 de
1372 1873 1482 1928 Deo
1511 1873 1779 1937 sentiant;

189 1975 362 2020 utrum
395 1966 430 2020 ii
461 1967 554 2036 qui
583 1981 706 2021 eum
735 1965 902 2020 forma
927 1965 1182 2032 humana,
1209 1979 1416 2020 summa
1445 1963 1700 2033 dignitate
1727 1963 1780 2017 in

189 2073 282 2112 suo
305 2073 515 2128 genere
553 2057 776 2128 prmdita
797 2097 812 2124 ,
845 2057 1098 2128 cogitant,
1127 2071 1196 2111 an
1223 2056 1261 2111 ii
1303 2055 1393 2126 qui
1423 2069 1544 2109 eum
1577 2053 1781 2109 inﬁnita

191 2152 328 2206 mole
353 2149 617 2206 diffusum
640 2192 656 2218 ,
687 2165 796 2205 non
823 2157 998 2204 tamen
1029 2149 1262 2219 undique
1280 2189 1295 2215 ,
1323 2147 1418 2202 sed
1455 2147 1620 2202 tribus
1645 2159 1781 2216 qua-

190 2243 292 2300 dris
321 2245 598 2300 inﬁnitum
625 2253 783 2315 atque
803 2243 1162 2306 condensam,
1193 2259 1257 2298 ex
1283 2257 1383 2296 una
1410 2255 1540 2295 vero
1571 2240 1776 2306 ﬁssum,

189 2347 480 2408 patentem,
517 2337 776 2404 hiantem,
804 2337 980 2390 laxum
1012 2336 1256 2406 superius
1279 2335 1553 2400 inanitate,
1583 2327 1780 2386 cunea-

191 2439 294 2484 tum
323 2425 556 2484 inferius
585 2439 728 2482 terra
757 2427 1098 2482 tenebrarum
1123 2443 1138 2492 ;
1169 2427 1272 2492 vel,
1300 2426 1344 2480 si
1373 2425 1442 2479 ita
1483 2424 1672 2478 melius
1698 2430 1782 2478 est

191 2522 382 2590 dicere,
405 2527 658 2592 apertum
687 2519 932 2590 superius
973 2527 1160 2574 natura
1200 2517 1414 2588 propria
1439 2559 1454 2584 ,
1485 2517 1736 2570 intratum
1760 2516 1778 2547 ί

191 2613 404 2670 inferius
431 2614 633 2669 aliena.
659 2611 800 2668 Ecce
829 2627 930 2682 ego
963 2617 1136 2668 tecum
1164 2610 1382 2666 derideo
1411 2609 1652 2665 carnales
1677 2607 1776 2662 ho-

195 2707 392 2769 mines,
423 2707 518 2776 qui
555 2705 793 2760 nondum
821 2709 1044 2774 possunt
1080 2703 1374 2774 spiritualis
1397 2703 1648 2772 cogitare,
1679 2701 1783 2756 hu-

193 2813 342 2854 mana
359 2799 538 2854 forma
563 2799 734 2864 Deum
755 2797 1156 2853 existimantes:
1181 2795 1364 2850 deride
1387 2805 1440 2850 et
1461 2803 1518 2849 tu
1543 2809 1776 2860 mecum,

192 2895 238 2949 si
274 2901 422 2964 potes
449 2907 551 2948 eos
591 2892 684 2962 qui
729 2899 833 2945 tam
863 2889 1156 2945 deformem“
1187 2895 1504 2958 turpemque
1533 2886 1776 2941 ﬁssuram

190 2985 274 3040 vel
299 2985 594 3040 scissuram
625 2983 741 3049 Dei,
775 2991 884 3037 tam
909 2980 1138 3036 inaniter
1167 2994 1328 3050 supra
1367 2979 1596 3032 hiulcum
1617 3019 1633 3044 ,
1667 2985 1776 3030 tam

193 3075 470 3132 inhoneste
499 3074 636 3130 infra
658 3075 984 3140 obturatam,
1019 3073 1240 3127 multum
1265 3070 1553 3125 miserabili
1576 3070 1777 3138 cogita-

195 3168 330 3224 tione
363 3169 750 3239 imaginantur.
779 3165 912 3220 Cum
951 3163 1050 3218 hoc
1075 3164 1235 3218 etiam
1263 3161 1492 3228 intersit,
1516 3160 1657 3230 quod
1691 3160 1776 3214 isti

193 3263 424 3318 carnales
453 3263 546 3332 qui
577 3261 809 3316 humana
841 3259 1006 3315 Deum
1045 3258 1214 3314 forma
1239 3257 1492 3327 cogitant,
1518 3255 1561 3309 si
1592 3255 1781 3310 Eccle-

192 3355 276 3408 sia!
303 3355 592 3409 catholica:
633 3352 842 3424 gremio
869 3351 1104 3407 cententi
1125 3391 1138 3416 ,
1167 3363 1288 3403 cum
1325 3348 1460 3402 lacte
1509 3347 1777 3402 nutriendi

192 3455 328 3514 sunt,
352 3461 462 3501 non
491 3459 550 3502 se
571 3447 624 3500 in
661 3444 974 3500 temerarias
997 3441 1276 3513 opiniones
1305 3438 1656 3510 praecipitent,
1682 3438 1778 3493 sed

193 3539 260 3594 ibi
281 3541 518 3595 studium
547 3541 694 3609 pium
718 3536 993 3608 quaerendi
1015 3536 1268 3601 nutriant,
1301 3533 1370 3588 ibi
1401 3539 1586 3604 petant
1611 3539 1668 3586 ut
1689 3545 1780 3586 ae-

191 3633 418 3703 eipiant,
455 3632 532 3687 ibi
562 3633 777 3702 pulsent
805 3637 865 3684 ut
892 3630 970 3684 eis
999 3627 1300 3699 aperiatur;
1329 3625 1596 3695 incipiunt
1619 3623 1782 3698 spiri-

191 3727 402 3782 tualiter
417 3727 710 3796 allegorias
735 3722 1120 3795 parabolasque
1151 3719 1546 3795 Scripturarum
1575 3717 1776 3778 intelli-

189 3833 332 3889 gere,
363 3827 420 3876 et
441 3820 700 3895 paulatim
721 3827 912 3892 sapere
934 3816 1142 3876 divinas
1165 3819 1451 3890 potentius,
1478 3831 1780 3887 congruen-

188 3917 272 3969 ter
295 3911 430 3968 alibi
467 3914 673 3969 aurium
692 3956 708 3982 ,
737 3913 864 3968 alibi
891 3911 1166 3967 oculorum
1189 3951 1202 3977 ,
1233 3911 1356 3966 alibi
1396 3925 1650 3964 manuum
1693 3907 1776 3962 vel

189 4005 428 4074 pedum,
457 4005 544 4060 vel
569 4005 716 4060 etiam
736 4005 941 4058 alarum
968 4015 1128 4074 atque
1155 4015 1470 4073 pennarum,
1495 4001 1629 4054 scuti
1647 4009 1778 4069 quo-

189 4109 298 4164 que
327 4101 384 4149 et
411 4094 574 4165 gladii
593 4102 643 4149 et
668 4095 852 4165 galeas,
885 4101 1304 4163 creteraruuique
1326 4093 1506 4147 talium
1537 4091 1778 4144 innume-

191 4189 448 4244 rabilium
499 4203 674 4243 rerum
713 4190 932 4244 nomine
969 4189 1254 4243 enuntiari.
1287 4187 1398 4254 Qua
1433 4184 1776 4256 intelligentia

193 4287 392 4350 quanto
434 4279 604 4350 magis
651 4279 966 4349 proﬁciunt,
1000 4283 1144 4334 tanto
1185 4279 1350 4348 magis
1376 4277 1622 4333 catholici
1652 4289 1774 4330 esse

196 4373 491 4426 ﬁrmantur.
525 4371 800 4428 Manichzei
831 4387 960 4428 vero
982 4372 1194 4443 quando
1214 4371 1394 4442 ﬁgurae
1425 4371 1566 4426 illius
1589 4369 1774 4440 imagis

195 4466 464 4520 nationem
495 4465 830 4536 reliquerint,
881 4463 1156 4519 Manichmi
1194 4479 1314 4518 esse
1355 4479 1462 4518 non
1505 4471 1774 4532 poterunt.

197 4557 302 4614 line
327 4560 470 4613 enim
511 4559 666 4628 quasi
691 4559 964 4628 proprium
1010 4565 1168 4628 atque
1196 4557 1518 4626 praecipuum
1537 4557 1560 4588 ³
1591 4563 1778 4609 aucto-

197 4651 266 4706 ris
287 4653 370 4706 sui
399 4652 652 4706 laudibus
675 4651 934 4716 tribuunt,
963 4652 1102 4721 quod
1130 4651 1310 4705 dicunt
1337 4651 1421 4704 illa
1446 4666 1564 4720 qum
1589 4650 1656 4704 ab
1677 4663 1776 4703 an-

195 4743 351 4812 tiquis
377 4743 603 4813 ﬁgurate
633 4743 684 4796 in
721 4743 870 4796 libris
899 4742 1074 4797 divina
1104 4730 1354 4812 mysteria
1385 4741 1552 4810 posita
1584 4739 1740 4795 sunt
1760 4781 1775 4808 ,

199 4833 314 4888 huic
345 4835 436 4904 qui
467 4835 684 4888 ultimus
710 4843 966 4889 venturus
993 4841 1108 4888 erat
1127 4873 1140 4896 ,
1181 4831 1433 4887 solvenda
1473 4840 1526 4886 et
1553 4830 1778 4886 demon-

197 4927 406 4981 stranda
456 4941 578 4982 esse
618 4935 863 4980 servata:
895 4933 948 4980 et
983 4931 1264 4995 propterea
1305 4933 1426 4994 post
1465 4924 1624 4978 istum
1669 4922 1778 4993 jam

197 5019 466 5073 neminem
497 5018 770 5074 doctorem
801 5017 1054 5071 divinitus
1081 5029 1198 5070 esse
1223 5025 1524 5082 venturum,
1549 5013 1670 5084 quia
1696 5014 1778 5068 ni-

197 5109 260 5164 lail
292 5113 398 5166 iste
427 5125 524 5182 per
549 5111 830 5182 allegorias
853 5121 906 5165 et
931 5111 1124 5180 ﬁguras
1154 5109 1366 5174 dixerit,
1397 5125 1516 5163 cum
1555 5116 1612 5163 et
1638 5108 1780 5162 anti-

197 5217 414 5271 quorum
445 5219 566 5274 qua:
594 5205 717 5258 talia
763 5202 975 5258 fuerant
1013 5202 1280 5273 aperiret,
1328 5211 1382 5256 et
1428 5217 1522 5256 sua
1554 5201 1782 5257 enodate

196 5297 582 5367 manifestoque
633 5303 978 5351 monstraret.
1031 5296 1144 5349 Non
1199 5293 1394 5348 habent
1421 5309 1550 5364 ergo
1593 5295 1678 5348 isti
1712 5293 1780 5349 ad

197 5407 324 5461 quas
343 5393 811 5463 interpretationes
838 5397 1192 5454 revertantur,
1221 5399 1344 5442 cum
1372 5388 1476 5443 illis
1505 5387 1572 5442 de
1600 5395 1782 5442 aucto—

197 5499 252 5539 re
275 5499 376 5539 suo
405 5486 620 5554 legitur,
647 5483 810 5537 Juxta
834 5497 990 5535 unum
1017 5495 1132 5535 vero
1171 5481 1363 5551 partem
1389 5495 1449 5532 ac
1489 5478 1621 5533 latus
1657 5478 1781 5532 illu-

253 5619 270 5650 ⁸
305 5619 442 5676 Editi,
460 5615 906 5666 inarctatnm.Unus
925 5613 1198 5676 eit'alicanis
1214 5620 1343 5672 Mss,
1355 5609 1644 5676 obturatan
1655 5607 1784 5660 Alter

195 5671 442 5730 Vatimnus
463 5691 576 5728 cum
603 5680 838 5728 Victorino
870 5683 922 5726 et
943 5671 1276 5738 {inﬁrmissimo
1297 5671 1596 5738 cerlieieiisi,
1625 5671 1782 5722 intra-

195 5746 308 5792 tum.
331 5741 638 5802 Partieipium
671 5753 762 5788 usu
785 5739 964 5800 rariun,
986 5741 1048 5788 ab
1063 5735 1348 5788 auctoribus
1369 5735 1578 5787 classicis
1599 5741 1782 5794 tamen,

197 5807 334 5864 Livio,
355 5803 539 5862 Ovidio,
563 5803 844 5850 adhibitum.

259 5869 280 5930 ξ
313 5875 440 5924 1153.,
467 5864 772 5930 prwcelsum.

261 5929 280 5960 ³
313 5931 384 5978 sic
582 5933 638 5977 At
661 5925 798 5988 editi,
821 5921 1031 5976 inlibris
1054 5921 1115 5974 de
1153 5921 1328 5976 divinis
1361 5919 1600 5988 mysteriis
1633 5919 1785 5985 posita

1610 443 1813 512 LlBER
1851 449 2054 514 UNUS.

3241 429 3272 460 ’
3359 443 3476 534 ira

1896 583 2018 626 sim
2043 575 2180 632 illius
2205 593 2266 632 ac
2288 587 2476 636 sancta:
2512 591 2658 638 terra:
2680 589 2788 638 erat
2811 585 3126 642 tenebrarum
3151 595 3302 644 terra.
3331 590 3476 658 Quo-

1898 680 2124 737 cumque
2166 683 2226 725 se
2265 674 2551 738 verterint,
2579 689 2800 732 necesse
2837 688 2918 732 est
2947 685 3001 732 ut
3047 678 3476 750 phantasmatum

1897 775 2116 818 suorum
2154 765 2366 820 miseria
2393 770 2649 824 coarctati
2670 812 2683 836 ,
2715 771 2766 824 in
2809 773 3066 827 scissuras
3095 781 3186 828 aut
3226 773 3478 847 abruptas

1899 856 2239 924 praecisiones
2266 859 2626 929 ctjuncturas,
2647 874 2736 918 aut
2753 863 2968 920 ﬁssuras
2987 865 3004 897 ί
3037 868 3373 936 turpissimas
3397 871 3477 924 in-

1896 947 2117 1014 cidant;
2165 965 2294 1020 quas
2335 967 2440 1005 non
2483 951 2653 1007 dicam
2698 955 2764 1009 de
2826 955 3244 1012 incomnmtabili
3291 967 3476 1014 natura

1898 1041 2012 1108 Dei,
2038 1041 2134 1097 sed
2174 1043 2241 1098 de
2262 1045 2406 1098 omni
2439 1052 2624 1100 natura
2665 1046 2995 1118 incorporea,
3026 1052 3268 1119 quamvis
3297 1063 3475 1106 muta-

1894 1132 2006 1200 bili,
2040 1136 2192 1190 sicuti
2222 1146 2303 1191 est
2331 1137 2527 1205 anima,
2551 1140 2904 1194 miserrimum
2931 1151 3013 1196 est
3037 1144 3276 1198 credere.
3307 1145 3374 1198 Et
3401 1155 3468 1199 la-

1893 1241 2014 1282 men
2045 1227 2090 1283 si
2125 1243 2229 1283 non
2260 1245 2470 1300 possem
2491 1246 2575 1285 me
2595 1231 2868 1287 intendere
2891 1234 2954 1287 ad
2975 1237 3271 1304 superiora,
3303 1251 3478 1306 neque

1893 1321 2239 1392 cogitationes
2279 1337 2426 1378 meas
2466 1337 2496 1378 a
2535 1323 2684 1378 falsis
2723 1325 3184 1396 imaginationibus
3215 1341 3346 1398 quas
3377 1343 3474 1398 per

1892 1425 2082 1468 sensus
2117 1427 2402 1483 corporeus
2441 1415 2696 1470 memoria
2737 1416 2869 1470 ﬁxas
2897 1431 3058 1486 gero,
3091 1418 3144 1472 in
3174 1419 3476 1474 libertatem

1893 1519 1957 1559 ac
1997 1505 2356 1560 sinceritatem
2395 1515 2598 1562 naturae
2641 1507 2928 1577 spiritualis
2960 1510 3239 1575 evolvere;
3277 1517 3478 1580 quanto

1891 1595 2086 1652 melius
2105 1597 2320 1651 humani
2341 1599 2578 1668 corporis
2598 1598 2767 1654 forma
2785 1600 2953 1655 Deum
2981 1601 3291 1671 cogitarem,
3316 1617 3474 1672 quam

1891 1687 2042 1784 illum
2088 1691 2296 1759 nigrum
2323 1705 2550 1746 cuneum
2576 1692 2823 1748 scissura:
2850 1693 3093 1748 inferiori
3133 1694 3248 1763 ejus
3283 1695 3473 1765 afﬁge—

1890 1781 2027 1848 renf,
2047 1781 2482 1853 superioremque
2497 1781 2859 1838 vastissimam
2885 1784 3176 1849 laxitatem,
3197 1799 3308 1838 non
3331 1784 3478 1839 inve-

1889 1873 2042 1928 niens
2063 1873 2518 1944 unde‘oppilarem
2531 1915 2544 1940 ,
2563 1874 2640 1929 sic
2661 1874 2919 1930 immensa
2939 1875 3194 1930 inanitate
3213 1883 3476 1945 patentem

1889 1973 1943 2018 et
1972 1963 2204 2018 hiantem
2231 1965 2636 2035 relinquerem?
2659 1963 2794 2032 Quid
2824 1965 2925 2020 ista
2953 1967 3206 2037 opinione
3245 1966 3478 2021 fmdius?

1887 2055 2016 2127 quid
2046 2057 2378 2112 tenebrosius
2407 2057 2511 2112 hoc
2541 2073 2728 2114 errore
2749 2059 2855 2114 dici
2875 2069 2966 2114 aut
2996 2061 3115 2130 ﬁngi
3143 2061 3358 2130 potest?

1958 2147 2185 2203 CAPUT
2209 2147 2565 2203 XXIV.—‘26.
2597 2149 2674 2203 De
2691 2166 2898 2204 numero
2915 2160 3216 2204 naturarum
3231 2151 3284 2204 in
3308 2151 3476 2222 phan-

1889 2248 2100 2296 tasmate
2129 2240 2421 2296 Manio/usi.
2453 2242 2653 2297 Deinde
2673 2242 2798 2296 volo
2837 2242 2964 2295 mihi
3000 2241 3233 2307 dicatur,
3261 2243 3476 2312 quando

1887 2333 2026 2406 lego,
2051 2335 2217 2390 Deum
2247 2335 2482 2402 Patrem,
2506 2344 2560 2391 et
2584 2351 2741 2405 supra
2771 2335 2999 2390 lucidam
3025 2335 3344 2405 beatamque
3367 2346 3474 2390 ter-

1887 2441 2004 2482 ram
2031 2424 2250 2482 fundata
2274 2441 2438 2498 regna
2460 2427 2598 2498 ejus,
2621 2435 2797 2482 utrum
2827 2428 2985 2481 unius
3012 2435 3066 2481 et
3091 2427 3328 2498 ejusdem
3351 2427 3476 2481 sub-

1886 2519 2098 2574 stantiae
2123 2527 2281 2588 atque
2310 2529 2516 2574 natum
2543 2519 2670 2586 sint,
2703 2527 2758 2574 et
2784 2518 2960 2584 Pater,
2990 2525 3045 2572 et
3073 2533 3234 2588 regna
3263 2517 3397 2587 ejus,
3421 2527 3476 2573 et

1888 2618 2050 2666 terra.
2075 2609 2226 2678 Quod
2250 2611 2295 2665 si
2316 2611 2389 2664 ita
2412 2619 2515 2677 est,
2543 2611 2654 2681 jam
2681 2623 2788 2665 non
2815 2611 2966 2680 quasi
2993 2611 3152 2664 aliam
3189 2619 3430 2664 naturam
3454 2651 3474 2680 ,

1886 2719 2005 2775 qua:
2031 2706 2182 2776 quasi
2209 2719 2404 2775 corpus
2441 2705 2513 2759 sit
2549 2706 2678 2760 Dci‘
2704 2739 2720 2770 ,-
2751 2719 2951 2760 cuneus
2997 2703 3086 2760 ille
3114 2705 3288 2776 gentis
3327 2711 3473 2758 tene-

1885 2798 2100 2853 brarum
2127 2798 2357 2854 difﬁndit
2385 2809 2440 2854 et
2470 2805 2742 2868 penetrat;
2772 2798 2914 2871 quod
2939 2798 3153 2867 quidem
3185 2798 3357 2867 ipsum
3386 2809 3476 2851 es-

1887 2897 1986 2966 set
2013 2889 2268 2944 ineffabili
2307 2889 2648 2945 deformitate
2689 2889 3054 2957 turpissimum
3100 2906 3114 2942 :
3161 2889 3254 2943 sed
3303 2889 3472 2958 ipsam

1885 2983 2104 3037 omnino
2139 2991 2382 3037 naturam
2435 2983 2529 3038 Dei
2558 2997 2759 3037 cuneus
2804 2983 2891 3037 ille
2933 2991 3090 3037 terrae
3137 2982 3476 3037 tenebrarum

1884 3075 2113 3132 difﬁndit
2139 3083 2192 3130 et
2221 3084 2482 3146 penetrat.
2531 3073 2681 3146 Rogo
2708 3117 2722 3141 ,
2771 3075 2998 3144 cogitate
3047 3075 3144 3129 ista
3182 3090 3196 3128 :
3229 3074 3472 3128 homines

1885 3169 2048 3232 estis;
2079 3175 2229 3238 rogo,
2261 3168 2488 3237 eugitale
2511 3167 2609 3222 ista
2638 3173 2691 3220 et
2709 3163 2895 3236 fugite,
2921 3165 3212 3241 taliumque
3243 3165 3472 3240 phania-

1885 3269 2114 3316 smatum
2138 3261 2436 3332 sacrilegia,
2470 3260 2759 3328 dilaniatis,
2790 3259 2834 3314 si
2865 3259 2980 3320 ﬁeri
3007 3273 3202 3334 potest,
3233 3264 3466 3335 pectori-

1886 3353 2005 3420 bus,
2037 3353 2103 3409 dc
2133 3353 2235 3408 ﬁde
2261 3363 2438 3409 vestra
2469 3351 2738 3412 eradicate
2758 3367 2920 3428 atque
2953 3357 3252 3428 propellite.
3283 3357 3365 3410 An
3393 3355 3474 3410 di-

1885 3449 2022 3505 cturi
2060 3447 2220 3514 estis,
2254 3463 2360 3503 non
2403 3447 2563 3507 unius
2598 3451 2944 3520 ejusdemque
2993 3457 3194 3503 naturae
3241 3449 3328 3504 illa
3374 3448 3474 3503 tria

1884 3555 2025 3614 esse,
2048 3539 2146 3602 sed
2170 3539 2389 3600 alterius
2413 3543 2645 3608 Patrem,
2671 3543 2891 3597 alterius
2920 3557 3101 3612 regna,
3127 3541 3346 3595 alterius
3367 3551 3475 3595 ter-

1887 3647 2024 3706 tam,
2059 3649 2116 3694 ut
2146 3654 2269 3694 suas
2299 3647 2513 3692 naturas
2553 3643 2710 3707 atque
2740 3636 3063 3690 substantias
3093 3633 3326 3690 habeant
3359 3637 3472 3689 sin-

1883 3731 2003 3801 gula
2034 3729 2291 3806 diversas,
2307 3735 2357 3782 et
2376 3728 2704 3784 excellentia!
2722 3727 2972 3797 gradibus
2985 3725 3297 3781 ordinatas?
3320 3717 3474 3791 Quod

1885 3823 1931 3877 si
1960 3837 2145 3876 verum
2188 3829 2289 3884 est,
2327 3836 2430 3874 non
2462 3819 2624 3886 duas,
2666 3817 2760 3873 sed
2799 3827 3027 3888 quatuor
3056 3827 3273 3871 naturas
3299 3817 3466 3871 Mani-

1884 3914 2067 3968 chmus
2094 3911 2385 3982 praedicare
2416 3911 2694 3966 debuerat.
2723 3907 2781 3964 Si
2815 3915 2993 3963 autem
3025 3923 3185 3962 unam
3229 3917 3472 3962 naturam

1885 4005 2047 4061 habet
2075 4007 2233 4062 Pater
2257 4013 2312 4060 et
2339 4019 2520 4075 regna,
2547 4011 2688 4058 terra
2717 4017 2845 4057 vero
2875 4001 2986 4056 sola
3016 3999 3282 4054 diversam
3304 4042 3318 4066 ,
3363 4003 3472 4056 tres

1883 4105 2090 4154 natum
2138 4095 2346 4152 fuerant
2387 4091 2760 4168 prmdicandm.
2794 4093 2898 4147 Aut
2938 4093 2982 4146 si
3027 4101 3309 4163 pr0pterea
3341 4091 3472 4147 duas

1883 4192 2065 4246 dicere
2091 4191 2308 4257 maluit,
2339 4189 2460 4260 quia
2486 4199 2626 4243 terra
2653 4187 2991 4243 tenebrarum
3021 4201 3126 4241 non
3151 4187 3382 4256 perlinet
3405 4183 3473 4241 ad

1885 4283 2077 4344 Deum,
2103 4295 2284 4352 qurere
2307 4279 2574 4350 quomodo
2595 4278 2661 4333 ad
2682 4279 2847 4332 Deum
2871 4277 3005 4332 lucis
3028 4285 3166 4332 terra
3189 4277 3470 4346 pertineat.

1885 4371 1942 4428 Si
1967 4373 2109 4427 enim
2140 4383 2192 4428 et
2218 4381 2460 4426 naturam
2489 4369 2648 4424 habet
2677 4368 2965 4433 diversam,
2994 4374 3047 4422 et
3087 4383 3190 4420 non
3219 4381 3336 4421 eam
3377 4383 3442 4437 ge
3467 4399 3474 4410 ι

1885 4465 2022 4528 nuit,
2057 4479 2231 4534 neque
2257 4463 2412 4528 fecit;
2451 4477 2557 4517 non
2586 4461 2653 4516 ad
2693 4475 2814 4516 eum
2855 4459 3103 4530 pertinet,
3135 4469 3189 4515 et
3215 4461 3270 4514 in
3298 4461 3474 4516 alieno

1885 4573 2047 4629 regna
2076 4559 2192 4627 ejus
2217 4559 2390 4611 locata
2424 4562 2569 4610 sunt.
2595 4555 2700 4610 Aut
2721 4554 2764 4608 si
2793 4563 3072 4624 prepterea
3102 4553 3331 4624 pertinet
3351 4555 3474 4625 quia

1884 4653 2058 4706 vicina
2083 4659 2183 4718 est,
2209 4649 2470 4720 pertineat
2491 4658 2544 4704 et
2566 4657 2706 4702 terra
2737 4647 3098 4714 tenebrarum,
3128 4663 3246 4717 quae
3268 4655 3466 4702 terram

1885 4745 2017 4800 lucis
2045 4759 2150 4798 non
2182 4743 2340 4796 modo
2357 4741 2625 4797 vicinitate
2641 4739 2918 4811 contingit,
2940 4739 3032 4796 sed
3051 4741 3206 4794 etiam
3227 4747 3473 4810 penetra-

1890 4838 2034 4892 tione
2059 4835 2334 4890 dissulcat.
2377 4833 2434 4889 Si
2466 4841 2642 4889 autem
2673 4833 2858 4903 genuit
2880 4849 3018 4896 eam,
3054 4847 3160 4888 non
3185 4847 3301 4886 eam
3329 4829 3473 4885 credi

1887 4936 2098 5000 Oportet
2127 4926 2388 4982 diversam
2411 4925 2612 4980 habere
2649 4913 2910 4979 naturam.
2942 4923 3094 4992 Quod
3122 4923 3262 4977 enim
3291 4921 3474 4991 genuit

1888 5023 2052 5090 Deus,
2076 5021 2178 5078 hoc
2205 5023 2414 5090 oportet
2451 5017 2595 5075 credi
2621 5031 2740 5074 esse
2761 5017 2902 5087 quod
2931 5017 3072 5071 Deus
3101 5023 3202 5080 est,
3227 5011 3362 5068 sicut
3393 5011 3461 5066 de

1841 5181 1856 5193 .
1887 5114 2166 5185 unigenito
2194 5111 2330 5167 Filio
2359 5111 2412 5166 in
2442 5109 2716 5166 Catholica
2747 5109 3002 5163 creditur.
3037 5106 3216 5174 itaque
3239 5103 3304 5156 ad
3327 5101 3472 5158 illam

1888 5203 2192 5276 fugiendam
2229 5213 2283 5259 et
2305 5202 2672 5258 detestandam
2706 5199 3083 5269 turpitudinem
3119 5209 3215 5248 vos
3236 5193 3256 5225 ³
3285 5207 3471 5248 ncces-

1890 5299 2019 5353 sitas
2045 5303 2279 5361 revocat,
2313 5303 2372 5349 ut
2396 5309 2500 5349 non
2536 5303 2730 5348 terram
2757 5291 2908 5362 quasi
2929 5287 3085 5342 aliam
3115 5291 3282 5357 atque
3300 5285 3473 5340 diver-

1889 5407 2028 5456 sam,
2062 5389 2156 5446 sed
2183 5389 2351 5460 ipsam
2381 5388 2476 5442 Dei
2503 5395 2744 5442 naturam
2769 5386 2918 5454 niger
2939 5382 3030 5436 ille
3059 5395 3261 5437 cuneus
3291 5379 3472 5435 difﬁn-

1891 5483 1999 5538 dat.
2030 5482 2182 5550 Quod
2211 5482 2254 5535 si
2295 5495 2402 5535 non
2428 5479 2639 5550 genuit,
2669 5475 2763 5531 sed
2793 5475 2916 5529 fecit
2942 5487 3058 5529 eam
3097 5473 3256 5540 Deus,
3291 5483 3475 5542 qumro

1891 5577 2034 5632 unde
2060 5575 2262 5631 fecerit.
2289 5571 2345 5628 Si
2376 5572 2443 5626 de
2477 5587 2536 5625 se
2563 5572 2677 5640 ipso
2700 5609 2715 5634 ,
2746 5567 2869 5637 quid
2905 5565 3048 5622 aliud
3081 5575 3162 5622 est
3187 5579 3346 5634 quam
3377 5575 3472 5630 ge-

1892 5668 2114 5724 nuisse?
2144 5665 2200 5722 Si
2250 5663 2318 5720 de
2369 5663 2539 5718 aliena
2593 5658 2768 5731 aliqua
2815 5669 3027 5726 natura,
3067 5669 3250 5730 quaere
3295 5661 3471 5710 utrum

1956 5855 1972 5889 ⁸
2009 5861 2056 5904 in
2079 5851 2303 5904 omnibus
2326 5855 2432 5899 Mss.
2447 5883 2461 5909 ,
2487 5843 2707 5911 ﬁtlturas.

1954 5920 1974 5949 ²
2007 5925 2136 5974 Mss,
2154 5914 2280 5979 quod
2303 5911 2439 5976 quasi
2460 5909 2634 5976 corpus
2653 5909 2715 5960 sit
2739 5918 2838 5961 Det.

1953 5981 1979 6028 .3
2010 5979 2129 6030 Editi
2148 5976 2314 6046 vulgo,
2333 5989 2434 6028 nos.
2460 5981 2517 6026 At
2537 5983 2663 6037 tua,
2689 5981 2784 6024 vos.
