4052 6448
550 451 652 512 I91

550 568 691 625 bona
710 578 777 620 an
805 561 969 618 mala.
995 559 1054 617 Si
1076 559 1237 624 bona,
1259 566 1377 615 erat
1398 572 1526 628 ergo
1547 557 1724 627 aliqua
1749 564 1936 612 natura
1964 557 2127 625 bona,

551 673 669 731 quae
704 671 811 712 non
839 654 1138 726 pertinebat
1161 652 1228 707 ad
1254 651 1419 707 Deum
1446 650 1632 721 :Aquod
1671 651 1814 727 nullo
1854 651 2012 706 modo
2050 650 2132 707 di-

549 767 676 810 cere
695 748 979 813 audebitis.
1008 748 1064 804 Si
1094 755 1268 801 autem
1298 745 1459 813 mala,
1492 759 1598 799 non
1626 759 1754 814 ergo
1781 744 1869 799 illa
1900 758 2028 815 gens
2052 753 2131 800 te-

550 845 837 900 nebrarum
866 840 977 895 sola
1008 848 1195 893 natura
1231 836 1370 893 mala
1402 844 1535 891 erat.
1575 836 1657 890 An
1702 834 1837 891 forte
1871 836 1980 906 jam
2010 836 2132 892 inde

550 941 909 1005 assumpserat
948 940 1152 1002 partem
1180 930 1411 999 aliquam
1442 929 1608 992 Deus,
1655 943 1814 997 quam
1854 928 1909 981 in
1938 936 2132 981 terram

551 1026 684 1083 lucis
703 1030 1060 1089 converteret,
1093 1029 1148 1077 et.
1177 1037 1337 1090 super
1361 1021 1505 1074 illam
1529 1034 1625 1074 sua
1651 1034 1811 1089 regna
1838 1018 2133 1073 stabiliret?

553 1122 629 1177 De
672 1130 779 1175 tota
826 1132 952 1189 ergo
979 1116 1030 1172 id
1062 1116 1308 1180 fecisset,
1358 1124 1416 1169 ut
1455 1116 1563 1183 jam
1606 1113 1733 1166 olim
1782 1112 1919 1165 mala
1950 1120 2134 1166 natura

553 1214 697 1268 nulla
738 1220 899 1267 esset.
928 1210 1080 1276 Quod
1127 1209 1170 1263 si
1214 1223 1318 1262 non
1357 1206 1424 1262 de
1454 1206 1628 1260 aliena
1673 1204 1971 1259 substantia
2012 1203 2135 1259 fecit

554 1313 751 1359 terram
778 1302 930 1368 lucis,
956 1309 1122 1357 restat
1152 1308 1210 1353 ut
1238 1314 1354 1354 eam
1383 1298 1450 1354 de
1480 1298 1648 1352 nihilo
1678 1297 1884 1351 fecerit.

584 1452 587 1455 λ
625 1393 847 1449 CAPUT
902 1391 1070 1447 XXV.
1096 1421 1167 1432 —-
1194 1391 1286 1445 27.
1328 1388 1412 1443 Ex
1446 1389 1606 1443 nihilo
1646 1389 1808 1443 creari
1841 1406 1930 1459 per
1958 1388 2141 1443 Omni-

556 1498 808 1559 potentem
836 1487 966 1542 bona
992 1486 1095 1540 alia
1122 1486 1236 1540 aliis
1259 1485 1525 1557 inferiora.
1550 1482 1616 1537 In
1637 1485 1802 1556 ﬁgura
1820 1485 2137 1556 conjunctio-

553 1584 630 1636 nis
677 1582 893 1635 duarum
929 1592 1211 1643 terrarum,
1239 1579 1617 1649 qualiscumque
1643 1578 1897 1647 ﬁngatur,
1942 1593 2138 1647 semper

552 1676 711 1727 inesse
741 1673 1111 1744 deformitatem
1136 1681 1222 1725 aut
1248 1670 1631 1724 absurditatem.
1661 1670 1836 1737 Quare
1859 1710 1874 1737 ,
1913 1669 1957 1724 si
1987 1670 2138 1725 vobis

549 1765 658 1834 jam
706 1764 1053 1834 persuadetur
1092 1778 1250 1834 posse
1292 1761 1492 1832 aliquid
1541 1761 1665 1815 boni
1718 1744 2139 1831 omnipotenfem

554 1858 720 1912 Deum
760 1857 829 1912 de
860 1856 1025 1912 nihilo
1066 1856 1269 1921 facere,
1297 1856 1474 1910 venite
1506 1855 1558 1908 in
1586 1854 1943 1920 Catholicam;
1978 1864 2031 1910 et
2059 1855 2141 1910 di-

553 1952 706 2016 scite,
738 1966 924 2005 omnes
960 1958 1178 2005 naturas
1201 1964 1333 2018 quas
1356 1947 1484 2004 fecit
1509 1948 1648 2003 Deus
1670 1958 1724 2002 et
1752 1947 2009 2013 condidit,
2040 1964 2138 2004 ex-

554 2042 813 2097 cellentiae
841 2040 1401 2112 gradibuslordinatas,
1431 2055 1460 2093 a
1487 2039 1709 2094 summis
1730 2053 1897 2108 usque
1922 2039 1989 2094 ad
2020 2040 2141 2094 inﬁ-

554 2148 689 2197 mas,
713 2148 899 2188 omnes
928 2133 1114 2198 bonas,
1143 2132 1236 2187 sed
1263 2132 1394 2185 alias
1420 2132 1539 2187 aliis
1566 2149 1685 2189 esse
1710 2138 1945 2204 potiores
1975 2156 1987 2190 :
2023 2150 2144 2191 eas-

553 2242 656 2295 que
701 2224 867 2280 factas
917 2240 1039 2281 esse
1086 2226 1154 2279 de
1203 2225 1392 2290 nihilo,
1450 2240 1571 2281 cum
1624 2228 1765 2284 Deus
1815 2231 2004 2298 artifex
2046 2246 2141 2302 per

554 2316 865 2386 sapientiam
897 2332 1045 2371 suam
1073 2319 1454 2387 potentialiter,
1484 2328 1541 2374 ut
1568 2322 1638 2376 ita
1667 2322 1862 2391 dicam,
1891 2340 2141 2395 operare.

554 2419 661 2477 tur,
708 2419 765 2465 ut
810 2418 990 2479 posset
1016 2424 1136 2466 esse
1176 2410 1318 2481 quod
1364 2427 1471 2466 non
1513 2422 1629 2467 erat
1660 2432 1672 2469 :
1704 2423 1757 2469 et
1801 2416 1853 2469 in
1886 2427 2140 2487 quantum

554 2503 716 2571 esset,
747 2504 945 2560 bonum
975 2514 1150 2570 esset;
1191 2505 1243 2560 in
1281 2514 1536 2575 quantum
1563 2516 1739 2562 autem
1765 2509 2053 2576 deﬁceret,
2081 2526 2141 2567 se

555 2613 663 2653 non
693 2596 759 2652 de
789 2597 899 2652 Deo
927 2598 1193 2667 genitum,
1223 2596 1317 2652 sed
1360 2598 1427 2652 ab
1466 2598 1583 2667 ipso
1629 2599 1694 2653 de
1735 2600 1900 2654 nihilo
1943 2601 2139 2656 factum

553 2688 881 2744 ostenderet.
930 2688 1067 2755 Quid
1112 2688 1254 2744 enim
1282 2703 1378 2744 vos
1420 2696 1633 2755 teneat,
1669 2691 1713 2746 si
1754 2692 2137 2760 consideretis,

555 2798 663 2837 non
690 2782 937 2837 invenitis
973 2800 986 2838 :
1018 2798 1139 2837 cum
1170 2790 1367 2837 terram
1391 2782 1605 2838 luminis
1625 2800 1784 2854 quam
1814 2786 2137 2856 describitis,

560 2889 733 2942 neque
766 2875 864 2928 hoc
913 2888 1033 2929 esse
1074 2873 1216 2943 quod
1261 2874 1402 2929 Deus
1446 2883 1528 2929 est
1577 2877 1789 2944 possitis
1830 2877 2044 2945 dicere,
2073 2893 2141 2934 ne

558 2952 672 3022 ipsa
695 2951 788 3007 Dei
814 2962 1002 3007 natura
1033 2953 1268 3009 foeditate
1300 2954 1516 3025 quadrae
1539 2955 1677 3009 illius
1702 2956 2020 3024 inarctetur;
2048 2973 2145 3014 ne-

557 3056 663 3112 que
688 3040 753 3096 de
782 3042 876 3097 illo
915 3044 1167 3113 genitam,
1202 3060 1267 3099 ne
1306 3046 1649 3101 nihilominus
1693 3046 1797 3101 hoc
1832 3050 1972 3118 quod
2002 3049 2144 3108 Deus

560 3141 643 3189 est
670 3143 890 3205 cogatur
912 3134 1155 3206 intelligi,
1187 3146 1240 3191 et
1260 3137 1325 3191 ad
1352 3138 1594 3193 eamdem
1634 3138 2025 3196 deformitatem
2054 3157 2143 3198 re-

558 3224 682 3280 deat
712 3226 764 3292 1;
794 3242 891 3282 nec
928 3227 1152 3282 alienam
1180 3228 1245 3283 ab
1271 3229 1383 3297 illo,
1428 3244 1495 3285 ne
1526 3229 1581 3284 in
1620 3230 1795 3285 alieno
1832 3247 1996 3302 regna
2020 3248 2149 3309 eum

557 3316 819 3386 posuisse,
847 3326 900 3372 et
920 3333 1025 3372 non
1061 3318 1213 3385 duas,
1248 3319 1341 3374 sed
1373 3327 1479 3375 tres
1500 3331 1719 3375 naturas
1750 3321 1928 3377 dicere
1949 3339 2142 3394 urgea-

557 3408 716 3475 mini;
758 3424 929 3480 neque
952 3408 1021 3464 ab
1049 3410 1238 3465 eodem
1280 3411 1348 3467 de
1384 3411 1555 3467 aliena
1594 3413 1784 3468 factam
1825 3414 2140 3485 substantia,

558 3513 627 3555 ne
662 3507 754 3555 aut
780 3501 977 3556 bonum
1008 3502 1148 3557 aliud
1178 3504 1333 3558 fuerit
1362 3513 1556 3573 praeter
1594 3506 1780 3574 Deum,
1824 3516 1915 3563 aut
1944 3510 2144 3567 malum

554 3601 753 3664 prteter
774 3602 985 3664 gentem
1016 3595 1378 3652 tenebrarum.
1406 3596 1667 3654 Remanet
1693 3600 1852 3671 igitur
1882 3601 2053 3671 vobis,
2085 3611 2146 3661 ut

558 3684 624 3741 de
661 3685 828 3742 nihilo
855 3694 1052 3742 terram
1082 3688 1296 3743 luminis
1324 3689 1490 3744 Deum
1520 3691 1709 3746 fecisse
1738 3691 2008 3749 fateamini
2044 3712 2057 3748 :
2088 3703 2147 3752 et

557 3793 663 3833 non
691 3779 850 3833 vultis
873 3780 1091 3837 credere
1119 3781 1261 3852 quod
1284 3782 1329 3836 si
1362 3797 1611 3853 magnum
1659 3786 1873 3857 aliqdod
1915 3788 2139 3849 bonum.

556 3870 699 3941 quod
730 3881 904 3927 tamen
934 3873 1026 3927 illo
1072 3873 1189 3943 ipso
1231 3885 1372 3931 esset
1413 3876 1655 3942 inferius,
1698 3878 1839 3934 Deus
1878 3895 1942 3935 ex
1974 3881 2143 3937 nihilo

556 3962 732 4017 facere
760 3964 958 4032 potuit:
987 3965 1158 4035 potuit
1184 3967 1366 4036 etiam,
1408 3969 1528 4040 quia
1559 3970 1731 4027 bonus
1773 3981 1872 4040 est,
1916 3982 1968 4029 et
2010 3976 2142 4032 nulli

559 4054 702 4110 bono
728 4055 950 4123 invidet,
980 4058 1154 4115 facere
1174 4060 1402 4115 alterum
1424 4062 1646 4132 bonum,
1686 4067 1827 4136 quod
1854 4068 1945 4123 illo
1964 4070 2141 4139 priore

558 4158 701 4205 esset
730 4150 979 4219 inferius;
1014 4154 1185 4222 potuit
1217 4162 1271 4209 et
1311 4155 1545 4223 tertium,
1572 4158 1658 4213 cui
1686 4161 1975 4217 secundum
2005 4179 2144 4233 pra:-

557 4252 863 4311 ponerctur.
892 4254 945 4300 et
972 4246 1166 4302 deinde
1199 4263 1367 4318 usque
1390 4248 1456 4303 ad
1486 4250 1726 4306 inﬁmum
1758 4253 1956 4310 bonum
1983 4268 2140 4313 natu-

558 4347 738 4388 rarum
768 4336 1021 4392 factarum
1053 4338 1297 4395 ordinem
1340 4341 1560 4410 ducere,
1607 4343 1779 4402 donec
1826 4348 2142 4407 universitas

558 4440 762 4493 earum,
793 4443 898 4483 non
926 4445 1149 4487 numero
1187 4432 1463 4491 indeﬁnito
1503 4435 1707 4493 incerta
1737 4438 2016 4509 difflueret,
2043 4444 2141 4501 sed

558 4527 706 4572 certo
734 4522 1009 4575 terminata
1038 4523 1374 4586 consisteret.
1405 4526 1512 4584 Aut
1534 4529 1580 4585 si
1606 4546 1707 4586 nec
1722 4531 1789 4587 de
1805 4533 1970 4591 nihilo
1985 4536 2141 4593 istam

558 4608 773 4664 luminis
813 4621 1010 4668 terram
1053 4614 1218 4672 Deum
1258 4615 1446 4674 fecisse
1485 4623 1644 4679 vultis
1688 4622 1863 4692 fateri,
1905 4643 2012 4684 non
2040 4630 2143 4687 erit

557 4702 730 4757 exitus
759 4719 862 4772 quo
902 4712 1076 4763 tantas
1102 4710 1456 4780 turpitudines
1481 4722 1535 4771 et
1562 4724 1669 4772 tam
1711 4719 1995 4791 sacrilegas
2020 4723 2139 4794 opi-

558 4792 747 4848 niones
774 4796 1029 4853 evadatis.

628 4886 719 4940 28.
763 4890 868 4943 Aut
893 4890 1065 4947 videte
1086 4902 1250 4962 certe,
1294 4900 1544 4969 quoniam
1572 4902 1799 4958 liberum
1833 4914 1916 4961 est
1941 4909 2142 4965 carnali

555 4977 859 5047 cogitationi
908 4982 1273 5051 phantasmata
1320 4991 1494 5059 qualia
1540 4992 1751 5049 libuerit
1804 4998 2031 5067 orinari,
2074 5015 2142 5057 ne

554 5065 689 5123 forte
719 5072 930 5139 possitis
959 5074 1113 5130 aliam
1144 5077 1368 5135 formam
1419 5099 1805 5158 quamcumque
1842 5065 1974 5145 huic
2015 5107 2143 5148 con-

554 5160 811 5229 junctioni
844 5165 1067 5223 duarum
1104 5179 1363 5228 terrarum
1392 5176 1649 5244 invenire,
1680 5197 1748 5236 ne
1778 5190 1882 5238 tam
1909 5184 2143 5243 detesta-

556 5251 680 5307 bilis
707 5266 759 5310 et
789 5261 1083 5316 aversanda
1114 5278 1290 5318 rerum
1321 5264 1482 5323 facies
1508 5272 1687 5328 animo
1716 5288 1962 5332 occurrat
1991 5299 2003 5334 :
2030 5291 2136 5336 tero

558 5349 903 5405 ramscilicet
931 5352 1044 5419 Dei,
1090 5354 1202 5411 sive
1240 5358 1311 5414 sit
1356 5357 1595 5430 ejusdem
1637 5376 1840 5422 naturae
1879 5370 2032 5440 cujus
2058 5382 2141 5428 est

558 5436 716 5505 Deus,
749 5441 861 5497 sive
889 5444 1133 5516 diversae,
1180 5451 1234 5507 in
1272 5468 1373 5523 qua
1401 5464 1578 5512 tamen
1608 5459 1701 5514 Dei
1731 5476 1891 5532 regna
1922 5461 2137 5523 fundata

556 5529 680 5592 sint.
712 5532 781 5586 ita
811 5535 1008 5605 ingenti
1047 5544 1189 5599 mole
1230 5561 1326 5616 per
1368 5548 1684 5608 immensum
1723 5554 1925 5627 jacere,
1958 5567 2014 5613 ut
2042 5575 2139 5629 per

557 5624 818 5679 inﬁnitum
858 5628 1117 5695 porrectis
1142 5637 1195 5683 et
1220 5630 1416 5701 apertis
1442 5630 1696 5685 membris
1719 5624 1919 5701 jaceat,
1943 5624 2135 5705 quibus

557 5716 848 5772 foedissime
870 5727 1033 5786 atque
1057 5720 1361 5787 turpissime
1389 5721 1456 5776 ab
1483 5721 1716 5777 inferiori
1742 5732 1889 5793 parte
1913 5728 2135 5798 recipiat

560 5811 720 5867 etiam
745 5810 918 5882 ipsum
944 5811 1220 5867 immensae
1242 5816 1618 5886 magnitudinis
1638 5817 1956 5877 inarctatnm
1982 5822 2131 5879 illum

618 5947 639 5982 ⁸
667 5947 969 6001 corbeiensis
985 5955 1087 6011 ιιι,
1108 5946 1333 6001 redeatis.

1376 439 1653 500 CONTRA
1691 436 2074 497 EPISTOLAM
2112 436 2486 509 MANICHABI,
2529 440 2587 498 S.
2626 440 2999 505 AUGUSTINI

3717 456 3829 513 I92

2244 573 2469 615 cuneum
2495 567 2653 618 terrae
2688 564 3045 621 tenebrarum.
3083 566 3187 627 Sed
3210 569 3463 643 quidquid
3503 573 3646 630 aliud
3668 574 3827 632 inve»

2242 652 2426 706 neritis
2449 652 2650 724 ﬁgurae,
2673 671 2780 727 quo
2804 657 2921 712 duze
2944 658 3060 713 ista:
3086 667 3241 717 terrae
3274 663 3375 718 sibi
3399 664 3826 738 conjungantur,

2241 745 2419 801 delere
2456 748 2696 818 profecto
2731 751 3005 807 Manichzei
3040 753 3245 811 litteras
3282 772 3400 823 non.
3420 761 3679 828 potestis:
3712 778 3827 818 non

2240 838 2360 893 dico
2401 841 2532 897 alias
2575 844 2767 913 quibus
2796 848 3109 916 expressius
3148 849 3246 903 ista
3290 850 3597 924 descripsit;
3630 854 3832 911 fortas-

2241 931 2314 986 sis
2341 932 2481 987 enim
2526 936 2649 1004 quia
2692 938 3030 1006 paucioribus
3075 932 3214 996 notae
3244 951 3408 1006 sunt,
3458 945 3633 1000 minus
3681 948 3832 1017 peri-

2242 1024 2345 1077 culi
2395 1025 2591 1082 habere
2636 1030 2914 1085 videantur
2958 1049 2972 1087 :
3018 1032 3112 1088 sed
3166 1034 3294 1089 istas
3347 1037 3488 1106 ipsas
3518 1037 3585 1092 de
3630 1040 3830 1108 quibus

2241 1133 2382 1174 nunc
2408 1122 2612 1190 agitur,
2648 1123 2901 1193 Epistula:
2936 1126 3290 1182 Fundamenti
3312 1171 3327 1195 ,
3362 1145 3479 1200 quae
3504 1130 3615 1188 fere
3653 1133 3834 1188 omni-

2241 1209 2340 1264 bus
2366 1215 2452 1281 qui
2483 1215 2620 1283 apud
2650 1233 2744 1271 vos
2767 1219 3045 1274 illuminati
3070 1231 3328 1277 vocantur
3352 1225 3488 1279 solet
3515 1240 3634 1280 esse
3657 1228 3835 1280 notis-

2242 1302 2396 1356 sima.
2421 1304 2517 1359 Hic
2544 1308 2737 1377 quippe
2769 1310 2836 1363 ita
2865 1312 3116 1365 scribitur
3148 1330 3161 1364 :
3193 1311 3354 1368 Juxta
3382 1332 3536 1369 unam
3568 1333 3680 1370 vero
3707 1335 3834 1389 par-

2242 1400 2337 1446 tem
2359 1412 2417 1448 ac
2437 1396 2570 1451 latus
2594 1398 2734 1453 illius
2755 1400 2968 1457 illustris
2989 1420 3048 1457 ac
3073 1414 3260 1459 sanctce
3286 1416 3450 1472 terrae,
3474 1419 3579 1462 erat
3599 1412 3835 1466 tenebra-

2242 1501 2353 1539 rum
2383 1496 2515 1542 terra
2545 1491 2799 1559 profunda
2824 1503 2869 1545 et
2901 1494 3146 1549 immensa
3171 1498 3538 1569 magnitudine.

2314 1578 2536 1635 CAPUT
2569 1579 2759 1637 XXVI.
2786 1614 2857 1625 —
2885 1584 3218 1642 Coarctantur
3244 1589 3517 1646 Manio/tari
3534 1633 3547 1656 ,
3591 1593 3692 1648 sive
3721 1602 3834 1649 tor-

2244 1680 2386 1726 tuoso
2412 1674 2566 1728 latere
2583 1677 2988 1747 conjunctionem
3010 1681 3154 1734 illam
3181 1682 3292 1751 ﬁeri
3316 1684 3505 1749 dicant,
3527 1686 3628 1740 sive
3653 1704 3832 1755 curvo,

2242 1763 2344 1816 sive
2363 1774 2513 1818 recto.
2558 1764 2623 1818 In
2652 1767 2745 1820 hoc
2768 1769 2911 1822 tertio
2935 1786 3114 1840 genere
3131 1772 3389 1842 juncturae
3412 1784 3535 1829 esset
3560 1778 3838 1832 concordia

2244 1865 2291 1909 et
2314 1857 2635 1927 pulchritudo
2659 1861 2853 1931 utrique
2873 1872 3021 1917 terra:
3044 1867 3360 1921 conveniens.
3390 1868 3527 1937 Quid
3550 1880 3838 1942 exspecta-

2246 1964 2364 2003 mus
2391 1951 2652 2019 amplius?
2681 1952 2950 2010 Tenemus
2978 1957 3121 2012 enim
3165 1959 3309 2029 quod
3338 1960 3487 2031 juxta
3532 1963 3666 2017 latus
3691 1971 3835 2019 erat.

2245 2043 2525 2110 Quomodo
2555 2044 2683 2099 libet
2720 2046 2831 2116 jam
2863 2048 3044 2119 ﬁngite
3072 2050 3287 2122 ﬁguras,
3322 2063 3377 2108 et
3410 2055 3585 2124 qualia
3611 2056 3738 2111 libet
3763 2057 3835 2111 li-

2246 2146 2523 2189 neamenta
2554 2136 2871 2206 describite;
2904 2142 3073 2197 moles
3117 2154 3262 2200 certe
3290 2146 3379 2200 illa
3421 2147 3693 2204 immense
3724 2159 3841 2203 ter-

2246 2241 2320 2280 rae
2344 2227 2714 2297 tenebrarum,
2753 2240 2844 2286 aut
2883 2242 3032 2289 recto
3060 2234 3225 2292 latere
3262 2237 3650 2310 adjungebatur
3678 2250 3838 2298 terra:

2246 2317 2397 2383 lucis,
2430 2329 2521 2373 aut
2545 2335 2729 2387 curvo,
2758 2333 2848 2378 aut
2875 2333 3134 2381 tortuose.
3159 2328 3264 2383 Sed
3293 2330 3336 2383 si
3368 2340 3641 2396 tortuose;
3666 2342 3721 2389 et
3743 2335 3837 2389 illa

2246 2420 2428 2464 saneta
2468 2418 2609 2465 terra
2635 2422 2931 2469 tortuosum
2963 2416 3123 2473 habet
3160 2420 3334 2475 latus:
3364 2437 3488 2477 nam
3519 2423 3565 2478 si
3607 2424 3719 2493 ipsa
3749 2441 3839 2481 re~

2245 2509 2388 2555 ctum
2419 2501 2578 2558 habet
2611 2504 2748 2560 latus
2772 2547 2787 2573 ,
2827 2516 2881 2562 et
2913 2516 3154 2565 tortuose
3181 2510 3339 2581 hujus
3368 2514 3537 2570 latere
3579 2517 3837 2586 tangitur,

2251 2591 2573 2664 interpatent
2597 2611 2838 2653 cavernae
2868 2600 3112 2670 quaedam
3143 2605 3421 2674 profunda:
3447 2623 3541 2677 per
3570 2607 3839 2667 inﬁnitum

2247 2688 2466 2756 inanes,
2497 2704 2598 2746 nec
2631 2690 2742 2761 jam
2783 2707 2941 2764 supra
2979 2704 3174 2751 terram
3207 2708 3408 2754 tantum
3433 2701 3450 2732 ί
3498 2703 3839 2760 tenebrarum

2245 2778 2473 2835 inanitas
2499 2790 2633 2852 erat,
2663 2784 2799 2840 sicut
2817 2786 3005 2843 audire
3024 2789 3351 2846 solebamus.
3381 2792 3531 2861 Quod
3559 2796 3604 2850 si
3630 2796 3700 2851 ita
3728 2807 3834 2864 est,

2244 2881 2444 2942 quanto
2470 2876 2661 2932 melius
2700 2887 2816 2934 erat
2844 2890 2902 2935 ut
2938 2896 2998 2938 se
3037 2883 3311 2955 aliquanto
3340 2886 3548 2959 longius
3578 2898 3716 2945 terra
3749 2892 3837 2946 lu-

2244 2967 2403 3022 minis
2428 2981 2759 3039 removeret,
2794 2983 2956 3045 atque
2979 2976 3067 3031 illa
3095 2977 3323 3034 inanitas
3352 2988 3497 3036 tanta
3528 2982 3839 3052 interesset,

2246 3072 2312 3112 ne
2341 3060 2560 3115 omnino
2600 3073 2780 3133 posset
2808 3080 2839 3120 a
2870 3067 3211 3124 tenebrarum
3252 3079 3395 3126 terra
3438 3088 3505 3128 ex
3536 3073 3642 3128 ulla
3683 3083 3843 3143 parte

2244 3150 2520 3221 contingi?
2557 3152 2667 3209 imo
2704 3156 2865 3211 etiam
2904 3166 3107 3215 tantum
3144 3163 3373 3231 spatium
3405 3173 3610 3234 pateret
3658 3165 3838 3221 inanis

2243 3241 2619 3311 profunditatis
2640 3286 2655 3311 ,
2680 3254 2739 3302 ut
2764 3249 2808 3302 si
2833 3265 2934 3319 qua
2961 3253 3134 3321 gentis
3156 3254 3295 3309 illius
3322 3257 3553 3312 oriretur
3579 3258 3843 3328 improbi-

2244 3342 2347 3400 tas,
2379 3335 2590 3391 etiamsi
2617 3347 2822 3396 temere
2857 3344 3128 3401 transilire
3157 3346 3207 3400 in
3238 3347 3383 3403 illam
3408 3349 3609 3405 vellent
3632 3351 3841 3420 princi-

2245 3441 2340 3496 pes
2360 3428 2699 3486 tenebrarum
2723 3431 2995 3503 (quoniam
3019 3452 3120 3493 nec
3139 3440 3317 3495 volare
3341 3452 3563 3511 possunt
3585 3458 3837 3514 corpora,

2244 3518 2346 3575 nisi
2368 3536 2493 3580 aere
2510 3537 2773 3594 corporeo
2795 3530 3217 3603 supportentur),
3239 3548 3332 3603 per
3358 3534 3485 3589 illud
3514 3535 3673 3591 inane
3694 3551 3841 3606 pra:-

2243 3614 2481 3685 cipitati,
2509 3626 2564 3673 et
2601 3620 2722 3689 quia
2753 3620 3017 3678 inﬁnitum
3046 3624 3297 3682 deorsum
3337 3643 3523 3684 versus
3563 3639 3733 3693 esset,
3765 3630 3843 3687 ad

2244 3705 2449 3762 nullum
2470 3708 2754 3780 aliquando
2777 3711 2997 3769 fundum
3028 3718 3424 3788 pervenientes,
3455 3721 3663 3776 etiamsi
3692 3737 3844 3779 sem-

2243 3813 2340 3868 per
2368 3810 2589 3869 possent
2628 3804 2806 3860 vivere
2829 3848 2844 3873 ,
2893 3823 3163 3879 nunquam
3209 3820 3386 3867 tamen
3416 3813 3542 3869 dum
3579 3815 3843 3873 deorsum

2244 3903 2457 3961 semper
2482 3892 2744 3965 feruntur,
2774 3910 2991 3968 possent
3016 3905 3252 3959 nocere?
3274 3902 3329 3960 Si
3359 3916 3536 3983 autem
3562 3923 3727 3965 curvo
3756 3909 3848 3963 la-

2246 3990 2359 4039 tere
2380 3986 2790 4059 adjnngebatur,
2816 4001 2957 4047 terra
2980 4010 3193 4066 quoque
3219 3998 3349 4053 lucis
3375 4014 3538 4055 curvo
3563 4016 3679 4056 eam
3709 4002 3844 4059 sinu

2242 4076 2555 4136 deformiter
2575 4083 2885 4152 recipiebat.
2917 4086 3024 4142 Aut
3048 4089 3091 4142 si
3124 4089 3386 4145 introrsus
3412 4092 3511 4147 ista
3539 4095 3688 4164 quasi
3710 4110 3844 4164 spe-

2242 4168 2325 4225 cie
2364 4169 2556 4226 theatri
2585 4188 2746 4227 curva
2776 4186 2911 4243 erat,
2944 4192 3157 4232 curvam
3187 4189 3343 4236 terra:
3370 4183 3585 4237 luminis
3626 4196 3843 4253 partem

2241 4259 2335 4315 tali
2383 4262 2501 4316 sinu
2548 4273 2815 4334 receptam
2845 4282 2952 4323 non
2992 4270 3167 4326 minus
3193 4271 3417 4328 deformi
3444 4276 3839 4344 copulatione‘

2241 4354 2679 4425 amplectebatur.
2705 4358 2811 4413 Aut
2834 4360 2877 4413 si
2921 4360 3022 4415 ista
3073 4376 3295 4419 curvum
3324 4365 3553 4421 habebat
3581 4369 3741 4439 latus,
3773 4381 3841 4428 et

2241 4446 2331 4502 illa
2353 4458 2581 4517 rectum,
2605 4464 2710 4505 non
2737 4466 2802 4507 ex
2829 4463 2940 4509 toto
2961 4469 3081 4509 eam
3104 4454 3270 4513 latere
3293 4460 3601 4531 attingebat.
3631 4463 3698 4518 Et
3726 4465 3840 4519 uti—

2241 4553 2345 4611 que
2372 4542 2563 4599 melius
2591 4554 2726 4613 erat,
2768 4546 2905 4602 sicut
2940 4562 3097 4619 supra
3142 4550 3291 4618 dixi,
3319 4562 3375 4608 ut
3412 4554 3557 4610 nulla
3587 4572 3652 4611 ex
3677 4566 3839 4627 parte

2238 4632 2593 4703 contingeret,
2624 4643 2933 4709 tantumque
2962 4640 3120 4696 inane
3162 4642 3480 4713 interesset,
3520 4656 3581 4702 ut
3604 4658 3658 4703 et
3680 4648 3837 4717 justo

2238 4721 2518 4779 intervallo
2544 4734 2825 4797 utramque
2855 4738 3051 4786 terram
3080 4734 3406 4804 sejungeret,
3436 4744 3490 4792 et
3514 4743 3836 4799 temerarios

2239 4814 2509 4885 improbos
2541 4834 2635 4887 per
2660 4820 2922 4876 infinitum
2960 4826 3262 4895 praecipites
3300 4830 3434 4884 nihil
3480 4847 3671 4889 nocere
3699 4849 3837 4904 per-

2238 4910 2495 4965 mitteret.
2519 4912 2669 4979 Quod
2696 4915 2740 4969 si
2767 4926 2916 4972 recto
2940 4919 3105 4974 latere
3126 4920 3267 4976 latus
3287 4935 3489 4979 rectum
3515 4929 3830 4997 attingebat,

2240 5016 2347 5057 non
2378 5004 2533 5060 video
2560 5006 2776 5075 quidem
2815 5009 2990 5081 aliqua
3020 5012 3101 5067 vel
3131 5018 3462 5084 receptacula
3491 5019 3573 5074 vel
3602 5019 3778 5076 hiatus
3811 5040 3829 5077 :

2238 5096 2333 5153 sed
2361 5098 2517 5167 pla-ne
2546 5099 2701 5156 video
2728 5109 2931 5158 tantam
2958 5119 3143 5175 pacem
3176 5116 3487 5181 tantamque
3508 5127 3688 5168 secum
3719 5122 3833 5171 ter-

2237 5206 2313 5247 rae
2340 5194 2615 5264 utriusque
2655 5197 2996 5253 concordiam
3016 5241 3031 5265 ,
3078 5207 3137 5255 ut
3176 5203 3347 5273 major
3373 5206 3677 5274 conjunctio
3706 5223 3835 5264 esse

2238 5300 2346 5340 non
2371 5289 2556 5356 possit.
2576 5287 2711 5357 Quid
2735 5291 2876 5345 enim
2899 5292 3215 5362 speciosius,
3244 5297 3370 5367 quid
3396 5301 3824 5367 convenientiae.

2238 5392 2395 5446 quam
2428 5390 2631 5434 rectum
2663 5389 2810 5437 recto
2836 5383 2907 5437 ita
2942 5385 3204 5455 copulari,
3237 5397 3294 5443 ut
3319 5391 3464 5446 nulla
3492 5407 3558 5447 ex
3588 5402 3735 5462 parte
3758 5395 3837 5450 si»

2239 5482 2341 5521 nus
2365 5467 2560 5539 aliquis
2588 5471 2672 5525 vel
2709 5471 2879 5528 ﬂexus
2907 5474 3207 5547 disrumpat
3243 5489 3333 5535 aut
3359 5480 3575 5538 dirimat
3614 5495 3838 5541 natura-

2240 5558 2343 5614 lem
2370 5575 2432 5616 ac
2452 5563 2695 5619 stabilem
2720 5580 2814 5632 per
2846 5567 3112 5623 inﬁnitum
3140 5573 3367 5641 spatium
3401 5574 3502 5630 loci
3531 5584 3585 5630 et
3608 5577 3675 5633 ab
3700 5578 3833 5633 inﬁ-

2240 5652 2348 5706 nita
2378 5656 2673 5713 aeternitate
2703 5656 3050 5726 juncturam?
3074 5660 3204 5729 Quae
3234 5674 3377 5731 recta
3422 5668 3584 5723 latera
3629 5672 3835 5728 utrius-

2240 5758 2345 5815 que
2375 5753 2530 5801 terrae
2554 5790 2568 5813 ,
2620 5748 2829 5805 etiamsi
2870 5752 3185 5823 interposito
3228 5756 3373 5813 inani
3415 5773 3834 5831 separarentur.

2304 5899 2322 5965 ξ
2355 5898 2460 5965 Sola
2485 5900 2630 5952 editio
2650 5909 2780 5965 tm.,
2802 5910 2952 5956 tanta.

2306 5963 2326 5993 ι
2356 5963 2661 6014 Corbciensis
2676 5963 2781 6029 Ms,
2803 5968 3089 6021 curvatione.
