4052 6436
157 306 268 364 {93

157 436 265 478 non
291 417 469 475 solum
497 432 593 490 per
621 430 682 474 se
706 416 821 488 ipsa
849 412 1072 487 pulchra
1100 418 1305 478 essent,
1328 409 1451 483 quia
1478 417 1585 466 tam
1608 418 1754 466 recta

157 523 344 570 essent
370 528 386 564 :
418 511 513 567 sed
542 511 824 580 interjecto
850 523 1062 580 quoque
1087 506 1369 562 intervallo
1395 506 1467 560 ita
1496 505 1595 560 sibi
1620 520 1756 560 con-

159 612 435 678 gruerent,
489 611 545 658 ut
599 603 724 658 hinc
766 610 926 672 atque
979 600 1125 655 illinc
1171 598 1367 668 pariles
1411 596 1757 653 rectitudines

159 699 318 753 etiam
349 697 472 752 sine
496 695 605 750 ulla
632 694 1033 764 conjunctione,
1062 691 1176 762 ipsa
1203 699 1384 746 tamen
1410 688 1758 745 similitudine

161 791 210 845 in
258 804 426 844 unam
474 785 965 859 pulchritudinem‘
997 783 1366 841 convenirent.
1406 781 1540 837 Cum
1579 788 1758 836 autem

161 880 365 936 accedit
393 880 496 934 ista
533 879 872 951 conjunctio,
899 877 1026 949 quid
1069 874 1387 932 concordius
1431 889 1496 929 ac
1521 873 1759 944 pacatius

162 973 256 1027 hac
288 981 520 1042 utraque
542 980 721 1037 terra;
762 969 889 1041 quid
911 984 1037 1025 vero
1067 968 1228 1024 etiam
1255 967 1368 1037 ipsa
1416 965 1753 1036 copulatione

163 1067 387 1122 duorum
423 1075 695 1120 rectorum
726 1065 952 1120 laterum
977 1061 1254 1134 pulchrius
1277 1061 1382 1117 dici
1405 1069 1498 1116 aut
1535 1059 1760 1132 cogitari

164 1159 359 1228 possit,
393 1173 502 1212 non
534 1157 770 1211 invenio.

229 1248 460 1304 CAPUT
519 1247 736 1304 XXVII.
780 1276 855 1288 —
888 1246 982 1303 29.
1033 1245 1373 1301 Pulchritudo
1413 1243 1536 1299 recti
1582 1244 1755 1298 lateris

166 1355 324 1414 posset
345 1354 503 1397 terra:
550 1343 867 1396 tenebrarum
910 1341 1109 1396 detrahi
1153 1341 1261 1395 sine
1301 1338 1411 1411 ulla
1455 1337 1764 1392 detractione

165 1436 479 1491 substantia.
515 1434 606 1491 Sic
636 1435 829 1490 malum
859 1436 1046 1490 animae
1072 1433 1256 1489 accidit
1292 1432 1437 1487 nulla
1475 1431 1648 1486 addita
1677 1431 1767 1484 de-

171 1536 385 1580 tractave
415 1527 718 1580 substantia.
746 1525 908 1580 Latus
945 1536 1091 1580 terrae
1116 1524 1430 1580 tenebrarum
1451 1524 1502 1577 in
1525 1532 1766 1593 quantum

168 1630 353 1671 rectum
405 1631 570 1685 esset,
617 1619 734 1672 boni
776 1618 970 1689 aliquid
1016 1618 1218 1671 haberet
1262 1634 1294 1671 a
1334 1616 1444 1671 Deo
1485 1616 1762 1670 conditore.

170 1711 305 1778 Quid
337 1712 530 1766 faciam
561 1727 682 1767 cum
711 1727 897 1766 errore
922 1713 942 1743 ¹
987 1710 1253 1781 perversis
1291 1719 1344 1764 et
1385 1707 1768 1765 consuetudine

168 1803 460 1871 implicatis
489 1803 808 1858 miserrimis
843 1802 1081 1856 animis?
1118 1802 1234 1856 Non
1280 1801 1421 1855 enim
1464 1800 1640 1855 sciunt
1681 1798 1767 1854 isti

171 1893 421 1949 homines
449 1895 579 1964 quid
608 1896 894 1966 loquantur
916 1935 933 1960 ,
975 1908 1099 1949 cum
1144 1893 1260 1948 haec
1297 1893 1626 1963 loquuntur:
1658 1907 1765 1946 non

172 1989 307 2042 enim
357 1988 668 2043 attendunt.
722 1989 909 2058 Rogo,
943 2000 1101 2041 nemo
1144 2000 1240 2040 vos
1283 1993 1470 2056 urget,
1509 1997 1670 2039 nemo
1715 1983 1769 2038 in

172 2088 441 2135 certamen
467 2081 665 2150 premit
688 2121 702 2146 ,
726 2094 885 2135 nemo
905 2077 1192 2149 praeteritis
1214 2077 1434 2132 insultat
1459 2076 1735 2132 erroribus
1750 2117 1766 2144 ,

173 2172 267 2228 nisi
294 2174 388 2242 qui
418 2173 660 2227 divinam
689 2171 1114 2227 misericordiam
1141 2178 1397 2239 expertus
1427 2184 1532 2223 non
1561 2177 1644 2224 est
1667 2209 1683 2236 ,
1713 2177 1772 2224 ut

174 2274 375 2321 careret
403 2265 686 2321 erroribus
717 2283 732 2320 :
769 2273 970 2320 tantum
1004 2263 1056 2318 id
1085 2278 1304 2334 agamus
1327 2303 1342 2330 ,
1392 2269 1452 2315 ut
1485 2259 1770 2330 aliquando

176 2355 441 2410 ﬁniantur.
498 2356 784 2411 Intuemini
833 2355 1108 2425 paululum
1164 2353 1282 2408 sine
1333 2351 1671 2408 animositate
1716 2358 1772 2405 et

176 2449 548 2504 amaritudine.
580 2448 780 2503 Omnes
813 2447 1057 2502 homines
1085 2461 1309 2511 sumus;
1354 2461 1460 2500 non
1498 2458 1595 2499 nos
1619 2485 1634 2508 ,
1675 2442 1770 2498 sed

177 2556 377 2596 errores
421 2549 481 2596 et
524 2539 786 2596 falsitates
824 2539 1098 2595 oderimus
1122 2537 1167 2591 ⁸.
1207 2537 1400 2603 Quaeso
1425 2578 1440 2604 ,
1491 2535 1770 2590 intuemini

178 2635 468 2704 paululum.
507 2635 644 2688 Deus
675 2632 1161 2688 misericordiarum
1186 2673 1202 2698 ,
1235 2631 1425 2701 adjuva
1455 2630 1722 2686 intuentes
1747 2672 1763 2697 ,

136 2711 142 2720 ’
177 2735 227 2779 et
251 2741 435 2780 verum
465 2724 832 2795 quaerentibus
858 2723 1081 2778 interius
1110 2723 1289 2777 lumen
1328 2721 1583 2777 accende.
1628 2719 1767 2787 Quid

178 2819 312 2871 enim
342 2816 698 2886 intelligimus
723 2857 738 2882 ,
768 2816 812 2870 si
838 2830 944 2870 non
970 2815 1316 2886 intelligimus
1344 2824 1546 2870 rectum
1579 2813 1770 2868 melius

182 2921 301 2961 esse
325 2923 479 2977 quam
514 2923 737 2978 pravum
760 2907 783 2960 ?
809 2907 1001 2976 Quaero
1029 2923 1158 2978 ergo
1189 2922 1218 2960 a
1245 2906 1395 2962 vobis
1420 2948 1436 2974 ,
1479 2907 1524 2960 si
1564 2905 1770 2976 placide

179 2998 526 3068 modesteque
565 2999 810 3069 accipitis
834 3041 848 3064 ,
892 3007 1097 3053 rectum
1141 2998 1279 3052 latus
1318 3006 1475 3052 terra:
1517 2996 1768 3052 tenebra-

179 3107 285 3146 rum
309 3136 324 3160 ,
363 3092 514 3164 quod
556 3103 709 3148 recto
760 3093 913 3148 lateri
955 3100 1114 3148 terra:
1156 3091 1288 3146 lucis
1327 3091 1670 3161 adjungitur,
1723 3090 1769 3145 si

180 3185 434 3255 quispiam
481 3187 840 3256 depravarct,
889 3185 1159 3239 nullamne
1200 3183 1275 3237 illi
1320 3183 1768 3252 pulchritudinem

179 3275 472 3332 adimeret?
499 3277 735 3332 Necesse
776 3284 860 3331 est
901 3275 1174 3331 fateamini
1223 3274 1268 3329 si
1309 3275 1504 3329 latrare
1545 3273 1724 3328 nolitis
1749 3313 1766 3340 ,

176 3381 276 3422 non
303 3367 484 3423 solum
505 3368 554 3424 ei
583 3410 598 3433 ,
620 3369 665 3422 si
689 3367 1008 3437 depravetur
1027 3409 1042 3434 ,
1062 3365 1511 3437 pulchritudinem
1535 3365 1766 3435 auferri,

179 3459 269 3514 sed
289 3475 405 3515 eam
429 3461 595 3514 etiam
616 3460 1068 3531 pulchritudinem
1095 3475 1253 3528 quam
1279 3474 1399 3514 cum
1430 3468 1577 3513 recto
1603 3459 1768 3514 latere

175 3558 324 3607 terrm
347 3551 572 3607 luminis
597 3552 769 3621 potuit
806 3551 1006 3606 habere
1039 3565 1400 3606 communem.
1451 3549 1600 3604 llanc
1641 3564 1769 3620 ergo

174 3644 416 3699 auferens
435 3686 452 3709 ,
485 3652 541 3699 et
568 3644 636 3698 de
666 3651 810 3699 recto
834 3658 1053 3713 pravum
1083 3642 1283 3698 faciens
1309 3684 1323 3708 ,
1353 3651 1409 3697 ut
1433 3642 1762 3698 discordaret

171 3737 311 3808 quod
334 3737 700 3792 concordabat
723 3778 736 3800 ,
767 3746 822 3792 et
850 3737 1163 3792 abhorreret
1202 3736 1345 3807 quod
1388 3736 1754 3806 congruebat,

170 3831 435 3900 numquid
455 3830 687 3899 aliquam
708 3828 831 3884 inde
851 3831 1084 3885 auferret
1103 3829 1494 3885 substantiam?
1523 3830 1611 3883 Sic
1634 3844 1762 3900 ergo

174 3920 368 3976 discite
395 3963 413 3989 ,
445 3938 554 3976 non
583 3921 928 3976 substantiam
961 3922 1158 3975 malum
1188 3936 1309 3977 esse
1334 3964 1347 3986 ,
1395 3921 1490 3976 sed
1535 3921 1672 3976 sicut
1712 3921 1767 3975 in

166 4026 413 4081 corpore
440 4014 846 4068 commutatione
868 4012 1053 4068 formae
1080 4013 1132 4068 in
1155 4013 1388 4068 deterius
1413 4055 1427 4079 ,
1456 4013 1624 4067 amitti
1651 4028 1771 4083 spe-

168 4101 319 4157 ciem
346 4144 362 4169 ,
394 4102 481 4157 vel
520 4104 689 4172 potius
722 4105 888 4159 minui
913 4145 927 4171 ,
967 4113 1021 4159 et
1067 4103 1268 4161 ftedum
1319 4103 1426 4158 dici
1464 4104 1604 4174 quod
1649 4105 1769 4175 pul-

171 4193 365 4250 chrum
409 4205 566 4250 antea
615 4196 927 4265 dicebatur,
971 4205 1025 4250 et
1067 4197 1353 4268 diSpliccre
1400 4211 1593 4266 corpus
1629 4195 1771 4267 quod

174 4295 326 4339 antea
349 4287 663 4356 placuerat:
691 4289 769 4342 sic
795 4289 849 4342 in
875 4288 1055 4343 animo
1080 4298 1241 4343 rectae
1263 4289 1550 4344 voluntatis
1574 4289 1736 4344 decus
1752 4331 1766 4356 ,

177 4395 279 4449 quo
338 4380 426 4449 pie
475 4379 728 4451 justeque
781 4381 1013 4447 vivitur,
1060 4391 1386 4436 commutata
1435 4381 1487 4434 in
1538 4380 1770 4436 deterius

179 4472 452 4527 voluntate
476 4472 762 4542 depravari
787 4490 803 4539 ;
831 4488 936 4543 quo
961 4484 1182 4545 peccato
1224 4475 1362 4529 ellici
1406 4475 1638 4530 animam
1667 4477 1770 4530 mi-

177 4579 348 4620 seram
375 4607 388 4630 ,
436 4581 560 4636 quae
605 4565 888 4621 honestate
925 4575 1086 4622 recta:
1136 4567 1422 4621 voluntatis
1466 4568 1772 4622 heatitatem

176 4656 452 4712 obtinebat
478 4700 490 4721 ,
521 4658 668 4712 nulla
702 4658 881 4713 addita
911 4658 1216 4714 detractave
1244 4659 1559 4714 substantia.

242 4751 335 4804 30.
379 4749 592 4805 Deinde
617 4750 780 4805 etiam
814 4750 940 4804 illud
972 4751 1200 4821 cogitate
1223 4791 1239 4817 ,
1267 4751 1388 4821 quia
1431 4751 1530 4806 etsi
1575 4765 1772 4807 conce-

177 4838 363 4895 damus
409 4841 532 4895 aliis
580 4843 757 4897 causis
799 4842 939 4896 latus
988 4851 1145 4896 terrae
1190 4842 1531 4898 tenebrarum
1573 4844 1771 4900 malum

177 4945 288 4986 esse
309 4973 328 4998 ,
355 4931 500 5001 quod
525 4931 814 4988 obscurum
839 4973 857 5001 ,
879 4933 1020 5004 quod
1044 4933 1386 4989 tenebrosum
1415 4977 1430 5002 ,
1462 4936 1545 4990 vel
1575 4937 1618 4991 si
1646 4937 1772 5007 quid

176 5022 312 5077 aliud
349 5022 458 5078 dici
486 5032 707 5094 potest,
738 5040 846 5079 non
873 5035 1048 5080 tamen
1078 5026 1131 5081 in
1175 5042 1240 5082 eo
1284 5027 1427 5098 quod
1459 5037 1662 5084 rectum
1691 5039 1774 5085 est

178 5116 378 5172 malum
404 5126 510 5172 est.
544 5117 696 5172 Sicut
736 5133 864 5189 ergo
908 5119 1145 5174 concedo
1180 5119 1234 5174 in
1279 5120 1395 5191 ejus
1431 5122 1612 5179 colore
1653 5137 1774 5180 esse

179 5209 380 5280 aliquid
410 5210 539 5265 mali
565 5249 580 5274 ,
608 5210 687 5266 sic
716 5225 937 5266 necesse
962 5220 1045 5267 est
1084 5219 1140 5268 et
1183 5227 1277 5267 vos
1323 5213 1627 5270 concedatis
1654 5229 1775 5272 esse

182 5301 232 5357 in
257 5304 381 5374 ejus
411 5303 738 5360 rectitudine
763 5304 961 5375 aliquid
991 5304 1136 5359 boni.
1167 5303 1328 5361 Nefas
1356 5315 1438 5362 est
1467 5307 1644 5377 itaque
1671 5305 1776 5363 hoc

177 5407 672 5467 quantumcumque
702 5397 829 5451 boni
858 5404 941 5453 est
961 5394 1008 5465 ⁵,
1040 5397 1275 5453 alienare
1299 5397 1367 5452 ab
1391 5398 1595 5455 artifice
1623 5399 1736 5456 Deo
1755 5441 1772 5469 ,

235 5512 254 5542 ι
290 5519 397 5578 Has
410 5525 579 5570 voces,
598 5511 656 5578 in
665 5525 826 5578 unam
857 5510 1284 5578 pulchritudinem,
1308 5511 1576 5564 addidimus
1596 5525 1663 5565 ex
1684 5526 1775 5565 ve-

177 5579 285 5623 tere
308 5575 484 5624 eodice
505 5575 800 5625 Corbeiensi.

237 5637 258 5698 ξ
292 5637 434 5695 Editi,
467 5649 579 5686 cum
599 5649 764 5687 errore
785 5641 931 5687 tanta.
957 5638 1122 5693 Abest.
1145 5642 1292 5698 tanto,
1310 5650 1338 5687 a
1356 5645 1459 5688 Mss.

176 5697 368 5810 αἰδεῖο
385 5708 494 5749 MS.
528 5705 588 5748 At.
609 5699 744 5760 editi,
767 5711 861 5750 non
899 5711 995 5761 vos,
1019 5699 1105 5750 sed
1128 5697 1318 5752 errores
1339 5706 1384 5752 et
1407 5698 1638 5764 falsitates
1671 5697 1778 5752 odi-

236 5795 350 5874 τὶιι
368 5823 535 5886 editis,
556 5829 985 5890 quarumcumque
1009 5823 1180 5877 bonum
1201 5829 1287 5879 est.

1583 295 1788 352 LIBER
1822 295 2026 356 UNUS.
2119 329 2124 334 -

3343 315 3452 372 104

1866 427 1896 467 a
1922 427 2028 484 quo
2056 427 2176 470 esse
2200 428 2362 472 omne
2387 415 2584 473 bonum
2611 417 2752 490 quod
2795 419 2848 474 in
2889 434 3218 494 quacumque
3255 435 3451 488 natura

1871 513 1993 572 est,
2021 507 2124 562 nisi
2152 508 2460 578 credimus,
2504 512 2952 582 perniciosissime
2995 531 3257 576 erramus.
3302 521 3452 589 Quos

1866 597 2028 654 modo
2056 615 2185 672 ergo
2225 601 2314 658 ille
2355 610 2411 658 et
2447 619 2713 660 summum
2748 606 2949 663 malum
2987 624 3106 666 esse
3148 611 3277 668 dicit
3313 613 3454 672 hanc

1866 695 2065 746 terram
2084 733 2099 758 ,
2123 693 2175 746 in
2199 693 2349 764 cujus
2373 694 2557 752 lateris
2577 697 2895 754 rectitudine
2916 699 3132 758 invenio
3156 744 3173 771 ,
3195 712 3451 776 quantum

1867 781 1933 836 ad
1958 796 2153 853 corpus
2179 786 2404 853 attinet,
2437 803 2543 844 non
2570 805 2746 860 parvae
2773 791 3189 864 pulchritudinis
3209 796 3408 854 bonum
3432 815 3449 864 ;

1868 873 2014 929 etab
2040 876 2404 947 omnipotente
2432 887 2590 950 atque
2623 883 2824 952 optimo
2868 885 2980 940 Deo
3018 900 3136 942 eam
3175 889 3287 943 vult
3331 903 3460 946 esse

1869 967 2082 1036 penitus
2110 969 2341 1026 alienam
2364 1012 2381 1039 ,
2411 987 2533 1028 cum
2560 973 2613 1029 id
2640 975 2810 1046 ipsum
2839 978 3040 1035 bonum
3079 982 3222 1052 quod
3248 983 3322 1038 in
3364 984 3454 1039 illa

1868 1057 2172 1117 invenimus
2195 1103 2211 1130 ,
2238 1064 2323 1118 cui
2346 1064 2437 1119 alii
2467 1065 2802 1124 tribuendum
2828 1070 2934 1138 sit,
2971 1072 3073 1128 nisi
3111 1074 3314 1129 auctori
3354 1074 3456 1132 bo-

1869 1166 2061 1207 norum
2089 1154 2328 1210 omnium
2353 1196 2368 1222 ,
2400 1172 2509 1212 non
2539 1157 2914 1216 inveniamus?
2939 1161 3046 1218 Sed
3069 1164 3265 1220 malum
3295 1174 3412 1222 erat
3436 1208 3453 1237 ,

1869 1243 2043 1316 inquit
2067 1289 2083 1314 ,
2108 1247 2266 1304 etiam
2294 1249 2424 1305 illud
2449 1250 2610 1307 latus.
2640 1250 2773 1308 Puta
2798 1253 2998 1310 malum
3023 1271 3144 1313 esse
3173 1275 3186 1311 :
3219 1257 3456 1314 deterius

1871 1345 2017 1392 esset
2044 1348 2191 1395 certe
2215 1340 2261 1396 si
2288 1356 2394 1396 non
2420 1351 2624 1397 rectum
2649 1383 2665 1411 ,
2696 1344 2790 1399 sed
2814 1344 3094 1402 distortum
3123 1357 3284 1404 esset.
3313 1350 3461 1417 Quo-
3496 1412 3498 1419 τ

1869 1428 2030 1485 modo
2060 1430 2218 1500 igitur
2243 1441 2325 1487 est
2350 1447 2618 1489 summum
2646 1436 2843 1491 malum
2871 1477 2887 1503 ,
2919 1453 3025 1508 quo
3054 1448 3230 1509 potest
3255 1442 3458 1512 aliquid

1871 1522 2090 1593 cogitari
2111 1523 2385 1580 deterius?
2410 1526 2612 1584 Deinde
2636 1543 2857 1585 necesse
2881 1539 2964 1586 est
2987 1531 3182 1603 aliquid
3205 1535 3329 1590 boni
3355 1535 3456 1604 sit,

1871 1631 1978 1687 quo
2014 1619 2246 1674 carendo
2290 1619 2349 1674 fit
2394 1635 2484 1676 res
2529 1637 2876 1694 quaecumque
2913 1623 3172 1682 deterior.
3207 1627 3453 1686 Carendo
3508 1625 3509 1628 “

1872 1718 2048 1765 autem
2086 1710 2407 1768 rectitudine
2448 1712 2601 1768 fieret
2642 1713 2778 1770 latus
2823 1714 2954 1770 illud
3009 1715 3268 1773 deterius.
3319 1718 3462 1776 Inest

1873 1815 2001 1870 ergo
2031 1801 2110 1856 illi
2150 1802 2277 1858 boni
2321 1803 2521 1876 aliquid
2570 1805 2856 1862 rectitudo.
2903 1808 2972 1862 Et
3013 1824 3283 1881 nunquam
3329 1812 3462 1868 mihi

1875 1892 2022 1948 dices
2047 1893 2190 1949 unde
2215 1894 2353 1950 inest
2381 1937 2396 1963 ,
2430 1896 2532 1952 nisi
2561 1897 2629 1952 ad
2665 1913 2788 1954 eum
2828 1908 2881 1955 te
2918 1903 3206 1959 contuleris
3229 1944 3245 1970 ,
3286 1919 3317 1958 a
3355 1920 3464 1976 quo

1873 1984 1988 2040 sive
2015 2001 2204 2056 magna
2227 1987 2340 2042 sive
2365 2002 2527 2058 parva
2553 2031 2568 2057 ,
2594 1990 2771 2045 omnia
2796 1999 2971 2048 tamen
2994 1992 3133 2048 bona
3155 2009 3275 2052 esse
3300 1997 3464 2053 fatea-

1874 2094 2016 2136 mur.
2047 2079 2158 2136 Sed
2185 2081 2293 2152 jam
2321 2095 2352 2136 a
2381 2081 2566 2139 lateris
2589 2082 2748 2155 hujus
2771 2086 3195 2145 consideratione
3224 2096 3462 2147 transeav

1873 2199 1994 2241 mus
2021 2186 2086 2241 ad
2113 2187 2236 2241 alia.

1946 2277 2171 2336 CAPUT
2199 2279 2439 2336 XXVIII.
2461 2311 2536 2322 —
2552 2282 2640 2337 ⁸51.
2670 2281 2736 2338 1η
2758 2291 2891 2338 terra
2913 2286 3229 2342 tenebrarum
3251 2297 3460 2344 naturas

1873 2375 2092 2446 quinque
2120 2376 2262 2446 ponit
2289 2376 3012 2435 Manichteus.—-Habitabant
3035 2424 3050 2447 ,
3070 2381 3238 2453 inquit
3260 2423 3276 2448 ,
3298 2383 3352 2438 in
3369 2384 3463 2438 illa

1877 2475 2012 2522 terra
2062 2469 2211 2541 ignea
2257 2471 2475 2542 corpora
2496 2512 2511 2538 ,
2565 2489 2748 2543 genera
2791 2473 2979 2528 scilicet
3025 2475 3280 2547 pestifera.
3329 2475 3461 2531 Cum

1878 2560 2044 2628 dicit,
2083 2561 2418 2628 habitabant;
2444 2565 2676 2620 animata
2702 2566 2882 2636 utique
2911 2575 3070 2638 atque
3097 2568 3326 2623 viventia
3351 2569 3464 2624 vult

1877 2650 2128 2723 intelligi.
2162 2652 2268 2708 Sed
2301 2669 2368 2709 ne
2393 2653 2461 2710 de
2485 2656 2649 2712 verbo
2669 2657 2980 2711 calumniari
3003 2657 3138 2714 velle
3165 2658 3460 2726 videamur,

1876 2743 2215 2800 attendamus
2269 2745 2404 2801 istos
2455 2761 2643 2802 omnes
2690 2746 3015 2804 habitatores
3060 2757 3220 2806 terra:
3272 2750 3412 2806 illius
3438 2791 3453 2817 ,

1875 2837 2322 2907 quemadmodum
2363 2839 2415 2893 in
2463 2839 2697 2910 quinque
2745 2855 2939 2909 genera
2991 2840 3111 2895 viva
3158 2840 3460 2898 distribuat.

1879 2929 1980 2985 Hic
2018 2932 2266 3001 inﬁnitae,
2319 2932 2526 3000 inquit,
2575 2932 2824 2998 tenebrae,
2875 2948 2938 2987 ea:
2985 2934 3162 2988 eadem
3206 2944 3466 2991 manantes

1875 3035 2060 3081 natura
2081 3027 2456 3082 inaestimabiles
2477 3068 2491 3089 ,
2519 3044 2632 3081 cum
2665 3027 2886 3097 propriis
2906 3029 3088 3100 fetibus
3107 3046 3127 3083 :
3161 3029 3296 3083 ultra
3337 3046 3464 3100 quas

1875 3129 2016 3173 erant
2040 3135 2184 3189 aqua:
2205 3136 2415 3174 caenosa:
2435 3136 2495 3173 ac
2523 3119 2735 3173 turbida:
2757 3136 2871 3174 cum
2886 3121 2990 3175 suis
3008 3121 3465 3187 inhabitatoribus;

1875 3228 2091 3283 quantm
2112 3212 2324 3265 interius
2345 3213 2477 3265 uenti
2503 3211 2767 3266 horribiles
2794 3221 2840 3266 et
2873 3213 3182 3268 uehementes
3224 3230 3337 3267 cum
3374 3230 3466 3268 suo

1876 3305 2102 3375 principe
2121 3313 2167 3358 et
2189 3304 2519 3376 genitoribus.
2543 3303 2768 3359 Rursum
2789 3307 2927 3377 regio
2960 3307 3110 3377 ignea
3139 3315 3187 3361 et
3217 3307 3466 3377 corrupti-

1874 3393 1988 3450 bilis
2015 3412 2130 3450 cum
2153 3395 2262 3450 suis
2284 3395 2493 3450 ducibus
2519 3405 2566 3450 et
2596 3396 2902 3451 nationibus.
2941 3395 3069 3451 Pari
3108 3413 3246 3452 more
3281 3398 3464 3452 intror-

1875 3503 1985 3541 sum
2010 3504 2130 3558 gens
2160 3486 2394 3556 caliginis
2433 3505 2492 3542 ac
2532 3490 2662 3559 fumi
2702 3489 2853 3561 plena
2876 3533 2890 3558 ,
2938 3491 2992 3545 in
3029 3507 3129 3562 qua
3176 3491 3467 3546 morabatur

1875 3579 2112 3634 immanis
2138 3580 2370 3650 princeps
2391 3589 2439 3634 et
2463 3581 2686 3635 omnium
2709 3584 2816 3635 dux
2840 3624 2854 3649 ,
2880 3583 3068 3638 habens
3089 3583 3224 3637 circa
3244 3600 3298 3638 se
3315 3585 3466 3638 innu-

1874 3671 2139 3725 merabiles
2167 3672 2417 3742 principes
2440 3713 2455 3738 ,
2482 3688 2697 3743 quorum
2723 3673 2948 3726 omnium
2974 3674 3086 3742 ipse
3112 3684 3221 3728 erat
3250 3691 3389 3729 mens
3415 3683 3464 3729 et

1876 3765 2017 3836 origo
2039 3781 2057 3818 :
2090 3766 2265 3834 [neque
2298 3769 2500 3835 fuerunt
2543 3774 2739 3820 natura:
2771 3768 2986 3837 quinque
3017 3775 3164 3821 terra
3191 3768 3461 3840 pestiferae.

1880 3858 2370 3913 Animadvertimus
2395 3857 2627 3928 quinque
2659 3868 2872 3912 naturas
2915 3858 3067 3928 quasi
3103 3870 3282 3928 partes
3307 3860 3463 3916 unius

1877 3961 2084 4007 naturae
2110 3993 2128 4013 .
2156 3966 2312 4020 quam
2345 3959 2499 4004 vocat
2528 3959 2720 4006 terram
2754 3951 3078 4020 pestiferam.
3105 3951 3197 4006 Hm
3222 3960 3347 4007 sunt
3365 3967 3464 4006 au-

1875 4052 2024 4098 tem:
2073 4042 2340 4107 tenebrre,
2385 4057 2576 4112 aqum,
2615 4042 2802 4110 venti,
2851 4043 2985 4113 ignis
3012 4083 3026 4109 ,
3074 4042 3288 4110 fumus,
3333 4055 3467 4113 quas

1880 4133 2116 4204 quinque
2151 4143 2367 4187 naturas
2401 4131 2480 4187 sic
2526 4131 2774 4197 ordinat,
2821 4143 2879 4186 ut
2920 4132 3213 4187 exteriores
3257 4134 3466 4190 czctcris

1883 4227 1991 4281 sint
2023 4224 2252 4280 tenebrm
2275 4267 2288 4290 ,
2322 4240 2351 4278 a
2378 4225 2569 4294 quibus
2599 4240 2880 4281 numerare
2908 4225 3110 4296 incipit.
3144 4224 3283 4279 Intra
3312 4235 3467 4281 tene-

1880 4317 2005 4374 bras
2030 4360 2045 4385 ,
2075 4332 2241 4388 aquas
2279 4318 2592 4382 constituit;
2638 4318 2773 4372 intra
2813 4333 2976 4387 aquas
3000 4359 3015 4384 ,
3057 4326 3282 4380 ventos;
3330 4318 3466 4372 intra

1878 4419 2070 4466 ventos
2094 4452 2109 4477 ,
2144 4411 2360 4481 ignem;
2391 4413 2529 4464 intra
2573 4410 2748 4480 ignem
2777 4450 2791 4474 ,
2832 4409 3055 4464 fumum.
3098 4410 3162 4464 Et
3201 4409 3466 4466 habebant

1878 4505 1996 4560 istae
2027 4505 2262 4575 quinque
2290 4510 2492 4558 natura:
2530 4519 2624 4558 sua
2656 4518 2884 4574 quaeque
2913 4518 3110 4574 genera
3141 4503 3466 4558 inhabitato-
3498 4493 3514 4512 ”

1879 4614 2000 4653 rum
2025 4612 2242 4652 suorum
2269 4639 2284 4665 ,
2315 4612 2436 4667 qua:
2463 4595 2812 4650 nihilominus
2838 4595 3073 4666 quinque
3101 4605 3245 4651 sunt.
3273 4595 3470 4662 Quaero
3506 4617 3512 4620 ·

1877 4705 2109 4761 namque
2129 4698 2306 4744 utrum
2327 4704 2496 4760 genus
2516 4703 2680 4765 unum
2707 4688 3055 4743 habitantium
3084 4687 3243 4744 fuerit
3272 4689 3324 4746 in
3350 4702 3495 4768 om-I

1879 4783 2039 4839 nibus
2067 4783 2302 4854 quinque
2330 4781 2533 4836 naturis
2556 4821 2572 4849 ,
2602 4797 2668 4836 an
2696 4779 2903 4837 diversa
2930 4796 3126 4852 genera
3151 4822 3168 4847 ,
3203 4781 3340 4836 sicut
3370 4796 3468 4833 na--

1880 4885 2015 4933 tune
2042 4875 2172 4947 ipsa:
2198 4875 2422 4930 diversm
2447 4881 2590 4930 sunt.
2624 4873 2842 4929 Diversa
2886 4872 3054 4929 fuisse
3098 4871 3466 4942 respondent,

1879 4968 2026 5026 etde
2051 4968 2170 5022 aliis
2195 4967 2345 5022 libris
2370 4966 2442 5021 ita
2470 4965 2705 5033 docent,
2733 4965 2873 5037 quod
2903 4967 3137 5022 tenebrae
3167 4965 3471 5021 habuerunt

1880 5069 2202 5130 serpentes;
2231 5073 2383 5129 aquae
2409 5099 2425 5124 ,
2450 5067 2693 5114 natantes
2711 5098 2728 5126 ,
2755 5057 2892 5114 sicut
2913 5067 3036 5114 sunt
3056 5057 3228 5127 pisces
3248 5071 3265 5122 ;
3287 5054 3466 5123 venti,

1878 5153 2160 5219 volantes,
2217 5137 2368 5207 sicut’
2396 5159 2519 5206 sunt
2563 5165 2728 5217 aves;
2791 5149 2968 5222 ignis,
3025 5147 3396 5220 quadrupedes
3424 5148 3467 5219 ⁸,

1785 5291 1788 5296 .
1879 5244 2017 5300 sicut
2041 5253 2166 5299 sunt
2185 5244 2308 5315 equi
2327 5286 2343 5312 ,
2372 5242 2556 5299 leones
2571 5285 2586 5309 ,
2604 5251 2659 5298 et
2680 5249 2874 5298 czetera
2895 5239 3198 5312 hujusmodi
3223 5255 3239 5308 ;
3263 5238 3466 5312 fumus,

1880 5336 2103 5408 bipedes
2125 5379 2140 5404 ,
2171 5337 2310 5392 sicut
2337 5344 2462 5392 sunt
2487 5335 2754 5390 homines.

1950 5427 2178 5484 CAPUT
2212 5427 2406 5483 XXIX.
2430 5458 2503 5470 —-
2527 5427 2615 5482 '52.
2643 5425 2913 5496 Refellitur
2938 5424 3032 5480 hoc
3057 5424 3466 5484 deliramentum.

1880 5518 2010 5586 Quis
2030 5518 2192 5590 igitur
2211 5519 2312 5575 ista
2331 5517 2630 5576 ordinavit?
2650 5517 2770 5590 quis
2792 5515 3060 5574 distribuit
3087 5527 3250 5592 atque
3273 5518 3465 5576 distin-

1945 5697 1963 5729 ί
1995 5697 2069 5746 sic
2090 5703 2194 5760 Mss.
2213 5700 2270 5744 At
2291 5694 2427 5754 editi,
2441 5693 2654 5760 tenebras
2675 5693 3005 5760 habitaverunt
3026 5694 3299 5760 serpentes;
3313 5707 3467 5760 aquas

1877 5765 2115 5818 natantes,
2140 5756 2263 5820 sicut
2283 5762 2391 5820 sunt
2415 5756 2597 5820 pisces;
2620 5764 2776 5809 uentos
2798 5755 3024 5816 volantes.
3039 5755 3163 5812 sicut
3190 5755 3297 5811 sunt
3324 5755 3466 5820 abes;

1879 5817 2508 5887 έθηεδσιιαάναρεάαοεια
