4016 6438
573 312 679 375 ιθδ

571 430 692 487 xit!
718 429 838 502 quis
860 440 1143 484 numerum
1167 469 1183 494 ,
1215 425 1496 497 qualitates
1520 467 1536 491 ,
1575 422 1776 480 formas
1799 465 1814 492 ,
1853 422 2017 478 vitam
2055 419 2154 476 de-

572 522 694 581 dit?
721 521 850 576 Haec
873 519 1014 575 enim
1048 520 1227 574 onmia
1268 532 1366 588 per
1411 531 1470 572 se
1511 516 1623 586 ipsa
1667 515 1805 571 bona
1850 521 2013 581 sunt,
2057 525 2159 569 nec

572 614 846 671 invenitur
871 611 1011 667 unde
1041 612 1233 682 cuique
1261 617 1466 666 natura:
1490 609 1591 665 nisi
1630 607 1699 664 ab
1723 608 1960 665 omnium
1985 608 2158 663 bono-

568 722 689 763 rum
716 706 829 761 Deo
855 712 1074 759 auctore
1112 703 1431 759 tribuantur.
1469 701 1586 757 Non
1629 702 1774 757 enim
1817 702 1957 757 sicut
1995 698 2158 756 chaos

574 799 878 856 describere
899 840 915 867 ,
945 797 1031 853 vel
1056 811 1269 868 quoque
1293 795 1454 851 modo
1477 795 1748 850 insinuare
1790 794 1952 850 etiam
1987 801 2159 865 poeta:

569 894 744 947 solent
766 933 781 959 ,
810 890 1093 945 informem
1131 887 1415 959 quamdam
1459 885 1737 942 materiem
1782 888 1897 942 sine
1935 886 2114 958 specie
2142 925 2158 951 ,

570 985 686 1040 sine
712 982 965 1055 qualitate
990 1023 1006 1048 ,
1035 980 1151 1036 sine
1173 993 1421 1035 mensura
1444 1019 1461 1045 ,
1507 978 1624 1034 sine
1665 993 1889 1034 numero
1929 987 1985 1034 et
2029 992 2164 1048 pon-

571 1077 700 1133 dere
723 1118 739 1145 ,
770 1076 885 1131 sine
911 1072 1102 1130 ordine
1138 1088 1203 1129 ac
1239 1072 1579 1128 distinctione
1603 1113 1616 1137 ,
1656 1072 1933 1128 confusum
1977 1070 2162 1127 nescio

570 1167 696 1237 quid
722 1208 737 1233 ,
767 1173 928 1236 atque
951 1164 1170 1221 omnino
1195 1177 1389 1234 expers
1413 1162 1558 1219 omni
1583 1163 1839 1235 qualitate
1865 1178 1881 1230 ;
1926 1161 2066 1217 unde
2091 1160 2161 1216 ii-

568 1257 659 1312 lud
689 1256 901 1327 quidam
927 1255 1175 1311 doctores
1213 1254 1372 1326 graeci
1415 1260 1586 1310 ἄποιον
1617 1262 1850 1310 vocant:
1881 1269 1990 1309 non
2033 1267 2162 1325 ergo

569 1349 648 1404 sic
667 1348 754 1403 isti
777 1348 912 1403 hanc
926 1362 1085 1419 quam
1111 1355 1305 1402 vocant
1324 1353 1522 1403 terram
1536 1345 1875 1402 tenebrarum
1892 1345 2163 1401 insinuare

568 1446 869 1496 conantur:
897 1438 993 1494 sed
1021 1438 1239 1494 omnino
1264 1438 1422 1493 aliter
1456 1437 1719 1509 longeque
1757 1436 1966 1493 diverse
2003 1445 2162 1506 atque

569 1530 836 1586 contrarie
878 1529 1017 1585 latus
1060 1529 1208 1584 lateri
1256 1528 1555 1601 adjungunt
1598 1537 1758 1599 atque
1799 1527 2074 1583 colliniant
2100 1527 2158 1581 ‘:

569 1630 786 1678 naturas
810 1622 1047 1693 quinque
1086 1628 1413 1689 numerant,
1453 1621 1826 1692 distinguunt,
1871 1620 2161 1686 ordinant.

568 1716 912 1788 qualitatibus
935 1716 1162 1787 prepriis
1186 1716 1504 1782 enuntiant;
1548 1728 1650 1771 nec
1682 1729 1775 1771 eas
1817 1714 2057 1771 desertas
2098 1726 2163 1769 ac

567 1808 879 1864 infecundas
906 1821 1027 1864 esse
1052 1809 1363 1877 permittunt
1391 1848 1407 1874 ,
1436 1805 1532 1862 sed
1572 1807 1683 1863 suis
1718 1805 2161 1862 inhabitatoribus

567 1899 839 1969 complent
865 1916 877 1952 :
908 1898 1093 1970 eisque
1119 1898 1249 1969 ipsis
1278 1898 1474 1957 formas
1497 1912 1758 1969 congruas
1786 1906 1840 1953 et
1865 1897 1977 1952 suis
2005 1895 2158 1951 habi-

567 1989 856 2045 tationibus
878 1988 1306 2045 accommodatas
1332 1989 1631 2044 attribuunt
1654 2029 1668 2052 ,
1699 1996 1754 2043 et
1782 2031 1797 2055 ,
1829 1986 1974 2059 quod
2004 1995 2159 2042 ante-

566 2081 711 2136 cellit
733 2081 979 2136 omnibus
1005 2121 1021 2147 ,
1052 2081 1237 2134 vitam.
1270 2079 1397 2135 [iam
1435 2087 1580 2134 tanta
1619 2079 1759 2134 bona
1802 2092 2118 2133 enumerare
2141 2117 2157 2144 ,

564 2172 702 2226 etab
716 2180 933 2226 auctore
952 2172 1190 2226 omnium
1211 2170 1472 2225 bonorum
1494 2171 1607 2226 Deo
1625 2171 1797 2226 aliena
1814 2186 1931 2226 esse
1947 2170 2126 2227 dicere
2139 2211 2156 2238 ,

564 2263 670 2319 hoc
693 2273 902 2319 estnec
932 2263 986 2319 in
1028 2262 1190 2320 rebus
1233 2276 1523 2333 agnoscere
1566 2270 1773 2319 tantum
1812 2263 2017 2319 ordinis
2064 2262 2159 2317 bo-

561 2371 691 2411 num
713 2395 729 2419 ,
755 2370 855 2412 nec
878 2354 933 2410 in
962 2370 1021 2409 se
1048 2361 1252 2415 tantum
1278 2354 1480 2413 erroris
1507 2354 1733 2411 malum.

633 2443 860 2501 CAPUT
889 2444 1061 2501 XXX.
1086 2474 1161 2486 —
1187 2446 1275 2502 55.
1306 2444 1473 2510 Quam
1496 2445 1659 2503 multa
1680 2447 1811 2501 bona
1835 2446 1890 2503 in
1915 2446 1979 2501 iis
2004 2455 2158 2501 natu-

562 2538 663 2605 ris,
692 2553 815 2608 quas
849 2539 990 2609 ponit
1009 2536 1326 2595 lanienam
1346 2539 1398 2596 in
1424 2548 1557 2597 terra
1602 2540 1937 2597 tenebrarum.
1960 2571 2033 2581 —
2053 2540 2159 2596 Sed

561 2631 659 2685 ista
676 2672 693 2699 ,
721 2632 926 2702 inquit,
950 2647 1134 2703 genera
1154 2632 1371 2701 quinque
1388 2632 1506 2688 illas
1540 2642 1752 2689 naturas
1783 2632 2120 2688 inhabitantia
2139 2673 2154 2698 ,

558 2738 695 2778 rma
722 2732 865 2779 erant
889 2732 1040 2793 atque
1066 2724 1323 2795 pestifera.
1350 2723 1515 2792 Quasi
1552 2739 1654 2795 ego
1682 2724 1734 2779 in
1780 2725 1860 2780 eis
1895 2725 2156 2781 smvitiam

561 2823 873 2885 pestemque
900 2815 1252 2874 laudaverim.
1286 2815 1425 2873 Ecce
1450 2831 1550 2887 ego
1569 2825 1747 2872 tecum
1768 2817 2012 2887 vitupero
2035 2834 2157 2888 qum

562 2908 616 2967 in
643 2908 748 2965 illis
779 2907 915 2967 mala
938 2922 1060 2965 esse
1084 2909 1394 2965 criminaris
1418 2926 1433 2965 :
1462 2909 1616 2965 lauda
1644 2916 1699 2965 tu
1725 2924 1932 2965 mecum
1959 2926 2075 2981 qum
2101 2911 2155 2991 in

559 3000 666 3057 illis
692 3002 832 3059 bona
856 3001 971 3071 ipse
998 3016 1389 3061 commemoras
1417 3018 1431 3055 :
1460 3001 1531 3059 ita
1562 3001 1766 3059 videbis
1815 3001 1953 3063 bona
1998 3003 2156 3059 malis

561 3092 820 3162 permixta
852 3101 905 3149 te
931 3092 1067 3149 velle
1111 3092 1441 3153 constituere
1467 3107 1569 3163 pro
1597 3107 1808 3151 summo
1832 3103 1887 3151 et
1914 3102 2155 3150 extremo

560 3185 727 3241 malo.
758 3184 1014 3256 Vitupero
1046 3184 1119 3241 ibi
1146 3192 1319 3241 tecum
1348 3195 1553 3254 pestem
1581 3203 1595 3241 :
1624 3185 1780 3241 lauda
1831 3184 1901 3242 ibi
1944 3200 2153 3245 mecum

560 3278 808 3333 salutem.
834 3276 951 3335 Non
978 3269 1120 3332 enim
1146 3292 1340 3348 genera
1367 3277 1457 3335 illa
1486 3277 1571 3335 vel
1588 3277 1731 3348 gigni
1761 3319 1776 3344 ,
1809 3278 1890 3335 vel
1918 3278 2107 3337 nutriri
2133 3320 2148 3345 ,

561 3367 648 3423 vel
675 3366 972 3429 inhabitare
999 3376 1193 3425 terram
1221 3368 1368 3425 illam
1392 3368 1514 3424 sine
1540 3369 1711 3425 salute
1737 3369 1909 3438 aliqua
1943 3370 2151 3439 potuis-

558 3467 696 3513 sent.
732 3457 984 3529 Vitupero
1010 3458 1082 3513 ibi
1115 3466 1288 3519 tecum
1314 3458 1564 3514 tenebras
1594 3476 1607 3515 :
1636 3459 1795 3517 lauda
1832 3460 1903 3516 ibi
1941 3476 2149 3521 mecum

557 3546 952 3607 fecunditatem.
988 3549 1262 3606 Tenebras
1295 3550 1439 3606 enim
1483 3550 1619 3606 dicis
1659 3552 2032 3609 intestimabt'ta
2054 3571 2073 3619 ;
2096 3564 2151 3610 et

556 3641 709 3707 addis
735 3651 910 3701 tamen
933 3684 949 3710 ,
972 3658 1089 3698 cum
1108 3643 1328 3715 propriis
1354 3642 1557 3714 fetibus.
1579 3643 1891 3716 Quanquam
1918 3646 2150 3703 tenebras

556 3746 663 3788 non
684 3744 808 3799 sunt
827 3747 1102 3805 corporeae
1124 3750 1140 3799 ;
1166 3741 1442 3804 totumque
1464 3733 1567 3797 hoc
1591 3749 1785 3797 nomen
1811 3736 1944 3791 lueis
1964 3736 2151 3808 absen-

558 3822 628 3876 tia
657 3830 740 3879 est
770 3840 782 3876 :
813 3823 949 3877 sicut
972 3822 1186 3881 nuditas
1214 3865 1230 3890 ,
1262 3839 1447 3880 carere
1490 3826 1686 3882 vestitu
1712 3841 1729 3892 ;
1782 3836 1835 3883 et
1877 3828 2104 3884 inanitas
2126 3870 2144 3897 ,

565 3927 757 3973 vacare
785 3915 1027 3985 corporis
1066 3915 1441 3984 plenitudine:
1490 3931 1555 3975 ac
1594 3928 1873 3987 propterea
1916 3920 2148 3976 tenebras

559 4003 693 4059 nihil
720 4003 937 4074 gignere
960 4013 1278 4073 potuerunt,
1303 4007 1544 4076 quamvis
1572 4014 1710 4062 terra
1737 4009 1969 4078 potuerit
1998 4018 2147 4065 tene-

558 4094 719 4150 brosa
744 4136 759 4162 ,
794 4096 846 4153 id
869 4105 989 4161 est,
1014 4111 1207 4153 carens
1234 4098 1351 4153 luce
1376 4138 1390 4165 ,
1423 4099 1622 4169 aliquid
1652 4101 1885 4170 gignere.
1927 4102 2033 4159 Sed
2059 4104 2148 4161 in»

560 4187 714 4241 terim
742 4186 843 4247 hoc
865 4189 1211 4249 omittamus:
1239 4189 1376 4245 fetus
1399 4198 1575 4246 tamen
1601 4190 1692 4246 ubi
1716 4193 2027 4250 exoriuntur
2049 4237 2065 4264 ,
2091 4205 2148 4253 et

558 4285 1035 4349 temperamentum
1063 4289 1145 4335 est
1169 4290 1351 4352 aptum
1376 4282 1604 4348 saluti’,
1633 4290 1688 4339 et
1729 4285 1971 4353 quasdam
2016 4302 2147 4343 con-

556 4372 738 4427 eordia
768 4388 1051 4447 numerosa
1072 4373 1285 4429 ordinat
1303 4384 1464 4446 atque
1490 4374 1542 4429 in
1569 4376 1825 4432 unitatem
1851 4378 2147 4435 coaedificat

558 4464 796 4520 membra
826 4466 1159 4527 nascentium
1183 4508 1199 4533 ,
1231 4466 1444 4522 sibimet
1487 4468 1718 4524 invicem
1767 4470 2145 4528 moderationis

560 4570 693 4626 pace
717 4557 1079 4627 congruentia.
1110 4558 1240 4626 Qum
1266 4558 1444 4614 omnia
1468 4560 1589 4631 quis
1614 4575 1720 4617 non
1746 4561 2003 4632 intelligat
2031 4579 2145 4619 ma-

554 4647 657 4719 jori
680 4647 871 4716 laude,
910 4665 1070 4721 quam
1119 4648 1364 4719 tenebras
1408 4651 1798 4721 vituperatione
1840 4653 2142 4725 dignanda?

556 4739 811 4810 Vitupero
840 4741 909 4796 ibi
940 4749 1112 4796 tecum
1139 4754 1348 4797 cmnum
1372 4742 1641 4799 turbidum
1662 4759 1920 4815 aquarum
1946 4763 1959 4798 :
1987 4745 2140 4802 lauda

553 4831 627 4888 ibi
649 4845 859 4889 mecum
878 4842 933 4886 et
960 4832 1125 4907 ipsam
1149 4833 1381 4901 speciem
1406 4834 1823 4906 qualitatemque
1841 4850 2097 4907 aquarum
2119 4876 2137 4904 ,

557 4930 613 4985 et
653 4922 1063 4989 inhabitatorum
1122 4923 1419 4981 natantium
1465 4925 1703 4981 membra
1754 4926 2136 4997 congruentia,

555 5014 718 5069 vitam
744 5027 937 5084 corpus
961 5014 1323 5071 continentem
1347 5022 1404 5079 et
1431 5024 1703 5087 regentem
1726 5026 1801 5083 ,ct
1827 5032 1983 5073 omne
2008 5026 2139 5075 tem-

554 5114 922 5176 peramentum
950 5105 1029 5175 sui
1076 5107 1289 5176 generis
1326 5107 1614 5175 valetudini
1659 5109 2135 5166 accommodatum.

554 5196 902 5267 Quantnmvis
928 5198 1069 5253 enim
1094 5211 1260 5268 aquas
1283 5213 1530 5263 emnosas
1571 5201 1915 5274 turbidasque
1957 5218 2141 5276 repree

553 5288 758 5346 liendas
779 5331 796 5359 ,
822 5306 888 5347 eo
913 5300 1089 5348 tamen
1112 5290 1252 5362 quod
1276 5291 1409 5351 tales
1434 5307 1599 5364 aquas
1621 5293 1753 5353 dicis
1776 5335 1791 5360 ,
1818 5303 1875 5351 ut
1898 5296 2141 5355 animan-

617 5469 778 5535 ξᾼῃιη
801 5467 1064 5522 colliniant.
1082 5477 1164 5535 pr,
1192 5477 1243 5522 et
1255 5476 1384 5533 Lov.,
1412 5467 1656 5535 collinum.
1693 5478 1747 5521 At
1791 5478 1898 5523 Mss.
1932 5471 2134 5535 habent,

551 5524 796 5583 colliniant
816 5545 833 5595 ;
855 5545 947 5583 seu
967 5524 1099 5596 quod
1116 5532 1249 5583 idem
1272 5524 1668 5594 est,'conliniant.
1693 5539 1833 5583 Forte
1865 5544 1970 5597 pro,
1999 5524 2136 5585 colli;

612 5627 720 5734 ῗῖίι
739 5662 861 5734 ante.
877 5656 1087 5734 οιιξιιείε»
1108 5654 1268 5734 ηεαρδ
1302 5659 1474 5734 9PM.
1682 5661 1732 5733 με
1753 5655 2008 5734 Mm
2036 5663 2133 5734 ριιῖο

550 5725 928 5839 ἓῦξάὲηῳετμιιιτ
952 5726 1088 5787 locus
1110 5724 1286 5777 auxilio
1311 5724 1398 5776 Is.
1444 5724 1695 5777 Serbouici
1719 5728 1770 5777 et
1795 5724 2123 5785 antiquissimi

620 5801 643 5836 r
680 5800 875 5839 etensw.
2110 5836 2115 5839 λ

1348 310 1624 373 CONTRA
1662 308 2043 368 EPISTOLAM
2076 294 2449 376 MANICHEI,
2490 308 2549 365 S.
2589 309 2957 370 AUGUSTINI

3746 311 3852 372 £96

2268 418 2339 476 tia
2365 434 2460 478 sua
2489 432 2707 495 possent
2726 431 2782 481 et
2801 425 3017 496 gignere
3038 430 3093 480 et
3117 425 3391 481 continere
3416 467 3429 490 ,
3452 426 3688 497 speciem
3711 427 3857 486 illius

2267 514 2668 587 qualiscumque
2692 517 2931 588 corporis
2955 525 3008 571 et
3031 517 3259 590 partium
3286 518 3685 575 similitudinem
3710 563 3727 587 ,
3752 537 3857 592 qua

2267 606 2324 663 in
2347 623 2508 664 unam
2536 607 2835 665 formantur
2856 618 3220 682 pacanturque
3255 611 3564 682 qualitatem
3586 653 3603 680 ,
3644 613 3859 670 auferre

2250 696 2373 755 'non
2405 707 2559 770 potes
2584 717 2599 769 ;
2626 700 2749 772 quia
2775 702 2820 757 si
2860 700 3179 766 abstuleris,
3229 701 3434 757 nullum
3476 702 3579 758 erit
3619 717 3857 774 corpus:

2267 806 2385 863 quae
2414 793 2594 849 omnia
2618 836 2633 862 ,
2663 794 2707 849 si
2735 808 2795 849 es
2838 792 2999 849 homo
3023 837 3040 862 ,
3094 795 3260 851 sentis
3307 810 3428 851 esse
3471 796 3760 852 laudanda.
3791 798 3860 855 Et

2267 886 2605 956 quantumvis
2642 885 2853 941 illorum
2902 885 3315 942 inhabitatorum
3358 888 3615 944 saevitiam
3645 932 3660 957 ,
3689 899 3746 946 et
3772 890 3858 945 in-

2268 985 2351 1032 ter
2378 977 2608 1052 impetus
2633 977 3036 1035 dilaceratioues
3060 988 3114 1035 et
3149 980 3475 1036 vastationes
3522 995 3818 1053 exaggeres
3842 1024 3857 1049 ,

2269 1084 2375 1123 non
2398 1069 2475 1124 eis
2496 1080 2673 1126 tamen
2693 1070 2886 1127 adimis
2903 1086 3219 1129 numerosos
3242 1071 3531 1129 formarum
3559 1076 3822 1131 terminos
3840 1118 3855 1143 ,

2268 1160 2460 1231 quibus
2486 1161 2588 1217 sibi
2627 1162 2831 1234 singula
2860 1178 3046 1219 eorum
3072 1179 3297 1235 corpora
3325 1166 3688 1223 membrorum
3715 1169 3861 1240 pari-

2267 1250 2414 1307 litate
2456 1260 2641 1323 pacata
2690 1261 2851 1321 sunt,
2899 1262 2954 1309 et
3000 1263 3478 1324 temperamentum
3522 1256 3749 1326 salutis,
3804 1269 3859 1315 et

2267 1344 2612 1402 moderamen
2641 1347 2832 1402 animae
2854 1348 2873 1380 ¹
2906 1355 3083 1419 partes
3107 1348 3187 1403 sui
3220 1349 3462 1421 corporis
3497 1350 3549 1405 in
3592 1351 3859 1407 unitatem

2267 1436 2514 1493 amicitia:
2538 1440 2943 1510 concordiaeque
2986 1441 3313 1514 redigentis:
3362 1458 3482 1515 quae
3526 1445 3572 1500 si
3620 1443 3862 1501 humano

2266 1539 2428 1582 sensu
2453 1528 2714 1597 intueris,
2763 1530 2911 1587 vides
2948 1531 3069 1602 plus
3104 1546 3225 1588 esse
3265 1532 3527 1589 laudanda
3566 1550 3725 1606 quam
3764 1535 3861 1590 illa

2266 1619 2611 1689 vituperanda
2638 1636 2758 1693 qua:
2785 1622 3086 1695 displicent.
3117 1623 3373 1695 Vitupero
3402 1626 3475 1681 ibi
3506 1635 3680 1682 tecum
3721 1625 3859 1682 bor-

2265 1724 2443 1766 rorem
2474 1719 2752 1767 ventorum
2780 1730 2793 1767 :
2825 1712 2980 1769 lauda
3004 1713 3074 1770 ibi
3106 1729 3313 1770 mecum
3333 1716 3644 1772 eorumdem
3667 1725 3861 1772 vento-

2264 1817 2384 1858 rum
2435 1806 2738 1874 spirabilem
2788 1809 3154 1880 nutricemque
3197 1817 3437 1865 naturam
3462 1853 3478 1878 ,
3520 1821 3575 1867 et
3618 1812 3861 1883 speciem

2265 1898 2506 1967 corporis
2533 1899 2905 1954 convenientia
2936 1901 3166 1971 partium
3192 1902 3481 1957 continuati
3506 1910 3666 1973 atque
3691 1901 3863 1958 diffu-

2266 1991 2311 2046 si
2342 2006 2356 2044 :
2389 1991 2585 2062 quibus
2611 1992 2773 2048 rebus
2792 1992 3037 2050 omnibus
3060 1994 3182 2050 illos
3202 1995 3579 2052 inhabitatores
3603 2010 3731 2051 suos
3760 2010 3864 2067 po—

2267 2072 2449 2137 terant'
2466 2091 2520 2137 et
2546 2084 2763 2155 gignere
2787 2125 2802 2152 ,
2831 2094 2885 2140 et
2910 2085 3055 2141 alere
3077 2128 3091 2152 ,
3122 2094 3179 2142 et
3215 2087 3498 2143 salubriter
3532 2088 3817 2145 continere
3842 2106 3858 2155 ;

2265 2191 2558 2248 eorumque
2584 2177 2996 2235 inhabitatorum
3022 2222 3037 2247 ,
3077 2196 3199 2236 cum
3224 2190 3416 2237 ctetera
3442 2198 3561 2254 quae
3588 2183 3642 2238 in
3671 2185 3864 2239 omni-

2262 2266 2364 2323 bus
2389 2267 2748 2325 animantibus
2774 2270 3035 2341 superiori
3065 2270 3274 2328 ratione
3302 2271 3513 2329 laudata
3543 2280 3704 2339 sunt,
3739 2283 3862 2330 tum

2264 2361 2477 2433 proprie
2503 2362 2754 2434 impigros
2779 2371 2833 2418 et
2858 2362 3036 2419 faciles
3072 2365 3212 2420 unde
3248 2363 3413 2421 velint
3440 2374 3495 2422 et
3534 2380 3641 2436 quo
3685 2365 3864 2422 velint

2263 2454 2520 2509 transitus
2542 2494 2557 2520 ,
2586 2462 2642 2509 et
2668 2455 2869 2509 alarum
2898 2454 2951 2508 in
2997 2454 3177 2510 volatu
3216 2455 3539 2527 concordem
3581 2457 3757 2513 nisum
3798 2465 3862 2515 et

2263 2561 2370 2601 non
2395 2545 2654 2619 imparem
2685 2556 2907 2603 motum.
2938 2547 3190 2619 Vitupcro
3221 2548 3292 2604 ibi
3336 2557 3510 2606 tecum
3550 2550 3862 2621 corruptio-

2262 2654 2385 2696 nem
2426 2639 2600 2710 ignis:
2647 2639 2799 2694 lauda
2844 2641 2916 2695 ibi
2959 2655 3164 2695 mecum
3213 2641 3552 2712 genitabilem
3601 2641 3780 2713 ignem
3805 2643 3857 2711 ⁸,

2261 2742 2315 2789 et
2344 2732 2606 2804 vigentem
2637 2741 3095 2804 opportunumque
3123 2732 3238 2805 ejus
3277 2734 3714 2806 temperationem
3749 2749 3860 2789 na-

2261 2827 2570 2891 scentibus,
2608 2832 2662 2880 et
2702 2833 2766 2880 ut
2798 2825 3199 2893 coalescerent,
3250 2837 3305 2882 et
3345 2836 3405 2883 ut
3449 2828 3559 2883 suis
3609 2826 3860 2884 numeris

2261 2920 2702 2993 lineamentisque
2723 2920 3104 2993 perficerentur
3126 2962 3140 2987 ,
3163 2930 3217 2975 et
3240 2929 3297 2975 ut
3316 2921 3495 2977 vivere
3518 2928 3676 2991 atque
3697 2919 3860 2976 habi-

2260 3025 2372 3072 tare
2399 3016 2469 3072 ibi
2497 3024 2751 3088 possent:
2784 3030 2905 3087 qua:
2934 3016 3111 3070 omnia
3149 3031 3255 3070 non
3295 3014 3467 3070 solum
3500 3014 3552 3069 in
3580 3013 3714 3084 ignis
3744 3012 3859 3068 ha-

2256 3108 2512 3165 bitatione
2535 3152 2551 3177 ,
2583 3108 2676 3165 sed
2706 3109 2757 3163 in
2784 3107 2913 3178 ipsis
2946 3122 3156 3178 quoque
3199 3105 3559 3162 habitantibus
3601 3103 3857 3161 miranda

2256 3210 2310 3258 et
2336 3201 2598 3257 laudanda
2614 3215 2734 3257 esse
2754 3199 3052 3270 cognoscis.
3078 3197 3337 3269 Vitupero
3358 3198 3428 3253 ibi
3452 3205 3625 3254 tecum
3652 3196 3861 3252 obscu-

2258 3295 2472 3351 ritatem
2512 3292 2679 3360 fumi,
2723 3301 2778 3349 et
2823 3292 3203 3348 immanitatem
3252 3291 3505 3363 principis
3533 3288 3705 3362 quiin
3736 3305 3805 3345 eo
3830 3333 3850 3357 ,

2256 3388 2393 3444 sicut
2422 3388 2554 3443 dicis
2579 3430 2594 3454 ,
2626 3387 2969 3443 morabatur:
3000 3384 3154 3442 lauda
3185 3385 3257 3441 ibi
3283 3399 3491 3441 mecum
3514 3382 3655 3456 quod
3678 3383 3764 3438 vel
3789 3383 3854 3439 in

2255 3480 2371 3555 ipso
2400 3481 2544 3536 fumo
2568 3479 2765 3535 nullam
2797 3486 3000 3549 partem
3029 3478 3236 3535 invenis
3260 3477 3568 3533 dissimilem
3594 3476 3851 3545 cazteris;

2254 3587 2320 3629 ex
2349 3590 2454 3644 quo
2479 3574 2532 3629 in
2556 3588 2751 3644 genere
2775 3587 2872 3627 suo
2902 3573 3129 3642 partium
3174 3572 3315 3626 inter
3359 3585 3418 3626 se
3456 3584 3673 3624 suarum
3712 3584 3857 3624 con-

2251 3667 2551 3740 gruentiam
2576 3667 2899 3736 modumque
2918 3663 3150 3721 custodit
3176 3706 3191 3730 ,
3217 3672 3272 3718 ut
3296 3661 3523 3733 quadam
3546 3661 3751 3717 unitate
3775 3663 3858 3718 sit

2252 3759 2394 3831 quod
2420 3767 2542 3815 est:
2572 3773 2691 3831 qua:
2720 3772 2878 3813 nemo
2903 3756 3081 3812 sobrie
3105 3755 3448 3820 considerat,
3473 3763 3527 3810 et
3547 3770 3654 3810 non
3685 3755 3858 3809 mira-

2250 3853 2431 3909 biliter
2456 3853 2653 3909 laudat.
2681 3851 2818 3921 Quid
2847 3894 2863 3919 ,
2895 3848 3037 3920 quod
3064 3850 3223 3907 etiam
3251 3847 3397 3905 fumo
3420 3848 3573 3903 addis
3597 3849 3704 3903 vim
3735 3863 3853 3920 po-

2254 3945 2580 4016 tentiamque
2599 3943 2885 4016 generandi
2909 3986 2925 4012 ,
2949 3942 3162 4016 quando
3186 3941 3358 3997 eidem
3386 3956 3595 4014 quoque
3624 3939 3852 3997 inhabi-

2251 4047 2449 4094 tatores
2483 4037 2751 4108 principes
2778 4035 2966 4092 tribuis
2996 4052 3008 4089 :
3039 4042 3098 4089 ut
3122 4032 3264 4104 quod
3293 4033 3381 4089 hic
3405 4048 3670 4104 nunquam
3698 4031 3857 4087 vidi-

2251 4144 2371 4183 mus
2394 4171 2409 4195 ,
2438 4128 2507 4183 ibi
2535 4126 2711 4183 fumus
2740 4127 2994 4183 fecundus
3023 4127 3093 4181 sit
3117 4168 3131 4192 ,
3163 4136 3217 4181 et
3240 4125 3508 4182 salubrem
3538 4124 3649 4181 suis
3677 4123 3852 4179 babi-
3904 4150 3911 4155 -

2249 4219 2509 4276 tatoribus
2539 4220 2776 4289 prmbcat
2801 4217 3131 4273 mansionem
3154 4216 3178 4271 τ

2253 4367 2268 4379 ,
2318 4311 2544 4370 CAPUT
2582 4310 2775 4368 XXXI.
2818 4341 2889 4351 —
2931 4310 3018 4365 '54.
3043 4308 3121 4365 De
3142 4308 3635 4382 eodemargumento.
3677 4305 3857 4374 QttOd

2247 4408 2409 4463 etiam
2439 4406 2491 4461 in
2523 4406 2640 4477 ipso
2678 4402 2805 4459 fumi
2847 4401 3085 4473 principe
3124 4402 3505 4456 immanitatem
3540 4399 3706 4455 solam
3739 4398 3856 4454 ad-

2246 4500 2451 4557 vertisti
2493 4515 2652 4571 quam
2697 4499 3060 4571 vituperares,
3090 4512 3266 4550 nonne
3301 4495 3527 4550 debuisti
3558 4491 3855 4553 attendere

2246 4604 2437 4651 caetera
2464 4610 2582 4665 quae
2611 4600 2662 4649 te
2691 4591 2745 4647 in
2772 4592 2885 4662 ejus
2916 4600 3116 4645 naturae
3153 4588 3363 4644 laudem
3403 4586 3689 4660 cogerent?
3725 4586 3853 4642 Ha-

2245 4686 2405 4743 bebat
2423 4687 2565 4741 enim
2587 4686 2817 4740 animam
2840 4692 2893 4739 et
2912 4699 3136 4754 corpus;
3167 4683 3310 4737 illaut
3332 4682 3705 4746 viviﬁcantem,
3735 4681 3855 4738 hoc

2241 4769 2352 4833 vita
2384 4776 2693 4847 iuspiratum
2720 4793 2732 4831 :
2756 4791 2879 4830 cum
2906 4774 2995 4829 illa
3022 4783 3248 4845 regeret,
3281 4774 3381 4828 hoc
3406 4774 3852 4845 obtemperaret;

2246 4869 2335 4924 illa
2366 4869 2609 4939 prmiret,
2642 4867 2745 4923 hoc
2772 4867 3217 4939 subsequeretur;
3250 4866 3336 4920 illa
3367 4866 3699 4931 contineret,
3732 4863 3858 4923 hoc

2244 4979 2350 5017 non
2381 4960 2672 5028 deﬂueret;
2717 4961 2806 5016 illa
2835 4968 3072 5016 moveret
3100 4961 3150 5015 in
3187 4974 3470 5028 numeros,
3508 4959 3609 5015 hoc
3640 4974 3855 5015 nume-

2243 5070 2364 5110 rosa
2394 5055 2754 5109 membrorum
2794 5055 3106 5127 compagine
3151 5052 3600 5127 constabiliretur.
3642 5050 3857 5111 Nonne

2242 5154 2296 5202 te
2321 5146 2386 5202 ad
2416 5145 2624 5203 laudem
2652 5155 2829 5203 movet
2855 5146 2906 5201 in
2938 5146 3039 5200 hoc
3069 5160 3175 5200 uno
3200 5145 3468 5217 principe,
3497 5143 3584 5200 vel
3613 5160 3712 5215 pax
3742 5160 3854 5201 or-

2242 5240 2443 5308 dinata,
2477 5239 2560 5296 vel
2586 5239 2719 5295 ordo
2745 5239 2999 5311 pacatus?
3028 5237 3176 5305 Quod
3203 5247 3379 5294 autem
3407 5238 3474 5293 de
3500 5255 3605 5292 uno
3629 5237 3855 5295 dictum

2240 5342 2342 5401 est,
2363 5334 2463 5389 hoc
2482 5332 2549 5389 de
2568 5333 2778 5389 caeteris
2798 5331 3017 5403 intelligi
3038 5331 3181 5387 licet.
3203 5331 3471 5387 Sed.enim
3494 5338 3604 5385 erat
3627 5330 3676 5383 in
3695 5329 3857 5389 alios

2242 5426 2384 5483 ferus
2414 5434 2469 5483 et
2493 5424 2778 5481 immanis?
2807 5423 2920 5479 Non
2950 5423 3053 5480 hoc
3080 5423 3271 5492 laudo,
3302 5423 3397 5479 sed
3426 5430 3567 5477 tanta
3595 5420 3683 5475 illa
3711 5438 3857 5494 qua:

2241 5500 2349 5574 non
2376 5519 2456 5576 vis
2484 5510 2778 5574 attendere.
2807 5515 2938 5586 Quae
2964 5516 3010 5571 si
3038 5515 3119 5573 vel
3148 5514 3452 5571 admonitus
3480 5514 3719 5569 intuetur
3749 5521 3855 5570 at-

2304 5718 2323 5750 ι
2358 5721 2423 5766 tta
2444 5712 2601 5766 codex
2621 5713 2941 5776 Oorbeiensis.
2967 5712 3085 5764 Editi
3105 5724 3246 5776 vero,
3264 5707 3570 5765 moderamen
3585 5707 3788 5774 ﬁrme.

2306 5783 2327 5812 ι
2360 5777 2497 5838 Editi,
2526 5774 2781 5842 genitalem
2804 5775 2979 5842 ignem.
