4016 6484
192 319 285 389 197

186 531 291 586 sine
311 525 646 583 dubitatione
671 521 968 594 cognoscit,
995 534 1116 575 cum
1142 516 1208 573 de
1234 517 1350 573 istis
1373 517 1575 573 naturis
1599 516 1769 590 loqui-

191 634 281 688 tur,
314 620 380 676 de
404 618 562 674 bonis
585 615 908 689 quibusdam
935 629 994 670 se
1019 612 1183 684 loqui,
1212 610 1306 667 sed
1334 626 1438 667 non
1469 610 1691 667 summis
1714 616 1770 665 et

188 711 523 775 infabricalis,
548 709 691 765 sicut
714 715 800 765 est
823 709 958 764 Deus
981 719 1085 760 una
1105 702 1340 762 Trinitas
1358 744 1374 775 ,
1402 718 1575 773 neque
1599 700 1771 759 dehis

189 802 444 862 fabricatis
474 817 597 881 quae
631 797 932 856 sublimiter
971 796 1213 853 ordinata
1254 803 1411 861 sunt,
1454 794 1610 850 sicuti
1649 800 1774 849 sunt

188 894 367 968 Angeli
389 892 564 967 sancti
590 901 644 948 et
667 888 991 946 beatissima:
1012 896 1337 959 potestates:
1364 884 1459 942 sed
1485 885 1551 947 de
1577 884 1773 940 inﬁmis

191 998 235 1043 et
256 1002 351 1058 pro
380 986 462 1040 sui
488 983 706 1056 generis
731 979 948 1035 modulo
976 979 1029 1033 in
1056 978 1165 1033 imo
1192 993 1370 1049 rerum
1398 976 1654 1032 ordinatis
1681 975 1777 1030 bo-

190 1083 291 1146 nis;
314 1094 436 1152 qua:
456 1076 587 1132 dum
611 1080 989 1144 comparantur
1008 1069 1391 1142 superioribus,
1416 1064 1777 1151 vituperanda:

189 1174 245 1229 ab
267 1171 538 1244 imperitis
561 1166 971 1232 existimantur;
1000 1175 1053 1221 et
1072 1167 1197 1220 dum
1217 1164 1587 1221 consideratur
1610 1177 1778 1234 quan-

191 1279 287 1323 tum
313 1265 401 1320 bis
427 1263 572 1320 desit
593 1262 742 1331 boni,
773 1259 916 1332 quod
939 1259 1043 1314 illis
1069 1257 1239 1325 adest,
1269 1258 1509 1329 ejusdem
1535 1256 1661 1331 boni
1685 1255 1779 1309 ab-

191 1362 348 1417 sentia
397 1358 529 1421 mali
576 1372 775 1413 nomen
820 1363 985 1410 tenet.
1029 1352 1098 1408 Et
1126 1368 1226 1423 ego
1255 1350 1466 1424 quidem
1498 1357 1777 1422 propterea

191 1430 257 1509 sic
284 1452 352 1507 de
382 1450 505 1507 istis
534 1448 742 1504 naturis
772 1446 1015 1517 disputo,
1050 1443 1298 1515 quoniam
1338 1456 1400 1497 ea
1440 1441 1780 1509 nominantur

193 1518 299 1616 quae
323 1543 381 1599 in
402 1542 508 1598 hoc
535 1538 737 1611 mundo
765 1545 892 1592 nota
918 1542 1039 1591 sunt
1059 1535 1230 1589 nobis.
1258 1532 1511 1588 Novimus
1534 1532 1673 1587 enim
1703 1538 1781 1585 te-

194 1638 396 1701 nebras,
420 1648 610 1703 aquas,
632 1638 846 1696 ventos,
871 1629 1065 1700 ignem,
1090 1626 1327 1692 fumum;
1356 1627 1600 1681 novimus
1619 1625 1779 1679 etiam

192 1727 432 1782 animalia
457 1724 729 1795 serpentia
752 1765 766 1789 ,
798 1721 1063 1785 natantia,
1096 1719 1329 1774 volantia
1350 1761 1364 1785 ,
1395 1717 1777 1790 quadrupedia,

194 1820 397 1892 bipedia
425 1836 441 1875 :
472 1818 525 1873 in
556 1818 750 1888 quibus
778 1813 1060 1881 omnibus,
1086 1811 1325 1884 exceptis
1355 1810 1607 1876 tenebris,
1640 1825 1779 1881 qum,

194 1921 249 1967 ut
288 1912 426 1981 dixi,
458 1908 598 1969 nihil
636 1917 760 1963 sunt
804 1905 949 1961 aliud
989 1920 1147 1976 quam
1186 1902 1319 1959 lucis
1355 1902 1630 1972 absentia,
1663 1918 1782 1974 quso

195 2004 356 2059 oculis
384 2017 494 2057 non
520 1999 754 2055 videndo
779 1997 1187 2077 discernuntur,
1216 1996 1351 2050 sicut
1387 1994 1656 2049 silentium
1686 2009 1781 2048 au-

195 2096 334 2150 ribus
361 2108 471 2148 non
502 2089 807 2157 audiendo;
841 2104 946 2143 non
976 2088 1094 2159 quia
1124 2085 1359 2142 tenebrae
1397 2094 1520 2140 sunt
1561 2084 1780 2155 aliquid,

196 2188 280 2244 sed
307 2187 432 2258 quia
462 2183 559 2239 lux
588 2199 694 2257 non
724 2189 846 2247 est;
891 2179 1028 2236 sicut
1072 2194 1181 2233 non
1224 2178 1348 2251 quia
1390 2176 1658 2232 silentium
1703 2182 1786 2231 est

196 2278 381 2350 aliquid
402 2319 418 2346 ,
449 2276 548 2332 sed
576 2275 701 2345 quia
731 2288 899 2328 sonus
929 2287 1033 2326 non
1062 2279 1144 2326 est
1171 2287 1185 2324 :
1216 2269 1450 2340 exceptis
1476 2283 1602 2339 ergo
1630 2276 1783 2323 tene-

197 2370 297 2425 bris
337 2371 390 2425 in
433 2368 538 2423 hac
576 2364 1009 2430 enumeratione,
1044 2370 1252 2418 caeteras
1299 2370 1503 2416 natura:
1547 2367 1701 2429 sunt,
1733 2368 1787 2416 et

197 2463 432 2518 munibus
472 2469 654 2527 notae;
693 2472 919 2529 quarum
958 2455 1226 2525 Speciem,
1258 2453 1379 2525 quia
1416 2452 1469 2508 in
1499 2460 1785 2524 quantum-

199 2569 413 2625 cumque
438 2561 546 2623 est,
580 2548 860 2605 laudabilis
887 2555 939 2603 et
961 2545 1097 2600 bona
1125 2554 1226 2609 est,
1251 2560 1408 2599 nemo
1431 2543 1662 2617 prudens
1688 2543 1785 2599 ab-

202 2648 389 2702 alienat
414 2645 486 2699 ab
515 2653 735 2698 auctore
764 2640 1002 2697 omnium
1031 2639 1295 2695 bonorum
1320 2638 1452 2693 Deo.

268 2736 490 2794 CAPUT
529 2733 753 2791 XXXII.
781 2762 852 2774 -—
877 2732 966 2787 55.
1001 2730 1317 2785 Manio/treus
1359 2745 1420 2783 ea:
1457 2729 1519 2784 iis
1560 2744 1673 2800 qua:
1706 2728 1788 2781 hic

198 2832 338 2899 sidit,
364 2828 619 2884 ordinavit
644 2842 738 2880 sua
767 2825 1141 2896 phantasmata.
1169 2821 1301 2877 Nam
1332 2821 1420 2876 ille
1444 2820 1786 2888 Manichacus,

199 2926 338 2982 sicut
352 2922 514 2978 voluit
535 2931 757 2975 naturas
777 2932 908 2988 quas
928 2914 1014 2969 hic
1033 2913 1220 2969 didicit
1240 2914 1257 2945 ²
1280 2913 1526 2969 ordinare
1548 2913 1596 2966 in
1620 2909 1787 2983 phan-

203 3014 508 3073 tasmatibus
537 3011 686 3078 suis,
717 3008 866 3064 velut
894 3007 947 3061 in
976 3014 1134 3078 gente
1162 3006 1502 3062 tenebrarum
1525 3046 1539 3073 ,
1570 3003 1789 3061 omnino

201 3109 363 3165 falsus
405 3120 525 3163 esse
568 3101 927 3159 convincitur.
975 3099 1188 3166 Primo,
1228 3098 1350 3169 quia
1398 3096 1628 3151 tenebra:
1660 3096 1792 3151 nihil

202 3210 413 3273 possunt
438 3200 682 3270 gignere,
713 3202 771 3248 ut
796 3193 993 3247 dictum
1019 3199 1119 3246 est.
1148 3188 1254 3246 Sed
1280 3203 1385 3243 non
1416 3188 1567 3253 tales,
1598 3187 1787 3259 inquit,

203 3302 352 3351 erant
385 3293 493 3348 illa:
536 3288 776 3344 tenebrat
797 3328 812 3354 ,
856 3285 1040 3356 quales
1068 3283 1154 3338 hic
1182 3282 1341 3338 nosti.
1371 3281 1522 3337 Unde
1552 3295 1678 3351 ergo
1707 3296 1794 3335 me

202 3385 274 3439 de
296 3384 395 3438 illis
422 3380 630 3438 doces?
658 3378 740 3434 An
770 3376 908 3432 forte
935 3386 1041 3429 tam
1067 3375 1326 3431 verbosus
1354 3372 1609 3428 doctrina:
1637 3372 1795 3444 polli-

204 3478 387 3532 eitatnr
414 3473 567 3545 cogis
603 3478 664 3525 ut
690 3467 950 3525 credam?
992 3467 1098 3523 Sed
1138 3465 1219 3521 fac
1264 3480 1349 3521 me
1392 3465 1631 3520 credere.
1663 3462 1795 3520 Illud

206 3580 376 3625 tamen
400 3568 539 3634 scio,
569 3562 718 3637 quod
746 3563 792 3618 si
816 3576 922 3616 non
951 3558 1218 3615 habebant
1240 3557 1471 3627 aliquam
1498 3556 1729 3626 speciem
1750 3557 1794 3624 ²,

205 3665 337 3721 sicut
372 3664 492 3719 ista:
530 3678 644 3717 non
691 3659 919 3723 habent,
949 3655 1079 3710 nihil
1108 3668 1365 3725 generare
1396 3659 1681 3722 potuerunt
1709 3669 1721 3704 :
1753 3649 1797 3706 si

205 3766 376 3811 autem
406 3754 707 3820 habebant,
738 3750 989 3807 meliores
1012 3753 1183 3803 erant.
1212 3744 1292 3800 Tu
1317 3754 1494 3799 autem
1520 3758 1639 3798 cum
1666 3742 1800 3797 dicis

208 3864 309 3904 non
339 3847 508 3903 fuisse
537 3845 678 3900 tales
700 3886 716 3913 ,
745 3840 898 3913 quasi
927 3840 1141 3911 pejores
1187 3836 1390 3907 aliquas
1436 3833 1580 3890 credi
1628 3833 1797 3903 cupis.

209 3940 398 3996 Posses
435 3939 622 3994 dicere
660 3935 825 3991 etiam
858 3932 1122 3986 silentium
1143 3970 1159 3997 ,
1201 3928 1341 3999 quad
1372 3927 1449 3983 sic
1476 3936 1558 3981 est
1586 3926 1803 3980 auribus

212 4044 263 4090 ut
284 4033 528 4090 tenebras
556 4029 748 4093 oculis,
783 4026 956 4095 aliqua
985 4025 1059 4082 iln
1084 4022 1242 4078 surda
1270 4020 1353 4075 vel
1383 4029 1524 4075 muta
1556 4018 1803 4074 animalia

211 4104 458 4198 genuisse
488 4142 502 4177 :
531 4130 591 4176 ut
616 4136 739 4177 cum
770 4117 867 4172 tibi
892 4116 1157 4171 diceretur
1180 4129 1284 4168 non
1311 4128 1429 4168 esse
1456 4112 1683 4182 aliquam
1712 4126 1807 4164 na-

214 4226 387 4271 turam
410 4213 707 4277 silentium,
732 4207 1105 4281 seSponderes,
1131 4205 1238 4262 Sed
1263 4222 1367 4260 non
1393 4206 1493 4260 tale
1514 4203 1803 4272 silentium,

216 4313 371 4383 quale
398 4310 485 4364 hic
519 4306 698 4373 nosti;
737 4313 800 4359 ut
837 4304 1055 4356 omnino
1092 4299 1231 4372 quod
1275 4300 1438 4355 velles
1483 4298 1690 4353 diceres
1730 4297 1810 4353 eis

213 4421 343 4477 quos
374 4403 565 4468 semel,
597 4412 659 4457 ut
684 4399 781 4454 tibi
809 4395 1110 4462 crederent,
1140 4393 1464 4464 decepisses.
1495 4390 1807 4462 Quanquam

212 4501 260 4555 id
288 4496 439 4571 quod
482 4510 608 4552 eum
653 4491 900 4556 induxit,
944 4496 1001 4543 ut
1030 4487 1081 4541 in
1114 4486 1345 4541 tenebris
1382 4484 1648 4556 serpentia
1684 4491 1810 4538 nata

213 4608 330 4648 esse
365 4588 738 4658 contingeret,
768 4584 821 4637 in
847 4581 978 4652 ipsis
1002 4579 1215 4650 quidem
1249 4576 1551 4648 primordiis
1580 4590 1812 4630 nascen-

215 4688 346 4738 tium
376 4679 556 4752 potuit
578 4677 720 4732 bene
746 4672 1115 4729 animadverti.
1140 4668 1245 4726 Sed
1273 4676 1397 4722 sunt
1421 4675 1700 4738 serpentes
1723 4664 1815 4738 qui

213 4786 320 4831 tam
353 4784 519 4829 acute
545 4770 750 4836 vident,
783 4775 837 4823 et
866 4766 943 4821 sic
972 4762 1250 4834 praesentia
1279 4759 1411 4815 lucis
1439 4759 1726 4833 exsultant,
1759 4765 1816 4815 ut

212 4867 600 4941 gravissimum
638 4858 1000 4917 testimonium
1030 4863 1214 4913 contra
1241 4869 1362 4909 eum
1389 4853 1565 4907 dicere
1600 4852 1818 4907 videan-

215 4971 321 5016 tur.
351 4955 561 5014 Deinde
590 4954 642 5009 in
670 4952 823 5023 aquis
848 4948 1082 5003 natantia
1107 4944 1261 5002 facile
1287 4943 1383 4999 fuit
1407 4943 1494 4998 hic
1515 4943 1741 5006 discere,
1765 4949 1819 4998 et

213 5052 280 5107 ad
309 5049 413 5106 illa
439 5045 733 5102 transferre
758 5042 1162 5113 phantasmata;
1192 5037 1267 5091 sic
1292 5044 1346 5092 et
1370 5036 1421 5090 in
1447 5037 1616 5090 ventis
1638 5034 1821 5089 volan-

212 5128 317 5207 tia,
351 5120 614 5213 quoniam
642 5135 803 5204 hujus
832 5129 1111 5188 crassioris
1146 5127 1285 5184 aeris
1324 5127 1580 5199 impulsus
1621 5126 1673 5181 in
1715 5138 1823 5196 quo

213 5251 345 5293 aves
391 5231 655 5295 volitant,
696 5232 890 5281 ventus
918 5222 1112 5277 dicitur
1142 5240 1156 5277 :
1187 5221 1241 5276 in
1272 5221 1392 5291 igne
1430 5235 1557 5275 vero
1585 5219 1821 5290 quadrn-

216 5328 379 5400 pedia
409 5322 556 5381 unde
585 5320 661 5377 illi
694 5319 896 5391 ﬁngere
922 5317 975 5371 in
1005 5324 1238 5371 mentem
1278 5313 1488 5370 venerit
1524 5313 1724 5369 nescio.
1758 5313 1825 5369 Et

216 5432 404 5482 tamen
433 5434 544 5474 non
579 5415 777 5471 frustra
808 5412 912 5466 hoc
939 5409 1104 5474 dixit,
1137 5409 1228 5463 sed
1271 5422 1458 5479 parum
1484 5407 1743 5472 attendit,
1771 5415 1826 5463 et

219 5511 424 5569 erravit
464 5508 646 5565 nimis.
683 5505 836 5560 Hanc
879 5501 1021 5556 enim
1063 5500 1325 5555 rationem
1365 5500 1536 5562 solent
1577 5498 1822 5567 reddere,

288 5627 308 5658 ⁸
342 5620 654 5694 εβίιὲῙιξιερι
674 5611 913 5694 Milli:
932 5610 1143 5694 “ﬂii

288 5627 308 5658 ι
342 5625 462 5675 [Δία
479 5620 650 5694 vulgo,
674 5629 802 5691 quas
820 5611 902 5664 hic
932 5611 1065 5664 dicit.
1090 5618 1277 5726 limat.
1296 5611 1466 5683 viginti
1486 5618 1691 5675 quatuor
1719 5623 1829 5662 ver-

222 5700 329 5748 m,
354 5684 505 5750 facile
518 5685 617 5749 [ιιι
633 5682 718 5732 hac
738 5676 932 5736 dicere,
953 5681 1000 5725 et
1030 5674 1096 5726 ad
1237 5680 1446 5726 tramae
1475 5674 1827 5741 phantasmata.

1237 5672 1446 5726 transire
1475 5672 1827 5741 phantasmata.

1599 304 1806 375 LIBER
1853 309 2053 379 USL‘S.

188 452 281 511 que
314 430 650 515 considerat,
681 426 926 505 quisquis
951 423 1242 497 Manichazo
1275 430 1478 482 temere
1517 423 1761 491 credidit,
1813 420 1823 430 ’

3344 313 3486 387 ιω,

1877 424 2017 499 quod
2042 423 2410 499 quadrupedes
2433 425 2624 493 edaces
2649 425 2777 497 sint,
2802 434 2860 485 et
2882 427 2936 485 in
2961 429 3298 499 concubitum
3322 409 3483 497 mul-t

1878 525 1987 573 tum
2016 517 2273 587 ferveant.
2303 518 2408 575 Sed
2437 520 2585 577 multi
2615 519 2857 577 homines
2892 520 3150 579 edacitate
3178 536 3274 577 sua
3302 510 3482 596 supe-Z

1877 619 1998 666 rant
2021 611 2311 681 quemlibet
2336 611 2752 684 quadrupedem,
2783 612 2871 684 qui
2896 623 3043 681 certe
3071 612 3290 687 bipedes
3315 625 3459 686 sunt,

1879 716 2013 779 quos
2042 719 2149 763 non
2175 704 2342 774 ignis,
2372 703 2464 760 sed
2504 704 2636 763 fumi
2673 719 2793 760 esse
2835 704 2974 761 tilios
2999 705 3146 773 dicit.
3172 706 3484 763 Anseribus

1880 811 2010 857 vero
2030 812 2135 853 non
2159 796 2315 865 facile
2335 798 2620 869 quidquam
2641 797 2854 857 edacius
2876 798 3141 859 invenitur
3164 817 3177 854 :
3201 815 3334 871 quos
3353 801 3468 857 sive

1882 888 1936 949 in
1965 887 2108 947 fumo
2136 898 2315 961 ponat,
2341 890 2465 961 quia
2490 889 2710 965 bipedes
2734 901 2890 959 sunt;
2921 891 3036 957 sive
3061 892 3116 948 in
3141 894 3313 964 aquis,
3343 894 3465 965 quia

1880 990 2067 1047 natare
2095 991 2309 1048 amant;
2357 982 2474 1043 sive
2504 984 2556 1043 in
2583 984 2785 1053 ventis,
2822 985 2944 1056 quia
2974 986 3189 1055 pennati
3218 994 3375 1052 sunt,
3414 992 3472 1041 et

1883 1075 2150 1135 interdum
2181 1077 2361 1139 volant
2387 1075 2489 1132 :ad
2519 1076 2695 1148 ignem
2724 1085 2867 1133 certe
2893 1076 3186 1147 secundum
3211 1078 3328 1147 ejus
3353 1076 3469 1134 dis-

1886 1168 2196 1241 tinctionem
2242 1183 2349 1225 non
2397 1169 2690 1241 pertinent.
2734 1167 2887 1237 Quod
2929 1177 3106 1235 autem
3149 1168 3339 1229 attinet
3402 1167 3473 1224 ad

1886 1259 2150 1327 fervorem
2176 1260 2492 1329 concubitus
2514 1302 2528 1328 ,
2557 1258 2719 1315 credo
2742 1275 2862 1315 eum
2891 1258 3328 1325 animadvertisse
3354 1258 3476 1314 hin-

1887 1353 2096 1410 nientes
2120 1367 2318 1423 equos,
2347 1361 2401 1411 et
2429 1366 2573 1424 saepe
2599 1349 2792 1407 morsis
2820 1348 2986 1420 frenis
3012 1361 3190 1423 raptos
3228 1351 3281 1411 in
3316 1349 3475 1405 femi—

1888 1460 1985 1502 nas
2010 1464 2024 1501 :
2048 1444 2190 1516 quod
2214 1443 2647 1513 animadversum
2674 1442 2800 1499 dum
2826 1442 2941 1498 vult
2963 1442 3067 1499 cito
3087 1442 3342 1509 scribere,
3370 1457 3477 1503 non

1888 1537 2114 1595 attendit
2139 1554 2411 1610 passerem
2442 1537 2760 1610 parietiuum
2780 1578 2797 1606 ,
2828 1538 2881 1593 in
2908 1536 3061 1609 cujus
3084 1540 3479 1609 comparatione

1887 1632 2061 1705 quivis
2104 1630 2450 1687 admissarius
2497 1628 2870 1701 frigidissimus
2919 1629 3208 1687 invenitur.
3252 1629 3482 1701 Bipedes

1888 1740 2017 1781 vero
2047 1725 2100 1780 in
2131 1723 2278 1780 fumo
2303 1740 2424 1780 cum
2453 1723 2522 1778 ab
2545 1723 2623 1785 eis
2649 1722 2905 1794 qualritur
2945 1737 3110 1795 quare
3136 1720 3481 1787 ordinaverit,

1890 1816 2220 1888 respondent
2246 1816 2443 1875 elatum
2470 1822 2524 1871 ct
2547 1814 2838 1885 superbum
2866 1829 2985 1870 esse
3008 1811 3260 1884 bipedum
3281 1827 3481 1882 genus:

1890 1908 2015 1963 hinc
2039 1908 2182 1963 enim
2214 1907 2461 1965 homines
2489 1906 2750 1977 originem
2783 1905 2997 1965 trahere
3026 1905 3207 1961 dicunt
3233 1922 3248 1958 :
3275 1914 3327 1959 et
3353 1918 3487 1975 quo-

1890 2002 2030 2057 niam
2062 2001 2235 2057 fumus
2260 2000 2515 2071 globosus
2551 2008 2603 2056 et
2630 1999 2779 2071 quasi
2824 1999 3057 2057 tumidus
3096 1999 3152 2055 in
3187 2014 3344 2054 auras
3376 1997 3485 2053 eri-

1891 2094 2049 2165 gitur,
2077 2092 2323 2164 superbis
2344 2108 2463 2149 esse
2484 2092 2713 2155 similem
2740 2107 2847 2157 non
2872 2091 3105 2149 absurde
3124 2091 3485 2149 attenderunt.

1895 2183 2022 2253 Qum.
2048 2183 2441 2240 animadversio
2466 2182 2713 2239 sufficere
2736 2182 2917 2238 debuit
2947 2178 3013 2238 ad
3040 2183 3273 2255 aliquam
3293 2182 3488 2243 simili-

1892 2276 2130 2332 tudinem
2159 2276 2391 2331 dandam
2417 2275 2483 2345 de
2510 2275 2756 2347 superbis
2786 2274 3114 2342 hominibus,
3143 2275 3256 2343 sive
3284 2274 3489 2345 allego-

1892 2369 2026 2424 riam
2070 2367 2153 2423 vel
2199 2366 2529 2423 formandam
2576 2365 2660 2422 vel
2700 2364 3101 2435 intelligendam
3131 2383 3145 2420 :
3175 2374 3489 2435 nontamen
3582 2404 3587 2408 -

1896 2469 1953 2515 ut
1998 2459 2118 2515 ideo
2165 2458 2383 2530 bipedes
2426 2459 2725 2517 animantes
2765 2458 2817 2514 in
2851 2457 2997 2514 fumo
3031 2467 3082 2513 et
3111 2457 3177 2513 de
3209 2458 3352 2519 fumo
3381 2458 3490 2527 nati

1894 2568 2015 2609 esse
2056 2551 2362 2609 credantur.
2393 2550 2529 2607 Nam
2566 2558 2620 2607 et
2658 2551 2711 2607 in
2752 2550 2967 2622 pulvere
2991 2552 3139 2606 nasci
3165 2548 3488 2618 debuerunt,

1896 2643 2017 2716 quia
2058 2658 2199 2713 saepe
2234 2657 2341 2721 non
2373 2642 2579 2696 minore
2608 2642 2811 2699 ambitu
2858 2650 2911 2698 et
2952 2641 3183 2709 elatione
3226 2641 3396 2713 surgit
3437 2641 3490 2707 in

1895 2735 2129 2799 coelum;
2170 2744 2223 2789 et
2262 2735 2314 2788 in
2356 2733 2595 2801 nebulis,
2638 2734 2760 2804 quia
2799 2734 3113 2805 plerumque
3141 2733 3210 2790 de
3241 2743 3380 2801 terra
3419 2733 3492 2791 ita

1897 2825 2247 2891 exhalantur,
2280 2834 2337 2880 ut
2366 2823 2523 2895 longe
2556 2823 2883 2879 intuentibus
2913 2825 3175 2881 incertum
3214 2825 3373 2881 etiam
3409 2822 3493 2877 fa-

1898 2917 2059 2983 ciant,
2084 2916 2330 2970 iumusne
2351 2931 2418 2970 an
2443 2915 2651 2969 nebulm
2674 2915 2797 2970 sint.
2824 2915 3124 2985 Postremo,
3151 2931 3245 2971 cur
3267 2916 3318 2971 in
3342 2914 3495 2993 aquis

1899 3017 1952 3063 et
1975 3007 2146 3062 ventis
2172 3006 2238 3062 de
2264 3006 2533 3062 habitandi
2558 3007 2810 3079 patientia
2837 3005 2904 3061 ad
2928 3006 3253 3063 habitatores
3275 3006 3495 3073 ductum

1899 3108 1983 3155 est.
2024 3107 2394 3170 argumentum
2417 3138 2431 3162 ,
2463 3098 2587 3169 quia
2622 3098 2865 3153 videmus
2894 3107 2949 3153 et
2977 3098 3211 3153 natantia
3241 3099 3293 3155 in
3322 3097 3493 3170 aquis,

1901 3200 1954 3246 ct
1982 3191 2210 3246 volantia
2239 3191 2292 3245 in
2321 3189 2494 3245 ventis
2521 3190 2700 3244 vivere
2733 3208 2745 3245 :
2780 3190 2915 3261 ignis
2945 3205 3075 3245 vero
3105 3199 3157 3245 et
3186 3188 3361 3247 fumus
3387 3204 3496 3251 non

1901 3278 2161 3338 deterruit
2188 3283 2459 3338 hominem
2483 3282 2851 3351 mentientem,
2881 3290 2938 3337 ut
2963 3282 3189 3354 puderet
3214 3297 3335 3338 eum
3361 3280 3498 3338 tales

1903 3376 1974 3430 ibi
1995 3375 2322 3430 habitatores
2344 3376 2692 3443 constituere,
2717 3375 2909 3446 quibus
2932 3374 3062 3430 nihil
3087 3375 3500 3432 constitueretur

1903 3467 2225 3524 absurdius?
2251 3468 2385 3524 Nam
2434 3467 2838 3541 quadrupedem
2887 3467 3023 3539 ignis
3065 3467 3303 3523 incendit
3339 3475 3499 3538 atque

1905 3561 2221 3631 corrumpit,
2252 3567 2307 3615 et
2332 3559 2552 3630 bipedes
2582 3559 2759 3616 fumus
2789 3560 2982 3615 oﬂ'ocat
3010 3569 3169 3630 atque
3197 3568 3373 3616 necat.
3402 3559 3499 3616 Vel

1906 3649 1993 3706 hic
2033 3660 2178 3706 certe
2216 3652 2422 3721 cogitur
2461 3650 2645 3719 fateri,
2688 3664 2747 3706 se
2777 3651 3027 3706 meliores
3055 3651 3234 3706 dicere
3261 3651 3313 3705 in
3339 3659 3501 3719 gente

1910 3743 2248 3799 tenebrarum
2274 3743 2401 3797 istas
2427 3740 2592 3797 fuisse
2613 3751 2851 3808 naturas,
2875 3741 2963 3796 ubi
2986 3740 3096 3795 vult
3118 3740 3295 3795 omnia
3317 3740 3502 3811 pejora

1907 3835 2072 3892 credi.
2111 3834 2385 3906 Siquidem
2427 3835 2499 3889 ibi
2536 3831 2785 3905 gignebat
2830 3832 2964 3901 ignis
3005 3830 3407 3902 quadrupedem
3446 3840 3503 3891 et

1909 3925 2198 3991 nutriebat,
2228 3933 2282 3981 et
2306 3925 2615 3981 continebat
2645 3923 2861 3980 innoxie
2885 3923 2969 3978 vel
2994 3924 3153 3979 etiam
3180 3922 3504 3980 commodis-

1911 4021 2067 4076 sime.
2102 4019 2361 4075 Similiter
2390 4027 2445 4075 et
2473 4018 2648 4073 fumus
2678 4016 2897 4089 bipedes
2932 4031 3059 4072 suos
3082 4016 3502 4074 clementissimo

1913 4114 2035 4170 sinu
2065 4112 2268 4181 editos,
2315 4127 2423 4168 non
2464 4113 2635 4169 solum
2677 4112 2793 4167 sine
2832 4112 3107 4178 molestia,
3139 4112 3234 4173 sed
3277 4112 3505 4168 vitaliter

1913 4218 2071 4281 atque
2099 4208 2433 4278 indulgenter
2459 4222 2630 4279 usque
2669 4206 2723 4262 in
2753 4207 2900 4261 illum
2930 4207 3283 4278 principatum
3306 4206 3505 4262 educa-

1916 4311 2066 4358 verat
2089 4303 2104 4333 ι
2137 4311 2191 4357 et
2217 4301 2545 4356 continebat.
2574 4299 2646 4354 Ita
2677 4298 3032 4356 ostenduntur
3065 4301 3166 4357 ista
3205 4298 3504 4369 mendacia,
3546 4368 3555 4375 .

1916 4395 2380 4452 animadversione
2419 4410 2597 4450 rerum
2638 4410 2756 4465 quae
2783 4393 3031 4449 videntur
3059 4394 3111 4449 in
3136 4393 3336 4450 mundo
3356 4435 3371 4461 ,
3412 4393 3509 4453 sed

1918 4490 2094 4545 minus
2123 4480 2361 4557 diligenti
2391 4486 2673 4558 minusque
2702 4486 2886 4542 solerti
2927 4486 3128 4542 carnali
3170 4502 3330 4543 sensu
3373 4502 3507 4544 cou-

1918 4588 2090 4649 cepta.
2116 4587 2169 4633 et
2196 4577 2653 4649 phantasmatibus
2678 4578 2957 4646 parturita,
2990 4585 3043 4632 et
3073 4578 3372 4651 temeritate
3398 4578 3512 4635 edi-

1921 4680 1974 4728 ta
2003 4681 2161 4743 atque
2187 4671 2490 4742 conscripta
2516 4670 2888 4729 hil‘I‘CIICOI’Ilm
2914 4687 3199 4729 numerum
3223 4674 3456 4729 auxisse.

1993 4764 2221 4821 CAPUT
2260 4763 2501 4818 XXXIII.
2529 4792 2600 4805 --
2634 4765 2723 4820 56.
2759 4762 2959 4820 Natura
2995 4765 3193 4833 omnis,
3235 4775 3291 4821 ut
3328 4774 3514 4831 natura

1921 4868 2029 4925 est,
2059 4858 2189 4913 bona
2215 4867 2306 4913 est.
2335 4856 2442 4913 Sed
2472 4857 2566 4913 illo
2593 4873 2791 4929 genere
2814 4860 2983 4929 magis
3011 4859 3234 4931 urgendi
3265 4867 3425 4927 sunt,
3452 4863 3515 4925 ut

1925 4949 2250 5022 intelligant,
2279 4949 2324 5004 si
2355 4958 2612 5019 possunt,
2644 4965 2803 5022 quam
2828 4965 2956 5007 vere
2982 4950 3035 5005 in
3059 4950 3333 5009 Catholica
3361 4950 3513 5007 (“089

1925 5052 2033 5112 tur,
2060 5044 2295 5098 omnium
2333 5051 2641 5098 naturarum
2683 5059 2805 5099 esse
2841 5054 3113 5100 auctorem
3150 5044 3319 5101 Deum
3356 5060 3374 5099 :
3407 5059 3517 5115 quo

1886 5120 1901 5129 ’
1925 5135 1993 5193 de
2018 5151 2213 5208 genere
2236 5135 2256 5167 ²
2283 5136 2529 5207 superius
2557 5136 2800 5208 agebam,
2831 5153 2951 5193 eum
2978 5137 3231 5203 dicerem,
3261 5135 3519 5208 Vitupero

1928 5236 2103 5286 tecum
2150 5235 2393 5297 pestem,
2440 5227 2769 5297 cmcitatem,
2813 5228 3180 5284 ccenositatem
3228 5225 3515 5298 turbidam,

1933 5318 2240 5375 horribilem
2270 5318 2693 5387 vehementiam,
2725 5317 3241 5391 corruptibilitatem,
3272 5314 3521 5385 immani-

1932 5420 2095 5467 tatem
2121 5410 2443 5481 principum,
2472 5420 2527 5466 et
2550 5410 2634 5465 his
2656 5409 2846 5465 similia
2872 5427 2887 5461 :
2909 5408 3064 5464 lauda
3087 5417 3141 5465 tu
3165 5426 3373 5471 mecum
3401 5428 3526 5483 spe...

1932 5502 2090 5570 ciem,
2114 5501 2533 5567 distinctionem,
2552 5500 2960 5567 ordinationem,
2991 5516 3199 5573 pacem,
3223 5502 3527 5577 unitatem!

1933 5615 2124 5728 “iuste
2145 5623 2252 5668 uss.
2276 5622 2333 5667 At
2356 5614 2504 5667 editio
2525 5623 2654 5677 Lov.,
2670 5625 2819 5679 usque
2838 5612 2907 5667 ad
2919 5612 3061 5670 tuum
3073 5615 3533 5685 prima...

2000 5739 2559 5865 maenas;
2580 5741 3127 5859 aereas“:
3154 5742 3234 5796 αα
