  <div class='ocr_page' id='page_1' title='image "/cluster/home/n/w/nwhite01/storage/ocr_20150623/42/hvd.32044015471493/105.png"; bbox 0 0 4016 6434; ppageno 0'>
   <div class='ocr_carea' id='block_1_1' title="bbox 545 308 653 366">
    <p class='ocr_par' dir='ltr' id='par_1_1' title="bbox 545 308 653 366">
     <span class='ocr_line' id='line_1_1' title="bbox 545 308 653 366; baseline -0.009 0"><span class='ocrx_word' id='word_1_1' title='bbox 545 308 653 366; x_wconf 67' lang='grc'>199</span> 
     </span>
    </p>
   </div>
   <div class='ocr_carea' id='block_1_2' title="bbox 543 422 2126 495">
    <p class='ocr_par' dir='ltr' id='par_1_2' title="bbox 543 422 2126 495">
     <span class='ocr_line' id='line_1_2' title="bbox 543 422 2126 495; baseline -0.006 -14"><span class='ocrx_word' id='word_1_2' title='bbox 543 423 834 482; x_wconf 76' lang='lat' dir='ltr'><strong>formarum</strong></span> <span class='ocrx_word' id='word_1_3' title='bbox 860 464 876 493; x_wconf 91' lang='lat'><strong>,</strong></span> <span class='ocrx_word' id='word_1_4' title='bbox 933 422 1296 479; x_wconf 83' lang='lat' dir='ltr'><strong>membrorum</strong></span> <span class='ocrx_word' id='word_1_5' title='bbox 1324 423 1696 495; x_wconf 82' lang='lat' dir='ltr'><strong>congruentias</strong></span> <span class='ocrx_word' id='word_1_6' title='bbox 1730 430 1784 477; x_wconf 89' lang='lat' dir='ltr'><strong>et</strong></span> <span class='ocrx_word' id='word_1_7' title='bbox 1816 432 2126 475; x_wconf 90' lang='lat' dir='ltr'><strong>numerosas</strong></span> 
     </span>
    </p>
   </div>
   <div class='ocr_carea' id='block_1_3' title="bbox 548 513 2128 589">
    <p class='ocr_par' dir='ltr' id='par_1_3' title="bbox 548 513 2128 589">
     <span class='ocr_line' id='line_1_3' title="bbox 548 513 2128 589; baseline -0.006 -15"><span class='ocrx_word' id='word_1_8' title='bbox 548 518 879 589; x_wconf 86' lang='lat' dir='ltr'><strong>parilitates,</strong></span> <span class='ocrx_word' id='word_1_9' title='bbox 910 516 1091 571; x_wconf 79' lang='lat' dir='ltr'><strong>vitalia</strong></span> <span class='ocrx_word' id='word_1_10' title='bbox 1135 515 1463 586; x_wconf 88' lang='lat' dir='ltr'><strong>spiramenta</strong></span> <span class='ocrx_word' id='word_1_11' title='bbox 1504 523 1559 570; x_wconf 89' lang='lat' dir='ltr'><strong>et</strong></span> <span class='ocrx_word' id='word_1_12' title='bbox 1600 513 1958 580; x_wconf 91' lang='lat' dir='ltr'><strong>nutrimenta,</strong></span> <span class='ocrx_word' id='word_1_13' title='bbox 1992 520 2128 565; x_wconf 90' lang='lat' dir='ltr'><strong>tem-</strong></span> 
     </span>
    </p>
   </div>
   <div class='ocr_carea' id='block_1_4' title="bbox 547 603 2126 680">
    <p class='ocr_par' dir='ltr' id='par_1_4' title="bbox 547 603 2126 680">
     <span class='ocr_line' id='line_1_4' title="bbox 547 603 2126 680; baseline -0.004 -16"><span class='ocrx_word' id='word_1_14' title='bbox 547 618 914 679; x_wconf 88' lang='lat' dir='ltr'><strong>peramentum</strong></span> <span class='ocrx_word' id='word_1_15' title='bbox 944 608 1162 675; x_wconf 88' lang='lat' dir='ltr'><strong>salutis,</strong></span> <span class='ocrx_word' id='word_1_16' title='bbox 1189 609 1425 680; x_wconf 89' lang='lat' dir='ltr'><strong>regimen</strong></span> <span class='ocrx_word' id='word_1_17' title='bbox 1454 616 1510 662; x_wconf 91' lang='lat' dir='ltr'><strong>et</strong></span> <span class='ocrx_word' id='word_1_18' title='bbox 1536 606 1878 663; x_wconf 87' lang='lat' dir='ltr'><strong>moderamen</strong></span> <span class='ocrx_word' id='word_1_19' title='bbox 1912 603 2126 670; x_wconf 83' lang='lat' dir='ltr'><strong>animae,</strong></span> 
     </span>
    </p>
   </div>
   <div class='ocr_carea' id='block_1_5' title="bbox 541 694 2128 771">
    <p class='ocr_par' dir='ltr' id='par_1_5' title="bbox 541 694 2128 771">
     <span class='ocr_line' id='line_1_5' title="bbox 541 694 2128 771; baseline -0.004 -18"><span class='ocrx_word' id='word_1_20' title='bbox 541 700 936 771; x_wconf 85' lang='lat' dir='ltr'><strong>famulatusque</strong></span> <span class='ocrx_word' id='word_1_21' title='bbox 961 714 1246 770; x_wconf 84' lang='lat' dir='ltr'><strong>corporum</strong></span> <span class='ocrx_word' id='word_1_22' title='bbox 1269 740 1285 767; x_wconf 91' lang='lat'><strong>,</strong></span> <span class='ocrx_word' id='word_1_23' title='bbox 1323 697 1722 754; x_wconf 78' lang='lat' dir='ltr'><strong>similitudinem</strong></span> <span class='ocrx_word' id='word_1_24' title='bbox 1758 694 2128 752; x_wconf 90' lang='lat' dir='ltr'><strong>concordiam-</strong></span> 
     </span>
    </p>
   </div>
   <div class='ocr_carea' id='block_1_6' title="bbox 540 786 2125 862">
    <p class='ocr_par' dir='ltr' id='par_1_6' title="bbox 540 786 2125 862">
     <span class='ocr_line' id='line_1_6' title="bbox 540 786 2125 862; baseline -0.006 -15"><span class='ocrx_word' id='word_1_25' title='bbox 540 807 645 861; x_wconf 91' lang='lat' dir='ltr'><strong>que</strong></span> <span class='ocrx_word' id='word_1_26' title='bbox 679 792 904 861; x_wconf 83' lang='lat' dir='ltr'><strong>partium</strong></span> <span class='ocrx_word' id='word_1_27' title='bbox 936 792 991 847; x_wconf 93' lang='lat' dir='ltr'><strong>in</strong></span> <span class='ocrx_word' id='word_1_28' title='bbox 1018 791 1239 862; x_wconf 76' lang='lat' dir='ltr'><strong>singulis</strong></span> <span class='ocrx_word' id='word_1_29' title='bbox 1274 791 1480 846; x_wconf 87' lang='lat' dir='ltr'><strong>naturis</strong></span> <span class='ocrx_word' id='word_1_30' title='bbox 1516 790 1597 844; x_wconf 87' lang='lat' dir='ltr'><strong>vel</strong></span> <span class='ocrx_word' id='word_1_31' title='bbox 1634 804 1753 859; x_wconf 71' lang='lat' dir='ltr'><strong>qua:</strong></span> <span class='ocrx_word' id='word_1_32' title='bbox 1794 786 2125 853; x_wconf 90' lang='lat' dir='ltr'><strong>habitabant,</strong></span> 
     </span>
    </p>
   </div>
   <div class='ocr_carea' id='block_1_7' title="bbox 538 877 2126 954">
    <p class='ocr_par' dir='ltr' id='par_1_7' title="bbox 538 877 2126 954">
     <span class='ocr_line' id='line_1_7' title="bbox 538 877 2126 954; baseline -0.003 -19"><span class='ocrx_word' id='word_1_33' title='bbox 538 884 623 937; x_wconf 84' lang='lat' dir='ltr'><strong>vel</strong></span> <span class='ocrx_word' id='word_1_34' title='bbox 650 900 767 954; x_wconf 87' lang='lat' dir='ltr'><strong>quae</strong></span> <span class='ocrx_word' id='word_1_35' title='bbox 795 884 1192 951; x_wconf 87' lang='lat' dir='ltr'><strong>habitabantur,</strong></span> <span class='ocrx_word' id='word_1_36' title='bbox 1219 893 1274 939; x_wconf 90' lang='lat' dir='ltr'><strong>et</strong></span> <span class='ocrx_word' id='word_1_37' title='bbox 1298 892 1491 938; x_wconf 76' lang='lat' dir='ltr'><strong>czetera</strong></span> <span class='ocrx_word' id='word_1_38' title='bbox 1520 880 1841 952; x_wconf 89' lang='lat' dir='ltr'><strong>hujusmodi.</strong></span> <span class='ocrx_word' id='word_1_39' title='bbox 1870 879 1959 935; x_wconf 89' lang='lat' dir='ltr'><strong>Sic</strong></span> <span class='ocrx_word' id='word_1_40' title='bbox 1982 877 2126 933; x_wconf 89' lang='lat' dir='ltr'><strong>enim</strong></span> 
     </span>
    </p>
   </div>
   <div class='ocr_carea' id='block_1_8' title="bbox 540 969 2120 1046">
    <p class='ocr_par' dir='ltr' id='par_1_8' title="bbox 540 969 2120 1046">
     <span class='ocr_line' id='line_1_8' title="bbox 540 969 2120 1046; baseline -0.004 -18"><span class='ocrx_word' id='word_1_41' title='bbox 540 974 863 1046; x_wconf 85' lang='lat' dir='ltr'><strong>intelligunt,</strong></span> <span class='ocrx_word' id='word_1_42' title='bbox 896 975 941 1030; x_wconf 90' lang='lat' dir='ltr'><strong>si</strong></span> <span class='ocrx_word' id='word_1_43' title='bbox 970 984 1149 1029; x_wconf 91' lang='lat' dir='ltr'><strong>tamen</strong></span> <span class='ocrx_word' id='word_1_44' title='bbox 1176 974 1292 1030; x_wconf 91' lang='lat' dir='ltr'><strong>sine</strong></span> <span class='ocrx_word' id='word_1_45' title='bbox 1323 972 1614 1044; x_wconf 86' lang='lat' dir='ltr'><strong>pertinacia</strong></span> <span class='ocrx_word' id='word_1_46' title='bbox 1640 972 1804 1027; x_wconf 83' lang='lat' dir='ltr'><strong>velint</strong></span> <span class='ocrx_word' id='word_1_47' title='bbox 1828 969 2120 1036; x_wconf 90' lang='lat' dir='ltr'><strong>attendere,</strong></span> 
     </span>
    </p>
   </div>
   <div class='ocr_carea' id='block_1_9' title="bbox 535 1062 2126 1137">
    <p class='ocr_par' dir='ltr' id='par_1_9' title="bbox 535 1062 2126 1137">
     <span class='ocr_line' id='line_1_9' title="bbox 535 1062 2126 1137; baseline -0.002 -16"><span class='ocrx_word' id='word_1_48' title='bbox 535 1067 647 1137; x_wconf 86' lang='lat' dir='ltr'><strong>jam</strong></span> <span class='ocrx_word' id='word_1_49' title='bbox 678 1076 733 1123; x_wconf 91' lang='lat' dir='ltr'><strong>et</strong></span> <span class='ocrx_word' id='word_1_50' title='bbox 760 1068 896 1123; x_wconf 93' lang='lat' dir='ltr'><strong>bona</strong></span> <span class='ocrx_word' id='word_1_51' title='bbox 928 1076 982 1123; x_wconf 90' lang='lat' dir='ltr'><strong>et</strong></span> <span class='ocrx_word' id='word_1_52' title='bbox 1007 1068 1144 1123; x_wconf 88' lang='lat' dir='ltr'><strong>mala</strong></span> <span class='ocrx_word' id='word_1_53' title='bbox 1183 1083 1242 1122; x_wconf 92' lang='lat' dir='ltr'><strong>se</strong></span> <span class='ocrx_word' id='word_1_54' title='bbox 1278 1068 1535 1133; x_wconf 89' lang='lat' dir='ltr'><strong>miscere,</strong></span> <span class='ocrx_word' id='word_1_55' title='bbox 1583 1081 1702 1121; x_wconf 91' lang='lat' dir='ltr'><strong>cum</strong></span> <span class='ocrx_word' id='word_1_56' title='bbox 1742 1065 2030 1136; x_wconf 90' lang='lat' dir='ltr'><strong>loquuntur</strong></span> <span class='ocrx_word' id='word_1_57' title='bbox 2057 1062 2126 1119; x_wconf 90' lang='lat' dir='ltr'><strong>de</strong></span> 
     </span>
    </p>
   </div>
   <div class='ocr_carea' id='block_1_10' title="bbox 537 1158 2126 1227">
    <p class='ocr_par' dir='ltr' id='par_1_10' title="bbox 537 1158 2126 1227">
     <span class='ocr_line' id='line_1_10' title="bbox 537 1158 2126 1227; baseline -0.001 -14"><span class='ocrx_word' id='word_1_58' title='bbox 537 1158 630 1217; x_wconf 90' lang='lat' dir='ltr'><strong>illa</strong></span> <span class='ocrx_word' id='word_1_59' title='bbox 662 1170 822 1227; x_wconf 89' lang='lat' dir='ltr'><strong>terra,</strong></span> <span class='ocrx_word' id='word_1_60' title='bbox 854 1162 945 1217; x_wconf 87' lang='lat' dir='ltr'><strong>ubi</strong></span> <span class='ocrx_word' id='word_1_61' title='bbox 974 1162 1146 1217; x_wconf 88' lang='lat' dir='ltr'><strong>solum</strong></span> <span class='ocrx_word' id='word_1_62' title='bbox 1177 1170 1230 1216; x_wconf 92' lang='lat' dir='ltr'><strong>et</strong></span> <span class='ocrx_word' id='word_1_63' title='bbox 1253 1177 1519 1217; x_wconf 88' lang='lat' dir='ltr'><strong>summum</strong></span> <span class='ocrx_word' id='word_1_64' title='bbox 1544 1161 1743 1215; x_wconf 89' lang='lat' dir='ltr'><strong>malum</strong></span> <span class='ocrx_word' id='word_1_65' title='bbox 1769 1159 1929 1215; x_wconf 88' lang='lat' dir='ltr'><strong>fuisse</strong></span> <span class='ocrx_word' id='word_1_66' title='bbox 1954 1159 2126 1215; x_wconf 78' lang='lat' dir='ltr'><strong>credi-</strong></span> 
     </span>
    </p>
   </div>
   <div class='ocr_carea' id='block_1_11' title="bbox 538 1254 2123 1328">
    <p class='ocr_par' dir='ltr' id='par_1_11' title="bbox 538 1254 2123 1328">
     <span class='ocr_line' id='line_1_11' title="bbox 538 1254 2123 1328; baseline -0.004 -16"><span class='ocrx_word' id='word_1_67' title='bbox 538 1257 733 1312; x_wconf 86' lang='lat' dir='ltr'><strong>derunt</strong></span> <span class='ocrx_word' id='word_1_68' title='bbox 759 1274 772 1310; x_wconf 88' lang='lat'><strong>:</strong></span> <span class='ocrx_word' id='word_1_69' title='bbox 803 1256 981 1328; x_wconf 80' lang='lat' dir='ltr'><strong>itaque</strong></span> <span class='ocrx_word' id='word_1_70' title='bbox 1005 1257 1049 1312; x_wconf 88' lang='lat' dir='ltr'><strong>si</strong></span> <span class='ocrx_word' id='word_1_71' title='bbox 1082 1256 1335 1312; x_wconf 90' lang='lat' dir='ltr'><strong>tollantur</strong></span> <span class='ocrx_word' id='word_1_72' title='bbox 1367 1255 1455 1311; x_wconf 89' lang='lat' dir='ltr'><strong>illa</strong></span> <span class='ocrx_word' id='word_1_73' title='bbox 1486 1271 1605 1325; x_wconf 69' lang='lat' dir='ltr'><strong>qua:</strong></span> <span class='ocrx_word' id='word_1_74' title='bbox 1633 1254 1773 1309; x_wconf 89' lang='lat' dir='ltr'><strong>mala</strong></span> <span class='ocrx_word' id='word_1_75' title='bbox 1813 1260 2123 1310; x_wconf 85' lang='lat' dir='ltr'><strong>enumerata</strong></span> 
     </span>
    </p>
   </div>
   <div class='ocr_carea' id='block_1_12' title="bbox 536 1347 2122 1420">
    <p class='ocr_par' dir='ltr' id='par_1_12' title="bbox 536 1347 2122 1420">
     <span class='ocr_line' id='line_1_12' title="bbox 536 1347 2122 1420; baseline -0.004 -15"><span class='ocrx_word' id='word_1_76' title='bbox 536 1359 688 1415; x_wconf 86' lang='lat' dir='ltr'><strong>sunt,</strong></span> <span class='ocrx_word' id='word_1_77' title='bbox 720 1350 855 1405; x_wconf 89' lang='lat' dir='ltr'><strong>bona</strong></span> <span class='ocrx_word' id='word_1_78' title='bbox 895 1349 984 1403; x_wconf 91' lang='lat' dir='ltr'><strong>illa</strong></span> <span class='ocrx_word' id='word_1_79' title='bbox 1012 1363 1132 1420; x_wconf 86' lang='lat' dir='ltr'><strong>quae</strong></span> <span class='ocrx_word' id='word_1_80' title='bbox 1159 1348 1369 1403; x_wconf 87' lang='lat' dir='ltr'><strong>laudata</strong></span> <span class='ocrx_word' id='word_1_81' title='bbox 1398 1356 1525 1402; x_wconf 90' lang='lat' dir='ltr'><strong>sunt</strong></span> <span class='ocrx_word' id='word_1_82' title='bbox 1552 1348 1668 1402; x_wconf 88' lang='lat' dir='ltr'><strong>sine</strong></span> <span class='ocrx_word' id='word_1_83' title='bbox 1706 1347 1813 1401; x_wconf 90' lang='lat' dir='ltr'><strong>ulla</strong></span> <span class='ocrx_word' id='word_1_84' title='bbox 1851 1348 2122 1417; x_wconf 83' lang='lat' dir='ltr'><strong>vitupera-</strong></span> 
     </span>
    </p>
   </div>
   <div class='ocr_carea' id='block_1_13' title="bbox 537 1438 2122 1509">
    <p class='ocr_par' dir='ltr' id='par_1_13' title="bbox 537 1438 2122 1509">
     <span class='ocr_line' id='line_1_13' title="bbox 537 1438 2122 1509; baseline -0.004 -11"><span class='ocrx_word' id='word_1_85' title='bbox 537 1445 679 1499; x_wconf 84' lang='lat' dir='ltr'><strong>tione</strong></span> <span class='ocrx_word' id='word_1_86' title='bbox 704 1457 1014 1507; x_wconf 87' lang='lat' dir='ltr'><strong>remanere;</strong></span> <span class='ocrx_word' id='word_1_87' title='bbox 1046 1442 1089 1496; x_wconf 89' lang='lat' dir='ltr'><strong>si</strong></span> <span class='ocrx_word' id='word_1_88' title='bbox 1115 1449 1291 1496; x_wconf 90' lang='lat' dir='ltr'><strong>autem</strong></span> <span class='ocrx_word' id='word_1_89' title='bbox 1316 1440 1451 1494; x_wconf 91' lang='lat' dir='ltr'><strong>bona</strong></span> <span class='ocrx_word' id='word_1_90' title='bbox 1479 1440 1592 1509; x_wconf 89' lang='lat' dir='ltr'><strong>ipsa</strong></span> <span class='ocrx_word' id='word_1_91' title='bbox 1621 1439 1894 1506; x_wconf 91' lang='lat' dir='ltr'><strong>tollantur,</strong></span> <span class='ocrx_word' id='word_1_92' title='bbox 1925 1438 2122 1493; x_wconf 88' lang='lat' dir='ltr'><strong>nullam</strong></span> 
     </span>
    </p>
   </div>
   <div class='ocr_carea' id='block_1_14' title="bbox 534 1530 2122 1602">
    <p class='ocr_par' dir='ltr' id='par_1_14' title="bbox 534 1530 2122 1602">
     <span class='ocr_line' id='line_1_14' title="bbox 534 1530 2122 1602; baseline -0.004 -11"><span class='ocrx_word' id='word_1_93' title='bbox 534 1550 816 1591; x_wconf 86' lang='lat' dir='ltr'><strong>remanere</strong></span> <span class='ocrx_word' id='word_1_94' title='bbox 852 1542 1117 1588; x_wconf 87' lang='lat' dir='ltr'><strong>naturam.</strong></span> <span class='ocrx_word' id='word_1_95' title='bbox 1148 1533 1225 1587; x_wconf 87' lang='lat' dir='ltr'><strong>Ex</strong></span> <span class='ocrx_word' id='word_1_96' title='bbox 1250 1547 1357 1602; x_wconf 91' lang='lat' dir='ltr'><strong>quo</strong></span> <span class='ocrx_word' id='word_1_97' title='bbox 1382 1531 1491 1600; x_wconf 83' lang='lat' dir='ltr'><strong>jam</strong></span> <span class='ocrx_word' id='word_1_98' title='bbox 1520 1530 1667 1586; x_wconf 84' lang='lat' dir='ltr'><strong>videt</strong></span> <span class='ocrx_word' id='word_1_99' title='bbox 1701 1530 1793 1601; x_wconf 91' lang='lat' dir='ltr'><strong>qui</strong></span> <span class='ocrx_word' id='word_1_100' title='bbox 1834 1538 2013 1600; x_wconf 87' lang='lat' dir='ltr'><strong>potest</strong></span> <span class='ocrx_word' id='word_1_101' title='bbox 2040 1530 2122 1584; x_wconf 88' lang='lat' dir='ltr'><strong>vi-</strong></span> 
     </span>
    </p>
   </div>
   <div class='ocr_carea' id='block_1_15' title="bbox 537 1625 2120 1696">
    <p class='ocr_par' dir='ltr' id='par_1_15' title="bbox 537 1625 2120 1696">
     <span class='ocr_line' id='line_1_15' title="bbox 537 1625 2120 1696; baseline -0.003 -14"><span class='ocrx_word' id='word_1_102' title='bbox 537 1628 686 1693; x_wconf 90' lang='lat' dir='ltr'><strong>dere,</strong></span> <span class='ocrx_word' id='word_1_103' title='bbox 709 1642 921 1683; x_wconf 92' lang='lat' dir='ltr'><strong>omnem</strong></span> <span class='ocrx_word' id='word_1_104' title='bbox 944 1636 1211 1693; x_wconf 87' lang='lat' dir='ltr'><strong>naturam,</strong></span> <span class='ocrx_word' id='word_1_105' title='bbox 1235 1625 1288 1680; x_wconf 92' lang='lat' dir='ltr'><strong>in</strong></span> <span class='ocrx_word' id='word_1_106' title='bbox 1311 1634 1567 1696; x_wconf 91' lang='lat' dir='ltr'><strong>quantum</strong></span> <span class='ocrx_word' id='word_1_107' title='bbox 1590 1634 1777 1679; x_wconf 90' lang='lat' dir='ltr'><strong>natura</strong></span> <span class='ocrx_word' id='word_1_108' title='bbox 1797 1634 1899 1691; x_wconf 90' lang='lat' dir='ltr'><strong>est,</strong></span> <span class='ocrx_word' id='word_1_109' title='bbox 1922 1625 2120 1679; x_wconf 91' lang='lat' dir='ltr'><strong>bonum</strong></span> 
     </span>
    </p>
   </div>
   <div class='ocr_carea' id='block_1_16' title="bbox 534 1717 2122 1790">
    <p class='ocr_par' dir='ltr' id='par_1_16' title="bbox 534 1717 2122 1790">
     <span class='ocr_line' id='line_1_16' title="bbox 534 1717 2122 1790; baseline -0.001 -17"><span class='ocrx_word' id='word_1_110' title='bbox 534 1734 653 1774; x_wconf 90' lang='lat' dir='ltr'><strong>esse</strong></span> <span class='ocrx_word' id='word_1_111' title='bbox 679 1738 692 1774; x_wconf 91' lang='lat'><strong>:</strong></span> <span class='ocrx_word' id='word_1_112' title='bbox 717 1719 838 1790; x_wconf 89' lang='lat' dir='ltr'><strong>quia</strong></span> <span class='ocrx_word' id='word_1_113' title='bbox 865 1735 933 1775; x_wconf 87' lang='lat' dir='ltr'><strong>ex</strong></span> <span class='ocrx_word' id='word_1_114' title='bbox 956 1735 1061 1774; x_wconf 90' lang='lat' dir='ltr'><strong>una</strong></span> <span class='ocrx_word' id='word_1_115' title='bbox 1087 1718 1384 1789; x_wconf 90' lang='lat' dir='ltr'><strong>eademque</strong></span> <span class='ocrx_word' id='word_1_116' title='bbox 1407 1733 1465 1774; x_wconf 94' lang='lat' dir='ltr'><strong>re</strong></span> <span class='ocrx_word' id='word_1_117' title='bbox 1484 1760 1498 1784; x_wconf 93' lang='lat'><strong>,</strong></span> <span class='ocrx_word' id='word_1_118' title='bbox 1525 1718 1579 1772; x_wconf 91' lang='lat' dir='ltr'><strong>in</strong></span> <span class='ocrx_word' id='word_1_119' title='bbox 1607 1732 1710 1789; x_wconf 91' lang='lat' dir='ltr'><strong>qua</strong></span> <span class='ocrx_word' id='word_1_120' title='bbox 1752 1727 1806 1774; x_wconf 90' lang='lat' dir='ltr'><strong>et</strong></span> <span class='ocrx_word' id='word_1_121' title='bbox 1843 1732 1942 1789; x_wconf 92' lang='lat' dir='ltr'><strong>ego</strong></span> <span class='ocrx_word' id='word_1_122' title='bbox 1980 1717 2122 1788; x_wconf 90' lang='lat' dir='ltr'><strong>quod</strong></span> 
     </span>
    </p>
   </div>
   <div class='ocr_carea' id='block_1_17' title="bbox 531 1809 2122 1881">
    <p class='ocr_par' dir='ltr' id='par_1_17' title="bbox 531 1809 2122 1881">
     <span class='ocr_line' id='line_1_17' title="bbox 531 1809 2122 1881; baseline -0.003 -13"><span class='ocrx_word' id='word_1_123' title='bbox 531 1809 831 1876; x_wconf 87' lang='lat' dir='ltr'><strong>laudarem,</strong></span> <span class='ocrx_word' id='word_1_124' title='bbox 853 1819 908 1866; x_wconf 92' lang='lat' dir='ltr'><strong>et</strong></span> <span class='ocrx_word' id='word_1_125' title='bbox 926 1811 1016 1867; x_wconf 90' lang='lat' dir='ltr'><strong>ille</strong></span> <span class='ocrx_word' id='word_1_126' title='bbox 1039 1810 1183 1881; x_wconf 89' lang='lat' dir='ltr'><strong>quod</strong></span> <span class='ocrx_word' id='word_1_127' title='bbox 1203 1810 1530 1881; x_wconf 90' lang='lat' dir='ltr'><strong>vituperaret</strong></span> <span class='ocrx_word' id='word_1_128' title='bbox 1554 1809 1774 1877; x_wconf 85' lang='lat' dir='ltr'><strong>invenit,</strong></span> <span class='ocrx_word' id='word_1_129' title='bbox 1799 1810 1844 1863; x_wconf 90' lang='lat' dir='ltr'><strong>si</strong></span> <span class='ocrx_word' id='word_1_130' title='bbox 1868 1810 2122 1864; x_wconf 91' lang='lat' dir='ltr'><strong>tollantur</strong></span> 
     </span>
    </p>
   </div>
   <div class='ocr_carea' id='block_1_18' title="bbox 534 1903 2123 1974">
    <p class='ocr_par' dir='ltr' id='par_1_18' title="bbox 534 1903 2123 1974">
     <span class='ocr_line' id='line_1_18' title="bbox 534 1903 2123 1974; baseline 0 -17"><span class='ocrx_word' id='word_1_131' title='bbox 534 1918 598 1958; x_wconf 91' lang='lat' dir='ltr'><strong>ea</strong></span> <span class='ocrx_word' id='word_1_132' title='bbox 624 1920 743 1974; x_wconf 73' lang='lat' dir='ltr'><strong>quae</strong></span> <span class='ocrx_word' id='word_1_133' title='bbox 767 1904 904 1960; x_wconf 92' lang='lat' dir='ltr'><strong>bona</strong></span> <span class='ocrx_word' id='word_1_134' title='bbox 926 1914 1071 1969; x_wconf 88' lang='lat' dir='ltr'><strong>sunt,</strong></span> <span class='ocrx_word' id='word_1_135' title='bbox 1102 1913 1290 1960; x_wconf 89' lang='lat' dir='ltr'><strong>natura</strong></span> <span class='ocrx_word' id='word_1_136' title='bbox 1318 1904 1461 1959; x_wconf 90' lang='lat' dir='ltr'><strong>nulla</strong></span> <span class='ocrx_word' id='word_1_137' title='bbox 1482 1904 1619 1969; x_wconf 88' lang='lat' dir='ltr'><strong>erit;</strong></span> <span class='ocrx_word' id='word_1_138' title='bbox 1653 1905 1698 1959; x_wconf 90' lang='lat' dir='ltr'><strong>si</strong></span> <span class='ocrx_word' id='word_1_139' title='bbox 1722 1912 1898 1959; x_wconf 90' lang='lat' dir='ltr'><strong>autem</strong></span> <span class='ocrx_word' id='word_1_140' title='bbox 1932 1903 2123 1959; x_wconf 86' lang='lat' dir='ltr'><strong>tollan-</strong></span> 
     </span>
    </p>
   </div>
   <div class='ocr_carea' id='block_1_19' title="bbox 533 1995 2117 2067">
    <p class='ocr_par' dir='ltr' id='par_1_19' title="bbox 533 1995 2117 2067">
     <span class='ocr_line' id='line_1_19' title="bbox 533 1995 2117 2067; baseline 0 -18"><span class='ocrx_word' id='word_1_141' title='bbox 533 2002 622 2050; x_wconf 91' lang='lat' dir='ltr'><strong>tur</strong></span> <span class='ocrx_word' id='word_1_142' title='bbox 651 2011 713 2051; x_wconf 87' lang='lat' dir='ltr'><strong>ea</strong></span> <span class='ocrx_word' id='word_1_143' title='bbox 741 2012 860 2067; x_wconf 86' lang='lat' dir='ltr'><strong>quae</strong></span> <span class='ocrx_word' id='word_1_144' title='bbox 901 1996 1213 2066; x_wconf 87' lang='lat' dir='ltr'><strong>displicent,</strong></span> <span class='ocrx_word' id='word_1_145' title='bbox 1242 1997 1548 2067; x_wconf 90' lang='lat' dir='ltr'><strong>incorrupta</strong></span> <span class='ocrx_word' id='word_1_146' title='bbox 1584 2004 1771 2050; x_wconf 89' lang='lat' dir='ltr'><strong>natura</strong></span> <span class='ocrx_word' id='word_1_147' title='bbox 1800 1995 2117 2050; x_wconf 86' lang='lat' dir='ltr'><strong>remanebit.</strong></span> 
     </span>
    </p>
   </div>
   <div class='ocr_carea' id='block_1_20' title="bbox 532 2086 2119 2159">
    <p class='ocr_par' dir='ltr' id='par_1_20' title="bbox 532 2086 2119 2159">
     <span class='ocr_line' id='line_1_20' title="bbox 532 2086 2119 2159; baseline -0.002 -16"><span class='ocrx_word' id='word_1_148' title='bbox 532 2086 689 2143; x_wconf 89' lang='lat' dir='ltr'><strong>Tolle</strong></span> <span class='ocrx_word' id='word_1_149' title='bbox 711 2088 780 2143; x_wconf 89' lang='lat' dir='ltr'><strong>de</strong></span> <span class='ocrx_word' id='word_1_150' title='bbox 806 2088 958 2159; x_wconf 88' lang='lat' dir='ltr'><strong>aquis</strong></span> <span class='ocrx_word' id='word_1_151' title='bbox 984 2097 1043 2143; x_wconf 89' lang='lat' dir='ltr'><strong>ut</strong></span> <span class='ocrx_word' id='word_1_152' title='bbox 1069 2103 1173 2143; x_wconf 93' lang='lat' dir='ltr'><strong>non</strong></span> <span class='ocrx_word' id='word_1_153' title='bbox 1202 2088 1310 2142; x_wconf 92' lang='lat' dir='ltr'><strong>sint</strong></span> <span class='ocrx_word' id='word_1_154' title='bbox 1332 2102 1567 2144; x_wconf 63' lang='lat' dir='ltr'><strong>caenosa:</strong></span> <span class='ocrx_word' id='word_1_155' title='bbox 1590 2096 1645 2143; x_wconf 93' lang='lat' dir='ltr'><strong>et</strong></span> <span class='ocrx_word' id='word_1_156' title='bbox 1670 2086 1912 2154; x_wconf 72' lang='lat' dir='ltr'><strong>turbidae,</strong></span> <span class='ocrx_word' id='word_1_157' title='bbox 1943 2101 2119 2141; x_wconf 88' lang='lat' dir='ltr'><strong>rema-</strong></span> 
     </span>
    </p>
   </div>
   <div class='ocr_carea' id='block_1_21' title="bbox 530 2179 2121 2250">
    <p class='ocr_par' dir='ltr' id='par_1_21' title="bbox 530 2179 2121 2250">
     <span class='ocr_line' id='line_1_21' title="bbox 530 2179 2121 2250; baseline -0.001 -16"><span class='ocrx_word' id='word_1_158' title='bbox 530 2188 663 2234; x_wconf 90' lang='lat' dir='ltr'><strong>nent</strong></span> <span class='ocrx_word' id='word_1_159' title='bbox 687 2194 837 2249; x_wconf 71' lang='lat' dir='ltr'><strong>aqute</strong></span> <span class='ocrx_word' id='word_1_160' title='bbox 865 2195 1012 2249; x_wconf 69' lang='lat' dir='ltr'><strong>purae</strong></span> <span class='ocrx_word' id='word_1_161' title='bbox 1034 2189 1192 2250; x_wconf 90' lang='lat' dir='ltr'><strong>atque</strong></span> <span class='ocrx_word' id='word_1_162' title='bbox 1222 2180 1519 2249; x_wconf 63' lang='lat' dir='ltr'><strong>tranquillae</strong></span> <span class='ocrx_word' id='word_1_163' title='bbox 1543 2196 1556 2231; x_wconf 90' lang='lat'><strong>:</strong></span> <span class='ocrx_word' id='word_1_164' title='bbox 1589 2179 1712 2234; x_wconf 91' lang='lat' dir='ltr'><strong>tolle</strong></span> <span class='ocrx_word' id='word_1_165' title='bbox 1735 2179 1803 2234; x_wconf 86' lang='lat' dir='ltr'><strong>de</strong></span> <span class='ocrx_word' id='word_1_166' title='bbox 1826 2179 1979 2249; x_wconf 87' lang='lat' dir='ltr'><strong>aquis</strong></span> <span class='ocrx_word' id='word_1_167' title='bbox 2000 2195 2121 2249; x_wconf 90' lang='lat' dir='ltr'><strong>par-</strong></span> 
     </span>
    </p>
   </div>
   <div class='ocr_carea' id='block_1_22' title="bbox 529 2269 2119 2341">
    <p class='ocr_par' dir='ltr' id='par_1_22' title="bbox 529 2269 2119 2341">
     <span class='ocr_line' id='line_1_22' title="bbox 529 2269 2119 2341; baseline 0.001 -16"><span class='ocrx_word' id='word_1_168' title='bbox 529 2271 664 2326; x_wconf 89' lang='lat' dir='ltr'><strong>tium</strong></span> <span class='ocrx_word' id='word_1_169' title='bbox 708 2271 1085 2337; x_wconf 86' lang='lat' dir='ltr'><strong>concordiam,</strong></span> <span class='ocrx_word' id='word_1_170' title='bbox 1126 2285 1231 2327; x_wconf 89' lang='lat' dir='ltr'><strong>non</strong></span> <span class='ocrx_word' id='word_1_171' title='bbox 1274 2278 1433 2326; x_wconf 91' lang='lat' dir='ltr'><strong>erunt</strong></span> <span class='ocrx_word' id='word_1_172' title='bbox 1471 2285 1644 2341; x_wconf 68' lang='lat' dir='ltr'><strong>aqum.</strong></span> <span class='ocrx_word' id='word_1_173' title='bbox 1684 2269 1740 2325; x_wconf 88' lang='lat' dir='ltr'><strong>Si</strong></span> <span class='ocrx_word' id='word_1_174' title='bbox 1780 2272 1949 2341; x_wconf 66' lang='lat' dir='ltr'><strong>ergo‘</strong></span> <span class='ocrx_word' id='word_1_175' title='bbox 1979 2271 2119 2326; x_wconf 90' lang='lat' dir='ltr'><strong>malo</strong></span> 
     </span>
    </p>
   </div>
   <div class='ocr_carea' id='block_1_23' title="bbox 529 2362 2121 2433">
    <p class='ocr_par' dir='ltr' id='par_1_23' title="bbox 529 2362 2121 2433">
     <span class='ocr_line' id='line_1_23' title="bbox 529 2362 2121 2433; baseline -0.001 -15"><span class='ocrx_word' id='word_1_176' title='bbox 529 2362 624 2418; x_wconf 91' lang='lat' dir='ltr'><strong>illo</strong></span> <span class='ocrx_word' id='word_1_177' title='bbox 653 2363 902 2433; x_wconf 90' lang='lat' dir='ltr'><strong>adempto</strong></span> <span class='ocrx_word' id='word_1_178' title='bbox 926 2372 1106 2419; x_wconf 90' lang='lat' dir='ltr'><strong>manet</strong></span> <span class='ocrx_word' id='word_1_179' title='bbox 1132 2372 1321 2418; x_wconf 91' lang='lat' dir='ltr'><strong>natura</strong></span> <span class='ocrx_word' id='word_1_180' title='bbox 1347 2363 1636 2433; x_wconf 83' lang='lat' dir='ltr'><strong>purgatior,</strong></span> <span class='ocrx_word' id='word_1_181' title='bbox 1668 2362 1808 2418; x_wconf 94' lang='lat' dir='ltr'><strong>bono</strong></span> <span class='ocrx_word' id='word_1_182' title='bbox 1828 2373 2005 2418; x_wconf 90' lang='lat' dir='ltr'><strong>autem</strong></span> <span class='ocrx_word' id='word_1_183' title='bbox 2026 2363 2121 2417; x_wconf 87' lang='lat' dir='ltr'><strong>de-</strong></span> 
     </span>
    </p>
   </div>
   <div class='ocr_carea' id='block_1_24' title="bbox 528 2455 2116 2513">
    <p class='ocr_par' dir='ltr' id='par_1_24' title="bbox 528 2455 2116 2513">
     <span class='ocr_line' id='line_1_24' title="bbox 528 2455 2116 2513; baseline -0.003 0"><span class='ocrx_word' id='word_1_184' title='bbox 528 2466 699 2513; x_wconf 88' lang='lat' dir='ltr'><strong>tracto</strong></span> <span class='ocrx_word' id='word_1_185' title='bbox 724 2472 835 2512; x_wconf 92' lang='lat' dir='ltr'><strong>non</strong></span> <span class='ocrx_word' id='word_1_186' title='bbox 861 2466 1040 2512; x_wconf 88' lang='lat' dir='ltr'><strong>manet</strong></span> <span class='ocrx_word' id='word_1_187' title='bbox 1070 2458 1179 2512; x_wconf 88' lang='lat' dir='ltr'><strong>ulla</strong></span> <span class='ocrx_word' id='word_1_188' title='bbox 1207 2466 1395 2512; x_wconf 89' lang='lat' dir='ltr'><strong>natura</strong></span> <span class='ocrx_word' id='word_1_189' title='bbox 1429 2474 1442 2511; x_wconf 90' lang='lat'>:</span> <span class='ocrx_word' id='word_1_190' title='bbox 1481 2455 1584 2511; x_wconf 90' lang='lat' dir='ltr'><strong>hoc</strong></span> <span class='ocrx_word' id='word_1_191' title='bbox 1614 2456 1684 2511; x_wconf 89' lang='lat' dir='ltr'><strong>ibi</strong></span> <span class='ocrx_word' id='word_1_192' title='bbox 1722 2456 1844 2511; x_wconf 89' lang='lat' dir='ltr'><strong>facit</strong></span> <span class='ocrx_word' id='word_1_193' title='bbox 1872 2465 2116 2511; x_wconf 88' lang='lat' dir='ltr'><strong>naturam</strong></span> 
     </span>
    </p>
   </div>
   <div class='ocr_carea' id='block_1_25' title="bbox 529 2549 2112 2620">
    <p class='ocr_par' dir='ltr' id='par_1_25' title="bbox 529 2549 2112 2620">
     <span class='ocr_line' id='line_1_25' title="bbox 529 2549 2112 2620; baseline 0 -17"><span class='ocrx_word' id='word_1_194' title='bbox 529 2549 672 2620; x_wconf 91' lang='lat' dir='ltr'><strong>quod</strong></span> <span class='ocrx_word' id='word_1_195' title='bbox 700 2549 895 2605; x_wconf 91' lang='lat' dir='ltr'><strong>bonum</strong></span> <span class='ocrx_word' id='word_1_196' title='bbox 927 2550 1117 2615; x_wconf 86' lang='lat' dir='ltr'><strong>habet;</strong></span> <span class='ocrx_word' id='word_1_197' title='bbox 1149 2549 1292 2619; x_wconf 88' lang='lat' dir='ltr'><strong>quod</strong></span> <span class='ocrx_word' id='word_1_198' title='bbox 1315 2557 1493 2604; x_wconf 90' lang='lat' dir='ltr'><strong>autem</strong></span> <span class='ocrx_word' id='word_1_199' title='bbox 1522 2549 1750 2615; x_wconf 88' lang='lat' dir='ltr'><strong>malum,</strong></span> <span class='ocrx_word' id='word_1_200' title='bbox 1776 2563 1881 2604; x_wconf 91' lang='lat' dir='ltr'><strong>non</strong></span> <span class='ocrx_word' id='word_1_201' title='bbox 1906 2560 2112 2616; x_wconf 89' lang='lat' dir='ltr'><strong>natura,</strong></span> 
     </span>
    </p>
   </div>
   <div class='ocr_carea' id='block_1_26' title="bbox 526 2642 2117 2701">
    <p class='ocr_par' dir='ltr' id='par_1_26' title="bbox 526 2642 2117 2701">
     <span class='ocr_line' id='line_1_26' title="bbox 526 2642 2117 2701; baseline 0.001 -2"><span class='ocrx_word' id='word_1_202' title='bbox 526 2642 625 2699; x_wconf 85' lang='lat' dir='ltr'><strong>sed</strong></span> <span class='ocrx_word' id='word_1_203' title='bbox 648 2653 835 2699; x_wconf 89' lang='lat' dir='ltr'><strong>contra</strong></span> <span class='ocrx_word' id='word_1_204' title='bbox 874 2654 1119 2700; x_wconf 90' lang='lat' dir='ltr'><strong>naturam</strong></span> <span class='ocrx_word' id='word_1_205' title='bbox 1150 2655 1251 2701; x_wconf 91' lang='lat' dir='ltr'><strong>est.</strong></span> <span class='ocrx_word' id='word_1_206' title='bbox 1286 2645 1438 2700; x_wconf 89' lang='lat' dir='ltr'><strong>Tolle</strong></span> <span class='ocrx_word' id='word_1_207' title='bbox 1462 2645 1529 2700; x_wconf 91' lang='lat' dir='ltr'><strong>de</strong></span> <span class='ocrx_word' id='word_1_208' title='bbox 1557 2644 1731 2700; x_wconf 88' lang='lat' dir='ltr'><strong>ventis</strong></span> <span class='ocrx_word' id='word_1_209' title='bbox 1757 2644 2033 2699; x_wconf 88' lang='lat' dir='ltr'><strong>horrorem</strong></span> <span class='ocrx_word' id='word_1_210' title='bbox 2062 2652 2117 2700; x_wconf 90' lang='lat' dir='ltr'><strong>et</strong></span> 
     </span>
    </p>
   </div>
   <div class='ocr_carea' id='block_1_27' title="bbox 526 2735 2117 2806">
    <p class='ocr_par' dir='ltr' id='par_1_27' title="bbox 526 2735 2117 2806">
     <span class='ocr_line' id='line_1_27' title="bbox 526 2735 2117 2806; baseline 0.001 -16"><span class='ocrx_word' id='word_1_211' title='bbox 526 2735 750 2791; x_wconf 89' lang='lat' dir='ltr'><strong>nimium</strong></span> <span class='ocrx_word' id='word_1_212' title='bbox 797 2736 1053 2805; x_wconf 89' lang='lat' dir='ltr'><strong>impetum</strong></span> <span class='ocrx_word' id='word_1_213' title='bbox 1100 2736 1190 2806; x_wconf 91' lang='lat' dir='ltr'><strong>qui</strong></span> <span class='ocrx_word' id='word_1_214' title='bbox 1236 2737 1328 2791; x_wconf 90' lang='lat' dir='ltr'><strong>tibi</strong></span> <span class='ocrx_word' id='word_1_215' title='bbox 1371 2735 1650 2806; x_wconf 89' lang='lat' dir='ltr'><strong>displicet,</strong></span> <span class='ocrx_word' id='word_1_216' title='bbox 1693 2744 1842 2805; x_wconf 88' lang='lat' dir='ltr'><strong>potes</strong></span> <span class='ocrx_word' id='word_1_217' title='bbox 1880 2737 2117 2806; x_wconf 86' lang='lat' dir='ltr'><strong>cogitare</strong></span> 
     </span>
    </p>
   </div>
   <div class='ocr_carea' id='block_1_28' title="bbox 525 2827 2114 2899">
    <p class='ocr_par' dir='ltr' id='par_1_28' title="bbox 525 2827 2114 2899">
     <span class='ocr_line' id='line_1_28' title="bbox 525 2827 2114 2899; baseline 0.004 -21"><span class='ocrx_word' id='word_1_218' title='bbox 525 2837 717 2881; x_wconf 90' lang='lat' dir='ltr'><strong>ventos</strong></span> <span class='ocrx_word' id='word_1_219' title='bbox 746 2827 896 2882; x_wconf 90' lang='lat' dir='ltr'><strong>lenes</strong></span> <span class='ocrx_word' id='word_1_220' title='bbox 924 2836 1083 2898; x_wconf 86' lang='lat' dir='ltr'><strong>atque</strong></span> <span class='ocrx_word' id='word_1_221' title='bbox 1123 2830 1471 2883; x_wconf 90' lang='lat' dir='ltr'><strong>moderatos:</strong></span> <span class='ocrx_word' id='word_1_222' title='bbox 1503 2827 1629 2882; x_wconf 92' lang='lat' dir='ltr'><strong>tolle</strong></span> <span class='ocrx_word' id='word_1_223' title='bbox 1670 2828 1738 2884; x_wconf 92' lang='lat' dir='ltr'><strong>de</strong></span> <span class='ocrx_word' id='word_1_224' title='bbox 1779 2829 1951 2882; x_wconf 89' lang='lat' dir='ltr'><strong>ventis</strong></span> <span class='ocrx_word' id='word_1_225' title='bbox 1992 2845 2114 2899; x_wconf 85' lang='lat' dir='ltr'><strong>par-</strong></span> 
     </span>
    </p>
   </div>
   <div class='ocr_carea' id='block_1_29' title="bbox 524 2919 2114 2991">
    <p class='ocr_par' dir='ltr' id='par_1_29' title="bbox 524 2919 2114 2991">
     <span class='ocr_line' id='line_1_29' title="bbox 524 2919 2114 2991; baseline 0.001 -18"><span class='ocrx_word' id='word_1_226' title='bbox 524 2919 662 2973; x_wconf 87' lang='lat' dir='ltr'><strong>tium</strong></span> <span class='ocrx_word' id='word_1_227' title='bbox 691 2919 1127 2989; x_wconf 90' lang='lat' dir='ltr'><strong>similitudinem,</strong></span> <span class='ocrx_word' id='word_1_228' title='bbox 1155 2937 1258 2991; x_wconf 89' lang='lat' dir='ltr'><strong>qua</strong></span> <span class='ocrx_word' id='word_1_229' title='bbox 1300 2937 1485 2976; x_wconf 80' lang='lat' dir='ltr'><strong>eorum</strong></span> <span class='ocrx_word' id='word_1_230' title='bbox 1523 2936 1719 2990; x_wconf 91' lang='lat' dir='ltr'><strong>corpus</strong></span> <span class='ocrx_word' id='word_1_231' title='bbox 1762 2922 1815 2975; x_wconf 93' lang='lat' dir='ltr'><strong>in</strong></span> <span class='ocrx_word' id='word_1_232' title='bbox 1859 2923 2114 2977; x_wconf 87' lang='lat' dir='ltr'><strong>unitatem</strong></span> 
     </span>
    </p>
   </div>
   <div class='ocr_carea' id='block_1_30' title="bbox 526 3013 2117 3087">
    <p class='ocr_par' dir='ltr' id='par_1_30' title="bbox 526 3013 2117 3087">
     <span class='ocr_line' id='line_1_30' title="bbox 526 3013 2117 3087; baseline 0.002 -21"><span class='ocrx_word' id='word_1_233' title='bbox 526 3013 869 3067; x_wconf 87' lang='lat' dir='ltr'><strong>continuatur</strong></span> <span class='ocrx_word' id='word_1_234' title='bbox 890 3023 943 3068; x_wconf 91' lang='lat' dir='ltr'><strong>et</strong></span> <span class='ocrx_word' id='word_1_235' title='bbox 968 3014 1068 3068; x_wconf 90' lang='lat' dir='ltr'><strong>sibi</strong></span> <span class='ocrx_word' id='word_1_236' title='bbox 1100 3023 1318 3087; x_wconf 88' lang='lat' dir='ltr'><strong>pacatur</strong></span> <span class='ocrx_word' id='word_1_237' title='bbox 1343 3025 1399 3068; x_wconf 92' lang='lat' dir='ltr'><strong>ut</strong></span> <span class='ocrx_word' id='word_1_238' title='bbox 1424 3028 1617 3083; x_wconf 92' lang='lat' dir='ltr'><strong>corpus</strong></span> <span class='ocrx_word' id='word_1_239' title='bbox 1636 3015 1723 3079; x_wconf 89' lang='lat' dir='ltr'><strong>sit,</strong></span> <span class='ocrx_word' id='word_1_240' title='bbox 1751 3014 1892 3068; x_wconf 91' lang='lat' dir='ltr'><strong>nulla</strong></span> <span class='ocrx_word' id='word_1_241' title='bbox 1916 3015 2117 3069; x_wconf 90' lang='lat' dir='ltr'><strong>suberit</strong></span> 
     </span>
    </p>
   </div>
   <div class='ocr_carea' id='block_1_31' title="bbox 522 3105 2110 3176">
    <p class='ocr_par' dir='ltr' id='par_1_31' title="bbox 522 3105 2110 3176">
     <span class='ocr_line' id='line_1_31' title="bbox 522 3105 2110 3176; baseline 0.001 -19"><span class='ocrx_word' id='word_1_242' title='bbox 522 3113 715 3158; x_wconf 89' lang='lat' dir='ltr'><strong>natura</strong></span> <span class='ocrx_word' id='word_1_243' title='bbox 744 3120 903 3173; x_wconf 91' lang='lat' dir='ltr'><strong>quam</strong></span> <span class='ocrx_word' id='word_1_244' title='bbox 939 3106 1162 3174; x_wconf 81' lang='lat' dir='ltr'><strong>cogites.</strong></span> <span class='ocrx_word' id='word_1_245' title='bbox 1196 3105 1436 3176; x_wconf 84' lang='lat' dir='ltr'><strong>Longum</strong></span> <span class='ocrx_word' id='word_1_246' title='bbox 1476 3114 1561 3160; x_wconf 89' lang='lat' dir='ltr'><strong>est</strong></span> <span class='ocrx_word' id='word_1_247' title='bbox 1596 3107 1843 3176; x_wconf 90' lang='lat' dir='ltr'><strong>persequi</strong></span> <span class='ocrx_word' id='word_1_248' title='bbox 1881 3108 2110 3161; x_wconf 59' lang='lat' dir='ltr'><strong>caetera:</strong></span> 
     </span>
    </p>
   </div>
   <div class='ocr_carea' id='block_1_32' title="bbox 523 3195 2114 3267">
    <p class='ocr_par' dir='ltr' id='par_1_32' title="bbox 523 3195 2114 3267">
     <span class='ocr_line' id='line_1_32' title="bbox 523 3195 2114 3267; baseline -0.001 -14"><span class='ocrx_word' id='word_1_249' title='bbox 523 3195 624 3253; x_wconf 87' lang='lat' dir='ltr'><strong>sed</strong></span> <span class='ocrx_word' id='word_1_250' title='bbox 654 3195 994 3251; x_wconf 89' lang='lat' dir='ltr'><strong>manifestum</strong></span> <span class='ocrx_word' id='word_1_251' title='bbox 1032 3206 1114 3251; x_wconf 89' lang='lat' dir='ltr'><strong>est</strong></span> <span class='ocrx_word' id='word_1_252' title='bbox 1144 3197 1221 3251; x_wconf 88' lang='lat' dir='ltr'><strong>eis</strong></span> <span class='ocrx_word' id='word_1_253' title='bbox 1256 3198 1345 3266; x_wconf 90' lang='lat' dir='ltr'><strong>qui</strong></span> <span class='ocrx_word' id='word_1_254' title='bbox 1383 3196 1533 3251; x_wconf 90' lang='lat' dir='ltr'><strong>nullo</strong></span> <span class='ocrx_word' id='word_1_255' title='bbox 1562 3197 1738 3251; x_wconf 91' lang='lat' dir='ltr'><strong>studio</strong></span> <span class='ocrx_word' id='word_1_256' title='bbox 1778 3198 1999 3267; x_wconf 85' lang='lat' dir='ltr'><strong>partium</strong></span> <span class='ocrx_word' id='word_1_257' title='bbox 2027 3198 2114 3266; x_wconf 88' lang='lat' dir='ltr'><strong>ju-</strong></span> 
     </span>
    </p>
   </div>
   <div class='ocr_carea' id='block_1_33' title="bbox 525 3286 2114 3361">
    <p class='ocr_par' dir='ltr' id='par_1_33' title="bbox 525 3286 2114 3361">
     <span class='ocr_line' id='line_1_33' title="bbox 525 3286 2114 3361; baseline 0.002 -18"><span class='ocrx_word' id='word_1_258' title='bbox 525 3286 725 3354; x_wconf 88' lang='lat' dir='ltr'><strong>dicant,</strong></span> <span class='ocrx_word' id='word_1_259' title='bbox 753 3304 873 3343; x_wconf 91' lang='lat' dir='ltr'><strong>cum</strong></span> <span class='ocrx_word' id='word_1_260' title='bbox 900 3290 1015 3344; x_wconf 83' lang='lat' dir='ltr'><strong>istae</strong></span> <span class='ocrx_word' id='word_1_261' title='bbox 1040 3300 1243 3345; x_wconf 61' lang='lat' dir='ltr'><strong>natura:</strong></span> <span class='ocrx_word' id='word_1_262' title='bbox 1268 3300 1776 3359; x_wconf 86' lang='lat' dir='ltr'><strong>commemorantur,</strong></span> <span class='ocrx_word' id='word_1_263' title='bbox 1800 3291 2011 3361; x_wconf 80' lang='lat' dir='ltr'><strong>adjungi</strong></span> <span class='ocrx_word' id='word_1_264' title='bbox 2037 3293 2114 3347; x_wconf 89' lang='lat' dir='ltr'><strong>eis</strong></span> 
     </span>
    </p>
   </div>
   <div class='ocr_carea' id='block_1_34' title="bbox 525 3380 2108 3455">
    <p class='ocr_par' dir='ltr' id='par_1_34' title="bbox 525 3380 2108 3455">
     <span class='ocr_line' id='line_1_34' title="bbox 525 3380 2108 3455; baseline 0.004 -20"><span class='ocrx_word' id='word_1_265' title='bbox 525 3380 769 3450; x_wconf 73' lang='lat' dir='ltr'><strong>qumdam</strong></span> <span class='ocrx_word' id='word_1_266' title='bbox 813 3382 1005 3453; x_wconf 91' lang='lat' dir='ltr'><strong>quibus</strong></span> <span class='ocrx_word' id='word_1_267' title='bbox 1050 3382 1401 3453; x_wconf 87' lang='lat' dir='ltr'><strong>displiceant;</strong></span> <span class='ocrx_word' id='word_1_268' title='bbox 1434 3401 1552 3455; x_wconf 64' lang='lat' dir='ltr'><strong>quae</strong></span> <span class='ocrx_word' id='word_1_269' title='bbox 1597 3400 1717 3440; x_wconf 90' lang='lat' dir='ltr'><strong>cum</strong></span> <span class='ocrx_word' id='word_1_270' title='bbox 1761 3384 2108 3453; x_wconf 88' lang='lat' dir='ltr'><strong>detrahimus,</strong></span> 
     </span>
    </p>
   </div>
   <div class='ocr_carea' id='block_1_35' title="bbox 526 3474 2112 3546">
    <p class='ocr_par' dir='ltr' id='par_1_35' title="bbox 526 3474 2112 3546">
     <span class='ocr_line' id='line_1_35' title="bbox 526 3474 2112 3546; baseline 0.005 -22"><span class='ocrx_word' id='word_1_271' title='bbox 526 3482 731 3527; x_wconf 66' lang='lat' dir='ltr'><strong>natura:</strong></span> <span class='ocrx_word' id='word_1_272' title='bbox 776 3474 1025 3529; x_wconf 89' lang='lat' dir='ltr'><strong>meliores</strong></span> <span class='ocrx_word' id='word_1_273' title='bbox 1066 3483 1305 3529; x_wconf 89' lang='lat' dir='ltr'><strong>manent.</strong></span> <span class='ocrx_word' id='word_1_274' title='bbox 1340 3474 1492 3531; x_wconf 91' lang='lat' dir='ltr'><strong>Unde</strong></span> <span class='ocrx_word' id='word_1_275' title='bbox 1535 3476 1847 3546; x_wconf 86' lang='lat' dir='ltr'><strong>intelligitur</strong></span> <span class='ocrx_word' id='word_1_276' title='bbox 1886 3491 2011 3545; x_wconf 90' lang='lat' dir='ltr'><strong>eas,</strong></span> <span class='ocrx_word' id='word_1_277' title='bbox 2058 3478 2112 3533; x_wconf 92' lang='lat' dir='ltr'><strong>in</strong></span> 
     </span>
    </p>
   </div>
   <div class='ocr_carea' id='block_1_36' title="bbox 526 3567 2113 3637">
    <p class='ocr_par' dir='ltr' id='par_1_36' title="bbox 526 3567 2113 3637">
     <span class='ocr_line' id='line_1_36' title="bbox 526 3567 2113 3637; baseline 0.004 -20"><span class='ocrx_word' id='word_1_278' title='bbox 526 3573 779 3632; x_wconf 88' lang='lat' dir='ltr'><strong>quantum</strong></span> <span class='ocrx_word' id='word_1_279' title='bbox 807 3576 1013 3620; x_wconf 62' lang='lat' dir='ltr'><strong>natura:</strong></span> <span class='ocrx_word' id='word_1_280' title='bbox 1042 3576 1195 3632; x_wconf 91' lang='lat' dir='ltr'><strong>sunt,</strong></span> <span class='ocrx_word' id='word_1_281' title='bbox 1223 3567 1390 3621; x_wconf 90' lang='lat' dir='ltr'><strong>bonas</strong></span> <span class='ocrx_word' id='word_1_282' title='bbox 1414 3582 1533 3621; x_wconf 91' lang='lat' dir='ltr'><strong>esse</strong></span> <span class='ocrx_word' id='word_1_283' title='bbox 1567 3585 1579 3620; x_wconf 92' lang='lat'><strong>:</strong></span> <span class='ocrx_word' id='word_1_284' title='bbox 1613 3568 1735 3637; x_wconf 92' lang='lat' dir='ltr'><strong>quia</strong></span> <span class='ocrx_word' id='word_1_285' title='bbox 1769 3584 1890 3623; x_wconf 91' lang='lat' dir='ltr'><strong>cum</strong></span> <span class='ocrx_word' id='word_1_286' title='bbox 1926 3570 2004 3623; x_wconf 88' lang='lat' dir='ltr'><strong>eis</strong></span> <span class='ocrx_word' id='word_1_287' title='bbox 2030 3570 2113 3623; x_wconf 87' lang='lat' dir='ltr'><strong>vi--</strong></span> 
     </span>
    </p>
   </div>
   <div class='ocr_carea' id='block_1_37' title="bbox 525 3657 2111 3727">
    <p class='ocr_par' dir='ltr' id='par_1_37' title="bbox 525 3657 2111 3727">
     <span class='ocr_line' id='line_1_37' title="bbox 525 3657 2111 3727; baseline 0.003 -16"><span class='ocrx_word' id='word_1_288' title='bbox 525 3657 704 3711; x_wconf 76' lang='lat' dir='ltr'><strong>Cissim</strong></span> <span class='ocrx_word' id='word_1_289' title='bbox 732 3672 889 3712; x_wconf 88' lang='lat' dir='ltr'><strong>omne</strong></span> <span class='ocrx_word' id='word_1_290' title='bbox 916 3657 1056 3727; x_wconf 88' lang='lat' dir='ltr'><strong>quod</strong></span> <span class='ocrx_word' id='word_1_291' title='bbox 1085 3659 1282 3713; x_wconf 92' lang='lat' dir='ltr'><strong>bonum</strong></span> <span class='ocrx_word' id='word_1_292' title='bbox 1314 3658 1511 3714; x_wconf 88' lang='lat' dir='ltr'><strong>habent</strong></span> <span class='ocrx_word' id='word_1_293' title='bbox 1548 3658 1843 3714; x_wconf 80' lang='lat' dir='ltr'><strong>detraxeris</strong></span> <span class='ocrx_word' id='word_1_294' title='bbox 1864 3702 1877 3727; x_wconf 95' lang='lat'><strong>,</strong></span> <span class='ocrx_word' id='word_1_295' title='bbox 1909 3670 2111 3715; x_wconf 86' lang='lat' dir='ltr'><strong>naturae</strong></span> 
     </span>
    </p>
   </div>
   <div class='ocr_carea' id='block_1_38' title="bbox 523 3748 2114 3820">
    <p class='ocr_par' dir='ltr' id='par_1_38' title="bbox 523 3748 2114 3820">
     <span class='ocr_line' id='line_1_38' title="bbox 523 3748 2114 3820; baseline 0.004 -19"><span class='ocrx_word' id='word_1_296' title='bbox 523 3748 685 3802; x_wconf 79' lang='lat' dir='ltr'><strong>nullm</strong></span> <span class='ocrx_word' id='word_1_297' title='bbox 725 3758 899 3803; x_wconf 91' lang='lat' dir='ltr'><strong>erunt.</strong></span> <span class='ocrx_word' id='word_1_298' title='bbox 950 3750 1372 3806; x_wconf 82' lang='lat' dir='ltr'><strong>Animadvertite</strong></span> <span class='ocrx_word' id='word_1_299' title='bbox 1417 3751 1610 3816; x_wconf 91' lang='lat' dir='ltr'><strong>etiam,</strong></span> <span class='ocrx_word' id='word_1_300' title='bbox 1648 3752 1737 3820; x_wconf 90' lang='lat' dir='ltr'><strong>qui</strong></span> <span class='ocrx_word' id='word_1_301' title='bbox 1777 3759 1921 3806; x_wconf 89' lang='lat' dir='ltr'><strong>recte</strong></span> <span class='ocrx_word' id='word_1_302' title='bbox 1955 3752 2114 3807; x_wconf 90' lang='lat' dir='ltr'><strong>vultis</strong></span> 
     </span>
    </p>
   </div>
   <div class='ocr_carea' id='block_1_39' title="bbox 518 3840 2111 3914">
    <p class='ocr_par' dir='ltr' id='par_1_39' title="bbox 518 3840 2111 3914">
     <span class='ocr_line' id='line_1_39' title="bbox 518 3840 2111 3914; baseline 0.006 -24"><span class='ocrx_word' id='word_1_303' title='bbox 518 3840 791 3910; x_wconf 80' lang='lat' dir='ltr'><strong>judicare,</strong></span> <span class='ocrx_word' id='word_1_304' title='bbox 827 3842 976 3896; x_wconf 91' lang='lat' dir='ltr'><strong>illum</strong></span> <span class='ocrx_word' id='word_1_305' title='bbox 1007 3860 1220 3913; x_wconf 89' lang='lat' dir='ltr'><strong>quoque</strong></span> <span class='ocrx_word' id='word_1_306' title='bbox 1254 3845 1548 3914; x_wconf 86' lang='lat' dir='ltr'><strong>principem</strong></span> <span class='ocrx_word' id='word_1_307' title='bbox 1589 3845 1911 3911; x_wconf 90' lang='lat' dir='ltr'><strong>immanem;</strong></span> <span class='ocrx_word' id='word_1_308' title='bbox 1952 3846 2036 3900; x_wconf 90' lang='lat' dir='ltr'><strong>cui</strong></span> <span class='ocrx_word' id='word_1_309' title='bbox 2065 3845 2111 3901; x_wconf 73' lang='lat' dir='ltr'><strong>si</strong></span> 
     </span>
    </p>
   </div>
   <div class='ocr_carea' id='block_1_40' title="bbox 523 3932 2109 4008">
    <p class='ocr_par' dir='ltr' id='par_1_40' title="bbox 523 3932 2109 4008">
     <span class='ocr_line' id='line_1_40' title="bbox 523 3932 2109 4008; baseline 0.006 -22"><span class='ocrx_word' id='word_1_310' title='bbox 523 3932 791 3987; x_wconf 82' lang='lat' dir='ltr'><strong>auferatur</strong></span> <span class='ocrx_word' id='word_1_311' title='bbox 817 3934 1118 3989; x_wconf 78' lang='lat' dir='ltr'><strong>immanitas</strong></span> <span class='ocrx_word' id='word_1_312' title='bbox 1140 3978 1153 4000; x_wconf 96' lang='lat'><strong>,</strong></span> <span class='ocrx_word' id='word_1_313' title='bbox 1184 3937 1442 3993; x_wconf 86' lang='lat' dir='ltr'><strong>attendite</strong></span> <span class='ocrx_word' id='word_1_314' title='bbox 1468 3946 1664 4008; x_wconf 89' lang='lat' dir='ltr'><strong>quanta</strong></span> <span class='ocrx_word' id='word_1_315' title='bbox 1700 3938 1980 3994; x_wconf 88' lang='lat' dir='ltr'><strong>laudabilia</strong></span> <span class='ocrx_word' id='word_1_316' title='bbox 2018 3953 2109 3996; x_wconf 84' lang='lat' dir='ltr'><strong>re-</strong></span> 
     </span>
    </p>
   </div>
   <div class='ocr_carea' id='block_1_41' title="bbox 524 4025 2108 4097">
    <p class='ocr_par' dir='ltr' id='par_1_41' title="bbox 524 4025 2108 4097">
     <span class='ocr_line' id='line_1_41' title="bbox 524 4025 2108 4097; baseline 0.006 -19"><span class='ocrx_word' id='word_1_317' title='bbox 524 4025 815 4078; x_wconf 88' lang='lat' dir='ltr'><strong>manebunt</strong></span> <span class='ocrx_word' id='word_1_318' title='bbox 846 4044 859 4076; x_wconf 90' lang='lat'><strong>:</strong></span> <span class='ocrx_word' id='word_1_319' title='bbox 889 4040 1147 4096; x_wconf 78' lang='lat' dir='ltr'><strong>compago</strong></span> <span class='ocrx_word' id='word_1_320' title='bbox 1176 4030 1441 4097; x_wconf 91' lang='lat' dir='ltr'><strong>corporis,</strong></span> <span class='ocrx_word' id='word_1_321' title='bbox 1470 4030 1834 4086; x_wconf 88' lang='lat' dir='ltr'><strong>membrorum</strong></span> <span class='ocrx_word' id='word_1_322' title='bbox 1874 4031 1999 4087; x_wconf 90' lang='lat' dir='ltr'><strong>hinc</strong></span> <span class='ocrx_word' id='word_1_323' title='bbox 2024 4040 2108 4087; x_wconf 88' lang='lat' dir='ltr'><strong>at-</strong></span> 
     </span>
    </p>
   </div>
   <div class='ocr_carea' id='block_1_42' title="bbox 523 4118 2109 4195">
    <p class='ocr_par' dir='ltr' id='par_1_42' title="bbox 523 4118 2109 4195">
     <span class='ocr_line' id='line_1_42' title="bbox 523 4118 2109 4195; baseline 0.008 -25"><span class='ocrx_word' id='word_1_324' title='bbox 523 4132 628 4187; x_wconf 89' lang='lat' dir='ltr'><strong>que</strong></span> <span class='ocrx_word' id='word_1_325' title='bbox 657 4118 776 4172; x_wconf 87' lang='lat' dir='ltr'><strong>inde</strong></span> <span class='ocrx_word' id='word_1_326' title='bbox 802 4121 1169 4189; x_wconf 77' lang='lat' dir='ltr'><strong>congruentia,</strong></span> <span class='ocrx_word' id='word_1_327' title='bbox 1198 4119 1388 4177; x_wconf 75' lang='lat' dir='ltr'><strong>forma:</strong></span> <span class='ocrx_word' id='word_1_328' title='bbox 1410 4123 1605 4193; x_wconf 84' lang='lat' dir='ltr'><strong>unitas,</strong></span> <span class='ocrx_word' id='word_1_329' title='bbox 1628 4133 1683 4179; x_wconf 92' lang='lat' dir='ltr'><strong>et</strong></span> <span class='ocrx_word' id='word_1_330' title='bbox 1708 4140 1808 4195; x_wconf 88' lang='lat' dir='ltr'><strong>pax</strong></span> <span class='ocrx_word' id='word_1_331' title='bbox 1836 4134 2109 4182; x_wconf 90' lang='lat' dir='ltr'><strong>contexta-</strong></span> 
     </span>
    </p>
   </div>
   <div class='ocr_carea' id='block_1_43' title="bbox 524 4209 2102 4289">
    <p class='ocr_par' dir='ltr' id='par_1_43' title="bbox 524 4209 2102 4289">
     <span class='ocr_line' id='line_1_43' title="bbox 524 4209 2102 4289; baseline 0.01 -29"><span class='ocrx_word' id='word_1_332' title='bbox 524 4222 642 4261; x_wconf 91' lang='lat' dir='ltr'><strong>rum</strong></span> <span class='ocrx_word' id='word_1_333' title='bbox 682 4209 819 4263; x_wconf 90' lang='lat' dir='ltr'><strong>inter</strong></span> <span class='ocrx_word' id='word_1_334' title='bbox 853 4226 912 4267; x_wconf 93' lang='lat' dir='ltr'><strong>se</strong></span> <span class='ocrx_word' id='word_1_335' title='bbox 947 4212 1205 4281; x_wconf 88' lang='lat' dir='ltr'><strong>partium,</strong></span> <span class='ocrx_word' id='word_1_336' title='bbox 1234 4212 1425 4269; x_wconf 68' lang='lat' dir='ltr'><strong>anima:</strong></span> <span class='ocrx_word' id='word_1_337' title='bbox 1452 4218 1685 4286; x_wconf 83' lang='lat' dir='ltr'><strong>regentis</strong></span> <span class='ocrx_word' id='word_1_338' title='bbox 1713 4225 1768 4273; x_wconf 90' lang='lat' dir='ltr'><strong>et</strong></span> <span class='ocrx_word' id='word_1_339' title='bbox 1790 4220 2102 4289; x_wconf 82' lang='lat' dir='ltr'><strong>vegetantis,</strong></span> 
     </span>
    </p>
   </div>
   <div class='ocr_carea' id='block_1_44' title="bbox 522 4300 2104 4382">
    <p class='ocr_par' dir='ltr' id='par_1_44' title="bbox 522 4300 2104 4382">
     <span class='ocr_line' id='line_1_44' title="bbox 522 4300 2104 4382; baseline 0.008 -29"><span class='ocrx_word' id='word_1_340' title='bbox 522 4300 933 4372; x_wconf 85' lang='lat' dir='ltr'><strong>famulantisque</strong></span> <span class='ocrx_word' id='word_1_341' title='bbox 958 4313 1012 4359; x_wconf 91' lang='lat' dir='ltr'><strong>et</strong></span> <span class='ocrx_word' id='word_1_342' title='bbox 1037 4304 1271 4373; x_wconf 88' lang='lat' dir='ltr'><strong>vegetati</strong></span> <span class='ocrx_word' id='word_1_343' title='bbox 1298 4307 1537 4377; x_wconf 90' lang='lat' dir='ltr'><strong>corporis</strong></span> <span class='ocrx_word' id='word_1_344' title='bbox 1563 4307 1696 4363; x_wconf 91' lang='lat' dir='ltr'><strong>ordo</strong></span> <span class='ocrx_word' id='word_1_345' title='bbox 1723 4316 1780 4364; x_wconf 91' lang='lat' dir='ltr'><strong>et</strong></span> <span class='ocrx_word' id='word_1_346' title='bbox 1803 4310 2104 4382; x_wconf 87' lang='lat' dir='ltr'><strong>dispositio.</strong></span> 
     </span>
    </p>
   </div>
   <div class='ocr_carea' id='block_1_45' title="bbox 520 4388 2105 4471">
    <p class='ocr_par' dir='ltr' id='par_1_45' title="bbox 520 4388 2105 4471">
     <span class='ocr_line' id='line_1_45' title="bbox 520 4388 2105 4471; baseline 0.013 -31"><span class='ocrx_word' id='word_1_347' title='bbox 520 4388 650 4455; x_wconf 84' lang='lat' dir='ltr'><strong>Quae</strong></span> <span class='ocrx_word' id='word_1_348' title='bbox 679 4394 854 4446; x_wconf 87' lang='lat' dir='ltr'><strong>omnia</strong></span> <span class='ocrx_word' id='word_1_349' title='bbox 879 4393 1017 4448; x_wconf 91' lang='lat' dir='ltr'><strong>bona</strong></span> <span class='ocrx_word' id='word_1_350' title='bbox 1047 4395 1091 4448; x_wconf 88' lang='lat' dir='ltr'><strong>si</strong></span> <span class='ocrx_word' id='word_1_351' title='bbox 1117 4396 1453 4465; x_wconf 78' lang='lat' dir='ltr'><strong>auferantur,</strong></span> <span class='ocrx_word' id='word_1_352' title='bbox 1484 4407 1540 4453; x_wconf 92' lang='lat' dir='ltr'><strong>et</strong></span> <span class='ocrx_word' id='word_1_353' title='bbox 1566 4400 1612 4454; x_wconf 90' lang='lat' dir='ltr'><strong>si</strong></span> <span class='ocrx_word' id='word_1_354' title='bbox 1641 4416 1743 4471; x_wconf 92' lang='lat' dir='ltr'><strong>qua</strong></span> <span class='ocrx_word' id='word_1_355' title='bbox 1769 4400 1907 4459; x_wconf 87' lang='lat' dir='ltr'><strong>forte</strong></span> <span class='ocrx_word' id='word_1_356' title='bbox 1928 4403 2105 4460; x_wconf 90' lang='lat' dir='ltr'><strong>minus</strong></span> 
     </span>
    </p>
   </div>
   <div class='ocr_carea' id='block_1_46' title="bbox 521 4485 1794 4557">
    <p class='ocr_par' dir='ltr' id='par_1_46' title="bbox 521 4485 1794 4557">
     <span class='ocr_line' id='line_1_46' title="bbox 521 4485 1794 4557; baseline 0.011 -21"><span class='ocrx_word' id='word_1_357' title='bbox 521 4485 849 4550; x_wconf 88' lang='lat' dir='ltr'><strong>enumeravi,</strong></span> <span class='ocrx_word' id='word_1_358' title='bbox 883 4486 1025 4541; x_wconf 88' lang='lat' dir='ltr'><strong>nulla</strong></span> <span class='ocrx_word' id='word_1_359' title='bbox 1060 4503 1278 4557; x_wconf 90' lang='lat' dir='ltr'><strong>prorsus</strong></span> <span class='ocrx_word' id='word_1_360' title='bbox 1306 4499 1493 4546; x_wconf 88' lang='lat' dir='ltr'><strong>natura</strong></span> <span class='ocrx_word' id='word_1_361' title='bbox 1522 4492 1794 4551; x_wconf 82' lang='lat' dir='ltr'><strong>subsistet.</strong></span> 
     </span>
    </p>
   </div>
   <div class='ocr_carea' id='block_1_47' title="bbox 591 4570 2107 4657">
    <p class='ocr_par' dir='ltr' id='par_1_47' title="bbox 591 4570 2107 4657">
     <span class='ocr_line' id='line_1_47' title="bbox 591 4570 2107 4657; baseline 0.011 -29"><span class='ocrx_word' id='word_1_362' title='bbox 591 4572 817 4630; x_wconf 84' lang='lat' dir='ltr'><strong>CAPUT</strong></span> <span class='ocrx_word' id='word_1_363' title='bbox 851 4575 1090 4633; x_wconf 81' lang='lat' dir='ltr'><strong>XXXIV.</strong></span> <span class='ocrx_word' id='word_1_364' title='bbox 1116 4609 1187 4619; x_wconf 88' lang='lat'><strong>—-</strong></span> <span class='ocrx_word' id='word_1_365' title='bbox 1215 4581 1304 4635; x_wconf 77' lang='lat'><strong>57.</strong></span> <span class='ocrx_word' id='word_1_366' title='bbox 1347 4570 1550 4637; x_wconf 77' lang='lat' dir='ltr'><strong>Natura</strong></span> <span class='ocrx_word' id='word_1_367' title='bbox 1576 4601 1837 4657; x_wconf 85' lang='lat' dir='ltr'><strong>nunquam</strong></span> <span class='ocrx_word' id='word_1_368' title='bbox 1877 4588 1985 4643; x_wconf 82' lang='lat' dir='ltr'><strong>sine</strong></span> <span class='ocrx_word' id='word_1_369' title='bbox 2015 4591 2107 4645; x_wconf 84' lang='lat' dir='ltr'><strong>ali-</strong></span> 
     </span>
    </p>
   </div>
   <div class='ocr_carea' id='block_1_48' title="bbox 515 4666 2104 4741">
    <p class='ocr_par' dir='ltr' id='par_1_48' title="bbox 515 4666 2104 4741">
     <span class='ocr_line' id='line_1_48' title="bbox 515 4666 2104 4741; baseline 0.014 -22"><span class='ocrx_word' id='word_1_370' title='bbox 515 4682 616 4737; x_wconf 84' lang='lat' dir='ltr'><strong>quo</strong></span> <span class='ocrx_word' id='word_1_371' title='bbox 633 4666 781 4722; x_wconf 89' lang='lat' dir='ltr'><strong>bono.</strong></span> <span class='ocrx_word' id='word_1_372' title='bbox 808 4668 935 4724; x_wconf 84' lang='lat' dir='ltr'><strong>Sola</strong></span> <span class='ocrx_word' id='word_1_373' title='bbox 953 4671 1088 4725; x_wconf 80' lang='lat' dir='ltr'><strong>mala</strong></span> <span class='ocrx_word' id='word_1_374' title='bbox 1104 4673 1424 4729; x_wconf 75' lang='lat' dir='ltr'><strong>considerant</strong></span> <span class='ocrx_word' id='word_1_375' title='bbox 1441 4674 1733 4733; x_wconf 72' lang='lat' dir='ltr'><strong>Manio/uni.</strong></span> <span class='ocrx_word' id='word_1_376' title='bbox 1751 4680 1854 4736; x_wconf 91' lang='lat' dir='ltr'><strong>Sed</strong></span> <span class='ocrx_word' id='word_1_377' title='bbox 1874 4681 2104 4741; x_wconf 83' lang='lat' dir='ltr'><strong>fortasse</strong></span> 
     </span>
    </p>
   </div>
   <div class='ocr_carea' id='block_1_49' title="bbox 515 4757 2098 4843">
    <p class='ocr_par' dir='ltr' id='par_1_49' title="bbox 515 4757 2098 4843">
     <span class='ocr_line' id='line_1_49' title="bbox 515 4757 2098 4843; baseline 0.01 -30"><span class='ocrx_word' id='word_1_378' title='bbox 515 4757 725 4825; x_wconf 80' lang='lat' dir='ltr'><strong>dicatis,</strong></span> <span class='ocrx_word' id='word_1_379' title='bbox 754 4760 840 4814; x_wconf 89' lang='lat' dir='ltr'><strong>illa</strong></span> <span class='ocrx_word' id='word_1_380' title='bbox 863 4762 998 4816; x_wconf 87' lang='lat' dir='ltr'><strong>mala</strong></span> <span class='ocrx_word' id='word_1_381' title='bbox 1026 4762 1094 4819; x_wconf 92' lang='lat' dir='ltr'><strong>de</strong></span> <span class='ocrx_word' id='word_1_382' title='bbox 1116 4765 1310 4821; x_wconf 90' lang='lat' dir='ltr'><strong>talibus</strong></span> <span class='ocrx_word' id='word_1_383' title='bbox 1340 4769 1541 4823; x_wconf 88' lang='lat' dir='ltr'><strong>naturis</strong></span> <span class='ocrx_word' id='word_1_384' title='bbox 1564 4786 1667 4824; x_wconf 91' lang='lat' dir='ltr'><strong>non</strong></span> <span class='ocrx_word' id='word_1_385' title='bbox 1697 4787 1855 4841; x_wconf 91' lang='lat' dir='ltr'><strong>posse</strong></span> <span class='ocrx_word' id='word_1_386' title='bbox 1876 4772 2098 4843; x_wconf 89' lang='lat' dir='ltr'><strong>auferri,</strong></span> 
     </span>
    </p>
   </div>
   <div class='ocr_carea' id='block_1_50' title="bbox 512 4854 2103 4937">
    <p class='ocr_par' dir='ltr' id='par_1_50' title="bbox 512 4854 2103 4937">
     <span class='ocr_line' id='line_1_50' title="bbox 512 4854 2103 4937; baseline 0.009 -28"><span class='ocrx_word' id='word_1_387' title='bbox 512 4861 568 4909; x_wconf 89' lang='lat' dir='ltr'><strong>et</strong></span> <span class='ocrx_word' id='word_1_388' title='bbox 610 4854 731 4910; x_wconf 92' lang='lat' dir='ltr'><strong>ideo</strong></span> <span class='ocrx_word' id='word_1_389' title='bbox 770 4857 1033 4913; x_wconf 90' lang='lat' dir='ltr'><strong>naturalia</strong></span> <span class='ocrx_word' id='word_1_390' title='bbox 1061 4857 1256 4916; x_wconf 91' lang='lat' dir='ltr'><strong>debere</strong></span> <span class='ocrx_word' id='word_1_391' title='bbox 1282 4862 1471 4933; x_wconf 82' lang='lat' dir='ltr'><strong>accipi.</strong></span> <span class='ocrx_word' id='word_1_392' title='bbox 1510 4863 1625 4918; x_wconf 88' lang='lat' dir='ltr'><strong>Non</strong></span> <span class='ocrx_word' id='word_1_393' title='bbox 1670 4882 1811 4922; x_wconf 92' lang='lat' dir='ltr'><strong>nunc</strong></span> <span class='ocrx_word' id='word_1_394' title='bbox 1848 4869 2103 4937; x_wconf 82' lang='lat' dir='ltr'><strong>quaeritur</strong></span> 
     </span>
    </p>
   </div>
   <div class='ocr_carea' id='block_1_51' title="bbox 512 4944 2103 5028">
    <p class='ocr_par' dir='ltr' id='par_1_51' title="bbox 512 4944 2103 5028">
     <span class='ocr_line' id='line_1_51' title="bbox 512 4944 2103 5028; baseline 0.01 -30"><span class='ocrx_word' id='word_1_395' title='bbox 512 4944 640 5015; x_wconf 89' lang='lat' dir='ltr'><strong>quid</strong></span> <span class='ocrx_word' id='word_1_396' title='bbox 672 4947 838 5017; x_wconf 89' lang='lat' dir='ltr'><strong>possit</strong></span> <span class='ocrx_word' id='word_1_397' title='bbox 864 4948 950 5003; x_wconf 89' lang='lat' dir='ltr'><strong>vel</strong></span> <span class='ocrx_word' id='word_1_398' title='bbox 978 4963 1083 5003; x_wconf 93' lang='lat' dir='ltr'><strong>non</strong></span> <span class='ocrx_word' id='word_1_399' title='bbox 1111 4950 1280 5020; x_wconf 89' lang='lat' dir='ltr'><strong>possit</strong></span> <span class='ocrx_word' id='word_1_400' title='bbox 1308 4950 1540 5008; x_wconf 89' lang='lat' dir='ltr'><strong>auferri:</strong></span> <span class='ocrx_word' id='word_1_401' title='bbox 1567 4954 1662 5010; x_wconf 90' lang='lat' dir='ltr'><strong>sed</strong></span> <span class='ocrx_word' id='word_1_402' title='bbox 1688 4964 1833 5012; x_wconf 89' lang='lat' dir='ltr'><strong>certe</strong></span> <span class='ocrx_word' id='word_1_403' title='bbox 1852 4973 1957 5012; x_wconf 91' lang='lat' dir='ltr'><strong>non</strong></span> <span class='ocrx_word' id='word_1_404' title='bbox 1980 4974 2103 5028; x_wconf 82' lang='lat' dir='ltr'><strong>par-</strong></span> 
     </span>
    </p>
   </div>
   <div class='ocr_carea' id='block_1_52' title="bbox 512 5044 2151 5123">
    <p class='ocr_par' dir='ltr' id='par_1_52' title="bbox 512 5044 2151 5123">
     <span class='ocr_line' id='line_1_52' title="bbox 512 5044 2151 5123; baseline 0.009 -25"><span class='ocrx_word' id='word_1_405' title='bbox 512 5058 636 5099; x_wconf 87' lang='lat' dir='ltr'><strong>vum</strong></span> <span class='ocrx_word' id='word_1_406' title='bbox 658 5044 841 5102; x_wconf 89' lang='lat' dir='ltr'><strong>lumen</strong></span> <span class='ocrx_word' id='word_1_407' title='bbox 883 5055 965 5103; x_wconf 88' lang='lat' dir='ltr'><strong>est</strong></span> <span class='ocrx_word' id='word_1_408' title='bbox 1002 5047 1071 5103; x_wconf 89' lang='lat' dir='ltr'><strong>ad</strong></span> <span class='ocrx_word' id='word_1_409' title='bbox 1100 5048 1524 5119; x_wconf 82' lang='lat' dir='ltr'><strong>intelligendum,</strong></span> <span class='ocrx_word' id='word_1_410' title='bbox 1557 5066 1745 5108; x_wconf 91' lang='lat' dir='ltr'><strong>omnes</strong></span> <span class='ocrx_word' id='word_1_411' title='bbox 1774 5062 2011 5123; x_wconf 90' lang='lat' dir='ltr'><strong>naturas,</strong></span> <span class='ocrx_word' id='word_1_412' title='bbox 2045 5058 2099 5113; x_wconf 92' lang='lat' dir='ltr'><strong>in</strong></span> <span class='ocrx_word' id='word_1_413' title='bbox 2150 5078 2151 5081; x_wconf 44' lang='grc' dir='ltr'><strong>η</strong></span> 
     </span>
    </p>
   </div>
   <div class='ocr_carea' id='block_1_53' title="bbox 512 5140 2100 5216">
    <p class='ocr_par' dir='ltr' id='par_1_53' title="bbox 512 5140 2100 5216">
     <span class='ocr_line' id='line_1_53' title="bbox 512 5140 2100 5216; baseline 0.011 -27"><span class='ocrx_word' id='word_1_414' title='bbox 512 5146 767 5205; x_wconf 89' lang='lat' dir='ltr'><strong>quantum</strong></span> <span class='ocrx_word' id='word_1_415' title='bbox 798 5147 1000 5195; x_wconf 71' lang='lat' dir='ltr'><strong>naturae</strong></span> <span class='ocrx_word' id='word_1_416' title='bbox 1026 5148 1169 5207; x_wconf 88' lang='lat' dir='ltr'><strong>sunt,</strong></span> <span class='ocrx_word' id='word_1_417' title='bbox 1198 5140 1365 5197; x_wconf 88' lang='lat' dir='ltr'><strong>bonas</strong></span> <span class='ocrx_word' id='word_1_418' title='bbox 1388 5158 1530 5211; x_wconf 93' lang='lat' dir='ltr'><strong>esse,</strong></span> <span class='ocrx_word' id='word_1_419' title='bbox 1554 5145 1696 5216; x_wconf 91' lang='lat' dir='ltr'><strong>quod</strong></span> <span class='ocrx_word' id='word_1_420' title='bbox 1719 5147 1835 5203; x_wconf 91' lang='lat' dir='ltr'><strong>sine</strong></span> <span class='ocrx_word' id='word_1_421' title='bbox 1860 5149 1961 5204; x_wconf 92' lang='lat' dir='ltr'><strong>illis</strong></span> <span class='ocrx_word' id='word_1_422' title='bbox 1988 5167 2100 5207; x_wconf 89' lang='lat' dir='ltr'><strong>ma-</strong></span> 
     </span>
    </p>
   </div>
   <div class='ocr_carea' id='block_1_54' title="bbox 512 5226 2099 5304">
    <p class='ocr_par' dir='ltr' id='par_1_54' title="bbox 512 5226 2099 5304">
     <span class='ocr_line' id='line_1_54' title="bbox 512 5226 2099 5304; baseline 0.011 -22"><span class='ocrx_word' id='word_1_423' title='bbox 512 5226 581 5283; x_wconf 93' lang='lat' dir='ltr'><strong>lis</strong></span> <span class='ocrx_word' id='word_1_424' title='bbox 604 5231 824 5302; x_wconf 85' lang='lat' dir='ltr'><strong>cogitari</strong></span> <span class='ocrx_word' id='word_1_425' title='bbox 849 5232 985 5289; x_wconf 85' lang='lat' dir='ltr'><strong>bona</strong></span> <span class='ocrx_word' id='word_1_426' title='bbox 1018 5234 1107 5289; x_wconf 90' lang='lat' dir='ltr'><strong>illa</strong></span> <span class='ocrx_word' id='word_1_427' title='bbox 1148 5246 1391 5304; x_wconf 90' lang='lat' dir='ltr'><strong>possunt,</strong></span> <span class='ocrx_word' id='word_1_428' title='bbox 1437 5239 1553 5295; x_wconf 89' lang='lat' dir='ltr'><strong>sine</strong></span> <span class='ocrx_word' id='word_1_429' title='bbox 1595 5239 1749 5295; x_wconf 91' lang='lat' dir='ltr'><strong>bonis</strong></span> <span class='ocrx_word' id='word_1_430' title='bbox 1785 5253 1963 5298; x_wconf 89' lang='lat' dir='ltr'><strong>autem</strong></span> <span class='ocrx_word' id='word_1_431' title='bbox 1990 5246 2099 5301; x_wconf 89' lang='lat' dir='ltr'><strong>illis</strong></span> 
     </span>
    </p>
   </div>
   <div class='ocr_carea' id='block_1_55' title="bbox 511 5322 2098 5401">
    <p class='ocr_par' dir='ltr' id='par_1_55' title="bbox 511 5322 2098 5401">
     <span class='ocr_line' id='line_1_55' title="bbox 511 5322 2098 5401; baseline 0.01 -23"><span class='ocrx_word' id='word_1_432' title='bbox 511 5322 659 5378; x_wconf 87' lang='lat' dir='ltr'><strong>nulla</strong></span> <span class='ocrx_word' id='word_1_433' title='bbox 689 5333 877 5382; x_wconf 88' lang='lat' dir='ltr'><strong>natura</strong></span> <span class='ocrx_word' id='word_1_434' title='bbox 898 5328 1118 5400; x_wconf 83' lang='lat' dir='ltr'><strong>cogitari</strong></span> <span class='ocrx_word' id='word_1_435' title='bbox 1139 5339 1333 5401; x_wconf 91' lang='lat' dir='ltr'><strong>potest.</strong></span> <span class='ocrx_word' id='word_1_436' title='bbox 1354 5330 1486 5385; x_wconf 89' lang='lat' dir='ltr'><strong>Nam</strong></span> <span class='ocrx_word' id='word_1_437' title='bbox 1503 5332 1619 5387; x_wconf 90' lang='lat' dir='ltr'><strong>sine</strong></span> <span class='ocrx_word' id='word_1_438' title='bbox 1638 5335 1937 5392; x_wconf 89' lang='lat' dir='ltr'><strong>turbatione</strong></span> <span class='ocrx_word' id='word_1_439' title='bbox 1956 5340 2098 5394; x_wconf 70' lang='grc' dir='ltr'><strong>(εωηί</strong></span> 
     </span>
    </p>
   </div>
   <div class='ocr_carea' id='block_1_56' title="bbox 507 5420 2093 5493">
    <p class='ocr_par' dir='ltr' id='par_1_56' title="bbox 507 5420 2093 5493">
     <span class='ocr_line' id='line_1_56' title="bbox 507 5420 2093 5493; baseline 0.012 -26"><span class='ocrx_word' id='word_1_440' title='bbox 507 5426 730 5484; x_wconf 83' lang='lat' dir='ltr'><strong>possum</strong></span> <span class='ocrx_word' id='word_1_441' title='bbox 756 5431 921 5488; x_wconf 91' lang='lat' dir='ltr'><strong>aquas</strong></span> <span class='ocrx_word' id='word_1_442' title='bbox 948 5420 1222 5491; x_wconf 85' lang='lat' dir='ltr'><strong>cogitare:</strong></span> <span class='ocrx_word' id='word_1_443' title='bbox 1248 5422 1365 5479; x_wconf 91' lang='lat' dir='ltr'><strong>sine</strong></span> <span class='ocrx_word' id='word_1_444' title='bbox 1394 5438 1523 5493; x_wconf 91' lang='lat' dir='ltr'><strong>pace</strong></span> <span class='ocrx_word' id='word_1_445' title='bbox 1552 5434 1730 5480; x_wconf 89' lang='lat' dir='ltr'><strong>autem</strong></span> <span class='ocrx_word' id='word_1_446' title='bbox 1758 5431 2093 5485; x_wconf 91' lang='lat' dir='ltr'><strong>continuata-</strong></span> 
     </span>
    </p>
   </div>
   <div class='ocr_carea' id='block_1_57' title="bbox 508 5513 2090 5591">
    <p class='ocr_par' dir='ltr' id='par_1_57' title="bbox 508 5513 2090 5591">
     <span class='ocr_line' id='line_1_57' title="bbox 508 5513 2090 5591; baseline 0.008 -24"><span class='ocrx_word' id='word_1_447' title='bbox 508 5513 913 5590; x_wconf 40' lang='lat' dir='ltr'><strong>Ium&#39;partium,</strong></span> <span class='ocrx_word' id='word_1_448' title='bbox 941 5515 1085 5570; x_wconf 90' lang='lat' dir='ltr'><strong>nulla</strong></span> <span class='ocrx_word' id='word_1_449' title='bbox 1130 5518 1334 5588; x_wconf 89' lang='lat' dir='ltr'><strong>species</strong></span> <span class='ocrx_word' id='word_1_450' title='bbox 1365 5520 1607 5589; x_wconf 91' lang='lat' dir='ltr'><strong>corporis</strong></span> <span class='ocrx_word' id='word_1_451' title='bbox 1633 5520 1810 5577; x_wconf 90' lang='lat' dir='ltr'><strong>animo</strong></span> <span class='ocrx_word' id='word_1_452' title='bbox 1840 5524 2090 5591; x_wconf 88' lang='lat' dir='ltr'><strong>occurrit,</strong></span> 
     </span>
    </p>
   </div>
   <div class='ocr_carea' id='block_1_58' title="bbox 511 5605 2093 5688">
    <p class='ocr_par' dir='ltr' id='par_1_58' title="bbox 511 5605 2093 5688">
     <span class='ocr_line' id='line_1_58' title="bbox 511 5605 2093 5688; baseline 0.009 -29"><span class='ocrx_word' id='word_1_453' title='bbox 511 5612 606 5660; x_wconf 73' lang='lat' dir='ltr'><strong>aut</strong></span> <span class='ocrx_word' id='word_1_454' title='bbox 624 5605 729 5661; x_wconf 93' lang='lat' dir='ltr'><strong>ullo</strong></span> <span class='ocrx_word' id='word_1_455' title='bbox 753 5607 913 5664; x_wconf 92' lang='lat' dir='ltr'><strong>modo</strong></span> <span class='ocrx_word' id='word_1_456' title='bbox 942 5608 1130 5665; x_wconf 87' lang='lat' dir='ltr'><strong>sentiri</strong></span> <span class='ocrx_word' id='word_1_457' title='bbox 1158 5618 1363 5680; x_wconf 87' lang='lat' dir='ltr'><strong>potest;</strong></span> <span class='ocrx_word' id='word_1_458' title='bbox 1387 5626 1451 5667; x_wconf 87' lang='lat' dir='ltr'><strong>ac</strong></span> <span class='ocrx_word' id='word_1_459' title='bbox 1468 5628 1560 5685; x_wconf 89' lang='lat' dir='ltr'><strong>per</strong></span> <span class='ocrx_word' id='word_1_460' title='bbox 1586 5615 1685 5670; x_wconf 91' lang='lat' dir='ltr'><strong>hoc</strong></span> <span class='ocrx_word' id='word_1_461' title='bbox 1703 5629 1802 5672; x_wconf 91' lang='lat' dir='ltr'><strong>nec</strong></span> <span class='ocrx_word' id='word_1_462' title='bbox 1818 5615 1923 5671; x_wconf 72' lang='lat' dir='ltr'><strong>illa:</strong></span> <span class='ocrx_word' id='word_1_463' title='bbox 1942 5631 2093 5688; x_wconf 82' lang='lat' dir='ltr'><strong>aquae</strong></span> 
     </span>
    </p>
   </div>
   <div class='ocr_carea' id='block_1_59' title="bbox 588 5779 1623 5856">
    <p class='ocr_par' dir='ltr' id='par_1_59' title="bbox 588 5779 1623 5856">
     <span class='ocr_line' id='line_1_59' title="bbox 588 5779 1623 5856; baseline 0.014 -28"><span class='ocrx_word' id='word_1_464' title='bbox 588 5780 603 5809; x_wconf 79' lang='grc' dir='ltr'><strong>ι</strong></span> <span class='ocrx_word' id='word_1_465' title='bbox 628 5783 681 5829; x_wconf 89' lang='lat' dir='ltr'><strong>tn</strong></span> <span class='ocrx_word' id='word_1_466' title='bbox 702 5779 861 5845; x_wconf 85' lang='lat' dir='ltr'><strong>editis,</strong></span> <span class='ocrx_word' id='word_1_467' title='bbox 882 5792 953 5834; x_wconf 79' lang='lat' dir='ltr'><strong>su:</strong></span> <span class='ocrx_word' id='word_1_468' title='bbox 973 5795 1104 5849; x_wconf 86' lang='lat' dir='ltr'><strong>ergo.</strong></span> <span class='ocrx_word' id='word_1_469' title='bbox 1131 5792 1186 5837; x_wconf 80' lang='lat' dir='ltr'><strong>At,</strong></span> <span class='ocrx_word' id='word_1_470' title='bbox 1205 5788 1257 5838; x_wconf 87' lang='lat' dir='ltr'><strong>in</strong></span> <span class='ocrx_word' id='word_1_471' title='bbox 1276 5794 1404 5852; x_wconf 70' lang='lat' dir='ltr'><strong>Mss,</strong></span> <span class='ocrx_word' id='word_1_472' title='bbox 1427 5803 1473 5843; x_wconf 75' lang='grc' dir='ltr'><strong><em>δι</em></strong></span> <span class='ocrx_word' id='word_1_473' title='bbox 1491 5803 1623 5856; x_wconf 86' lang='lat' dir='ltr'><strong>ergo.</strong></span> 
     </span>
    </p>
   </div>
   <div class='ocr_carea' id='block_1_60' title="bbox 1261 295 2867 367">
    <p class='ocr_par' dir='ltr' id='par_1_60' title="bbox 1261 295 2867 367">
     <span class='ocr_line' id='line_1_60' title="bbox 1261 295 2867 367; baseline -0.004 -5"><span class='ocrx_word' id='word_1_474' title='bbox 1261 302 1536 362; x_wconf 78' lang='lat' dir='ltr'><strong>CONTRA</strong></span> <span class='ocrx_word' id='word_1_475' title='bbox 1566 299 1948 361; x_wconf 84' lang='lat' dir='ltr'><strong>EPISTOLAM</strong></span> <span class='ocrx_word' id='word_1_476' title='bbox 1986 295 2365 367; x_wconf 63' lang='lat' dir='ltr'><strong>MANICHIEI,</strong></span> <span class='ocrx_word' id='word_1_477' title='bbox 2403 297 2462 357; x_wconf 74' lang='grc' dir='ltr'><strong>Β.</strong></span> <span class='ocrx_word' id='word_1_478' title='bbox 2500 298 2867 358; x_wconf 83' lang='lat' dir='ltr'><strong>AUGUSTINI</strong></span> 
     </span>
    </p>
   </div>
   <div class='ocr_carea' id='block_1_61' title="bbox 3716 307 3829 368">
    <p class='ocr_par' dir='ltr' id='par_1_61' title="bbox 3716 307 3829 368">
     <span class='ocr_line' id='line_1_61' title="bbox 3716 307 3829 368; baseline 0 0"><span class='ocrx_word' id='word_1_479' title='bbox 3716 307 3829 368; x_wconf 74' lang='lat'><strong>200</strong></span> 
     </span>
    </p>
   </div>
   <div class='ocr_carea' id='block_1_62' title="bbox 2241 417 3829 492">
    <p class='ocr_par' dir='ltr' id='par_1_62' title="bbox 2241 417 3829 492">
     <span class='ocr_line' id='line_1_62' title="bbox 2241 417 3829 492; baseline 0.005 -21"><span class='ocrx_word' id='word_1_480' title='bbox 2241 431 2473 472; x_wconf 67' lang='lat' dir='ltr'><strong>caenosas</strong></span> <span class='ocrx_word' id='word_1_481' title='bbox 2500 417 2615 473; x_wconf 91' lang='lat' dir='ltr'><strong>sine</strong></span> <span class='ocrx_word' id='word_1_482' title='bbox 2637 419 2739 472; x_wconf 90' lang='lat' dir='ltr'><strong>isto</strong></span> <span class='ocrx_word' id='word_1_483' title='bbox 2769 419 2908 473; x_wconf 90' lang='lat' dir='ltr'><strong>bono</strong></span> <span class='ocrx_word' id='word_1_484' title='bbox 2936 432 3055 473; x_wconf 88' lang='lat' dir='ltr'><strong>esse</strong></span> <span class='ocrx_word' id='word_1_485' title='bbox 3082 426 3387 488; x_wconf 90' lang='lat' dir='ltr'><strong>potuerunt,</strong></span> <span class='ocrx_word' id='word_1_486' title='bbox 3417 435 3526 492; x_wconf 90' lang='lat' dir='ltr'><strong>quo</strong></span> <span class='ocrx_word' id='word_1_487' title='bbox 3551 422 3693 479; x_wconf 92' lang='lat' dir='ltr'><strong>bono</strong></span> <span class='ocrx_word' id='word_1_488' title='bbox 3723 423 3829 479; x_wconf 82' lang='lat' dir='ltr'><strong>fie-</strong></span> 
     </span>
    </p>
   </div>
   <div class='ocr_carea' id='block_1_63' title="bbox 2238 507 3827 587">
    <p class='ocr_par' dir='ltr' id='par_1_63' title="bbox 2238 507 3827 587">
     <span class='ocr_line' id='line_1_63' title="bbox 2238 507 3827 587; baseline 0.006 -23"><span class='ocrx_word' id='word_1_489' title='bbox 2238 507 2330 564; x_wconf 88' lang='lat' dir='ltr'><strong>bat</strong></span> <span class='ocrx_word' id='word_1_490' title='bbox 2356 520 2414 565; x_wconf 94' lang='lat' dir='ltr'><strong>ut</strong></span> <span class='ocrx_word' id='word_1_491' title='bbox 2439 510 2612 581; x_wconf 89' lang='lat' dir='ltr'><strong>aliqua</strong></span> <span class='ocrx_word' id='word_1_492' title='bbox 2641 520 2827 567; x_wconf 89' lang='lat' dir='ltr'><strong>natura</strong></span> <span class='ocrx_word' id='word_1_493' title='bbox 2856 526 3110 582; x_wconf 87' lang='lat' dir='ltr'><strong>corporea</strong></span> <span class='ocrx_word' id='word_1_494' title='bbox 3136 524 3315 583; x_wconf 84' lang='lat' dir='ltr'><strong>posset</strong></span> <span class='ocrx_word' id='word_1_495' title='bbox 3344 530 3484 571; x_wconf 90' lang='lat' dir='ltr'><strong>esse.</strong></span> <span class='ocrx_word' id='word_1_496' title='bbox 3517 516 3650 571; x_wconf 89' lang='lat' dir='ltr'><strong>Nam</strong></span> <span class='ocrx_word' id='word_1_497' title='bbox 3682 517 3827 587; x_wconf 89' lang='lat' dir='ltr'><strong>quod</strong></span> 
     </span>
    </p>
   </div>
   <div class='ocr_carea' id='block_1_64' title="bbox 2238 600 3829 680">
    <p class='ocr_par' dir='ltr' id='par_1_64' title="bbox 2238 600 3829 680">
     <span class='ocr_line' id='line_1_64' title="bbox 2238 600 3829 680; baseline 0.008 -26"><span class='ocrx_word' id='word_1_498' title='bbox 2238 600 2434 667; x_wconf 89' lang='lat' dir='ltr'><strong>dicitis,</strong></span> <span class='ocrx_word' id='word_1_499' title='bbox 2462 603 2603 673; x_wconf 91' lang='lat' dir='ltr'><strong>quod</strong></span> <span class='ocrx_word' id='word_1_500' title='bbox 2635 604 2721 658; x_wconf 92' lang='lat' dir='ltr'><strong>illa</strong></span> <span class='ocrx_word' id='word_1_501' title='bbox 2755 605 2892 659; x_wconf 89' lang='lat' dir='ltr'><strong>mala</strong></span> <span class='ocrx_word' id='word_1_502' title='bbox 2921 604 2988 659; x_wconf 94' lang='lat' dir='ltr'><strong>de</strong></span> <span class='ocrx_word' id='word_1_503' title='bbox 3018 608 3220 661; x_wconf 89' lang='lat' dir='ltr'><strong>naturis</strong></span> <span class='ocrx_word' id='word_1_504' title='bbox 3246 608 3441 663; x_wconf 91' lang='lat' dir='ltr'><strong>talibus</strong></span> <span class='ocrx_word' id='word_1_505' title='bbox 3467 626 3574 664; x_wconf 92' lang='lat' dir='ltr'><strong>non</strong></span> <span class='ocrx_word' id='word_1_506' title='bbox 3604 619 3829 680; x_wconf 90' lang='lat' dir='ltr'><strong>possunt</strong></span> 
     </span>
    </p>
   </div>
   <div class='ocr_carea' id='block_1_65' title="bbox 2235 693 3827 768">
    <p class='ocr_par' dir='ltr' id='par_1_65' title="bbox 2235 693 3827 768">
     <span class='ocr_line' id='line_1_65' title="bbox 2235 693 3827 768; baseline 0.009 -24"><span class='ocrx_word' id='word_1_507' title='bbox 2235 693 2463 761; x_wconf 89' lang='lat' dir='ltr'><strong>auferri;</strong></span> <span class='ocrx_word' id='word_1_508' title='bbox 2496 696 2873 768; x_wconf 86' lang='lat' dir='ltr'><strong>respondetur,</strong></span> <span class='ocrx_word' id='word_1_509' title='bbox 2903 696 3045 767; x_wconf 91' lang='lat' dir='ltr'><strong>quod</strong></span> <span class='ocrx_word' id='word_1_510' title='bbox 3087 707 3144 753; x_wconf 89' lang='lat' dir='ltr'><strong>et</strong></span> <span class='ocrx_word' id='word_1_511' title='bbox 3184 700 3270 755; x_wconf 92' lang='lat' dir='ltr'><strong>illa</strong></span> <span class='ocrx_word' id='word_1_512' title='bbox 3319 700 3461 756; x_wconf 90' lang='lat' dir='ltr'><strong>bona</strong></span> <span class='ocrx_word' id='word_1_513' title='bbox 3507 702 3575 757; x_wconf 93' lang='lat' dir='ltr'><strong>de</strong></span> <span class='ocrx_word' id='word_1_514' title='bbox 3617 704 3827 759; x_wconf 90' lang='lat' dir='ltr'><strong>naturis</strong></span> 
     </span>
    </p>
   </div>
   <div class='ocr_carea' id='block_1_66' title="bbox 2236 785 3831 865">
    <p class='ocr_par' dir='ltr' id='par_1_66' title="bbox 2236 785 3831 865">
     <span class='ocr_line' id='line_1_66' title="bbox 2236 785 3831 865; baseline 0.008 -27"><span class='ocrx_word' id='word_1_515' title='bbox 2236 785 2430 841; x_wconf 89' lang='lat' dir='ltr'><strong>talibus</strong></span> <span class='ocrx_word' id='word_1_516' title='bbox 2468 803 2575 843; x_wconf 91' lang='lat' dir='ltr'><strong>non</strong></span> <span class='ocrx_word' id='word_1_517' title='bbox 2608 799 2833 859; x_wconf 92' lang='lat' dir='ltr'><strong>possunt</strong></span> <span class='ocrx_word' id='word_1_518' title='bbox 2879 790 3099 846; x_wconf 89' lang='lat' dir='ltr'><strong>auferri.</strong></span> <span class='ocrx_word' id='word_1_519' title='bbox 3134 792 3240 847; x_wconf 88' lang='lat' dir='ltr'><strong>Cur</strong></span> <span class='ocrx_word' id='word_1_520' title='bbox 3268 808 3396 864; x_wconf 86' lang='lat' dir='ltr'><strong>ergo</strong></span> <span class='ocrx_word' id='word_1_521' title='bbox 3426 794 3556 849; x_wconf 86' lang='lat' dir='ltr'><strong>istas</strong></span> <span class='ocrx_word' id='word_1_522' title='bbox 3582 810 3671 850; x_wconf 90' lang='lat' dir='ltr'><strong>res</strong></span> <span class='ocrx_word' id='word_1_523' title='bbox 3702 812 3831 865; x_wconf 92' lang='lat' dir='ltr'><strong>pro-</strong></span> 
     </span>
    </p>
   </div>
   <div class='ocr_carea' id='block_1_67' title="bbox 2234 882 3828 956">
    <p class='ocr_par' dir='ltr' id='par_1_67' title="bbox 2234 882 3828 956">
     <span class='ocr_line' id='line_1_67' title="bbox 2234 882 3828 956; baseline 0.008 -23"><span class='ocrx_word' id='word_1_524' title='bbox 2234 888 2355 949; x_wconf 90' lang='lat' dir='ltr'><strong>pter</strong></span> <span class='ocrx_word' id='word_1_525' title='bbox 2381 882 2521 937; x_wconf 88' lang='lat' dir='ltr'><strong>mala</strong></span> <span class='ocrx_word' id='word_1_526' title='bbox 2559 899 2677 953; x_wconf 66' lang='lat' dir='ltr'><strong>quae</strong></span> <span class='ocrx_word' id='word_1_527' title='bbox 2714 884 2911 940; x_wconf 91' lang='lat' dir='ltr'><strong>auferri</strong></span> <span class='ocrx_word' id='word_1_528' title='bbox 2950 902 3055 940; x_wconf 92' lang='lat' dir='ltr'><strong>non</strong></span> <span class='ocrx_word' id='word_1_529' title='bbox 3085 901 3245 956; x_wconf 90' lang='lat' dir='ltr'><strong>posse</strong></span> <span class='ocrx_word' id='word_1_530' title='bbox 3283 887 3639 955; x_wconf 91' lang='lat' dir='ltr'><strong>arbitramini,</strong></span> <span class='ocrx_word' id='word_1_531' title='bbox 3684 890 3828 945; x_wconf 88' lang='lat' dir='ltr'><strong>mala</strong></span> 
     </span>
    </p>
   </div>
   <div class='ocr_carea' id='block_1_68' title="bbox 2233 974 3828 1051">
    <p class='ocr_par' dir='ltr' id='par_1_68' title="bbox 2233 974 3828 1051">
     <span class='ocr_line' id='line_1_68' title="bbox 2233 974 3828 1051; baseline 0.006 -26"><span class='ocrx_word' id='word_1_532' title='bbox 2233 974 2493 1028; x_wconf 89' lang='lat' dir='ltr'><strong>naturalia</strong></span> <span class='ocrx_word' id='word_1_533' title='bbox 2520 990 2713 1031; x_wconf 88' lang='lat' dir='ltr'><strong>vocare</strong></span> <span class='ocrx_word' id='word_1_534' title='bbox 2743 977 2933 1042; x_wconf 91' lang='lat' dir='ltr'><strong>vultis;</strong></span> <span class='ocrx_word' id='word_1_535' title='bbox 2956 987 3175 1048; x_wconf 88' lang='lat' dir='ltr'><strong>propter</strong></span> <span class='ocrx_word' id='word_1_536' title='bbox 3196 994 3259 1033; x_wconf 91' lang='lat' dir='ltr'><strong>ea</strong></span> <span class='ocrx_word' id='word_1_537' title='bbox 3281 978 3420 1034; x_wconf 90' lang='lat' dir='ltr'><strong>bona</strong></span> <span class='ocrx_word' id='word_1_538' title='bbox 3443 994 3569 1034; x_wconf 83' lang='lat' dir='ltr'><strong>vero</strong></span> <span class='ocrx_word' id='word_1_539' title='bbox 3589 996 3709 1051; x_wconf 70' lang='lat' dir='ltr'><strong>qum</strong></span> <span class='ocrx_word' id='word_1_540' title='bbox 3728 997 3828 1035; x_wconf 89' lang='lat' dir='ltr'><strong>au-</strong></span> 
     </span>
    </p>
   </div>
   <div class='ocr_carea' id='block_1_69' title="bbox 2232 1058 3821 1138">
    <p class='ocr_par' dir='ltr' id='par_1_69' title="bbox 2232 1058 3821 1138">
     <span class='ocr_line' id='line_1_69' title="bbox 2232 1058 3821 1138; baseline 0.006 -19"><span class='ocrx_word' id='word_1_541' title='bbox 2232 1064 2362 1120; x_wconf 88' lang='lat' dir='ltr'><strong>ferri</strong></span> <span class='ocrx_word' id='word_1_542' title='bbox 2391 1082 2497 1121; x_wconf 91' lang='lat' dir='ltr'><strong>non</strong></span> <span class='ocrx_word' id='word_1_543' title='bbox 2527 1082 2689 1138; x_wconf 90' lang='lat' dir='ltr'><strong>posse</strong></span> <span class='ocrx_word' id='word_1_544' title='bbox 2714 1070 3113 1135; x_wconf 88' lang='lat' dir='ltr'><strong>convincimini,</strong></span> <span class='ocrx_word' id='word_1_545' title='bbox 3145 1071 3284 1127; x_wconf 90' lang='lat' dir='ltr'><strong>bona</strong></span> <span class='ocrx_word' id='word_1_546' title='bbox 3332 1058 3592 1127; x_wconf 81' lang='lat' dir='ltr'><strong>naturalia</strong></span> <span class='ocrx_word' id='word_1_547' title='bbox 3621 1088 3821 1129; x_wconf 87' lang='lat' dir='ltr'><strong>vocare</strong></span> 
     </span>
    </p>
   </div>
   <div class='ocr_carea' id='block_1_70' title="bbox 2232 1159 3868 1213">
    <p class='ocr_par' dir='ltr' id='par_1_70' title="bbox 2232 1159 3868 1213">
     <span class='ocr_line' id='line_1_70' title="bbox 2232 1159 3868 1213; baseline 0.005 -3"><span class='ocrx_word' id='word_1_548' title='bbox 2232 1165 2338 1211; x_wconf 85' lang='lat' dir='ltr'><strong>non</strong></span> <span class='ocrx_word' id='word_1_549' title='bbox 2368 1159 2566 1213; x_wconf 75' lang='lat' dir='ltr'><strong>vultis?</strong></span> <span class='ocrx_word' id='word_1_550' title='bbox 3850 1166 3868 1209; x_wconf 71' lang='grc' dir='ltr'>τί</span> 
     </span>
    </p>
   </div>
   <div class='ocr_carea' id='block_1_71' title="bbox 2302 1250 3863 1328">
    <p class='ocr_par' dir='ltr' id='par_1_71' title="bbox 2302 1250 3863 1328">
     <span class='ocr_line' id='line_1_71' title="bbox 2302 1250 3863 1328; baseline 0.003 -22"><span class='ocrx_word' id='word_1_551' title='bbox 2302 1250 2391 1306; x_wconf 80' lang='lat'><strong>&#39;58.</strong></span> <span class='ocrx_word' id='word_1_552' title='bbox 2433 1250 2620 1307; x_wconf 83' lang='lat' dir='ltr'><strong>Restat</strong></span> <span class='ocrx_word' id='word_1_553' title='bbox 2642 1262 2703 1307; x_wconf 93' lang='lat' dir='ltr'><strong>ut</strong></span> <span class='ocrx_word' id='word_1_554' title='bbox 2721 1254 2970 1323; x_wconf 76' lang='lat' dir='ltr'><strong>quaeratis</strong></span> <span class='ocrx_word' id='word_1_555' title='bbox 2991 1252 3138 1328; x_wconf 88' lang='lat' dir='ltr'><strong>(nam</strong></span> <span class='ocrx_word' id='word_1_556' title='bbox 3167 1254 3279 1324; x_wconf 91' lang='lat' dir='ltr'><strong>ipsa</strong></span> <span class='ocrx_word' id='word_1_557' title='bbox 3305 1255 3443 1310; x_wconf 88' lang='lat' dir='ltr'><strong>solet</strong></span> <span class='ocrx_word' id='word_1_558' title='bbox 3461 1270 3582 1312; x_wconf 91' lang='lat' dir='ltr'><strong>esse</strong></span> <span class='ocrx_word' id='word_1_559' title='bbox 3604 1271 3708 1312; x_wconf 89' lang='lat' dir='ltr'><strong>vox</strong></span> <span class='ocrx_word' id='word_1_560' title='bbox 3735 1256 3824 1311; x_wconf 85' lang='lat' dir='ltr'><strong>ul-</strong></span> <span class='ocrx_word' id='word_1_561' title='bbox 3858 1307 3863 1310; x_wconf 75' lang='lat'><strong>.</strong></span> 
     </span>
    </p>
   </div>
   <div class='ocr_carea' id='block_1_72' title="bbox 2232 1341 3823 1420">
    <p class='ocr_par' dir='ltr' id='par_1_72' title="bbox 2232 1341 3823 1420">
     <span class='ocr_line' id='line_1_72' title="bbox 2232 1341 3823 1420; baseline 0.008 -25"><span class='ocrx_word' id='word_1_562' title='bbox 2232 1341 2382 1414; x_wconf 89' lang='lat' dir='ltr'><strong>tima)</strong></span> <span class='ocrx_word' id='word_1_563' title='bbox 2403 1343 2543 1399; x_wconf 93' lang='lat' dir='ltr'><strong>unde</strong></span> <span class='ocrx_word' id='word_1_564' title='bbox 2572 1346 2679 1400; x_wconf 91' lang='lat' dir='ltr'><strong>sint</strong></span> <span class='ocrx_word' id='word_1_565' title='bbox 2698 1347 2783 1401; x_wconf 89' lang='lat' dir='ltr'><strong>illa</strong></span> <span class='ocrx_word' id='word_1_566' title='bbox 2815 1350 2975 1411; x_wconf 90' lang='lat' dir='ltr'><strong>mala,</strong></span> <span class='ocrx_word' id='word_1_567' title='bbox 3001 1363 3121 1419; x_wconf 73' lang='lat' dir='ltr'><strong>qum</strong></span> <span class='ocrx_word' id='word_1_568' title='bbox 3149 1349 3277 1403; x_wconf 91' lang='lat' dir='ltr'><strong>mihi</strong></span> <span class='ocrx_word' id='word_1_569' title='bbox 3303 1364 3514 1419; x_wconf 90' lang='lat' dir='ltr'><strong>quoque</strong></span> <span class='ocrx_word' id='word_1_570' title='bbox 3533 1349 3823 1420; x_wconf 81' lang='lat' dir='ltr'><strong>displicere</strong></span> 
     </span>
    </p>
   </div>
   <div class='ocr_carea' id='block_1_73' title="bbox 2229 1433 3823 1512">
    <p class='ocr_par' dir='ltr' id='par_1_73' title="bbox 2229 1433 3823 1512">
     <span class='ocr_line' id='line_1_73' title="bbox 2229 1433 3823 1512; baseline 0.006 -24"><span class='ocrx_word' id='word_1_571' title='bbox 2229 1433 2495 1490; x_wconf 91' lang='lat' dir='ltr'><strong>dicebam.</strong></span> <span class='ocrx_word' id='word_1_572' title='bbox 2522 1436 2878 1507; x_wconf 83' lang='lat' dir='ltr'><strong>Respondebo</strong></span> <span class='ocrx_word' id='word_1_573' title='bbox 2908 1439 3153 1507; x_wconf 91' lang='lat' dir='ltr'><strong>fortasse,</strong></span> <span class='ocrx_word' id='word_1_574' title='bbox 3187 1441 3231 1496; x_wconf 88' lang='lat' dir='ltr'><strong>si</strong></span> <span class='ocrx_word' id='word_1_575' title='bbox 3258 1456 3352 1496; x_wconf 87' lang='lat' dir='ltr'><strong>vos</strong></span> <span class='ocrx_word' id='word_1_576' title='bbox 3394 1442 3541 1512; x_wconf 88' lang='lat' dir='ltr'><strong>prius</strong></span> <span class='ocrx_word' id='word_1_577' title='bbox 3576 1442 3823 1497; x_wconf 81' lang='lat' dir='ltr'><strong>dixeritis</strong></span> 
     </span>
    </p>
   </div>
   <div class='ocr_carea' id='block_1_74' title="bbox 2230 1526 3873 1603">
    <p class='ocr_par' dir='ltr' id='par_1_74' title="bbox 2230 1526 3873 1603">
     <span class='ocr_line' id='line_1_74' title="bbox 2230 1526 3873 1603; baseline 0.005 -23"><span class='ocrx_word' id='word_1_578' title='bbox 2230 1526 2372 1582; x_wconf 92' lang='lat' dir='ltr'><strong>unde</strong></span> <span class='ocrx_word' id='word_1_579' title='bbox 2414 1527 2522 1583; x_wconf 92' lang='lat' dir='ltr'><strong>sint</strong></span> <span class='ocrx_word' id='word_1_580' title='bbox 2565 1528 2653 1583; x_wconf 87' lang='lat' dir='ltr'><strong>illa</strong></span> <span class='ocrx_word' id='word_1_581' title='bbox 2698 1529 2857 1596; x_wconf 90' lang='lat' dir='ltr'><strong>bona,</strong></span> <span class='ocrx_word' id='word_1_582' title='bbox 2901 1547 3021 1601; x_wconf 67' lang='lat' dir='ltr'><strong>qua:</strong></span> <span class='ocrx_word' id='word_1_583' title='bbox 3057 1546 3155 1587; x_wconf 92' lang='lat' dir='ltr'><strong>vos</strong></span> <span class='ocrx_word' id='word_1_584' title='bbox 3183 1547 3393 1603; x_wconf 91' lang='lat' dir='ltr'><strong>quoque</strong></span> <span class='ocrx_word' id='word_1_585' title='bbox 3423 1533 3639 1589; x_wconf 88' lang='lat' dir='ltr'><strong>laudare</strong></span> <span class='ocrx_word' id='word_1_586' title='bbox 3665 1534 3819 1603; x_wconf 85' lang='lat' dir='ltr'><strong>cogi-</strong></span> <span class='ocrx_word' id='word_1_587' title='bbox 3866 1534 3873 1579; x_wconf 74' lang='grc' dir='ltr'><em>ἑ</em></span> 
     </span>
    </p>
   </div>
   <div class='ocr_carea' id='block_1_75' title="bbox 2228 1620 3819 1699">
    <p class='ocr_par' dir='ltr' id='par_1_75' title="bbox 2228 1620 3819 1699">
     <span class='ocr_line' id='line_1_75' title="bbox 2228 1620 3819 1699; baseline 0.006 -25"><span class='ocrx_word' id='word_1_588' title='bbox 2228 1620 2377 1685; x_wconf 91' lang='lat' dir='ltr'><strong>mini,</strong></span> <span class='ocrx_word' id='word_1_589' title='bbox 2408 1621 2453 1675; x_wconf 91' lang='lat' dir='ltr'><strong>si</strong></span> <span class='ocrx_word' id='word_1_590' title='bbox 2483 1622 2852 1679; x_wconf 90' lang='lat' dir='ltr'><strong>absurdissimi</strong></span> <span class='ocrx_word' id='word_1_591' title='bbox 2873 1624 3049 1680; x_wconf 91' lang='lat' dir='ltr'><strong>cordis</strong></span> <span class='ocrx_word' id='word_1_592' title='bbox 3076 1640 3195 1681; x_wconf 87' lang='lat' dir='ltr'><strong>esse</strong></span> <span class='ocrx_word' id='word_1_593' title='bbox 3225 1642 3329 1681; x_wconf 92' lang='lat' dir='ltr'><strong>non</strong></span> <span class='ocrx_word' id='word_1_594' title='bbox 3355 1627 3532 1682; x_wconf 88' lang='lat' dir='ltr'><strong>vultis.</strong></span> <span class='ocrx_word' id='word_1_595' title='bbox 3564 1627 3669 1683; x_wconf 91' lang='lat' dir='ltr'><strong>Sed</strong></span> <span class='ocrx_word' id='word_1_596' title='bbox 3684 1627 3819 1699; x_wconf 87' lang='lat' dir='ltr'><strong>quid</strong></span> 
     </span>
    </p>
   </div>
   <div class='ocr_carea' id='block_1_76' title="bbox 2228 1712 3824 1791">
    <p class='ocr_par' dir='ltr' id='par_1_76' title="bbox 2228 1712 3824 1791">
     <span class='ocr_line' id='line_1_76' title="bbox 2228 1712 3824 1791; baseline 0.006 -25"><span class='ocrx_word' id='word_1_597' title='bbox 2228 1728 2327 1781; x_wconf 79' lang='lat' dir='ltr'><strong>ego</strong></span> <span class='ocrx_word' id='word_1_598' title='bbox 2352 1712 2493 1768; x_wconf 89' lang='lat' dir='ltr'><strong>istud</strong></span> <span class='ocrx_word' id='word_1_599' title='bbox 2522 1730 2778 1785; x_wconf 65' lang='lat' dir='ltr'><strong>quaeram,</strong></span> <span class='ocrx_word' id='word_1_600' title='bbox 2801 1731 2923 1771; x_wconf 91' lang='lat' dir='ltr'><strong>eum</strong></span> <span class='ocrx_word' id='word_1_601' title='bbox 2943 1718 3151 1787; x_wconf 90' lang='lat' dir='ltr'><strong>utrique</strong></span> <span class='ocrx_word' id='word_1_602' title='bbox 3173 1719 3445 1786; x_wconf 88' lang='lat' dir='ltr'><strong>fateamur,</strong></span> <span class='ocrx_word' id='word_1_603' title='bbox 3476 1722 3653 1775; x_wconf 88' lang='lat' dir='ltr'><strong>omnia</strong></span> <span class='ocrx_word' id='word_1_604' title='bbox 3671 1738 3824 1791; x_wconf 81' lang='lat' dir='ltr'><strong>quae-</strong></span> 
     </span>
    </p>
   </div>
   <div class='ocr_carea' id='block_1_77' title="bbox 2226 1812 3818 1883">
    <p class='ocr_par' dir='ltr' id='par_1_77' title="bbox 2226 1812 3818 1883">
     <span class='ocr_line' id='line_1_77' title="bbox 2226 1812 3818 1883; baseline 0.006 -21"><span class='ocrx_word' id='word_1_605' title='bbox 2226 1822 2455 1879; x_wconf 89' lang='lat' dir='ltr'><strong>cumque</strong></span> <span class='ocrx_word' id='word_1_606' title='bbox 2485 1818 2539 1864; x_wconf 92' lang='lat' dir='ltr'><strong>et</strong></span> <span class='ocrx_word' id='word_1_607' title='bbox 2564 1820 2988 1882; x_wconf 88' lang='lat' dir='ltr'><strong>quantacumque</strong></span> <span class='ocrx_word' id='word_1_608' title='bbox 3009 1812 3145 1867; x_wconf 90' lang='lat' dir='ltr'><strong>bona</strong></span> <span class='ocrx_word' id='word_1_609' title='bbox 3163 1823 3305 1881; x_wconf 90' lang='lat' dir='ltr'><strong>sunt,</strong></span> <span class='ocrx_word' id='word_1_610' title='bbox 3334 1815 3400 1869; x_wconf 89' lang='lat' dir='ltr'><strong>ab</strong></span> <span class='ocrx_word' id='word_1_611' title='bbox 3419 1829 3525 1869; x_wconf 94' lang='lat' dir='ltr'><strong>uno</strong></span> <span class='ocrx_word' id='word_1_612' title='bbox 3544 1813 3653 1870; x_wconf 91' lang='lat' dir='ltr'><strong>Deo</strong></span> <span class='ocrx_word' id='word_1_613' title='bbox 3668 1830 3818 1883; x_wconf 88' lang='lat' dir='ltr'><strong>esse,</strong></span> 
     </span>
    </p>
   </div>
   <div class='ocr_carea' id='block_1_78' title="bbox 2228 1899 3824 1976">
    <p class='ocr_par' dir='ltr' id='par_1_78' title="bbox 2228 1899 3824 1976">
     <span class='ocr_line' id='line_1_78' title="bbox 2228 1899 3824 1976; baseline 0.005 -24"><span class='ocrx_word' id='word_1_614' title='bbox 2228 1899 2319 1970; x_wconf 90' lang='lat' dir='ltr'><strong>qui</strong></span> <span class='ocrx_word' id='word_1_615' title='bbox 2348 1915 2554 1957; x_wconf 92' lang='lat' dir='ltr'><strong>summe</strong></span> <span class='ocrx_word' id='word_1_616' title='bbox 2598 1902 2770 1957; x_wconf 91' lang='lat' dir='ltr'><strong>bonus</strong></span> <span class='ocrx_word' id='word_1_617' title='bbox 2802 1902 2921 1957; x_wconf 87' lang='lat' dir='ltr'><strong>est?</strong></span> <span class='ocrx_word' id='word_1_618' title='bbox 2956 1903 3204 1959; x_wconf 80' lang='lat' dir='ltr'><strong>Resistite</strong></span> <span class='ocrx_word' id='word_1_619' title='bbox 3233 1919 3360 1975; x_wconf 84' lang='lat' dir='ltr'><strong>ergo</strong></span> <span class='ocrx_word' id='word_1_620' title='bbox 3384 1919 3479 1959; x_wconf 91' lang='lat' dir='ltr'><strong>vos</strong></span> <span class='ocrx_word' id='word_1_621' title='bbox 3518 1905 3619 1976; x_wconf 90' lang='lat' dir='ltr'><strong>ipsi</strong></span> <span class='ocrx_word' id='word_1_622' title='bbox 3650 1905 3824 1960; x_wconf 84' lang='lat' dir='ltr'><strong>Mani-</strong></span> 
     </span>
    </p>
   </div>
   <div class='ocr_carea' id='block_1_79' title="bbox 2226 1990 3824 2064">
    <p class='ocr_par' dir='ltr' id='par_1_79' title="bbox 2226 1990 3824 2064">
     <span class='ocr_line' id='line_1_79' title="bbox 2226 1990 3824 2064; baseline 0.005 -19"><span class='ocrx_word' id='word_1_623' title='bbox 2226 1990 2397 2055; x_wconf 71' lang='lat' dir='ltr'><strong>chaee,</strong></span> <span class='ocrx_word' id='word_1_624' title='bbox 2441 1992 2527 2061; x_wconf 88' lang='lat' dir='ltr'><strong>qui</strong></span> <span class='ocrx_word' id='word_1_625' title='bbox 2561 2000 2639 2046; x_wconf 90' lang='lat' dir='ltr'><strong>tot</strong></span> <span class='ocrx_word' id='word_1_626' title='bbox 2666 2000 2721 2048; x_wconf 90' lang='lat' dir='ltr'><strong>et</strong></span> <span class='ocrx_word' id='word_1_627' title='bbox 2748 2002 2892 2049; x_wconf 89' lang='lat' dir='ltr'><strong>tanta</strong></span> <span class='ocrx_word' id='word_1_628' title='bbox 2931 1995 3070 2049; x_wconf 90' lang='lat' dir='ltr'><strong>bona</strong></span> <span class='ocrx_word' id='word_1_629' title='bbox 3114 2011 3231 2064; x_wconf 73' lang='lat' dir='ltr'><strong>qua:</strong></span> <span class='ocrx_word' id='word_1_630' title='bbox 3272 1997 3824 2053; x_wconf 85' lang='lat' dir='ltr'><strong>commemoravimus</strong></span> 
     </span>
    </p>
   </div>
   <div class='ocr_carea' id='block_1_80' title="bbox 2221 2081 3821 2157">
    <p class='ocr_par' dir='ltr' id='par_1_80' title="bbox 2221 2081 3821 2157">
     <span class='ocr_line' id='line_1_80' title="bbox 2221 2081 3821 2157; baseline 0.004 -21"><span class='ocrx_word' id='word_1_631' title='bbox 2221 2081 2471 2153; x_wconf 90' lang='lat' dir='ltr'><strong>justeque</strong></span> <span class='ocrx_word' id='word_1_632' title='bbox 2510 2083 2865 2148; x_wconf 88' lang='lat' dir='ltr'><strong>laudavimus,</strong></span> <span class='ocrx_word' id='word_1_633' title='bbox 2896 2100 3081 2154; x_wconf 83' lang='lat' dir='ltr'><strong>pacem</strong></span> <span class='ocrx_word' id='word_1_634' title='bbox 3108 2085 3555 2157; x_wconf 88' lang='lat' dir='ltr'><strong>concordiamque</strong></span> <span class='ocrx_word' id='word_1_635' title='bbox 3583 2088 3821 2156; x_wconf 91' lang='lat' dir='ltr'><strong>partium</strong></span> 
     </span>
    </p>
   </div>
   <div class='ocr_carea' id='block_1_81' title="bbox 2225 2176 3817 2251">
    <p class='ocr_par' dir='ltr' id='par_1_81' title="bbox 2225 2176 3817 2251">
     <span class='ocr_line' id='line_1_81' title="bbox 2225 2176 3817 2251; baseline 0.003 -19"><span class='ocrx_word' id='word_1_636' title='bbox 2225 2176 2281 2232; x_wconf 91' lang='lat' dir='ltr'><strong>in</strong></span> <span class='ocrx_word' id='word_1_637' title='bbox 2309 2192 2623 2247; x_wconf 89' lang='lat' dir='ltr'><strong>unaquaque</strong></span> <span class='ocrx_word' id='word_1_638' title='bbox 2652 2187 2863 2245; x_wconf 89' lang='lat' dir='ltr'><strong>natura,</strong></span> <span class='ocrx_word' id='word_1_639' title='bbox 2884 2179 3111 2234; x_wconf 92' lang='lat' dir='ltr'><strong>salutem</strong></span> <span class='ocrx_word' id='word_1_640' title='bbox 3144 2179 3537 2251; x_wconf 83' lang='lat' dir='ltr'><strong>valentiamque</strong></span> <span class='ocrx_word' id='word_1_641' title='bbox 3562 2182 3817 2236; x_wconf 80' lang='lat' dir='ltr'><strong>animan-</strong></span> 
     </span>
    </p>
   </div>
   <div class='ocr_carea' id='block_1_82' title="bbox 2225 2268 3813 2342">
    <p class='ocr_par' dir='ltr' id='par_1_82' title="bbox 2225 2268 3813 2342">
     <span class='ocr_line' id='line_1_82' title="bbox 2225 2268 3813 2342; baseline 0.003 -19"><span class='ocrx_word' id='word_1_642' title='bbox 2225 2268 2378 2334; x_wconf 90' lang='lat' dir='ltr'><strong>tium,</strong></span> <span class='ocrx_word' id='word_1_643' title='bbox 2405 2279 2458 2324; x_wconf 91' lang='lat' dir='ltr'><strong>et</strong></span> <span class='ocrx_word' id='word_1_644' title='bbox 2482 2280 2676 2325; x_wconf 76' lang='lat' dir='ltr'><strong>Caetera</strong></span> <span class='ocrx_word' id='word_1_645' title='bbox 2706 2286 2823 2340; x_wconf 81' lang='lat' dir='ltr'><strong>quae</strong></span> <span class='ocrx_word' id='word_1_646' title='bbox 2851 2279 3095 2341; x_wconf 90' lang='lat' dir='ltr'><strong>repetere</strong></span> <span class='ocrx_word' id='word_1_647' title='bbox 3133 2271 3242 2341; x_wconf 84' lang='lat' dir='ltr'><strong>jam</strong></span> <span class='ocrx_word' id='word_1_648' title='bbox 3274 2272 3436 2342; x_wconf 81' lang='lat' dir='ltr'><strong>piget,</strong></span> <span class='ocrx_word' id='word_1_649' title='bbox 3470 2273 3542 2327; x_wconf 88' lang='lat' dir='ltr'><strong>ita</strong></span> <span class='ocrx_word' id='word_1_650' title='bbox 3580 2273 3632 2327; x_wconf 92' lang='lat' dir='ltr'><strong>in</strong></span> <span class='ocrx_word' id='word_1_651' title='bbox 3664 2281 3813 2327; x_wconf 85' lang='lat' dir='ltr'><strong>terra</strong></span> 
     </span>
    </p>
   </div>
   <div class='ocr_carea' id='block_1_83' title="bbox 2224 2350 3820 2430">
    <p class='ocr_par' dir='ltr' id='par_1_83' title="bbox 2224 2350 3820 2430">
     <span class='ocr_line' id='line_1_83' title="bbox 2224 2350 3820 2430; baseline 0.002 -15"><span class='ocrx_word' id='word_1_652' title='bbox 2224 2362 2587 2417; x_wconf 82' lang='lat' dir='ltr'><strong>commentitia</strong></span> <span class='ocrx_word' id='word_1_653' title='bbox 2610 2362 2950 2417; x_wconf 89' lang='lat' dir='ltr'><strong>tenebrarum</strong></span> <span class='ocrx_word' id='word_1_654' title='bbox 2973 2378 3094 2418; x_wconf 89' lang='lat' dir='ltr'><strong>esse</strong></span> <span class='ocrx_word' id='word_1_655' title='bbox 3118 2363 3407 2418; x_wconf 90' lang='lat' dir='ltr'><strong>arbitratus</strong></span> <span class='ocrx_word' id='word_1_656' title='bbox 3427 2372 3529 2430; x_wconf 91' lang='lat' dir='ltr'><strong>est,</strong></span> <span class='ocrx_word' id='word_1_657' title='bbox 3553 2372 3609 2419; x_wconf 89' lang='lat' dir='ltr'><strong>ut</strong></span> <span class='ocrx_word' id='word_1_658' title='bbox 3638 2350 3820 2419; x_wconf 84' lang='lat' dir='ltr'><strong>abillo</strong></span> 
     </span>
    </p>
   </div>
   <div class='ocr_carea' id='block_1_84' title="bbox 2224 2454 3820 2525">
    <p class='ocr_par' dir='ltr' id='par_1_84' title="bbox 2224 2454 3820 2525">
     <span class='ocr_line' id='line_1_84' title="bbox 2224 2454 3820 2525; baseline 0.002 -16"><span class='ocrx_word' id='word_1_659' title='bbox 2224 2454 2337 2509; x_wconf 89' lang='lat' dir='ltr'><strong>Deo</strong></span> <span class='ocrx_word' id='word_1_660' title='bbox 2364 2470 2520 2525; x_wconf 91' lang='lat' dir='ltr'><strong>quem</strong></span> <span class='ocrx_word' id='word_1_661' title='bbox 2558 2457 2821 2511; x_wconf 90' lang='lat' dir='ltr'><strong>bonorum</strong></span> <span class='ocrx_word' id='word_1_662' title='bbox 2847 2456 3084 2511; x_wconf 91' lang='lat' dir='ltr'><strong>omnium</strong></span> <span class='ocrx_word' id='word_1_663' title='bbox 3122 2455 3319 2512; x_wconf 85' lang='lat' dir='ltr'><strong>fatetur</strong></span> <span class='ocrx_word' id='word_1_664' title='bbox 3346 2467 3640 2522; x_wconf 91' lang='lat' dir='ltr'><strong>auctorem,</strong></span> <span class='ocrx_word' id='word_1_665' title='bbox 3682 2456 3820 2512; x_wconf 87' lang='lat' dir='ltr'><strong>alie-</strong></span> 
     </span>
    </p>
   </div>
   <div class='ocr_carea' id='block_1_85' title="bbox 2224 2550 3820 2618">
    <p class='ocr_par' dir='ltr' id='par_1_85' title="bbox 2224 2550 3820 2618">
     <span class='ocr_line' id='line_1_85' title="bbox 2224 2550 3820 2618; baseline 0.002 -16"><span class='ocrx_word' id='word_1_666' title='bbox 2224 2563 2353 2603; x_wconf 91' lang='lat' dir='ltr'><strong>nare</strong></span> <span class='ocrx_word' id='word_1_667' title='bbox 2371 2558 2676 2605; x_wconf 89' lang='lat' dir='ltr'><strong>conaretur.</strong></span> <span class='ocrx_word' id='word_1_668' title='bbox 2709 2550 2825 2605; x_wconf 85' lang='lat' dir='ltr'><strong>Non</strong></span> <span class='ocrx_word' id='word_1_669' title='bbox 2849 2553 2992 2606; x_wconf 93' lang='lat' dir='ltr'><strong>enim</strong></span> <span class='ocrx_word' id='word_1_670' title='bbox 3014 2566 3077 2607; x_wconf 93' lang='lat' dir='ltr'><strong>ea</strong></span> <span class='ocrx_word' id='word_1_671' title='bbox 3104 2551 3241 2606; x_wconf 87' lang='lat' dir='ltr'><strong>bona</strong></span> <span class='ocrx_word' id='word_1_672' title='bbox 3262 2551 3416 2618; x_wconf 88' lang='lat' dir='ltr'><strong>vidit,</strong></span> <span class='ocrx_word' id='word_1_673' title='bbox 3443 2551 3571 2606; x_wconf 92' lang='lat' dir='ltr'><strong>dum</strong></span> <span class='ocrx_word' id='word_1_674' title='bbox 3600 2550 3699 2605; x_wconf 91' lang='lat' dir='ltr'><strong>hoc</strong></span> <span class='ocrx_word' id='word_1_675' title='bbox 3723 2565 3820 2605; x_wconf 84' lang='lat' dir='ltr'><strong>so-</strong></span> 
     </span>
    </p>
   </div>
   <div class='ocr_carea' id='block_1_86' title="bbox 2221 2640 3816 2714">
    <p class='ocr_par' dir='ltr' id='par_1_86' title="bbox 2221 2640 3816 2714">
     <span class='ocr_line' id='line_1_86' title="bbox 2221 2640 3816 2714; baseline 0.002 -20"><span class='ocrx_word' id='word_1_676' title='bbox 2221 2640 2331 2695; x_wconf 92' lang='lat' dir='ltr'><strong>lum</strong></span> <span class='ocrx_word' id='word_1_677' title='bbox 2376 2641 2601 2696; x_wconf 89' lang='lat' dir='ltr'><strong>attendit</strong></span> <span class='ocrx_word' id='word_1_678' title='bbox 2642 2641 2782 2712; x_wconf 91' lang='lat' dir='ltr'><strong>quod</strong></span> <span class='ocrx_word' id='word_1_679' title='bbox 2823 2642 3168 2714; x_wconf 89' lang='lat' dir='ltr'><strong>displiceret:</strong></span> <span class='ocrx_word' id='word_1_680' title='bbox 3199 2651 3450 2712; x_wconf 86' lang='lat' dir='ltr'><strong>tanquam</strong></span> <span class='ocrx_word' id='word_1_681' title='bbox 3477 2644 3520 2697; x_wconf 93' lang='lat' dir='ltr'><strong>si</strong></span> <span class='ocrx_word' id='word_1_682' title='bbox 3547 2643 3816 2713; x_wconf 71' lang='lat' dir='ltr'><strong>quispiam</strong></span> 
     </span>
    </p>
   </div>
   <div class='ocr_carea' id='block_1_87' title="bbox 2222 2730 3817 2799">
    <p class='ocr_par' dir='ltr' id='par_1_87' title="bbox 2222 2730 3817 2799">
     <span class='ocr_line' id='line_1_87' title="bbox 2222 2730 3817 2799; baseline 0.003 -14"><span class='ocrx_word' id='word_1_683' title='bbox 2222 2730 2390 2786; x_wconf 91' lang='lat' dir='ltr'><strong>leonis</strong></span> <span class='ocrx_word' id='word_1_684' title='bbox 2409 2732 2619 2788; x_wconf 91' lang='lat' dir='ltr'><strong>fremitu</strong></span> <span class='ocrx_word' id='word_1_685' title='bbox 2633 2734 2938 2799; x_wconf 82' lang='lat' dir='ltr'><strong>exterritus,</strong></span> <span class='ocrx_word' id='word_1_686' title='bbox 2965 2743 3019 2789; x_wconf 91' lang='lat' dir='ltr'><strong>ct</strong></span> <span class='ocrx_word' id='word_1_687' title='bbox 3044 2750 3165 2788; x_wconf 92' lang='lat' dir='ltr'><strong>eum</strong></span> <span class='ocrx_word' id='word_1_688' title='bbox 3185 2734 3399 2789; x_wconf 90' lang='lat' dir='ltr'><strong>intuens</strong></span> <span class='ocrx_word' id='word_1_689' title='bbox 3428 2734 3729 2788; x_wconf 89' lang='lat' dir='ltr'><strong>trahentem</strong></span> <span class='ocrx_word' id='word_1_690' title='bbox 3744 2749 3817 2790; x_wconf 88' lang='lat' dir='ltr'><strong>ac</strong></span> 
     </span>
    </p>
   </div>
   <div class='ocr_carea' id='block_1_88' title="bbox 2221 2823 3820 2897">
    <p class='ocr_par' dir='ltr' id='par_1_88' title="bbox 2221 2823 3820 2897">
     <span class='ocr_line' id='line_1_88' title="bbox 2221 2823 3820 2897; baseline 0.002 -19"><span class='ocrx_word' id='word_1_691' title='bbox 2221 2823 2562 2879; x_wconf 88' lang='lat' dir='ltr'><strong>dilaniantem</strong></span> <span class='ocrx_word' id='word_1_692' title='bbox 2586 2839 2839 2894; x_wconf 89' lang='lat' dir='ltr'><strong>pecorum</strong></span> <span class='ocrx_word' id='word_1_693' title='bbox 2867 2834 2959 2881; x_wconf 91' lang='lat' dir='ltr'><strong>aut</strong></span> <span class='ocrx_word' id='word_1_694' title='bbox 2987 2825 3265 2881; x_wconf 91' lang='lat' dir='ltr'><strong>hominum</strong></span> <span class='ocrx_word' id='word_1_695' title='bbox 3290 2841 3517 2896; x_wconf 90' lang='lat' dir='ltr'><strong>corpora</strong></span> <span class='ocrx_word' id='word_1_696' title='bbox 3538 2843 3820 2897; x_wconf 82' lang='lat' dir='ltr'><strong>quaecum-</strong></span> 
     </span>
    </p>
   </div>
   <div class='ocr_carea' id='block_1_89' title="bbox 2221 2916 3813 2989">
    <p class='ocr_par' dir='ltr' id='par_1_89' title="bbox 2221 2916 3813 2989">
     <span class='ocr_line' id='line_1_89' title="bbox 2221 2916 3813 2989; baseline 0.003 -19"><span class='ocrx_word' id='word_1_697' title='bbox 2221 2932 2325 2987; x_wconf 91' lang='lat' dir='ltr'><strong>que</strong></span> <span class='ocrx_word' id='word_1_698' title='bbox 2354 2916 2814 2987; x_wconf 87' lang='lat' dir='ltr'><strong>apprehendisset,</strong></span> <span class='ocrx_word' id='word_1_699' title='bbox 2845 2919 3035 2988; x_wconf 91' lang='lat' dir='ltr'><strong>puerili</strong></span> <span class='ocrx_word' id='word_1_700' title='bbox 3061 2918 3289 2989; x_wconf 85' lang='lat' dir='ltr'><strong>quadam</strong></span> <span class='ocrx_word' id='word_1_701' title='bbox 3312 2919 3619 2974; x_wconf 90' lang='lat' dir='ltr'><strong>infirmitate</strong></span> <span class='ocrx_word' id='word_1_702' title='bbox 3641 2920 3813 2975; x_wconf 87' lang='lat' dir='ltr'><strong>animi</strong></span> 
     </span>
    </p>
   </div>
   <div class='ocr_carea' id='block_1_90' title="bbox 2222 3009 3815 3080">
    <p class='ocr_par' dir='ltr' id='par_1_90' title="bbox 2222 3009 3815 3080">
     <span class='ocr_line' id='line_1_90' title="bbox 2222 3009 3815 3080; baseline 0.001 -15"><span class='ocrx_word' id='word_1_703' title='bbox 2222 3018 2371 3065; x_wconf 90' lang='lat' dir='ltr'><strong>tanto</strong></span> <span class='ocrx_word' id='word_1_704' title='bbox 2401 3009 2595 3065; x_wconf 91' lang='lat' dir='ltr'><strong>timore</strong></span> <span class='ocrx_word' id='word_1_705' title='bbox 2621 3010 3020 3080; x_wconf 90' lang='lat' dir='ltr'><strong>percelleretur,</strong></span> <span class='ocrx_word' id='word_1_706' title='bbox 3055 3020 3111 3066; x_wconf 89' lang='lat' dir='ltr'><strong>ut</strong></span> <span class='ocrx_word' id='word_1_707' title='bbox 3141 3013 3310 3068; x_wconf 90' lang='lat' dir='ltr'><strong>solam</strong></span> <span class='ocrx_word' id='word_1_708' title='bbox 3344 3012 3606 3068; x_wconf 86' lang='lat' dir='ltr'><strong>feritatem</strong></span> <span class='ocrx_word' id='word_1_709' title='bbox 3633 3014 3815 3067; x_wconf 87' lang='lat' dir='ltr'><strong>leonis</strong></span> 
     </span>
    </p>
   </div>
   <div class='ocr_carea' id='block_1_91' title="bbox 2220 3100 3813 3175">
    <p class='ocr_par' dir='ltr' id='par_1_91' title="bbox 2220 3100 3813 3175">
     <span class='ocr_line' id='line_1_91' title="bbox 2220 3100 3813 3175; baseline 0.003 -20"><span class='ocrx_word' id='word_1_710' title='bbox 2220 3100 2431 3155; x_wconf 90' lang='lat' dir='ltr'><strong>intuens</strong></span> <span class='ocrx_word' id='word_1_711' title='bbox 2451 3110 2612 3172; x_wconf 90' lang='lat' dir='ltr'><strong>atque</strong></span> <span class='ocrx_word' id='word_1_712' title='bbox 2633 3102 2912 3169; x_wconf 69' lang='lat' dir='ltr'><strong>sazvitiam,</strong></span> <span class='ocrx_word' id='word_1_713' title='bbox 2937 3112 3128 3159; x_wconf 86' lang='lat' dir='ltr'><strong>caetera</strong></span> <span class='ocrx_word' id='word_1_714' title='bbox 3152 3104 3268 3174; x_wconf 85' lang='lat' dir='ltr'><strong>ejus</strong></span> <span class='ocrx_word' id='word_1_715' title='bbox 3288 3105 3562 3175; x_wconf 81' lang='lat' dir='ltr'><strong>negligens</strong></span> <span class='ocrx_word' id='word_1_716' title='bbox 3584 3106 3813 3160; x_wconf 90' lang='lat' dir='ltr'><strong>omnino</strong></span> 
     </span>
    </p>
   </div>
   <div class='ocr_carea' id='block_1_92' title="bbox 2219 3193 3812 3264">
    <p class='ocr_par' dir='ltr' id='par_1_92' title="bbox 2219 3193 3812 3264">
     <span class='ocr_line' id='line_1_92' title="bbox 2219 3193 3812 3264; baseline 0.004 -20"><span class='ocrx_word' id='word_1_717' title='bbox 2219 3200 2377 3261; x_wconf 87' lang='lat' dir='ltr'><strong>atque</strong></span> <span class='ocrx_word' id='word_1_718' title='bbox 2410 3193 2745 3261; x_wconf 63' lang='lat' dir='ltr'><strong>praeteriens,</strong></span> <span class='ocrx_word' id='word_1_719' title='bbox 2776 3202 3024 3250; x_wconf 84' lang='lat' dir='ltr'><strong>naturam</strong></span> <span class='ocrx_word' id='word_1_720' title='bbox 3051 3195 3193 3251; x_wconf 91' lang='lat' dir='ltr'><strong>illius</strong></span> <span class='ocrx_word' id='word_1_721' title='bbox 3217 3197 3523 3264; x_wconf 89' lang='lat' dir='ltr'><strong>animantis,</strong></span> <span class='ocrx_word' id='word_1_722' title='bbox 3552 3211 3658 3252; x_wconf 93' lang='lat' dir='ltr'><strong>non</strong></span> <span class='ocrx_word' id='word_1_723' title='bbox 3680 3205 3812 3251; x_wconf 87' lang='lat' dir='ltr'><strong>tan-</strong></span> 
     </span>
    </p>
   </div>
   <div class='ocr_carea' id='block_1_93' title="bbox 2220 3284 3815 3357">
    <p class='ocr_par' dir='ltr' id='par_1_93' title="bbox 2220 3284 3815 3357">
     <span class='ocr_line' id='line_1_93' title="bbox 2220 3284 3815 3357; baseline 0.004 -20"><span class='ocrx_word' id='word_1_724' title='bbox 2220 3292 2328 3337; x_wconf 89' lang='lat' dir='ltr'><strong>tum</strong></span> <span class='ocrx_word' id='word_1_725' title='bbox 2361 3284 2580 3351; x_wconf 87' lang='lat' dir='ltr'><strong>malum,</strong></span> <span class='ocrx_word' id='word_1_726' title='bbox 2604 3285 2698 3341; x_wconf 90' lang='lat' dir='ltr'><strong>sed</strong></span> <span class='ocrx_word' id='word_1_727' title='bbox 2720 3301 2970 3357; x_wconf 84' lang='lat' dir='ltr'><strong>magnum</strong></span> <span class='ocrx_word' id='word_1_728' title='bbox 2999 3287 3192 3340; x_wconf 91' lang='lat' dir='ltr'><strong>malum</strong></span> <span class='ocrx_word' id='word_1_729' title='bbox 3216 3302 3336 3342; x_wconf 92' lang='lat' dir='ltr'><strong>esse</strong></span> <span class='ocrx_word' id='word_1_730' title='bbox 3364 3288 3636 3355; x_wconf 89' lang='lat' dir='ltr'><strong>clamaret,</strong></span> <span class='ocrx_word' id='word_1_731' title='bbox 3656 3298 3815 3344; x_wconf 85' lang='lat' dir='ltr'><strong>tanto</strong></span> 
     </span>
    </p>
   </div>
   <div class='ocr_carea' id='block_1_94' title="bbox 2218 3375 3813 3450">
    <p class='ocr_par' dir='ltr' id='par_1_94' title="bbox 2218 3375 3813 3450">
     <span class='ocr_line' id='line_1_94' title="bbox 2218 3375 3813 3450; baseline 0.004 -20"><span class='ocrx_word' id='word_1_732' title='bbox 2218 3375 2423 3431; x_wconf 89' lang='lat' dir='ltr'><strong>scilicet</strong></span> <span class='ocrx_word' id='word_1_733' title='bbox 2449 3380 2839 3448; x_wconf 83' lang='lat' dir='ltr'><strong>exaggeratius,</strong></span> <span class='ocrx_word' id='word_1_734' title='bbox 2868 3388 3065 3450; x_wconf 84' lang='lat' dir='ltr'><strong>quanto</strong></span> <span class='ocrx_word' id='word_1_735' title='bbox 3097 3379 3349 3434; x_wconf 89' lang='lat' dir='ltr'><strong>timidius.</strong></span> <span class='ocrx_word' id='word_1_736' title='bbox 3389 3382 3461 3435; x_wconf 82' lang='lat' dir='ltr'><strong>At</strong></span> <span class='ocrx_word' id='word_1_737' title='bbox 3499 3381 3545 3435; x_wconf 91' lang='lat' dir='ltr'><strong>si</strong></span> <span class='ocrx_word' id='word_1_738' title='bbox 3571 3380 3813 3437; x_wconf 86' lang='lat' dir='ltr'><strong>edomita</strong></span> 
     </span>
    </p>
   </div>
   <div class='ocr_carea' id='block_1_95' title="bbox 2218 3468 3812 3544">
    <p class='ocr_par' dir='ltr' id='par_1_95' title="bbox 2218 3468 3812 3544">
     <span class='ocr_line' id='line_1_95' title="bbox 2218 3468 3812 3544; baseline 0.005 -22"><span class='ocrx_word' id='word_1_739' title='bbox 2218 3468 2427 3526; x_wconf 88' lang='lat' dir='ltr'><strong>feritate</strong></span> <span class='ocrx_word' id='word_1_740' title='bbox 2450 3471 2573 3526; x_wconf 91' lang='lat' dir='ltr'><strong>duci</strong></span> <span class='ocrx_word' id='word_1_741' title='bbox 2595 3474 2804 3528; x_wconf 89' lang='lat' dir='ltr'><strong>leonem</strong></span> <span class='ocrx_word' id='word_1_742' title='bbox 2838 3484 3173 3530; x_wconf 83' lang='lat' dir='ltr'><strong>mansuetum</strong></span> <span class='ocrx_word' id='word_1_743' title='bbox 3207 3474 3471 3541; x_wconf 63' lang='lat' dir='ltr'><strong>videret‘,</strong></span> <span class='ocrx_word' id='word_1_744' title='bbox 3505 3476 3812 3544; x_wconf 74' lang='lat' dir='ltr'><strong>prmsertim</strong></span> 
     </span>
    </p>
   </div>
   <div class='ocr_carea' id='block_1_96' title="bbox 2220 3562 3811 3634">
    <p class='ocr_par' dir='ltr' id='par_1_96' title="bbox 2220 3562 3811 3634">
     <span class='ocr_line' id='line_1_96' title="bbox 2220 3562 3811 3634; baseline 0.003 -17"><span class='ocrx_word' id='word_1_745' title='bbox 2220 3562 2265 3617; x_wconf 90' lang='lat' dir='ltr'><strong>si</strong></span> <span class='ocrx_word' id='word_1_746' title='bbox 2290 3580 2555 3634; x_wconf 90' lang='lat' dir='ltr'><strong>nunquam</strong></span> <span class='ocrx_word' id='word_1_747' title='bbox 2586 3574 2743 3621; x_wconf 89' lang='lat' dir='ltr'><strong>antea</strong></span> <span class='ocrx_word' id='word_1_748' title='bbox 2770 3565 2959 3621; x_wconf 89' lang='lat' dir='ltr'><strong>fuisset</strong></span> <span class='ocrx_word' id='word_1_749' title='bbox 2983 3566 3049 3620; x_wconf 92' lang='lat' dir='ltr'><strong>de</strong></span> <span class='ocrx_word' id='word_1_750' title='bbox 3080 3567 3164 3620; x_wconf 90' lang='lat' dir='ltr'><strong>illa</strong></span> <span class='ocrx_word' id='word_1_751' title='bbox 3194 3566 3363 3622; x_wconf 90' lang='lat' dir='ltr'><strong>bestia</strong></span> <span class='ocrx_word' id='word_1_752' title='bbox 3394 3567 3627 3633; x_wconf 86' lang='lat' dir='ltr'><strong>territus,</strong></span> <span class='ocrx_word' id='word_1_753' title='bbox 3674 3577 3811 3623; x_wconf 91' lang='lat' dir='ltr'><strong>tunc</strong></span> 
     </span>
    </p>
   </div>
   <div class='ocr_carea' id='block_1_97' title="bbox 2216 3658 3813 3728">
    <p class='ocr_par' dir='ltr' id='par_1_97' title="bbox 2216 3658 3813 3728">
     <span class='ocr_line' id='line_1_97' title="bbox 2216 3658 3813 3728; baseline 0.004 -18"><span class='ocrx_word' id='word_1_754' title='bbox 2216 3665 2436 3712; x_wconf 89' lang='lat' dir='ltr'><strong>vacaret</strong></span> <span class='ocrx_word' id='word_1_755' title='bbox 2456 3672 2647 3712; x_wconf 87' lang='lat' dir='ltr'><strong>securo</strong></span> <span class='ocrx_word' id='word_1_756' title='bbox 2676 3667 2838 3727; x_wconf 88' lang='lat' dir='ltr'><strong>atque</strong></span> <span class='ocrx_word' id='word_1_757' title='bbox 2868 3658 3130 3728; x_wconf 88' lang='lat' dir='ltr'><strong>intrepido</strong></span> <span class='ocrx_word' id='word_1_758' title='bbox 3157 3658 3328 3714; x_wconf 91' lang='lat' dir='ltr'><strong>leonis</strong></span> <span class='ocrx_word' id='word_1_759' title='bbox 3353 3658 3813 3728; x_wconf 88' lang='lat' dir='ltr'><strong>pulchritudinem</strong></span> 
     </span>
    </p>
   </div>
   <div class='ocr_carea' id='block_1_98' title="bbox 2216 3751 3809 3824">
    <p class='ocr_par' dir='ltr' id='par_1_98' title="bbox 2216 3751 3809 3824">
     <span class='ocr_line' id='line_1_98' title="bbox 2216 3751 3809 3824; baseline 0.004 -19"><span class='ocrx_word' id='word_1_760' title='bbox 2216 3751 2557 3807; x_wconf 89' lang='lat' dir='ltr'><strong>considerare</strong></span> <span class='ocrx_word' id='word_1_761' title='bbox 2584 3760 2743 3823; x_wconf 90' lang='lat' dir='ltr'><strong>atque</strong></span> <span class='ocrx_word' id='word_1_762' title='bbox 2772 3752 3009 3807; x_wconf 90' lang='lat' dir='ltr'><strong>laudare.</strong></span> <span class='ocrx_word' id='word_1_763' title='bbox 3056 3754 3132 3808; x_wconf 91' lang='lat' dir='ltr'><strong>De</strong></span> <span class='ocrx_word' id='word_1_764' title='bbox 3170 3768 3276 3823; x_wconf 93' lang='lat' dir='ltr'><strong>quo</strong></span> <span class='ocrx_word' id='word_1_765' title='bbox 3319 3768 3418 3824; x_wconf 88' lang='lat' dir='ltr'><strong>ego</strong></span> <span class='ocrx_word' id='word_1_766' title='bbox 3448 3754 3576 3808; x_wconf 87' lang='lat' dir='ltr'><strong>nihil</strong></span> <span class='ocrx_word' id='word_1_767' title='bbox 3603 3754 3809 3823; x_wconf 89' lang='lat' dir='ltr'><strong>dicam,</strong></span> 
     </span>
    </p>
   </div>
   <div class='ocr_carea' id='block_1_99' title="bbox 2216 3841 3814 3917">
    <p class='ocr_par' dir='ltr' id='par_1_99' title="bbox 2216 3841 3814 3917">
     <span class='ocr_line' id='line_1_99' title="bbox 2216 3841 3814 3917; baseline 0.005 -22"><span class='ocrx_word' id='word_1_768' title='bbox 2216 3841 2318 3896; x_wconf 91' lang='lat' dir='ltr'><strong>nisi</strong></span> <span class='ocrx_word' id='word_1_769' title='bbox 2344 3842 2485 3913; x_wconf 90' lang='lat' dir='ltr'><strong>quod</strong></span> <span class='ocrx_word' id='word_1_770' title='bbox 2512 3843 2581 3898; x_wconf 90' lang='lat' dir='ltr'><strong>ad</strong></span> <span class='ocrx_word' id='word_1_771' title='bbox 2605 3859 2719 3899; x_wconf 90' lang='lat' dir='ltr'><strong>rem</strong></span> <span class='ocrx_word' id='word_1_772' title='bbox 2750 3844 2980 3899; x_wconf 78' lang='lat' dir='ltr'><strong>maxime</strong></span> <span class='ocrx_word' id='word_1_773' title='bbox 3010 3845 3261 3915; x_wconf 92' lang='lat' dir='ltr'><strong>pertinet,</strong></span> <span class='ocrx_word' id='word_1_774' title='bbox 3304 3846 3414 3901; x_wconf 89' lang='lat' dir='ltr'><strong>fieri</strong></span> <span class='ocrx_word' id='word_1_775' title='bbox 3440 3862 3595 3917; x_wconf 90' lang='lat' dir='ltr'><strong>posse</strong></span> <span class='ocrx_word' id='word_1_776' title='bbox 3625 3855 3680 3901; x_wconf 91' lang='lat' dir='ltr'><strong>ut</strong></span> <span class='ocrx_word' id='word_1_777' title='bbox 3707 3848 3814 3903; x_wconf 89' lang='lat' dir='ltr'><strong>ali-</strong></span> 
     </span>
    </p>
   </div>
   <div class='ocr_carea' id='block_1_100' title="bbox 2215 3936 3813 4009">
    <p class='ocr_par' dir='ltr' id='par_1_100' title="bbox 2215 3936 3813 4009">
     <span class='ocr_line' id='line_1_100' title="bbox 2215 3936 3813 4009; baseline 0.006 -20"><span class='ocrx_word' id='word_1_778' title='bbox 2215 3948 2318 4005; x_wconf 91' lang='lat' dir='ltr'><strong>qua</strong></span> <span class='ocrx_word' id='word_1_779' title='bbox 2347 3947 2535 3992; x_wconf 88' lang='lat' dir='ltr'><strong>natura</strong></span> <span class='ocrx_word' id='word_1_780' title='bbox 2562 3936 2796 3995; x_wconf 80' lang='lat' dir='ltr'><strong>offendat</strong></span> <span class='ocrx_word' id='word_1_781' title='bbox 2830 3954 2899 3994; x_wconf 81' lang='lat' dir='ltr'><strong>ex</strong></span> <span class='ocrx_word' id='word_1_782' title='bbox 2926 3939 3125 4009; x_wconf 87' lang='lat' dir='ltr'><strong>aliquo,</strong></span> <span class='ocrx_word' id='word_1_783' title='bbox 3157 3946 3212 3994; x_wconf 90' lang='lat' dir='ltr'><strong>et</strong></span> <span class='ocrx_word' id='word_1_784' title='bbox 3236 3940 3290 3995; x_wconf 90' lang='lat' dir='ltr'><strong>in</strong></span> <span class='ocrx_word' id='word_1_785' title='bbox 3329 3944 3530 3996; x_wconf 75' lang='lat' dir='ltr'><strong>totam‘</strong></span> <span class='ocrx_word' id='word_1_786' title='bbox 3552 3949 3813 3999; x_wconf 88' lang='lat' dir='ltr'><strong>nascatur</strong></span> 
     </span>
    </p>
   </div>
   <div class='ocr_carea' id='block_1_101' title="bbox 2218 4027 3813 4094">
    <p class='ocr_par' dir='ltr' id='par_1_101' title="bbox 2218 4027 3813 4094">
     <span class='ocr_line' id='line_1_101' title="bbox 2218 4027 3813 4094; baseline 0.008 -12"><span class='ocrx_word' id='word_1_787' title='bbox 2218 4027 2401 4084; x_wconf 91' lang='lat' dir='ltr'><strong>odium</strong></span> <span class='ocrx_word' id='word_1_788' title='bbox 2441 4045 2608 4086; x_wconf 91' lang='lat' dir='ltr'><strong>:cum</strong></span> <span class='ocrx_word' id='word_1_789' title='bbox 2655 4031 2996 4086; x_wconf 88' lang='lat' dir='ltr'><strong>manifestum</strong></span> <span class='ocrx_word' id='word_1_790' title='bbox 3035 4031 3102 4087; x_wconf 91' lang='lat' dir='ltr'><strong>sit</strong></span> <span class='ocrx_word' id='word_1_791' title='bbox 3144 4033 3313 4087; x_wconf 93' lang='lat' dir='ltr'><strong>multo</strong></span> <span class='ocrx_word' id='word_1_792' title='bbox 3367 4034 3639 4091; x_wconf 90' lang='lat' dir='ltr'><strong>meliorem</strong></span> <span class='ocrx_word' id='word_1_793' title='bbox 3681 4052 3813 4094; x_wconf 86' lang='lat' dir='ltr'><strong>esse</strong></span> 
     </span>
    </p>
   </div>
   <div class='ocr_carea' id='block_1_102' title="bbox 2213 4109 3812 4193">
    <p class='ocr_par' dir='ltr' id='par_1_102' title="bbox 2213 4109 3812 4193">
     <span class='ocr_line' id='line_1_102' title="bbox 2213 4109 3812 4193; baseline 0.006 -18"><span class='ocrx_word' id='word_1_794' title='bbox 2213 4120 2451 4190; x_wconf 86' lang='lat' dir='ltr'><strong>speciem</strong></span> <span class='ocrx_word' id='word_1_795' title='bbox 2481 4138 2620 4178; x_wconf 64' lang='lat' dir='ltr'><strong>vera:</strong></span> <span class='ocrx_word' id='word_1_796' title='bbox 2660 4137 2724 4177; x_wconf 91' lang='lat' dir='ltr'><strong>ac</strong></span> <span class='ocrx_word' id='word_1_797' title='bbox 2762 4124 2895 4179; x_wconf 72' lang='lat' dir='ltr'><strong>vivae</strong></span> <span class='ocrx_word' id='word_1_798' title='bbox 2937 4124 3143 4193; x_wconf 73' lang='lat' dir='ltr'><strong>bestize,</strong></span> <span class='ocrx_word' id='word_1_799' title='bbox 3190 4126 3351 4181; x_wconf 89' lang='lat' dir='ltr'><strong>etiam</strong></span> <span class='ocrx_word' id='word_1_800' title='bbox 3395 4143 3516 4183; x_wconf 91' lang='lat' dir='ltr'><strong>cum</strong></span> <span class='ocrx_word' id='word_1_801' title='bbox 3554 4136 3717 4183; x_wconf 87' lang='lat' dir='ltr'><strong>terret</strong></span> <span class='ocrx_word' id='word_1_802' title='bbox 3746 4109 3812 4185; x_wconf 73' lang='lat' dir='ltr'><strong>in</strong></span> 
     </span>
    </p>
   </div>
   <div class='ocr_carea' id='block_1_103' title="bbox 2212 4211 3811 4288">
    <p class='ocr_par' dir='ltr' id='par_1_103' title="bbox 2212 4211 3811 4288">
     <span class='ocr_line' id='line_1_103' title="bbox 2212 4211 3811 4288; baseline 0.007 -21"><span class='ocrx_word' id='word_1_803' title='bbox 2212 4211 2385 4281; x_wconf 89' lang='lat' dir='ltr'><strong>silvis,</strong></span> <span class='ocrx_word' id='word_1_804' title='bbox 2416 4228 2579 4284; x_wconf 90' lang='lat' dir='ltr'><strong>quam</strong></span> <span class='ocrx_word' id='word_1_805' title='bbox 2622 4214 2842 4269; x_wconf 87' lang='lat' dir='ltr'><strong>imitatae</strong></span> <span class='ocrx_word' id='word_1_806' title='bbox 2870 4223 3029 4284; x_wconf 86' lang='lat' dir='ltr'><strong>atque</strong></span> <span class='ocrx_word' id='word_1_807' title='bbox 3058 4216 3324 4272; x_wconf 56' lang='lat' dir='ltr'><strong>simulata</strong></span> <span class='ocrx_word' id='word_1_808' title='bbox 3349 4233 3471 4273; x_wconf 92' lang='lat' dir='ltr'><strong>cum</strong></span> <span class='ocrx_word' id='word_1_809' title='bbox 3510 4220 3562 4275; x_wconf 93' lang='lat' dir='ltr'><strong>in</strong></span> <span class='ocrx_word' id='word_1_810' title='bbox 3592 4221 3811 4288; x_wconf 81' lang='lat' dir='ltr'><strong>pariete</strong></span> 
     </span>
    </p>
   </div>
   <div class='ocr_carea' id='block_1_104' title="bbox 2212 4304 3806 4383">
    <p class='ocr_par' dir='ltr' id='par_1_104' title="bbox 2212 4304 3806 4383">
     <span class='ocr_line' id='line_1_104' title="bbox 2212 4304 3806 4383; baseline 0.008 -25"><span class='ocrx_word' id='word_1_811' title='bbox 2212 4304 2352 4375; x_wconf 91' lang='lat' dir='ltr'><strong>picta</strong></span> <span class='ocrx_word' id='word_1_812' title='bbox 2378 4304 2642 4361; x_wconf 90' lang='lat' dir='ltr'><strong>laudatur.</strong></span> <span class='ocrx_word' id='word_1_813' title='bbox 2665 4306 2779 4361; x_wconf 85' lang='lat' dir='ltr'><strong>Hoc</strong></span> <span class='ocrx_word' id='word_1_814' title='bbox 2802 4322 2929 4377; x_wconf 83' lang='lat' dir='ltr'><strong>ergo</strong></span> <span class='ocrx_word' id='word_1_815' title='bbox 2950 4320 3136 4363; x_wconf 89' lang='lat' dir='ltr'><strong>errore</strong></span> <span class='ocrx_word' id='word_1_816' title='bbox 3162 4310 3252 4365; x_wconf 92' lang='lat' dir='ltr'><strong>ille</strong></span> <span class='ocrx_word' id='word_1_817' title='bbox 3282 4326 3380 4366; x_wconf 92' lang='lat' dir='ltr'><strong>nos</strong></span> <span class='ocrx_word' id='word_1_818' title='bbox 3410 4327 3516 4368; x_wconf 92' lang='lat' dir='ltr'><strong>non</strong></span> <span class='ocrx_word' id='word_1_819' title='bbox 3540 4313 3806 4383; x_wconf 82' lang='lat' dir='ltr'><strong>decipiat,</strong></span> 
     </span>
    </p>
   </div>
   <div class='ocr_carea' id='block_1_105' title="bbox 2212 4397 3807 4474">
    <p class='ocr_par' dir='ltr' id='par_1_105' title="bbox 2212 4397 3807 4474">
     <span class='ocr_line' id='line_1_105' title="bbox 2212 4397 3807 4474; baseline 0.006 -23"><span class='ocrx_word' id='word_1_820' title='bbox 2212 4411 2314 4453; x_wconf 92' lang='lat' dir='ltr'><strong>nec</strong></span> <span class='ocrx_word' id='word_1_821' title='bbox 2341 4411 2516 4453; x_wconf 83' lang='lat' dir='ltr'><strong>caecos</strong></span> <span class='ocrx_word' id='word_1_822' title='bbox 2537 4398 2691 4452; x_wconf 87' lang='lat' dir='ltr'><strong>faciat</strong></span> <span class='ocrx_word' id='word_1_823' title='bbox 2713 4397 2780 4452; x_wconf 90' lang='lat' dir='ltr'><strong>ad</strong></span> <span class='ocrx_word' id='word_1_824' title='bbox 2800 4399 3218 4457; x_wconf 87' lang='lat' dir='ltr'><strong>considerandas</strong></span> <span class='ocrx_word' id='word_1_825' title='bbox 3239 4411 3543 4458; x_wconf 90' lang='lat' dir='ltr'><strong>naturarum</strong></span> <span class='ocrx_word' id='word_1_826' title='bbox 3567 4406 3807 4474; x_wconf 89' lang='lat' dir='ltr'><strong>species,</strong></span> 
     </span>
    </p>
   </div>
   <div class='ocr_carea' id='block_1_106' title="bbox 2210 4488 3811 4567">
    <p class='ocr_par' dir='ltr' id='par_1_106' title="bbox 2210 4488 3811 4567">
     <span class='ocr_line' id='line_1_106' title="bbox 2210 4488 3811 4567; baseline 0.007 -25"><span class='ocrx_word' id='word_1_827' title='bbox 2210 4502 2332 4544; x_wconf 89' lang='lat' dir='ltr'><strong>cum</strong></span> <span class='ocrx_word' id='word_1_828' title='bbox 2362 4488 2606 4560; x_wconf 61' lang='lat' dir='ltr'><strong>quaedam</strong></span> <span class='ocrx_word' id='word_1_829' title='bbox 2632 4489 2686 4545; x_wconf 91' lang='lat' dir='ltr'><strong>in</strong></span> <span class='ocrx_word' id='word_1_830' title='bbox 2711 4489 2790 4545; x_wconf 90' lang='lat' dir='ltr'><strong>eis</strong></span> <span class='ocrx_word' id='word_1_831' title='bbox 2820 4489 2890 4545; x_wconf 88' lang='lat' dir='ltr'><strong>ita</strong></span> <span class='ocrx_word' id='word_1_832' title='bbox 2917 4492 3276 4561; x_wconf 87' lang='lat' dir='ltr'><strong>reprehendit,</strong></span> <span class='ocrx_word' id='word_1_833' title='bbox 3312 4504 3369 4549; x_wconf 91' lang='lat' dir='ltr'><strong>ut</strong></span> <span class='ocrx_word' id='word_1_834' title='bbox 3392 4497 3535 4550; x_wconf 92' lang='lat' dir='ltr'><strong>omni</strong></span> <span class='ocrx_word' id='word_1_835' title='bbox 3553 4512 3623 4551; x_wconf 87' lang='lat' dir='ltr'><strong>ex</strong></span> <span class='ocrx_word' id='word_1_836' title='bbox 3648 4508 3811 4567; x_wconf 85' lang='lat' dir='ltr'><strong>parte</strong></span> 
     </span>
    </p>
   </div>
   <div class='ocr_carea' id='block_1_107' title="bbox 2209 4584 3809 4661">
    <p class='ocr_par' dir='ltr' id='par_1_107' title="bbox 2209 4584 3809 4661">
     <span class='ocr_line' id='line_1_107' title="bbox 2209 4584 3809 4661; baseline 0.006 -22"><span class='ocrx_word' id='word_1_837' title='bbox 2209 4592 2364 4655; x_wconf 83' lang='lat' dir='ltr'><strong>cogat</strong></span> <span class='ocrx_word' id='word_1_838' title='bbox 2389 4584 2694 4653; x_wconf 91' lang='lat' dir='ltr'><strong>displicere,</strong></span> <span class='ocrx_word' id='word_1_839' title='bbox 2738 4584 2880 4655; x_wconf 91' lang='lat' dir='ltr'><strong>quod</strong></span> <span class='ocrx_word' id='word_1_840' title='bbox 2925 4587 3071 4641; x_wconf 91' lang='lat' dir='ltr'><strong>omni</strong></span> <span class='ocrx_word' id='word_1_841' title='bbox 3110 4602 3175 4642; x_wconf 87' lang='lat' dir='ltr'><strong>ex</strong></span> <span class='ocrx_word' id='word_1_842' title='bbox 3220 4599 3370 4657; x_wconf 89' lang='lat' dir='ltr'><strong>parte</strong></span> <span class='ocrx_word' id='word_1_843' title='bbox 3398 4592 3809 4661; x_wconf 87' lang='lat' dir='ltr'><strong>reprehendere</strong></span> 
     </span>
    </p>
   </div>
   <div class='ocr_carea' id='block_1_108' title="bbox 2210 4677 3810 4757">
    <p class='ocr_par' dir='ltr' id='par_1_108' title="bbox 2210 4677 3810 4757">
     <span class='ocr_line' id='line_1_108' title="bbox 2210 4677 3810 4757; baseline 0.006 -26"><span class='ocrx_word' id='word_1_844' title='bbox 2210 4690 2318 4731; x_wconf 91' lang='lat' dir='ltr'><strong>non</strong></span> <span class='ocrx_word' id='word_1_845' title='bbox 2342 4684 2553 4746; x_wconf 87' lang='lat' dir='ltr'><strong>potest:</strong></span> <span class='ocrx_word' id='word_1_846' title='bbox 2583 4686 2741 4747; x_wconf 89' lang='lat' dir='ltr'><strong>atque</strong></span> <span class='ocrx_word' id='word_1_847' title='bbox 2786 4677 2888 4732; x_wconf 92' lang='lat' dir='ltr'><strong>hoc</strong></span> <span class='ocrx_word' id='word_1_848' title='bbox 2927 4679 3087 4733; x_wconf 90' lang='lat' dir='ltr'><strong>modo</strong></span> <span class='ocrx_word' id='word_1_849' title='bbox 3115 4681 3349 4736; x_wconf 87' lang='lat' dir='ltr'><strong>animum</strong></span> <span class='ocrx_word' id='word_1_850' title='bbox 3380 4684 3447 4739; x_wconf 92' lang='lat' dir='ltr'><strong>ad</strong></span> <span class='ocrx_word' id='word_1_851' title='bbox 3474 4702 3683 4757; x_wconf 79' lang='lat' dir='ltr'><strong>:equum</strong></span> <span class='ocrx_word' id='word_1_852' title='bbox 3709 4687 3810 4756; x_wconf 82' lang='lat' dir='ltr'><strong>ju-</strong></span> 
     </span>
    </p>
   </div>
   <div class='ocr_carea' id='block_1_109' title="bbox 2209 4767 3809 4843">
    <p class='ocr_par' dir='ltr' id='par_1_109' title="bbox 2209 4767 3809 4843">
     <span class='ocr_line' id='line_1_109' title="bbox 2209 4767 3809 4843; baseline 0.008 -21"><span class='ocrx_word' id='word_1_853' title='bbox 2209 4767 2407 4823; x_wconf 89' lang='lat' dir='ltr'><strong>dicium</strong></span> <span class='ocrx_word' id='word_1_854' title='bbox 2436 4777 2838 4838; x_wconf 89' lang='lat' dir='ltr'><strong>componentes,</strong></span> <span class='ocrx_word' id='word_1_855' title='bbox 2867 4786 3168 4840; x_wconf 71' lang='lat' dir='ltr'><strong>qumramus</strong></span> <span class='ocrx_word' id='word_1_856' title='bbox 3206 4774 3316 4843; x_wconf 88' lang='lat' dir='ltr'><strong>jam</strong></span> <span class='ocrx_word' id='word_1_857' title='bbox 3352 4777 3491 4832; x_wconf 92' lang='lat' dir='ltr'><strong>unde</strong></span> <span class='ocrx_word' id='word_1_858' title='bbox 3538 4780 3641 4832; x_wconf 90' lang='lat' dir='ltr'><strong>sint</strong></span> <span class='ocrx_word' id='word_1_859' title='bbox 3670 4795 3809 4835; x_wconf 86' lang='lat' dir='ltr'><strong>cum</strong></span> 
     </span>
    </p>
   </div>
   <div class='ocr_carea' id='block_1_110' title="bbox 2209 4860 3803 4937">
    <p class='ocr_par' dir='ltr' id='par_1_110' title="bbox 2209 4860 3803 4937">
     <span class='ocr_line' id='line_1_110' title="bbox 2209 4860 3803 4937; baseline 0.01 -22"><span class='ocrx_word' id='word_1_860' title='bbox 2209 4860 2312 4915; x_wconf 90' lang='lat' dir='ltr'><strong>illis</strong></span> <span class='ocrx_word' id='word_1_861' title='bbox 2338 4861 2492 4915; x_wconf 92' lang='lat' dir='ltr'><strong>bonis</strong></span> <span class='ocrx_word' id='word_1_862' title='bbox 2519 4862 2677 4929; x_wconf 90' lang='lat' dir='ltr'><strong>mala,</strong></span> <span class='ocrx_word' id='word_1_863' title='bbox 2706 4878 2825 4932; x_wconf 65' lang='lat' dir='ltr'><strong>qua:</strong></span> <span class='ocrx_word' id='word_1_864' title='bbox 2846 4878 2932 4918; x_wconf 91' lang='lat' dir='ltr'><strong>me</strong></span> <span class='ocrx_word' id='word_1_865' title='bbox 2948 4880 3158 4935; x_wconf 88' lang='lat' dir='ltr'><strong>quoque</strong></span> <span class='ocrx_word' id='word_1_866' title='bbox 3176 4867 3477 4937; x_wconf 88' lang='lat' dir='ltr'><strong>improbare</strong></span> <span class='ocrx_word' id='word_1_867' title='bbox 3494 4869 3803 4931; x_wconf 69' lang='lat' dir='ltr'><strong>8dicebam.</strong></span> 
     </span>
    </p>
   </div>
   <div class='ocr_carea' id='block_1_111' title="bbox 2208 4954 3808 5035">
    <p class='ocr_par' dir='ltr' id='par_1_111' title="bbox 2208 4954 3808 5035">
     <span class='ocr_line' id='line_1_111' title="bbox 2208 4954 3808 5035; baseline 0.008 -28"><span class='ocrx_word' id='word_1_868' title='bbox 2208 4954 2360 5020; x_wconf 89' lang='lat' dir='ltr'><strong>Quod</strong></span> <span class='ocrx_word' id='word_1_869' title='bbox 2390 4954 2597 5010; x_wconf 91' lang='lat' dir='ltr'><strong>facilius</strong></span> <span class='ocrx_word' id='word_1_870' title='bbox 2627 4954 2948 5025; x_wconf 91' lang='lat' dir='ltr'><strong>videbimus,</strong></span> <span class='ocrx_word' id='word_1_871' title='bbox 2984 4959 3028 5013; x_wconf 93' lang='lat' dir='ltr'><strong>si</strong></span> <span class='ocrx_word' id='word_1_872' title='bbox 3058 4960 3109 5014; x_wconf 93' lang='lat' dir='ltr'><strong>in</strong></span> <span class='ocrx_word' id='word_1_873' title='bbox 3136 4976 3301 5016; x_wconf 91' lang='lat' dir='ltr'><strong>unum</strong></span> <span class='ocrx_word' id='word_1_874' title='bbox 3329 4978 3525 5019; x_wconf 92' lang='lat' dir='ltr'><strong>nomen</strong></span> <span class='ocrx_word' id='word_1_875' title='bbox 3556 4968 3808 5035; x_wconf 78' lang='lat' dir='ltr'><strong>pomeri-</strong></span> 
     </span>
    </p>
   </div>
   <div class='ocr_carea' id='block_1_112' title="bbox 2207 5047 3481 5105">
    <p class='ocr_par' dir='ltr' id='par_1_112' title="bbox 2207 5047 3481 5105">
     <span class='ocr_line' id='line_1_112' title="bbox 2207 5047 3481 5105; baseline 0.002 -3"><span class='ocrx_word' id='word_1_876' title='bbox 2207 5062 2328 5102; x_wconf 90' lang='lat' dir='ltr'><strong>mus</strong></span> <span class='ocrx_word' id='word_1_877' title='bbox 2358 5056 2545 5102; x_wconf 89' lang='lat' dir='ltr'><strong>cuncta</strong></span> <span class='ocrx_word' id='word_1_878' title='bbox 2572 5047 2838 5105; x_wconf 88' lang='lat' dir='ltr'><strong>conferre.</strong></span> <span class='ocrx_word' id='word_1_879' title='bbox 3464 5054 3481 5071; x_wconf 86' lang='lat'><strong>&#39;</strong></span> 
     </span>
    </p>
   </div>
   <div class='ocr_carea' id='block_1_113' title="bbox 2278 5138 3807 5221">
    <p class='ocr_par' dir='ltr' id='par_1_113' title="bbox 2278 5138 3807 5221">
     <span class='ocr_line' id='line_1_113' title="bbox 2278 5138 3807 5221; baseline 0.008 -27"><span class='ocrx_word' id='word_1_880' title='bbox 2278 5138 2503 5194; x_wconf 83' lang='lat' dir='ltr'><strong>CAPUT</strong></span> <span class='ocrx_word' id='word_1_881' title='bbox 2564 5139 2782 5196; x_wconf 84' lang='lat' dir='ltr'><strong>XXXV.</strong></span> <span class='ocrx_word' id='word_1_882' title='bbox 2811 5172 2884 5181; x_wconf 95' lang='lat'><strong><em>—</em></strong></span> <span class='ocrx_word' id='word_1_883' title='bbox 2911 5141 2999 5198; x_wconf 74' lang='lat'><strong>59.</strong></span> <span class='ocrx_word' id='word_1_884' title='bbox 3044 5142 3238 5198; x_wconf 83' lang='lat' dir='ltr'><strong>Malum</strong></span> <span class='ocrx_word' id='word_1_885' title='bbox 3278 5146 3404 5201; x_wconf 81' lang='lat' dir='ltr'><strong>nihil</strong></span> <span class='ocrx_word' id='word_1_886' title='bbox 3455 5149 3600 5203; x_wconf 78' lang='lat' dir='ltr'><strong>aliud</strong></span> <span class='ocrx_word' id='word_1_887' title='bbox 3642 5167 3807 5221; x_wconf 78' lang='lat' dir='ltr'><strong>quam</strong></span> 
     </span>
    </p>
   </div>
   <div class='ocr_carea' id='block_1_114' title="bbox 2206 5234 3811 5306">
    <p class='ocr_par' dir='ltr' id='par_1_114' title="bbox 2206 5234 3811 5306">
     <span class='ocr_line' id='line_1_114' title="bbox 2206 5234 3811 5306; baseline 0.007 -19"><span class='ocrx_word' id='word_1_888' title='bbox 2206 5234 2460 5303; x_wconf 83' lang='lat' dir='ltr'><strong>corruptio</strong></span> <span class='ocrx_word' id='word_1_889' title='bbox 2486 5249 2504 5287; x_wconf 90' lang='lat'><strong><em>:</em></strong></span> <span class='ocrx_word' id='word_1_890' title='bbox 2525 5234 2636 5304; x_wconf 77' lang='lat' dir='ltr'><strong>ipsa</strong></span> <span class='ocrx_word' id='word_1_891' title='bbox 2656 5243 2824 5289; x_wconf 75' lang='lat' dir='ltr'><strong>autem</strong></span> <span class='ocrx_word' id='word_1_892' title='bbox 2848 5238 3103 5302; x_wconf 83' lang='lat' dir='ltr'><strong>corruptio</strong></span> <span class='ocrx_word' id='word_1_893' title='bbox 3119 5254 3219 5292; x_wconf 85' lang='lat' dir='ltr'><strong>non</strong></span> <span class='ocrx_word' id='word_1_894' title='bbox 3234 5249 3419 5293; x_wconf 82' lang='lat' dir='ltr'><strong>natura</strong></span> <span class='ocrx_word' id='word_1_895' title='bbox 3444 5249 3535 5306; x_wconf 77' lang='lat' dir='ltr'><strong>est,</strong></span> <span class='ocrx_word' id='word_1_896' title='bbox 3564 5242 3652 5296; x_wconf 78' lang='lat' dir='ltr'><strong>sed</strong></span> <span class='ocrx_word' id='word_1_897' title='bbox 3672 5260 3811 5299; x_wconf 83' lang='lat' dir='ltr'><strong>cou-</strong></span> 
     </span>
    </p>
   </div>
   <div class='ocr_carea' id='block_1_115' title="bbox 2205 5327 3812 5405">
    <p class='ocr_par' dir='ltr' id='par_1_115' title="bbox 2205 5327 3812 5405">
     <span class='ocr_line' id='line_1_115' title="bbox 2205 5327 3812 5405; baseline 0.008 -25"><span class='ocrx_word' id='word_1_898' title='bbox 2205 5334 2284 5381; x_wconf 81' lang='lat' dir='ltr'><strong>tra</strong></span> <span class='ocrx_word' id='word_1_899' title='bbox 2312 5335 2562 5382; x_wconf 85' lang='lat' dir='ltr'><strong>naturam.</strong></span> <span class='ocrx_word' id='word_1_900' title='bbox 2596 5327 2906 5402; x_wconf 82' lang='lat' dir='ltr'><strong>Ubicumque</strong></span> <span class='ocrx_word' id='word_1_901' title='bbox 2924 5332 3199 5403; x_wconf 84' lang='lat' dir='ltr'><strong>corruptio,</strong></span> <span class='ocrx_word' id='word_1_902' title='bbox 3224 5332 3293 5387; x_wconf 85' lang='lat' dir='ltr'><strong>ibi</strong></span> <span class='ocrx_word' id='word_1_903' title='bbox 3310 5332 3495 5389; x_wconf 86' lang='lat' dir='ltr'><strong>bonum</strong></span> <span class='ocrx_word' id='word_1_904' title='bbox 3526 5338 3637 5390; x_wconf 71' lang='lat' dir='ltr'><strong>fuit.</strong></span> <span class='ocrx_word' id='word_1_905' title='bbox 3661 5336 3812 5405; x_wconf 82' lang='lat' dir='ltr'><strong>Quis</strong></span> 
     </span>
    </p>
   </div>
   <div class='ocr_carea' id='block_1_116' title="bbox 2268 5612 3813 5684">
    <p class='ocr_par' dir='ltr' id='par_1_116' title="bbox 2268 5612 3813 5684">
     <span class='ocr_line' id='line_1_116' title="bbox 2268 5612 3813 5684; baseline 0.005 -21"><span class='ocrx_word' id='word_1_906' title='bbox 2268 5616 2289 5684; x_wconf 63' lang='grc' dir='ltr'><strong>ξ</strong></span> <span class='ocrx_word' id='word_1_907' title='bbox 2322 5620 2387 5663; x_wconf 87' lang='lat' dir='ltr'><strong>Ita</strong></span> <span class='ocrx_word' id='word_1_908' title='bbox 2417 5620 2619 5684; x_wconf 77' lang='lat' dir='ltr'><strong>veteres</strong></span> <span class='ocrx_word' id='word_1_909' title='bbox 2653 5612 2779 5663; x_wconf 91' lang='lat' dir='ltr'><strong>libri.</strong></span> <span class='ocrx_word' id='word_1_910' title='bbox 2817 5615 2957 5684; x_wconf 84' lang='lat' dir='ltr'><strong>_Editi</strong></span> <span class='ocrx_word' id='word_1_911' title='bbox 3006 5627 3127 5684; x_wconf 83' lang='lat' dir='ltr'><strong>vero</strong></span> <span class='ocrx_word' id='word_1_912' title='bbox 3150 5629 3163 5664; x_wconf 89' lang='lat'><strong>:</strong></span> <span class='ocrx_word' id='word_1_913' title='bbox 3190 5621 3246 5665; x_wconf 69' lang='lat' dir='ltr'><strong>At</strong></span> <span class='ocrx_word' id='word_1_914' title='bbox 3280 5615 3327 5667; x_wconf 82' lang='lat' dir='ltr'><strong>si</strong></span> <span class='ocrx_word' id='word_1_915' title='bbox 3361 5616 3567 5672; x_wconf 78' lang='lat' dir='ltr'><strong>edomita</strong></span> <span class='ocrx_word' id='word_1_916' title='bbox 3602 5620 3813 5684; x_wconf 71' lang='lat' dir='ltr'><strong>rerum</strong></span> 
     </span>
    </p>
   </div>
   <div class='ocr_carea' id='block_1_117' title="bbox 2203 5675 3219 5739">
    <p class='ocr_par' dir='ltr' id='par_1_117' title="bbox 2203 5675 3219 5739">
     <span class='ocr_line' id='line_1_117' title="bbox 2203 5675 3219 5739; baseline 0 -12"><span class='ocrx_word' id='word_1_917' title='bbox 2203 5675 2393 5727; x_wconf 82' lang='lat' dir='ltr'><strong>dulcem</strong></span> <span class='ocrx_word' id='word_1_918' title='bbox 2416 5675 2597 5739; x_wconf 80' lang='lat' dir='ltr'><strong>leonem</strong></span> <span class='ocrx_word' id='word_1_919' title='bbox 2610 5682 2999 5739; x_wconf 76' lang='lat' dir='ltr'><strong>tumtsuctumque</strong></span> <span class='ocrx_word' id='word_1_920' title='bbox 3022 5678 3219 5729; x_wconf 75' lang='lat' dir='ltr'><strong>videret.</strong></span> 
     </span>
    </p>
   </div>
   <div class='ocr_carea' id='block_1_118' title="bbox 2266 5737 3445 5801">
    <p class='ocr_par' dir='ltr' id='par_1_118' title="bbox 2266 5737 3445 5801">
     <span class='ocr_line' id='line_1_118' title="bbox 2266 5737 3445 5801; baseline 0.007 -14"><span class='ocrx_word' id='word_1_921' title='bbox 2266 5741 2286 5770; x_wconf 70' lang='grc'><em>³</em></span> <span class='ocrx_word' id='word_1_922' title='bbox 2310 5740 2424 5788; x_wconf 83' lang='lat' dir='ltr'><strong>Editi</strong></span> <span class='ocrx_word' id='word_1_923' title='bbox 2449 5738 2612 5801; x_wconf 88' lang='lat' dir='ltr'><strong>vulgo,</strong></span> <span class='ocrx_word' id='word_1_924' title='bbox 2641 5737 2693 5801; x_wconf 81' lang='lat' dir='ltr'><strong>in</strong></span> <span class='ocrx_word' id='word_1_925' title='bbox 2713 5745 2878 5789; x_wconf 85' lang='lat' dir='ltr'><strong>totum.</strong></span> <span class='ocrx_word' id='word_1_926' title='bbox 2924 5737 3245 5791; x_wconf 77' lang='lat' dir='ltr'><strong>Emendantur</strong></span> <span class='ocrx_word' id='word_1_927' title='bbox 3264 5755 3325 5791; x_wconf 84' lang='lat' dir='ltr'><strong>ex</strong></span> <span class='ocrx_word' id='word_1_928' title='bbox 3338 5750 3445 5795; x_wconf 79' lang='lat' dir='ltr'><strong>Mss.</strong></span> 
     </span>
    </p>
   </div>
   <div class='ocr_carea' id='block_1_119' title="bbox 2266 5800 3421 5868">
    <p class='ocr_par' dir='ltr' id='par_1_119' title="bbox 2266 5800 3421 5868">
     <span class='ocr_line' id='line_1_119' title="bbox 2266 5800 3421 5868; baseline 0.005 -17"><span class='ocrx_word' id='word_1_929' title='bbox 2266 5803 2287 5833; x_wconf 82' lang='grc'><strong>³</strong></span> <span class='ocrx_word' id='word_1_930' title='bbox 2318 5802 2455 5864; x_wconf 80' lang='lat' dir='ltr'><strong>Editi,</strong></span> <span class='ocrx_word' id='word_1_931' title='bbox 2478 5800 2877 5865; x_wconf 80' lang='lat' dir='ltr'><strong>improbaturum.</strong></span> <span class='ocrx_word' id='word_1_932' title='bbox 2903 5808 2959 5853; x_wconf 75' lang='lat' dir='ltr'><strong>At</strong></span> <span class='ocrx_word' id='word_1_933' title='bbox 2980 5809 3107 5866; x_wconf 68' lang='lat' dir='ltr'><strong>Mss,</strong></span> <span class='ocrx_word' id='word_1_934' title='bbox 3130 5804 3421 5868; x_wconf 79' lang='lat' dir='ltr'><strong>unprobare.</strong></span> 
     </span>
    </p>
   </div>
  </div>
