4052 6488
261 457 360 515 ΞΜ

261 574 404 630 enim
426 574 637 634 dubitet
683 585 855 635 totum
892 577 1025 636 illud
1050 577 1192 650 quod
1220 577 1412 635 dicitur
1452 577 1672 643 malum,
1700 571 1844 629 nihil

260 681 380 722 esse
407 668 553 725 aliud
578 686 740 743 quam
766 672 1197 742 corruptionem?
1224 672 1454 727 Possunt
1480 669 1698 742 quidem
1723 666 1842 723 aliis

260 769 420 831 atque
447 762 569 818 aliis
596 764 874 824 vocabulis
902 766 1005 822 alia
1046 773 1208 837 atque
1233 764 1335 819 alia
1367 762 1503 818 mala
1531 760 1794 816 nominari
1831 776 1846 814 :

258 854 350 908 sed
378 854 521 925 quod
552 857 794 913 omnium
822 873 1001 914 rerum
1031 859 1230 913 malum
1275 859 1364 925 sit,
1407 857 1463 912 in
1502 856 1692 926 quibus
1723 853 1849 909 mali

257 948 459 1018 aliquid
485 949 842 1007 animadverti
871 961 1067 1024 potest,
1099 952 1372 1022 corruptio
1396 960 1497 1006 est.
1524 949 1631 1006 Sed
1658 964 1851 1003 corru-

260 1041 373 1108 ptio
405 1043 591 1111 peritae
613 1047 827 1113 animae,
859 1046 1123 1115 imperitia
1154 1054 1404 1108 vocatur;
1428 1042 1701 1111 corruptio
1722 1055 1853 1111 pru-

260 1131 458 1199 dentis,
492 1135 881 1204 imprudentia;
910 1138 1184 1209 corruptio
1203 1136 1385 1207 justze,
1410 1133 1696 1205 injustitia;
1718 1146 1844 1187 cor-

260 1224 438 1292 ruptio
467 1223 642 1293 fortis,
675 1228 911 1298 ignavia;
939 1228 1213 1299 corruptio
1254 1228 1449 1296 quietae
1490 1234 1650 1296 atque
1692 1233 1852 1279 trau-

259 1315 461 1383 quillaa.
491 1318 777 1387 cupiditas,
808 1320 893 1375 vel
919 1329 1114 1387 metus,
1145 1320 1231 1375 vel
1279 1319 1511 1383 tristitia,
1540 1318 1621 1373 vel
1646 1317 1857 1387 jactan-

260 1406 352 1459 tia.
388 1407 593 1464 Deinde
632 1414 684 1464 in
724 1426 952 1482 corpore
996 1414 1229 1467 animato
1269 1413 1543 1482 corruptio
1579 1412 1851 1477 sanitatis,

258 1496 419 1553 dolor
438 1510 495 1556 et
513 1503 764 1568 morbus;
794 1505 1066 1574 corruptio
1107 1505 1317 1571 virium,
1356 1503 1641 1569 lassitudo;
1669 1518 1856 1559 corru-

259 1591 375 1660 ptio
420 1593 645 1662 quietis,
673 1593 842 1649 labor.
886 1594 1089 1650 Deinde
1111 1595 1164 1649 in
1196 1596 1313 1665 ipso
1342 1595 1456 1650 solo
1481 1609 1708 1665 corpore
1734 1608 1855 1650 cor-

258 1685 442 1755 ruptio
469 1686 901 1756 pulchritudinis,
925 1687 1169 1754 foeditas;
1196 1689 1469 1759 corruptio
1495 1687 1852 1755 rectitudinis,

259 1778 533 1845 pravitas;
583 1780 859 1849 corruptio
908 1778 1134 1844 ordinis,
1179 1780 1535 1850 perversitas;
1584 1779 1857 1849 corruptio

260 1869 606 1939 integritatis,
654 1870 923 1937 discissio,
976 1879 1068 1925 aut
1115 1869 1367 1939 fractura,
1414 1880 1507 1926 aut
1549 1870 1854 1927 diminutio.

261 1960 507 2032 Longum
538 1972 622 2018 est
640 1972 696 2019 et
719 1964 938 2021 difficile
964 1974 1018 2020 et
1047 1964 1243 2020 harum
1270 1980 1451 2021 rerum
1476 1980 1610 2036 quas
1628 1981 1858 2022 comme—

261 2053 491 2118 moravi,
527 2063 585 2109 et
606 2054 829 2109 aliarum
857 2055 1325 2111 innumerabilium
1347 2070 1536 2112 omnes
1556 2057 1857 2126 corruptio-

262 2160 359 2200 nes
391 2146 712 2202 nominatim
744 2148 1054 2214 enuntiare;
1084 2162 1205 2203 cum
1234 2147 1394 2203 etiam
1426 2148 1607 2203 multa:
1629 2163 1747 2217 quae
1774 2148 1857 2203 di-

262 2248 457 2293 cuntur
486 2239 541 2293 in
568 2254 816 2312 corpore,
848 2240 1056 2311 possint
1083 2250 1138 2296 et
1166 2242 1219 2296 in
1243 2242 1420 2296 anima
1449 2240 1575 2305 dici,
1618 2249 1672 2296 et
1702 2242 1857 2297 innu-

262 2331 541 2386 merabilia
586 2331 696 2386 sint
739 2332 792 2385 iu
838 2332 1028 2401 quibus
1059 2332 1554 2403 propria'vocabula
1582 2333 1856 2403 corruptio

262 2430 461 2477 teneat.
490 2421 876 2480 Verumtamen
917 2424 1099 2481 videre
1122 2426 1233 2495 jam
1261 2425 1415 2481 facile
1466 2434 1550 2481 est
1592 2425 1723 2481 nihil
1751 2441 1854 2483 no-

263 2531 385 2571 cere
400 2518 829 2585 corruptionem,
859 2518 959 2573 nisi
985 2517 1129 2588 quod
1154 2518 1402 2574 labefacit
1425 2519 1720 2574 naturalem
1755 2528 1856 2575 sta-

264 2618 405 2673 tum;
437 2618 494 2663 et
517 2607 639 2663 ideo
667 2624 785 2664 eam
812 2623 915 2664 non
942 2624 1063 2665 esse
1091 2619 1357 2677 naturam,
1382 2610 1477 2667 sed
1492 2614 1683 2666 ‘contra
1708 2621 1855 2668 natu-

265 2716 396 2755 ram.
425 2700 586 2768 Quod
606 2701 652 2755 si
674 2718 783 2757 non
810 2702 1079 2758 invenitur
1105 2703 1159 2757 in
1184 2703 1347 2759 rebus
1372 2705 1569 2759 malum
1600 2705 1703 2760 nisi
1731 2720 1857 2761 cor-

266 2793 461 2864 ruptio,
507 2802 563 2849 et
606 2795 880 2865 corruptio
928 2812 1034 2851 non
1077 2805 1159 2851 est
1206 2803 1426 2863 natura;
1477 2796 1621 2852 nulla
1674 2798 1854 2869 utique

265 2893 446 2939 natura
474 2885 675 2940 malum
706 2895 807 2941 est.

338 2978 421 3033 40.
460 2979 571 3036 Sed
618 2981 661 3035 si
708 2980 811 3034 hoc
851 2979 989 3036 forte
1016 2980 1316 3051 intelligere
1345 2996 1451 3036 non
1478 2981 1690 3047 valetis,
1724 2982 1853 3039 illud

266 3072 537 3139 attendite,
570 3072 713 3143 quod
743 3087 901 3127 omne
931 3072 1070 3142 quod
1100 3074 1477 3143 corrumpitur,
1506 3074 1646 3128 bono
1673 3074 1854 3145 aliquo

264 3164 520 3220 minuitur
557 3183 572 3220 :
604 3164 728 3234 quia
772 3166 817 3219 si
862 3179 968 3220 non
997 3176 1452 3236 corrumperetur,
1486 3167 1852 3239 incorruptum

264 3266 432 3320 esset;
463 3256 515 3312 si
542 3270 674 3311 vero
694 3256 852 3311 etiam
879 3272 982 3310 non
1011 3265 1195 3326 posset
1215 3259 1435 3313 omnino
1452 3260 1742 3329 corrumpi,
1772 3260 1854 3315 in-

264 3348 611 3416 corruptibile
630 3357 794 3405 esset.
823 3347 1054 3404 Necesse
1079 3357 1162 3404 est
1180 3357 1359 3404 autem
1383 3358 1441 3404 ut
1465 3351 1578 3405 sive
1607 3350 1852 3406 incorru-

263 3442 367 3511 ptio
393 3442 513 3496 sive
538 3441 1011 3512 incorruptibilitas
1060 3442 1258 3497 bonum
1311 3442 1401 3508 sit,
1444 3443 1488 3497 si
1530 3443 1729 3498 malum
1769 3452 1853 3499 est

262 3534 554 3605 corruptio.
604 3532 711 3590 Sed
754 3546 898 3588 nunc
940 3532 1011 3588 de
1057 3541 1243 3589 natura
1273 3532 1659 3604 incorruptibili
1704 3535 1852 3589 nulla

260 3627 485 3696 quaestio
527 3634 613 3681 est
639 3642 653 3679 :
682 3624 751 3680 de
790 3624 874 3680 his
917 3625 1091 3695 agitur
1130 3640 1249 3695 quae
1275 3623 1515 3695 ’possunt
1556 3626 1848 3696 corrumpi,

259 3734 375 3789 qua:
401 3717 529 3773 dum
557 3732 666 3772 non
691 3726 1128 3787 corrumpuntur,
1152 3716 1457 3787 incorrupta
1483 3716 1584 3773 dici
1608 3727 1851 3789 possunt,

258 3811 683 3881 incorruptibilia
710 3825 815 3865 non
847 3817 1090 3881 possunt.
1131 3808 1264 3865 lllud
1291 3812 1433 3866 enim
1464 3811 1635 3865 solum
1676 3812 1854 3868 incor-

258 3900 513 3974 ruptibfle
550 3904 769 3973 proprie
795 3901 1007 3968 dicitur,
1035 3902 1175 3973 quod
1218 3918 1322 3956 non
1352 3910 1553 3957 tantum
1596 3917 1702 3958 non
1732 3919 1854 3959 cor-

259 3999 555 4066 rumpitur,
582 3996 675 4053 sed
713 3996 871 4052 etiam
913 3995 1057 4051 nulla
1085 4010 1152 4051 ex
1180 4002 1330 4064 parte
1355 3994 1627 4065 corrumpi
1654 4004 1849 4065 potest.

266 4087 587 4157 lncorrupta
624 4103 741 4159 ergo
766 4100 1116 4158 quascumque
1143 4095 1267 4143 sunt
1294 4094 1349 4141 et
1377 4094 1551 4140 tamen
1579 4087 1851 4158 corrumpi

259 4188 514 4249 possunt,
543 4193 660 4234 cum
688 4178 952 4249 corrumpi
994 4178 1271 4249 cmperint,
1318 4193 1383 4233 eo
1424 4178 1538 4248 ipso
1569 4178 1709 4235 bono
1747 4181 1852 4234 mi-

258 4282 506 4327 nuuntur
523 4287 627 4342 quo
645 4273 947 4342 incorrupta
961 4281 1111 4327 erant
1129 4288 1143 4337 ;
1167 4280 1220 4327 et
1236 4286 1428 4343 magno
1448 4272 1662 4343 quidem
1686 4273 1847 4342 bono,

258 4366 382 4436 quia
424 4380 677 4436 magnum
723 4365 919 4419 malum
951 4374 1035 4420 est
1064 4366 1376 4435 corruptio:
1408 4374 1462 4421 et
1491 4366 1743 4436 quamdiu
1795 4368 1848 4422 in

260 4458 337 4513 eis
365 4458 550 4528 augeri
576 4457 851 4526 corruptio
881 4464 1077 4526 potest,
1102 4456 1302 4510 tamdiu
1319 4456 1724 4512 liabeutbonum
1743 4472 1850 4528 quo

257 4550 582 4604 minuantur.
612 4548 946 4618 Quapropter
984 4556 1189 4603 natura:
1229 4548 1331 4602 illa:
1356 4563 1488 4618 quas
1515 4549 1567 4605 in
1600 4551 1849 4606 tenebra-

258 4657 373 4695 rum
402 4650 544 4696 terra
570 4639 734 4695 fuisse
761 4640 1036 4711 confingit,
1066 4648 1157 4694 aut
1186 4650 1430 4710 poterant
1446 4644 1736 4714 corrumpi,
1759 4654 1852 4701 aut

255 4748 360 4787 uon
392 4741 663 4803 poterant.
696 4732 886 4788 Sinon
917 4743 1182 4803 poterant,
1215 4734 1643 4805 incorruptibiles
1671 4748 1845 4804 erant,

255 4839 357 4893 quo
388 4824 532 4880 bono
558 4823 805 4894 superius
835 4823 964 4878 nihil
986 4832 1092 4880 est.
1113 4823 1169 4880 Si
1197 4834 1463 4896 poterant,
1491 4836 1846 4885 autcorrum-

254 4916 540 4986 pebantur,
574 4926 666 4973 aut
694 4933 801 4973 non
830 4918 1342 4989 corrumpebantur:
1370 4920 1415 4975 si
1455 4936 1562 4975 non
1601 4936 1847 4978 corrum-

251 5011 537 5079 pebantur,
581 5011 902 5082 incorruptae
940 5022 1112 5081 erant,
1143 5014 1285 5085 quod
1314 5014 1557 5071 videmus
1584 5017 1700 5073 sine
1728 5033 1847 5074 ma-

250 5118 352 5172 gna
380 5103 539 5160 laude
568 5104 674 5160 dici
716 5120 824 5160 non
850 5120 1005 5176 posse
1031 5123 1044 5159 :
1069 5107 1113 5161 si
1142 5115 1316 5162 autem
1348 5110 1845 5180 corrumpebantur,

250 5194 637 5250 minuebantur
678 5195 772 5250 illo
813 5204 918 5251 tam
949 5211 1143 5267 magno
1169 5196 1343 5263 bono;
1376 5199 1422 5252 si
1470 5199 1848 5260 minuebantur

250 5284 415 5350 bono,
449 5285 936 5343 habebantbonum
967 5303 1073 5359 quo
1100 5287 1497 5357 minuerentur;
1527 5292 1667 5363 quod
1687 5295 1732 5349 si
1754 5296 1846 5352 lia-

247 5378 449 5434 bebant
491 5379 715 5445 bonum,
759 5396 865 5437 non
891 5391 1045 5438 erant
1071 5390 1273 5439 naturae
1302 5383 1408 5438 illae
1435 5398 1702 5442 summum
1730 5404 1847 5445 ma-

247 5472 385 5540 lum,
416 5482 470 5530 et
494 5476 672 5530 omnis
697 5475 971 5532 Mauicbtei
997 5475 1170 5534 fabula
1195 5475 1328 5534 falsa
1358 5488 1459 5535 est.

321 5589 552 5646 CAPUT
581 5589 826 5647 XXXVI.
849 5621 921 5639 -η
938 5592 1028 5647 Il.
1055 5590 1204 5649 Unde
1226 5591 1440 5660 malum,
1461 5594 1563 5650 sive
1587 5598 1844 5669 corruptio

242 5679 389 5735 boni.
418 5681 529 5738 Sed
557 5683 810 5753 quoniam
837 5684 1178 5754 quaesivimus
1196 5684 1321 5756 quid
1338 5695 1481 5743 esset
1501 5688 1721 5754 malum,
1745 5705 1845 5748 ne-

239 5793 357 5848 que
386 5776 487 5831 hoc
518 5786 782 5843 naturam,
809 5778 905 5834 sed
933 5787 1118 5834 contra
1163 5788 1406 5835 naturam
1433 5795 1554 5836 esse
1596 5785 1847 5854 cognovi-

240 5886 407 5937 mus;
450 5880 844 5941 consequenter
872 5865 1242 5943 quaerendum
1269 5881 1352 5929 est
1401 5873 1543 5931 unde
1569 5875 1676 5930 sit:
1704 5877 1845 5947 quod

240 5965 342 6025 ille
366 5966 411 6020 si
440 5965 681 6032 fecisset,
711 5966 886 6021 minus
909 5964 1138 6022 fortasse
1164 5965 1221 6022 in
1240 5966 1337 6023 has
1368 5968 1496 6025 tanti
1519 5968 1717 6025 erroris
1744 5984 1845 6027 an-

474 6059 707 6124 Smcr.
731 6071 1027 6151 gAueus'r.
1078 6059 1249 6125 VIII.

1685 453 1891 513 LlBER
1928 452 2129 516 UNUS.

1954 571 2154 641 gustias
2182 573 2468 631 laberetur.
2500 574 2849 648 Praepropere
2872 580 3068 653 quippe
3107 598 3172 642 ac
3212 600 3541 662 praepostere

1957 664 2201 732 quaesivit
2227 665 2368 722 unde
2395 678 2558 734 esset,
2591 670 2732 740 quod
2753 672 2927 742 primo
2957 689 3061 730 non
3101 680 3387 748 quaesierat
3411 684 3543 753 quid

1956 764 2131 810 esset:
2162 765 2218 812 et
2245 757 2365 813 ideo
2394 760 2540 817 nullo
2563 761 2722 818 modo
2748 772 3037 833 potuerunt
3062 772 3321 836 quaerenti
3351 786 3545 829 occur-

1958 863 2076 904 rere
2114 850 2218 904 nisi
2259 865 2396 905 vana
2437 853 2827 922 phantasmata,
2857 858 3051 927 quibus
3075 860 3290 917 dillicile
3334 866 3545 923 animus

1958 942 2261 997 carnalibus
2289 945 2533 1000 sensibus
2551 948 2775 1003 multum
2802 960 2984 1019 pastus
2999 954 3227 1008 exuitur.
3253 956 3402 1012 Dicet
3416 974 3547 1030 ergo

1958 1031 2168 1102 aliquis,
2198 1049 2303 1088 non
2327 1034 2435 1103 jam
2464 1044 2689 1102 certare,
2720 1038 2816 1094 sed
2856 1056 2963 1095 non
2987 1057 3169 1099 errare
3194 1045 3542 1104 desiderans:

1958 1122 2110 1178 Unde
2148 1133 2231 1179 est
2258 1125 2357 1180 ista
2383 1128 2673 1196 corruptio,
2706 1130 2845 1199 quod
2876 1133 3023 1201 quasi
3071 1138 3321 1204 generale
3345 1140 3547 1196 malum

1958 1233 2138 1273 rerum
2166 1217 2446 1283 bonarum,
2475 1220 2569 1275 sed
2599 1229 2774 1277 tamen
2797 1227 3220 1295 corruptibilium
3246 1245 3368 1287 esse
3390 1248 3543 1289 com-

1958 1310 2230 1379 perimus?
2250 1309 2349 1379 Qui
2375 1312 2494 1367 talis
2520 1313 2731 1381 quaerit,
2761 1314 2868 1369 cito
2894 1316 3090 1373 invenit
3124 1336 3316 1391 magno
3354 1326 3547 1382 ardore

1958 1416 2142 1456 verum
2169 1413 2378 1472 petens,
2411 1411 2464 1458 et
2488 1406 2754 1460 constanti
2783 1414 3175 1477 perseverantia
3196 1416 3280 1483 pie
3304 1418 3543 1484 pulsans.

1958 1491 2060 1546 Per
2089 1492 2331 1548 homines
2370 1495 2511 1550 enim
2541 1501 2980 1555 commemoratio
3012 1502 3184 1574 aliqua
3216 1508 3381 1577 signis
3418 1525 3546 1565 ver-

1957 1582 2148 1639 borum
2180 1587 2293 1641 fieri
2323 1596 2531 1655 potest:
2563 1588 2721 1645 docet
2744 1599 2922 1646 autem
2954 1608 3090 1647 unus
3115 1610 3275 1651 verus
3297 1599 3547 1671 Magister

1958 1675 2071 1745 ipsa
2095 1675 2513 1747 incorruptibilis
2555 1678 2783 1748 Veritas,
2825 1683 2974 1738 solus
3010 1684 3257 1755 Magister
3285 1689 3543 1748 interior:

1957 1768 2045 1837 qui
2075 1770 2237 1825 etiam
2265 1773 2498 1826 exterior
2523 1771 2693 1828 factus
2717 1783 2822 1841 est,
2855 1786 2913 1831 ut
2938 1791 3037 1832 nos
3080 1781 3148 1833 ab
3194 1784 3548 1843 exterioribus

1958 1859 2024 1914 ad
2054 1860 2307 1916 interiora
2332 1874 2639 1930 revocaret;
2672 1874 2725 1919 et
2752 1863 2979 1922 formam
3005 1870 3147 1924 servi
3176 1874 3465 1944 accipiens,
3491 1884 3549 1932 ut

1957 1951 2073 2021 ejus
2102 1952 2435 2009 sublimitas1
2466 1957 2808 2026 surgentibus
2844 1959 3220 2029 iunotesceret,
3250 1964 3551 2034 jacentibus

1957 2044 2174 2099 humilis
2187 2060 2444 2117 apparere
2454 2046 2702 2117 dignatus
2721 2057 2822 2104 est.
2844 2049 2900 2104 ln
2920 2052 3035 2122 ejus
3056 2056 3270 2110 nomine
3282 2059 3549 2130 supplices

1957 2136 2144 2202 simus,
2174 2145 2226 2190 et
2248 2151 2342 2206 per
2375 2151 2496 2192 eum
2538 2139 2957 2197 misericordiam
2985 2144 3156 2201 Patris
3196 2148 3545 2219 implorantes

1957 2226 2057 2281 ista
2102 2243 2426 2299 quaeramus.
2475 2230 2657 2286 Primo
2700 2233 2843 2287 enim
2890 2233 3204 2294 brevissime
3233 2243 3550 2311 responderi

1958 2326 2135 2388 potest
2160 2320 2521 2389 quaareutibus
2550 2322 2691 2378 unde
2718 2328 2988 2395 corruptio
3015 2336 3118 2393 est,
3166 2344 3288 2384 cum
3328 2333 3546 2403 dicitur,

1956 2410 2040 2466 Ex
2066 2426 2134 2467 eo
2161 2413 2302 2483 quod
2346 2414 2429 2468 hae
2474 2424 2675 2471 naturae
2704 2431 2825 2487 quae
2869 2422 3140 2490 corrumpi
3171 2435 3409 2493 possunt,
3438 2442 3550 2485 non

1957 2502 2024 2558 de
2049 2503 2162 2559 Deo
2184 2505 2399 2575 genitae,
2432 2506 2524 2561 sed
2555 2506 2622 2562 ab
2662 2522 2728 2562 eo
2765 2508 2835 2565 de
2863 2510 3030 2566 nihilo
3056 2511 3209 2567 fact-.e
3234 2527 3358 2571 sunt
3378 2535 3391 2571 :
3412 2533 3550 2588 quas

1956 2596 2205 2666 quoniam
2238 2596 2403 2652 bonas
2419 2598 2556 2653 ratio
2580 2600 2824 2669 superior
2844 2602 3248 2675 demonstravit,
3274 2624 3432 2664 nemo
3452 2625 3551 2681 po-

1960 2694 2061 2742 test
2091 2696 2237 2742 recte
2281 2686 2481 2755 dicere,
2524 2688 2639 2744 Non
2670 2689 2885 2747 fecisset
2914 2694 3057 2750 Deus
3094 2697 3254 2753 bona.
3285 2701 3339 2756 Si
3366 2711 3550 2758 autem

1955 2778 2169 2847 dixerit,
2220 2779 2443 2836 Summe
2488 2782 2625 2837 bona
2675 2785 2959 2853 fecisset”,
3008 2799 3220 2859 oportet
3288 2794 3551 2866 intelligat

1954 2884 2219 2925 summum
2249 2870 2447 2926 bonum
2476 2872 2650 2943 ipsum
2671 2890 2811 2943 esse,
2842 2878 2933 2947 qui
2960 2877 3083 2935 fecit
3105 2883 3218 2938 ha'c
3242 2884 3399 2940 bona.

2026 2962 2249 3020 CAPUT
2280 2965 2542 3022 XXXVII.
2574 2998 2644 3008 -—
2671 2969 2759 3023 42.
2790 2969 2949 3025 Solus
2974 2970 3114 3029 Deus
3135 2992 3330 3033 suntme
3354 2981 3537 3037 bonus.

1954 3055 2093 3123 Quid
2132 3058 2279 3124 mali,
2330 3059 2525 3129 inquis,
2560 3062 2731 3129 ﬁeret,
2759 3063 2803 3118 si
2828 3075 2882 3119 et
2929 3065 3028 3120 ista
3086 3068 3274 3125 tierent
3331 3088 3545 3132 summe

1954 3149 2132 3205 bona?
2158 3150 2227 3205 Et
2265 3161 2437 3208 tamen
2466 3155 2509 3207 si
2537 3156 2658 3224 quis
2695 3170 2767 3212 ex
2788 3157 2945 3213 nobis
2992 3173 3276 3232 quaereret,
3324 3180 3548 3241 accepto

1954 3249 2010 3297 et
2035 3241 2241 3298 credito
2293 3242 2406 3299 Deo
2464 3244 2623 3300 Patre
2663 3261 2875 3303 summo
2916 3248 3080 3319 bono,
3120 3253 3166 3307 si
3207 3265 3351 3312 esset
3400 3259 3548 3317 aliud

1953 3351 2163 3393 summe
2190 3338 2407 3405 bonum,
2451 3340 2593 3395 unde
2623 3356 2743 3398 esse
2771 3343 2927 3398 nobis
2952 3345 3037 3415 pie
3067 3348 3360 3419 videretur,
3392 3354 3542 3410 nullo

1953 3430 2115 3485 modo
2153 3440 2300 3486 recte
2333 3432 2803 3502 responderemus,
2848 3436 2951 3492 nisi
3004 3438 3071 3494 de
3113 3440 3225 3497 Deo
3251 3443 3410 3501 Patre
3450 3447 3545 3517 qui

1953 3537 2162 3579 summe
2190 3522 2364 3579 bonus
2408 3534 2511 3579 est.
2542 3523 2695 3592 Quod
2736 3542 2865 3599 ergo
2889 3528 2956 3585 de
2986 3530 3080 3587 illo
3104 3543 3205 3597 est,
3237 3537 3546 3595 memineri-

1953 3628 2073 3669 mus
2099 3622 2281 3669 natum
2306 3616 2374 3671 de
2398 3616 2492 3671 illo
2519 3632 2660 3686 esse,
2688 3635 2795 3674 non
2823 3622 2892 3677 ab
2935 3638 3002 3678 eo
3030 3622 3227 3681 factum
3257 3628 3325 3683 de
3346 3631 3539 3701 nihilo,

1953 3712 2008 3759 et
2031 3704 2151 3760 ideo
2174 3714 2229 3761 et
2259 3706 2362 3761 hoc
2405 3723 2635 3777 summe,
2680 3709 2732 3765 id
2780 3723 2882 3779 est,
2929 3714 3401 3786 incorruptibiliter
3439 3722 3543 3779 bo-

1952 3812 2080 3853 num
2151 3813 2317 3855 esse:
2350 3800 2698 3873 videmusque
2761 3804 2959 3876 injuste
3017 3806 3245 3881 flagitari
3308 3823 3366 3869 ut
3430 3824 3543 3874 tam

1952 3903 2160 3946 summe
2185 3891 2324 3947 bona
2351 3894 2460 3948 sint
2483 3910 2602 3965 qua:
2628 3895 2756 3952 fecit
2795 3897 2863 3954 de
2892 3898 3081 3969 nihilo,
3125 3918 3284 3974 quam
3329 3922 3543 3967 summe

1952 3984 2125 4041 bonus
2150 3995 2233 4042 est
2260 4004 2417 4059 quem
2462 3990 2532 4047 de
2557 4006 2617 4047 se
2640 3994 2825 4063 genuit
2857 4013 2869 4049 :
2899 4011 3059 4067 quem
3103 4000 3206 4055 nisi
3248 4017 3411 4059 unum
3448 4020 3544 4075 ge-

1954 4080 2177 4147 nuisset,
2221 4097 2330 4137 non
2381 4083 2434 4138 id
2482 4084 2623 4155 quod
2666 4086 2780 4156 ipse
2808 4096 2890 4143 est
2928 4090 3220 4161 genuisset,
3268 4096 3393 4166 quia
3423 4097 3540 4167 ipse
3584 4150 3589 4153 .

1953 4188 2089 4229 unus
2114 4181 2216 4228 est.
2244 4173 2580 4247 Quapropter
2608 4180 2769 4235 unico
2796 4182 3007 4253 quidem
3052 4183 3212 4252 Filio,
3238 4203 3335 4258 per
3377 4205 3540 4260 quem

1952 4266 2091 4323 facta
2116 4275 2241 4323 sunt
2277 4269 2487 4325 aPatre
2525 4273 2703 4327 omnia
2755 4275 2893 4329 bona
2926 4276 2995 4332 de
3050 4279 3238 4347 nihilo,
3290 4282 3539 4353 imperite

1949 4366 2107 4429 atque
2150 4359 2313 4430 impie
2356 4361 2547 4417 fratres
2579 4374 2889 4434 quaeruntur
2907 4366 2952 4434 ³,
3005 4369 3109 4425 nisi
3132 4385 3195 4425 ex
3225 4387 3289 4427 eo
3316 4376 3457 4444 quod
3484 4377 3539 4433 in

1951 4450 2167 4507 homine
2194 4467 2453 4523 apparere
2478 4456 2722 4527 dignatus
2763 4467 2865 4513 est.
2897 4458 3028 4515 Nam
3069 4463 3190 4519 ideo
3215 4475 3268 4520 et
3298 4469 3541 4539 unigeni-

1952 4551 2036 4597 tus
2061 4543 2115 4597 in
2145 4544 2433 4615 Scripturis
2457 4556 2511 4603 et
2543 4550 2925 4620 primogenitus
2963 4553 3158 4611 dicitur
3189 4575 3204 4612 :
3237 4560 3539 4631 unigenitus

1950 4650 1981 4690 a
2026 4636 2203 4704 Patre,
2233 4639 2618 4711 primogenitus
2658 4658 2726 4699 ex
2762 4647 3006 4703 mortuis.
3058 4649 3128 4705 Et
3162 4653 3400 4724 vidimus,
3452 4659 3537 4713 in-

1949 4730 2081 4799 quit,
2109 4731 2323 4801 gloriam
2363 4735 2475 4803 ejus
2517 4742 2758 4806 tanquam
2797 4740 3041 4812 unigeniti
3076 4760 3109 4797 a
3133 4743 3311 4815 Patre,
3360 4750 3536 4819 pleni‘

1948 4824 2114 4894 gratia
2133 4833 2180 4878 et
2202 4826 2406 4881 veritate
2433 4826 2613 4898 (Ioan.
2645 4845 2682 4894 ι,
2714 4829 2802 4898 Η,
2828 4831 2918 4905 18)
2945 4851 2958 4887 :
2981 4842 3037 4889 et
3061 4834 3255 4892 Paulus
3279 4838 3426 4895 dicit.
3460 4839 3533 4896 Ut

1947 4917 2014 4971 sit
2035 4917 2144 4989 ipse
2155 4919 2517 4991 primogenitus
2532 4922 2583 4976 in
2606 4922 2778 4977 multis
2803 4926 3044 4996 fratribus
3068 4928 3243 4999 (Rom.
3273 4946 3383 4995 νιιι,
3414 4931 3536 5003 29).

2019 5011 2109 5066 43.
2140 5010 2291 5079 Quod
2310 5012 2355 5067 si
2379 5011 2694 5082 dixerimus,
2737 5014 2856 5073 Non
2879 5017 2989 5087 jam
3020 5030 3203 5075 essent
3249 5025 3345 5077 ista
3394 5024 3537 5081 bona

1947 5116 2066 5173 quae
2086 5102 2154 5158 de
2179 5103 2348 5159 nihilo
2367 5103 2503 5161 facta
2533 5116 2680 5175 sunt,
2709 5108 2803 5163 sed
2828 5111 3194 5165 tanttunmodo
3221 5112 3315 5167 Dei
3345 5124 3539 5171 natura

1946 5202 2092 5250 esset
2118 5193 2140 5226 ⁸
2167 5211 2183 5260 ;
2212 5195 2562 5252 iuvidebimus
2587 5198 2746 5254 tantis
2771 5199 2957 5266 bonis;
2988 5210 3044 5256 et
3064 5216 3167 5256 vox
3221 5203 3381 5274 impia
3428 5215 3535 5275 est,

2009 5417 2029 5449 ι
2062 5414 2168 5466 Sola
2190 5416 2338 5468 editio
2351 5422 2482 5479 Lov.,
2506 5417 2756 5471 subtilitas.
2781 5420 2930 5469 Minus
2948 5420 3099 5471 bene.

2009 5480 2031 5510 ³
2064 5478 2197 5554 editi,
2218 5478 2529 5554 femq‘potest
2545 5488 2676 5554 recte
2697 5481 2870 5554 dicere.
2894 5495 2991 5533 non
3023 5492 3177 5554 Delon
3197 5484 3319 5554 bona
3345 5489 3535 5554 fecisse.

1943 5542 1994 5616 si
2014 5546 2175 5616 autem
2196 5542 2390 5616 disert“!
2408 5556 2593 5594 sumam
2624 5543 2744 5616 bona
2777 5542 2962 5607 fecisse,
2988 5552 3085 5597 etc.
3123 5542 3537 5616 aii;

1944 5610 2170 5674 ctoritate
2204 5610 2426 5654 veterum
2449 5610 2894 5674 manuscriptorum=

1984 5667 3536 5739 .8‘Lov.:quapropterdetmicoquidemf‘ilio,........im-

1944 5728 2033 5822 pie
2045 5727 2519 5802 fratres’quertdttur.
2546 5727 2683 5779 Male.

2013 5853 2026 5854 η
2065 5799 2136 5841 Slc
2157 5797 2264 5840 Mss.
2291 5800 2346 5841 At
2380 5792 2516 5851 aliti,
2540 5790 2746 5854 plenum.

2008 5853 2030 5886 ³
2062 5854 2135 5925 sic
2154 5858 2261 5901 uss.
2285 5854 2402 5925 Editi
2424 5853 2588 5925 autem
2608 5856 2913 5925 niiuusrecte
2933 5857 3186 5914 ferebant:
3200 5871 3298 5915 Non
3311 5862 3418 5925 jam
3434 5876 3535 5925 esse

1946 5922 2040 5968 ma
2065 5914 2327 5981 bona,_quaz
2357 5916 2417 5964 de
2455 5913 2605 5968 nihilo
2625 5919 2754 5981 facta
2790 5928 2909 5971 sunt.
2962 5926 3049 5975 sed
3073 5913 3400 5977 tantumnodo
3447 5919 3532 5977 hct

1948 5983 2172 6031 naturam
2195 5976 2362 6027 bonam
2384 5991 2501 6029 esse.

3006 6068 3253 6151 (Sept)
