4052 6476
494 478 499 489 ‘
520 462 631 524 103

523 582 769 652 iniurium
795 582 982 652 putare
1018 588 1125 634 non
1147 578 1250 634 hoc
1277 592 1395 633 esse
1420 575 1562 647 quod
1594 574 1734 631 Deus
1760 578 1858 640 est,
1890 581 1945 629 et
1980 572 2099 628 ideo

524 675 671 730 nolle
713 687 835 729 esse
878 670 1095 742 aliquod
1118 669 1338 735 bonum,
1375 667 1624 737 quoniam
1673 666 1722 722 ei
1772 666 2103 737 praeponitur

494 766 685 821 'Deus.
710 762 923 833 Quaso,
973 768 1171 831 patere,
1228 764 1413 812 natura
1439 756 1634 813 animat
1673 757 1965 823 rationalis,
2010 756 2106 811 ali-

523 864 722 929 quanto
748 855 924 911 minus
942 860 996 908 te
1020 866 1140 909 esse
1163 865 1320 921 quam
1350 850 1491 905 Deus
1520 857 1622 915 est,
1650 852 1704 906 et
1729 857 1877 905 tanto
1904 849 2097 917 minus,

523 957 587 1006 ut
610 955 732 1020 post
760 947 932 1018 ipsum
958 943 1223 1000 temelius
1266 938 1463 1014 aliquid
1509 958 1613 999 non
1657 944 1744 999 sit.
1786 942 1992 1008 Patere,
2020 942 2104 997 in-

527 1055 710 1111 quam,
740 1047 793 1094 et
820 1037 1043 1092 mitesce
1070 1034 1184 1101 illi;
1214 1049 1281 1090 ne
1305 1044 1357 1091 te
1383 1033 1558 1089 adhuc
1575 1034 1795 1104 repellat
1816 1033 1871 1088 in
1898 1033 2098 1103 intima,

523 1134 616 1189 ubi
644 1149 739 1204 per
762 1130 1031 1201 angustias
1056 1128 1296 1199 poenales
1322 1128 1481 1183 etiam
1511 1138 1669 1198 atque
1699 1125 1858 1182 etiam
1900 1128 2100 1181 bonum

522 1224 665 1295 quod
692 1237 752 1279 es
780 1222 1001 1278 vilescat
1028 1220 1144 1275 tibi.
1175 1217 1414 1290 Superba
1460 1233 1519 1273 es
1570 1218 1621 1273 in
1656 1218 1840 1283 Deum,
1887 1218 1931 1272 si
1965 1217 2102 1273 indi-

518 1316 698 1387 gnaris
724 1314 864 1385 quod
892 1322 942 1369 te
978 1313 1276 1379 antecedit;
1309 1320 1362 1367 et
1388 1313 1546 1367 nimis
1592 1310 1978 1367 contumeliose
2032 1311 2101 1366 de

515 1407 614 1463 Ilio
648 1406 836 1473 sentis,
867 1406 913 1462 si
956 1421 1062 1460 non
1110 1403 1445 1460 ineil‘abiliter
1493 1404 1777 1474 gratularis
1824 1411 1931 1457 tam
1976 1416 2098 1457 ma-

516 1512 677 1571 gnum
705 1498 902 1554 bonum
920 1511 1040 1552 esse
1062 1503 1137 1565 te,
1158 1504 1217 1551 ut
1241 1495 1387 1552 solus
1412 1504 1482 1550 snt
1503 1494 1590 1549 ille
1606 1495 1960 1565 praestantior.
1983 1494 2099 1563 Quo

486 1602 491 1609 '
517 1590 807 1646 constituto
834 1596 993 1658 atque
1016 1588 1244 1654 firmato,
1272 1586 1403 1642 illud
1426 1602 1492 1642 ne
1516 1586 1721 1642 dixeris
1745 1588 1761 1619 ί
1796 1586 1911 1642 :Me
1930 1586 2098 1641 solam

490 1691 765 1738 ’naturam
788 1682 931 1737 Deus
959 1680 1133 1737 facere
1162 1680 1379 1746 debuit;
1412 1680 1610 1734 nollem
1648 1687 1707 1734 ut
1730 1687 1853 1751 post
1876 1695 1962 1735 me
2004 1678 2101 1734 aii-

516 1776 643 1847 quid
678 1775 803 1830 boni
849 1774 1016 1830 ﬂeret.
1072 1772 1190 1827 Non
1232 1773 1372 1827 enim
1415 1770 1557 1843 quod
1611 1772 1807 1827 bonum
1856 1779 1940 1827 est
1981 1778 2100 1841 post

515 1868 707 1932 Deum,
736 1865 843 1935 jam
872 1864 1055 1921 debuit
1081 1874 1199 1920 esse
1228 1862 1598 1919 novissimum.
1629 1862 1700 1918 Et
1721 1864 1844 1918 hinc
1870 1864 2099 1918 maxime

516 1970 737 2030 apparet
762 1967 1012 2030 quantam
1039 1957 1133 2013 tibi
1152 1950 1400 2012 tribuerit
1419 1955 1752 2027 dignitatem,
1782 1955 1924 2026 quod
1958 1955 2097 2010 Deus

516 2053 608 2122 qui
635 2053 779 2108 solus
806 2052 902 2107 tibi
927 2050 1239 2105 naturaliter
1266 2044 1587 2115 dominatur,
1641 2046 1769 2105 fecit
1812 2049 1913 2103 alia
1958 2049 2095 2103 bona

515 2146 709 2216 quibus
762 2153 817 2199 tu
854 2158 1065 2214 quoque
1111 2142 1481 2198 dominareris.
1528 2141 1636 2198 Nec
1683 2142 1896 2198 mireris
1952 2141 2097 2211 quod

515 2253 659 2293 nunc
697 2236 791 2292 tibi
834 2250 940 2290 non
982 2234 1126 2289 omni
1176 2232 1335 2288 modo
1361 2233 1619 2301 serviunt,
1653 2241 1706 2289 et
1735 2242 1787 2289 te
1812 2232 2095 2304 aliquando

513 2330 673 2385 etiam
714 2328 952 2384 cruciant
983 2344 997 2380 :
1026 2328 1149 2398 quia
1186 2326 1442 2382 Dominus
1469 2337 1589 2381 tuus
1636 2326 1894 2397 majorem
1946 2335 2098 2398 pote-

512 2430 704 2477 statem
750 2420 908 2475 habet
950 2419 1004 2474 in
1044 2434 1105 2475 ea
1133 2432 1250 2489 qum
1279 2419 1373 2475 tibi
1410 2420 1667 2487 serviunt,
1720 2436 1877 2490 quam
1940 2429 1991 2474 tu
2041 2420 2093 2475 in

512 2516 687 2585 ipsa”,
716 2524 966 2585 tanquam
1012 2515 1065 2568 in
1110 2526 1295 2568 servos
1341 2527 1617 2568 servorum
1664 2527 1901 2567 suorum.
1958 2511 2095 2579 Quid

510 2620 639 2678 ergo
672 2607 865 2661 mirum
897 2606 941 2661 si
969 2604 1062 2661 tibi
1089 2606 1352 2676 peccanti,
1382 2605 1437 2660 id
1459 2614 1542 2661 est
1567 2620 1675 2661 non
1697 2605 2087 2675 obtemperanti

507 2698 736 2755 Domino
789 2706 899 2765 tuo,
952 2697 1180 2767 pcenalia
1227 2696 1418 2768 quibus
1473 2697 1833 2752 dominabaris
1906 2696 2093 2751 effecta

505 2792 669 2847 sunt?
693 2790 828 2859 Quid
862 2790 1005 2846 enim
1045 2798 1152 2845 tam
1178 2788 1403 2860 justum,
1445 2796 1500 2846 et
1527 2789 1653 2860 quid
1703 2788 1897 2860 justius
1940 2786 2094 2843 Deo?

507 2883 620 2938 Hoc
651 2897 880 2952 namque
901 2880 1131 2935 humana
1156 2889 1342 2936 natura
1370 2881 1423 2934 in
1458 2878 1627 2935 Adam
1658 2880 1872 2945 meruit,
1900 2877 1968 2934 de
1988 2890 2094 2948 quo

506 2990 650 3031 nunc
672 2990 775 3031 non
805 2981 888 3029 est
911 2972 1214 3043 disputandi
1259 2973 1406 3028 locus
1438 2990 1449 3025 :
1483 2972 1575 3027 sed
1598 2980 1772 3027 tamen
1792 2970 2094 3025 dominator

502 3070 677 3140 justus
708 3075 763 3123 et
803 3067 961 3138 iustis
980 3066 1217 3138 praemiis
1243 3074 1297 3121 et
1332 3065 1492 3135 iustis
1532 3065 1803 3135 suppliciis
1832 3063 2093 3135 approba-

504 3151 613 3228 tur,
647 3160 896 3215 bealitate
942 3165 1088 3214 recte
1120 3157 1409 3213 viventium
1439 3171 1703 3227 poenaque
1734 3156 2087 3228 peccantium.

500 3246 614 3309 Nec
643 3262 819 3309 tamen
850 3252 967 3307 sine
989 3249 1357 3306 misericordia
1388 3249 1641 3305 derelicta
1670 3264 1749 3315 es,
1779 3262 1897 3318 quae
1926 3244 2091 3302 certis

501 3356 685 3401 rerum
730 3354 1141 3414 temporumque
1158 3342 1423 3397 mensuris
1451 3341 1657 3396 vocaris
1687 3347 1747 3396 ut
1775 3340 1984 3396 redeas.
2014 3340 2090 3394 ita

502 3447 652 3494 recto
671 3437 1031 3493 moderamine
1051 3435 1294 3491 altissimi
1311 3433 1613 3490 Conditoris
1640 3448 1808 3504 usque
1829 3432 1850 3465 ³
1870 3432 1934 3489 ad
1952 3432 2090 3489 bona

500 3540 714 3587 terrena
745 3536 1059 3601 perventum
1087 3536 1191 3596 est,
1221 3543 1338 3599 quae
1364 3535 1783 3597 corrumpuntur
1828 3536 1883 3582 et
1921 3527 2089 3582 rel'or-

501 3633 735 3689 mantur,
786 3628 845 3676 ut
886 3619 1114 3677 haberes
1166 3618 1430 3691 supplicio
1490 3618 1651 3673 mixta
1692 3617 1917 3685 solatia;
1948 3627 2004 3673 ut
2034 3624 2091 3674 et

500 3714 746 3769 laudares
773 3714 937 3769 Deum
965 3712 1223 3768 delectata
1252 3710 1438 3767 ordine
1480 3710 1763 3775 bonorum,
1820 3718 1876 3765 et
1940 3709 2089 3765 refu-

501 3816 655 3877 geres
700 3809 752 3859 in
782 3819 903 3860 eum
944 3803 1232 3858 exercitata
1267 3800 1648 3871 experimentis
1688 3801 1968 3858 malorum.
2006 3802 2082 3856 ita

499 3897 556 3952 in
587 3906 840 3967 quantum
880 3895 973 3950 tibi
1004 3902 1210 3949 terrena
1239 3894 1493 3958 serviunt,
1527 3893 1721 3948 docent
1747 3900 1802 3948 te
1841 3906 1959 3947 esse
1994 3892 2089 3947 do-

502 3993 705 4047 minam
731 4004 916 4053 suam;
944 3988 996 4043 in
1025 3995 1281 4058 quantum
1325 3997 1503 4042 autem
1536 3986 1761 4042 molesta
1793 3994 1936 4052 sunt,
1991 3985 2088 4041 do-

504 4095 628 4141 cent
661 4093 719 4138 ut
745 4084 951 4139 servias
980 4081 1206 4136 Domino
1235 4089 1348 4136 tuo.

574 4176 800 4231 CAPUT
840 4173 1125 4229 XXXVIII.
1158 4198 1228 4213 ——
1250 4173 1340 4228 44.
1376 4171 1580 4226 Natura
1606 4189 1637 4227 a
1660 4171 1785 4238 Deo,
1831 4173 2087 4240 corruptio

506 4276 569 4323 ea:
596 4268 778 4322 nihilo.
801 4267 1136 4336 Quapropter
1173 4264 1414 4335 quamvis
1449 4266 1517 4320 sit
1551 4264 1747 4319 malum
1792 4264 2082 4334 corruptio,

499 4362 823 4433 etquamvis
850 4375 956 4415 non
1004 4359 1127 4414 site
1172 4358 1457 4413 Conditore
1514 4364 1843 4422 naturarum,
1890 4356 1986 4412 sed
2012 4368 2085 4412 ex

502 4470 568 4510 eo
589 4454 677 4520 sit,
707 4450 846 4522 quod
884 4451 951 4505 de
994 4449 1159 4504 nihilo
1180 4449 1333 4505 factm
1376 4457 1500 4505 sunt
1528 4466 1541 4503 :
1570 4457 1746 4504 tamen
1785 4449 1941 4504 etiam
1973 4450 2085 4520 ipsa

501 4544 598 4600 illo
628 4552 845 4615 regente
885 4550 939 4597 et
965 4542 1293 4613 gubernante
1317 4542 1495 4599 omnia
1519 4556 1638 4612 qua:
1665 4542 1807 4606 fecit,
1835 4541 1914 4598 sie
1944 4541 2087 4595 ordi-

504 4646 629 4704 nata
660 4646 762 4699 est,
788 4643 847 4689 ut
874 4649 981 4688 non
1005 4642 1215 4701 noceat,
1239 4634 1340 4689 nisi
1381 4634 1584 4689 naturis
1622 4633 1820 4688 inlimis
1848 4632 1913 4687 ad
1962 4647 2088 4702 sup-

502 4728 720 4801 plicium
751 4726 1143 4791 damnatorum,
1184 4732 1238 4780 et
1284 4725 1721 4780 exercitationem
1770 4723 2087 4777 admonitio-

501 4834 733 4893 nemque
782 4818 1142 4887 redeuntium,
1172 4826 1230 4873 nt
1272 4818 1565 4874 inhaereant
1605 4818 1713 4872 Deo
1756 4814 2083 4885 incorrupti-

498 4915 616 4979 bill,
646 4921 1000 4982 maneantque
1026 4910 1339 4979 incorrupti,
1388 4909 1527 4979 quod
1559 4922 1722 4962 unum
1770 4914 1854 4962 est
1886 4906 2083 4960 bonum

497 5016 781 5072 nostrum;
835 5005 974 5059 sicut
1012 5018 1109 5073 per
1132 5002 1445 5073 prophetam
1486 5000 1697 5061 dicitur,
1752 4997 1883 5052 Mihi
1918 5005 2086 5051 autem

498 5100 745 5155 inhrerere
790 5095 900 5152 Deo
928 5097 1110 5151 bonum
1153 5103 1224 5149 est
1257 5092 1426 5165 (Psal.
1456 5108 1618 5157 Lxxu,
1649 5092 1764 5161 98).
1794 5090 1977 5160 Neque
2020 5090 2083 5144 iis

498 5191 592 5246 iud
618 5189 825 5246 dixeris
852 5206 866 5242 :
899 5187 1016 5243 Non
1045 5187 1247 5243 faceret
1278 5186 1416 5240 Deus
1441 5191 1659 5239 naturas
1688 5180 2080 5252 corruptibiles.

498 5282 558 5338 In
588 5291 842 5353 quantum
871 5282 1015 5336 enim
1046 5274 1254 5335 natura:
1278 5286 1421 5345 sunt,
1452 5277 1592 5332 Deus
1625 5274 1753 5331 fecit
1782 5294 1796 5331 :
1825 5275 1877 5329 in
1918 5290 2086 5345 quan-

500 5385 615 5432 tum
646 5382 823 5430 autem
867 5372 1268 5444 corruptibiles,
1310 5383 1418 5426 non
1458 5368 1598 5425 Deus
1625 5368 1775 5435 fecit;
1808 5382 1914 5423 non
1940 5367 2081 5422 enim

501 5476 586 5525 est
612 5467 679 5522 ab
708 5466 799 5524 illo
817 5470 1109 5537 corruptio,
1145 5463 1237 5535 qui
1264 5463 1413 5519 solus
1430 5470 1513 5518 est
1556 5460 1991 5533 incorruptibilis.
2024 5459 2083 5515 Si

502 5558 619 5615 lucc
648 5558 812 5630 eapis,
840 5558 1037 5630 gratias
1058 5571 1153 5627 age
1179 5550 1293 5612 Deo
1323 5572 1336 5611 :
1367 5550 1415 5611 si
1442 5570 1548 5611 non
1565 5554 1733 5626 capis,
1764 5553 1998 5625 quiesce,
2029 5560 2083 5608 et

563 5761 582 5791 ι
618 5757 735 5808 Editi
754 5756 834 5809 hic
864 5755 1062 5815 addunt,
1085 5767 1115 5805 o
1136 5755 1297 5805 anima
1317 5753 1555 5817 humana;
1578 5752 1706 5817 q119d
1740 5765 1767 5802 a
1790 5758 1897 5817 mss.
1922 5750 2102 5801 abest.‘

562 5821 585 5892 ἶ
608 5828 669 5893 .“i
692 5826 799 5871 "35-
822 5818 984 5879 ἀθεεὶ,
1006 5814 1089 5880 in;
1109 5824 1165 5868 ιιι
1185 5830 1301 5878 νοι,
1324 5816 1449 5880 ipsa,
1472 5814 1757 5870 rationalem
1778 5816 1984 5867 animam
2003 5827 2083 5866 re-

499 5889 691 5995 “iuit:
711 5949 817 5994 ιω.
844 5946 899 5991 Δί
921 5941 1057 6005 editi,
1076 5952 1337 6006 quousque.

1127 460 1399 519 CONTRA
1438 456 1823 518 EPISTOLAM
1860 446 2236 526 MANICHEI,
2266 446 2322 515 8.
2364 454 2734 519 AUGUSTINI
2771 460 2974 520 LIBER
3015 458 3215 524 UNUS.‘

3688 457 3796 530 Elii

2210 572 2318 628 noli
2349 582 2550 633 temere
2580 568 2812 633 nondum
2844 572 3111 635 intellecta
3140 579 3424 649 damnare;
3456 580 3797 656 Su'pplexque

2211 663 2283 718 illi
2305 665 2394 736 qui
2422 658 2601 723 lumen
2626 677 2707 724 est
2726 669 2920 724 mentis
2952 669 2991 735 ¹,
3021 662 3235 726 attende
3259 677 3319 726 ut
3347 671 3633 744 intelligas.
3658 670 3797 731 Cum

2211 758 2354 812 enim
2393 757 2607 827 dicitur,
2649 770 2835 816 natura
2874 761 3265 833 corruptibilis;
3313 770 3419 820 non
3468 776 3653 833 unum,
3697 766 3799 823 sed

2210 845 2316 903 duo
2342 850 2558 905 nomina
2596 850 2865 909 dicuntur.
2898 850 3028 909 item
3076 868 3199 908 cum
3227 853 3442 923 dicitur,
3486 856 3629 913 Deus
3669 858 3798 915 fecit

2209 938 2277 995 de
2307 941 2509 1007 nihilo;
2564 958 2673 1001 non
2727 960 2913 1009 unum,
2984 944 3079 999 sed
3126 942 3234 1000 duo
3274 946 3488 1001 nomina
3526 948 3794 1006 audimus.

2209 1031 2395 1089 Redde
2416 1051 2542 1107 ergo
2571 1036 2686 1093 istis
2722 1038 2942 1110 singulis
2972 1018 3060 1093 illa
3105 1038 3332 1109 singula,
3384 1050 3442 1096 ut
3482 1054 3603 1095 cum
3639 1042 3796 1099 audis

2209 1140 2473 1194 naturam,
2500 1129 2565 1184 ad
2589 1129 2753 1185 Deum
2784 1131 3078 1202 pertineat;
3110 1146 3229 1185 cum
3277 1130 3430 1186 audis
3472 1134 3797 1203 corruptibi-

2209 1220 2337 1287 lem,
2373 1220 2436 1275 ad
2476 1220 2702 1277 nihilum
2734 1241 2746 1276 :
2775 1223 2848 1277 ita
2894 1230 3071 1278 tamen
3117 1230 3175 1277 ut
3223 1223 3352 1293 ipsa:
3394 1227 3788 1294 eorruptiones,

2207 1313 2450 1382 quamvis
2476 1329 2584 1368 non
2615 1314 2721 1368 sint
2760 1329 2825 1369 ex
2862 1314 2958 1369 Dei
2978 1323 3111 1379 arte,
3159 1315 3210 1369 in
3261 1316 3379 1385 ejus
3420 1324 3595 1373 tamen
3636 1326 3791 1389 pote-

2207 1412 2342 1459 state
2364 1405 2469 1458 sint
2490 1404 2856 1474 disponendce,
2888 1421 2986 1475 pro
3030 1414 3207 1460 rerum
3252 1408 3441 1463 ordine
3477 1414 3535 1465 et
3576 1411 3789 1465 meritis

2206 1497 2523 1552 animarum.
2552 1494 2674 1554 ideo
2712 1506 2858 1555 recte
2883 1499 3107 1556 dicimus
3134 1499 3201 1555 ab
3227 1500 3317 1556 illo
3334 1516 3452 1559 esse
3505 1505 3789 1574 praemium

2206 1598 2364 1662 atque
2391 1593 2725 1663 supplicium.
2758 1592 2832 1648 Ita
2855 1594 2998 1649 enim
3028 1610 3135 1650 non
3159 1597 3179 1627 ²
3209 1588 3336 1651 fecit
3364 1590 3784 1667 corruptionem,

2204 1690 2265 1737 ut
2290 1683 2460 1752 possit
2505 1684 2831 1755 corruptioni
2878 1700 2999 1741 eum
3044 1683 3171 1742 dare
3216 1688 3305 1758 qui
3358 1689 3626 1760 corrumpi
3671 1694 3788 1745 me-

2204 1776 2390 1841 ruerit,
2421 1776 2474 1831 id
2500 1782 2602 1844 est,
2631 1777 2719 1848 qui
2747 1792 2805 1833 se
2831 1776 2946 1849 ipse
2987 1778 3208 1849 coeperit
3230 1779 3502 1850 peccando
3539 1796 3785 1838 corrum-

2205 1880 2354 1935 pere,
2384 1876 2441 1921 ut
2462 1868 2786 1923 cruciantem
2814 1870 3008 1924 sentiat
3036 1870 3432 1942 corruptionem
3455 1871 3668 1941 invitus,
3692 1876 3785 1948 qui

2178 1956 2563 2013 'blandienlem
2594 1960 2861 2013 commisit
2884 1958 3071 2015 volens
3101 1959 3142 2015 ³.

2274 2048 2498 2105 CAPUT
2526 2048 2773 2105 XXXIX.
2804 2081 2874 2091 —
2894 2050 2982 2106 45.
3014 2049 3159 2105 Mala
3191 2052 3440 2123 quomodo
3467 2054 3568 2108 sint
3593 2070 3623 2107 a
3646 2052 3782 2110 Deo.

2201 2138 2320 2194 Non
2346 2140 2488 2195 enim
2514 2140 2565 2194 in
2593 2139 2787 2196 Vetere
2808 2141 3151 2197 Testamento
3167 2150 3369 2197 tantum
3390 2144 3646 2213 scriptum
3675 2154 3782 2213 eSt,

2203 2232 2316 2304 Ego
2374 2235 2506 2305 facio
2551 2234 2702 2301 bona,
2755 2244 2802 2289 et
2852 2235 3014 2288 condo
3054 2233 3191 2288 mala
3220 2231 3369 2306 (isai.
3398 2248 3527 2303 ην,
3559 2236 3614 2308 7)
3648 2236 3784 2293 :sed

2204 2325 2503 2380 evidentius
2530 2326 2582 2380 in
2609 2325 2776 2391 Novo,
2820 2326 2911 2381 ubi
2950 2324 3207 2381 Dominus
3235 2325 3381 2391 dicit,
3416 2325 3590 2383 Nolite
3612 2330 3789 2385 timere

2202 2435 2284 2473 eos
2304 2418 2391 2489 qui
2414 2435 2597 2489 corpus
2626 2419 2879 2485 occidunt,
2907 2428 2956 2473 et
2982 2419 3201 2490 amplius
3230 2436 3330 2474 non
3356 2420 3537 2475 habent
3563 2423 3683 2492 quid
3702 2428 3786 2495 fa-

2182 2512 2336 2564 ciant
2355 2527 2373 2574 ;
2394 2512 2481 2564 sed
2507 2528 2618 2565 eum
2648 2513 2829 2579 timete,
2857 2513 2943 2583 qui
2968 2529 3081 2567 cum
3112 2529 3294 2583 corpus
3341 2513 3597 2581 occiderit,
3636 2516 3788 2572 habet

2184 2612 2493 2674 potestatem
2515 2606 2735 2658 animum
2759 2604 2955 2659 mittere
2980 2606 3032 2658 in
3061 2605 3339 2676 gehennam
3362 2602 3575 2675 (Matth.
3607 2624 3662 2677 ι,
3684 2606 3782 2674 28,

2200 2704 2248 2750 et
2282 2696 2407 2750 Luc.
2438 2696 2635 2769 xu,4).
2684 2697 3014 2753 Voluntarite
3060 2709 3236 2753 autem
3281 2700 3607 2770 corruptioni
3659 2696 3787 2760 addi

2194 2786 2396 2857 judicio
2422 2787 2600 2841 divino
2625 2788 2887 2858 poenalem
2907 2789 3321 2858 corruptionem,
3349 2787 3787 2848 manifestissime

2198 2880 2471 2950 apostolus
2516 2880 2711 2935 Paulus
2756 2889 3071 2948 attestatur,
3146 2894 3265 2936 eum
3319 2879 3786 2952 dicitzTemplum

2202 2974 2336 3029 enim
2355 2971 2453 3027 Dei
2472 2981 2700 3029 sanctum
2722 2981 2815 3038 est,
2844 2972 2980 3043 quod
3000 2974 3115 3028 estis
3142 2990 3227 3028 vos
3248 2988 3268 3028 :
3292 2974 3515 3045 quisquis
3536 2975 3784 3046 templum

2197 3067 2294 3122 Dei
2316 3067 2617 3136 corruperit,
2662 3073 2946 3136 corrumpet
2983 3065 3131 3119 illum
3166 3062 3300 3127 Deus
3343 3063 3389 3137 (ἰ
3408 3063 3525 3120 Cor.
3553 3078 3631 3134 ut,
3659 3058 3781 3137 i7).

2196 3158 2348 3226 Quod
2378 3161 2421 3213 si
2476 3159 2528 3212 in
2559 3164 2740 3213 vetere
2789 3156 2931 3227 Lege
2978 3154 3175 3212 dictum
3218 3162 3382 3224 esset,
3407 3155 3598 3226 quibus
3627 3158 3783 3212 inve-

2197 3250 2463 3305 ctionibus
2516 3248 2600 3302 isti
2662 3246 2919 3317 impetum
2974 3246 3209 3301 lacerent
3253 3254 3563 3301 aedusantes
3626 3246 3782 3316 quasi

2196 3349 2564 3410 corruptorem
2613 3339 2819 3394 Deum!
2849 3336 3002 3406 Quod
3029 3336 3250 3393 verbum
3298 3344 3596 3393 metuenles
3623 3337 3780 3392 multi

2195 3434 2345 3491 latini
2376 3434 2717 3503 interpretes,
2765 3431 3051 3487 noluerunt
3091 3429 3291 3498 dicere,
3332 3437 3654 3500 corrumpet;
3680 3426 3782 3485 sed

2194 3526 2464 3591 dixerunt,
2497 3525 2750 3596 disperdat
2768 3524 2913 3579 illuni
2944 3521 3079 3578 Deus
3100 3541 3119 3579 :
3141 3532 3195 3579 et
3222 3538 3330 3579 non
3352 3522 3629 3579 deviantes
3656 3536 3687 3577 a
3716 3537 3780 3579 re

2194 3622 2329 3692 ipsa,
2358 3619 2703 3675 oli'ensionem
2731 3617 2976 3673 vocabuli
3001 3616 3321 3672 devitarunt.
3344 3616 3656 3687 Quanquam
3686 3615 3779 3671 isti

2195 3730 2300 3771 non
2330 3715 2506 3769 minus
2528 3713 2907 3769 inveherentur
2931 3710 2981 3766 in
3008 3710 3331 3782 perditorem
3364 3711 3553 3779 Deum,
3584 3712 3627 3767 si
3671 3708 3779 3767 hoc

2194 3806 2248 3861 in
2278 3804 2420 3877 Lege
2448 3812 2627 3860 vetere
2647 3812 2737 3859 aut
2763 3803 3045 3875 Prophetis
3084 3803 3402 3859 inVenirent.
3448 3802 3552 3860 Sed
3587 3803 3779 3875 graecis

2192 3896 2585 3967 exemplaribus
2640 3897 3061 3962 convincuntur,
3111 3897 3163 3951 in
3208 3896 3397 3966 quibus
3442 3893 3780 3965 apertissime

2193 3993 2446 4062 scriptum
2478 3999 2579 4057 est,
2614 3989 2852 4059 Quisquis
2902 3989 3145 4059 templum
3186 3986 3282 4041 Dei
3317 3988 3615 4059 corruperit,
3661 3996 3779 4041 cor-

2192 4093 2393 4153 rumpet
2428 4082 2574 4137 illum
2600 4081 2754 4135 Deus.
2778 4081 2928 4148 Quod
2959 4082 3001 4136 si
3032 4082 3148 4151 quis
3168 4076 3236 4135 ab
3265 4082 3341 4136 eis
3370 4088 3593 4151 quaerat,
3636 4096 3779 4151 quo-

2192 4177 2352 4232 modo
2378 4176 2575 4231 dictum
2602 4175 2673 4231 sit
2706 4193 2720 4231 :
2747 4189 2816 4231 ne
2852 4183 3135 4244 corruptor
3171 4181 3384 4243 putetur
3410 4173 3572 4241 Deus,
3610 4189 3781 4243 expo-

2192 4278 2324 4327 nunt
2354 4270 2551 4334 statim,
2584 4274 2869 4338 corrumpet
2895 4266 3093 4322 dictum
3131 4280 3269 4331 esse,
3302 4263 3627 4334 corruptioni
3671 4274 3781 4320 tra-

2192 4362 2312 4429 det;
2358 4360 2443 4417 vel
2495 4359 2670 4432 siquo
2718 4359 2822 4413 alio
2862 4356 3020 4413 modo
3073 4362 3309 4427 possunt.
3353 4354 3469 4422 Quo
3512 4353 3693 4411 animo
3733 4357 3780 4411 si

2192 4461 2375 4511 essent
2404 4454 2455 4508 in
2486 4460 2719 4508 veterem
2748 4448 2966 4521 Legem,
2998 4456 3051 4503 et
3075 4447 3238 4503 multa
3264 4444 3334 4501 ibi
3356 4442 3593 4501 miranda
3621 4446 3779 4502 intel-

2191 4548 2436 4618 ligerent,
2469 4554 2523 4601 et
2548 4543 2783 4600 nondum
2824 4541 3092 4597 intellecta
3122 4552 3228 4594 non
3255 4553 3374 4594 cum
3416 4536 3540 4593 odio
3568 4537 3777 4594 lacera-

2191 4648 2330 4706 rent,
2362 4639 2453 4693 sed
2484 4652 2603 4692 cum
2633 4636 2834 4690 honore
2873 4632 3147 4689 differrent
3165 4628 3208 4686 ".

2262 4731 2485 4789 CAPUT
2508 4729 2620 4787 XL.
2642 4760 2713 4770 ——
2738 4726 2827 4784 46.
2858 4726 3125 4796 Cor‘ruptio
3150 4724 3307 4780 tendit
3334 4724 3403 4779 ad
3425 4740 3527 4779 non
3564 4739 3687 4778 esse.
3719 4722 3777 4780 Si

2191 4828 2310 4899 quis
2334 4834 2509 4880 autem
2538 4838 2642 4879 non
2671 4822 2840 4878 credit
2874 4836 2937 4877 ex
2990 4820 3157 4876 nihilo
3204 4830 3323 4875 esse
3355 4818 3776 4890 corruptionem,

2191 4923 2453 4990 proponat
2481 4915 2580 4971 sibi
2615 4915 2727 4969 haec
2755 4913 2881 4980 duo,
2927 4924 3047 4967 esse
3081 4918 3136 4967 et
3171 4926 3277 4966 non
3322 4924 3461 4976 esse,
3518 4906 3667 4981 quasi
3709 4922 3778 4964 ex

2192 5012 2420 5067 diversis
2448 5008 2710 5080 partibus;
2736 5003 3068 5078 intelligendi
3107 5006 3295 5074 gratia,
3345 5011 3403 5059 ut
3449 5016 3568 5059 cum
3608 5001 3780 5059 tardis

2192 5103 2394 5159 tardius
2419 5101 2756 5158 ambulemus
2790 5118 2804 5155 :
2830 5098 3024 5155 deinde
3049 5098 3191 5154 velut
3216 5096 3265 5152 in
3289 5096 3464 5153 medio
3488 5096 3781 5152 constituat

2190 5194 2410 5267 aliquid,
2442 5202 2500 5249 ut
2529 5201 2653 5264 puta
2674 5202 2869 5262 corpus
2894 5190 3201 5255 animantis,
3233 5195 3288 5244 et
3313 5196 3515 5259 qnmrat
3559 5185 3661 5242 hoc
3685 5199 3780 5242 se-

2190 5303 2332 5356 cum,
2364 5287 2491 5343 dum
2519 5286 2776 5341 formatur
2811 5282 2943 5340 illud
2994 5294 3188 5353 corpus
3249 5290 3304 5337 et
3349 5281 3605 5345 nascitur,
3647 5276 3780 5335 dum

2190 5388 2412 5451 augetur
2438 5377 2554 5450 ejus
2600 5375 2829 5450 species,
2857 5375 3112 5441 nutritur,
3160 5372 3510 5442 convalescit,
3550 5370 3779 5428 robora-

2254 5627 2270 5657 ι
2306 5630 2372 5674 tta
2395 5629 2501 5672 Mss.
2526 5619 2644 5681 Editj
2666 5625 2849 5679 autem,
2870 5616 2956 5681 qui
2977 5614 3135 5681 [unum
3157 5609 3327 5681 mentis
3349 5606 3586 5661 accendit.

2251 5686 2271 5719 ι
2304 5671 2357 5735 iii
2365 5671 2523 5734 editis
2541 5677 2669 5745 male
2688 5681 2770 5731 mc
2790 5671 2966 5745 capies?
2991 5680 3095 5745 erat
3114 5671 3349 5745 verum
3369 5680 3573 5741 mm?"
3586 5742 3597 5745 -

2252 5749 2273 5780 ³
2306 5748 2444 5806 Editi,
2482 5743 2804 5795 blandientem
2825 5739 2998 5806 illicita
3018 5734 3783 5806 0bledqtiorrngpwpis¢gn§am

2187 5792 2423 5860 caminis—it—
2430 5792 2620 5867 ὐόιέὴέζ
2632 5792 2957 5867 ttxpunximus
2977 5801 3081 5850 haec
3094 5800 3241 5848 verba
3248 5833 3270 5867 ,.
3286 5795 3455 5867 illicita
3470 5792 3781 5848 oblectatiom

2186 5866 2633 5934 concupiscentupn,
2656 5860 2767 5930 quae
2790 5867 3014 5934 absuuta
3036 5860 3385 5934 manuscriptis.

2249 5935 2272 5967 δ
2305 5922 2444 5994 aditi,
2464 5922 2727 5994 deferrent.
2754 5929 2924 5981 verius
2945 5932 3075 5987 Itast,
3098 5922 3366 5988 Mei-ruit.
