4016 6494
547 473 3804 554 M

635 523 3747 554 ψ

1131 654 1280 769 S.
1357 646 2120 766 AUBELII
2212 640 3211 760 AUGUSTINI

1705 832 2223 899 HIPPONENSIS
2262 831 2617 896 EPISCOPI

3861 884 3873 903 ς

522 999 1356 1157 CONTRA
1439 991 2400 1142 FAUSTUM
2504 985 3815 1288 atANICHEUM

1620 1231 1890 1329 “amitti
1941 1228 2311 1343 triginta
2363 1235 2544 1324 tres
2591 1228 2644 1288 (³

1937 1447 2412 1504 θ’θοῶεο

1535 1569 2023 1683 LIBER
2113 1569 2773 1680 PRIMUS.

1988 1749 2347 1766 ἡ

595 1856 823 1916 CAPUT
874 1851 1156 1910 PRIMUM.
1183 1880 1255 1892 —
1278 1847 1505 1904 Faustus
1551 1843 1765 1916 quidam
1798 1840 1915 1906 fuit,
1960 1849 2122 1911 gente

527 1955 679 2018 Afer,
731 1950 946 2007 civitate
995 1945 1352 2008 Milevitanus,
1399 1938 1614 2010 eloquio
1657 1936 1860 1996 suavis.
1909 1933 2121 2004 ingenio

527 2045 772 2110 callidus,
805 2050 950 2097 secta
973 2037 1321 2100 maniclneus,
1345 2050 1406 2089 ac
1435 2049 1530 2104 per
1552 2032 1656 2087 hoc
1681 2031 1912 2086 nefando
1937 2043 2120 2084 errore

527 2149 833 2208 perversus.
845 2133 1105 2188 Noveram
1118 2130 1229 2198 ipse
1243 2119 1984 2194 hominem,quemadmodum
1998 2135 2118 2174 eum

528 2226 946 2286 commemoravi
989 2225 1042 2278 in
1085 2221 1235 2278 libris
1258 2219 1666 2275 Confessionum
1696 2228 1934 2269 mearum
1979 2211 2115 2284 (Lib.

527 2324 584 2388 5,
613 2337 763 2391 capp.
793 2320 847 2382 5,
875 2316 953 2388 6).
984 2315 1081 2370 Hic
1107 2311 1374 2384 quoddam
1396 2309 1645 2363 volumen
1672 2305 1842 2360 edidit
1865 2304 2122 2359 adversus

526 2423 729 2471 rectam
757 2411 1098 2466 christianam
1129 2406 1146 2437 ¹
1180 2403 1363 2470 fidem,
1393 2411 1446 2456 et
1471 2398 1788 2456 catholicam
1814 2397 2117 2451 veritatem.

528 2509 682 2578 Quod
707 2521 828 2562 cum
856 2502 1090 2558 venisset
1105 2500 1159 2553 in
1179 2510 1369 2552 manus
1389 2502 1622 2559 nostras,
1645 2491 1954 2559 lectumque
1980 2496 2123 2542 esset

528 2617 559 2656 a
588 2598 876 2662 fratribus;
923 2592 1394 2653 desideraverunt,
1443 2593 1497 2640 et
1538 2584 1658 2654 jure
1704 2580 1982 2637 charitatis
2026 2593 2123 2648 per

493 2661 496 2664 Ι
527 2707 687 2763 quam
733 2670 812 2744 eis
855 2661 1118 2742 Servimus
1167 2681 1554 2750 ﬂagitaverunt,
1587 2683 1646 2729 ut
1680 2675 1730 2728 ei
1761 2669 2121 2763 respondere-

527 2762 670 2838 mus.
704 2781 815 2835 Hoc
841 2776 1117 2848 aggrediar
1142 2788 1282 2828 nunc
1325 2772 1377 2825 in
1405 2770 1620 2823 nomine
1649 2774 1810 2836 atque
1852 2762 2123 2834 adjutorio

528 2872 740 2929 Domini
771 2879 826 2925 ct
866 2866 1161 2921 Salvatoris
1205 2862 1372 2918 nostri
1405 2860 1531 2915 Jesu
1574 2857 1799 2920 Christi,
1845 2863 1904 2910 ut
1933 2869 2122 2910 omnes

529 2967 624 3039 qui
649 2966 767 3021 haec
798 2965 996 3034 legent,
1025 2959 1326 3028 intelligant
1350 2970 1508 3026 quam
1537 2953 1671 3008 nihil
1696 2953 1767 3006 sit
1793 2960 2005 3006 acutum
2037 2951 2121 3004 in-

530 3060 746 3132 genium
796 3067 848 3112 et
897 3055 1071 3125 lingua
1123 3050 1373 3120 expolita,
1423 3046 1525 3102 nisi
1560 3061 1590 3100 a
1636 3044 1859 3098 Domino
1905 3056 2124 3112 gressus

531 3150 763 3207 hominis
804 3147 1096 3215 dirigantur
1124 3141 1310 3214 (Psal.
1359 3153 1546 3202 xxxvi,
1579 3134 1707 3208 25).
1759 3134 1910 3203 Quod
1943 3133 2125 3189 multis

532 3243 694 3298 etiam
725 3236 1046 3294 tardioribus
1083 3241 1141 3290 et
1179 3229 1579 3287 invalidioribus
1622 3227 1830 3282 occulta
1875 3226 2124 3296 aequitate

532 3332 728 3391 divinae
753 3325 1135 3384 misericordiae
1162 3322 1459 3394 praestitum
1489 3328 1593 3384 est,
1622 3333 1743 3374 cum
1791 3317 1942 3371 multi
1968 3331 2144 3371 acere

533 3425 658 3482 rimi
699 3432 752 3478 et
794 3415 1178 3480 facundissimi,
1229 3414 1428 3469 deserti
1471 3411 1735 3479 adjutorio
1780 3407 1896 3470 Dei,
1928 3405 1992 3461 ad
2025 3406 2128 3462 hoc

531 3515 790 3574 velociter
817 3521 871 3568 et
899 3509 1242 3582 pertinaciter
1270 3512 1570 3567 currerent,
1603 3509 1714 3555 uta
1756 3497 1996 3554 veritatis
2043 3498 2127 3552 via

533 3607 745 3679 longius
769 3605 1100 3661 aberrarent.
1133 3595 1484 3655 Commodum
1523 3605 1698 3649 autem
1745 3592 1998 3654 arbitror,
2028 3591 2126 3646 sub

535 3701 654 3773 ejus
679 3697 894 3754 nomine
921 3694 1082 3750 verba
1127 3691 1242 3762 ejus
1269 3703 1490 3760 ponere,
1531 3696 1585 3742 et
1627 3684 1726 3740 sub
1752 3699 1873 3739 meo
1900 3697 2129 3754 respon-

536 3793 744 3849 sionem
765 3801 960 3843 meam.

607 3879 835 3939 CAPUT
887 3877 952 3933 ll.
997 3875 1335 3932 -ῈΑυετυε
1373 3871 1508 3928 dixit
1545 3888 1558 3926 :
1590 3867 1733 3927 Satis
1777 3881 2044 3938 superque
2073 3866 2126 3921 in

536 3977 712 4034 lucem
733 3974 842 4044 jam
875 3969 1130 4026 traductis
1173 3967 1469 4031 erroribus,
1496 3979 1559 4020 ac
1599 3962 1834 4019 Iudaica:
1864 3959 2127 4031 supersti-

538 4066 702 4124 tionis
751 4062 906 4118 simul
958 4069 1013 4116 et
1059 4056 1608 4114 semichristianorum
1661 4053 1872 4108 abunde
1917 4052 2125 4107 detecta

514 4157 772 4218 'fallacia,
797 4170 826 4207 a
851 4151 1162 4209 doctissimo
1188 4148 1392 4204 scilicet
1420 4155 1475 4202 et
1501 4146 1617 4201 solo
1657 4145 1812 4200 nobis
1853 4153 1973 4214 post
1999 4146 2126 4199 bea-

540 4257 657 4305 tum
681 4255 886 4317 patrem
913 4250 1152 4297 nostrum
1181 4237 1528 4294 Manichaeum
1548 4235 1808 4291 studendo
1827 4237 1845 4266 ²
1873 4235 2131 4290 Adiman-

541 4350 600 4396 to
668 4353 818 4407 ;non
867 4337 934 4392 ab
959 4351 1020 4391 re
1067 4335 1237 4388 visum
1283 4340 1386 4397 est,
1417 4329 1609 4385 fratres
1657 4329 1973 4393 charissimi,
2018 4329 2131 4384 tunc

541 4447 755 4505 quoque
798 4429 975 4485 brevia
1020 4425 1174 4481 vobis
1203 4433 1256 4479 et
1301 4421 1560 4478 concinna
1590 4435 1865 4490 responsa,
1917 4430 2132 4489 propter

542 4523 765 4582 callidas
793 4531 848 4576 et
875 4528 1074 4575 astulas
1099 4515 1485 4572 conferentium
1509 4512 1784 4567 nobiscum
1810 4511 2130 4581 pr0positio-

543 4631 662 4684 nes,
695 4613 953 4679 scribere,
997 4625 1102 4681 quo
1142 4623 1262 4663 cum
1310 4606 1468 4661 iidem
1496 4621 1590 4658 vos
1616 4620 1678 4659 ex
1712 4618 1863 4658 more
1896 4603 2130 4673 parentis

543 4711 626 4766 sui
677 4708 940 4780 serpentis
990 4703 1239 4773 captiosis
1292 4699 1680 4755 circumvenire
1729 4696 2132 4767 qumstiunculis

544 4799 833 4865 voluerint,
865 4808 919 4852 et
939 4795 1036 4865 ipsi
1064 4795 1128 4848 ad
1157 4790 1584 4864 respondendum
1617 4789 1893 4859 vigilanter
1913 4789 1990 4843 eis
2016 4788 2134 4843 sitis

544 4893 808 4947 instrueti.
857 4889 932 4943 Ita
956 4887 1097 4942 enim
1126 4885 1215 4940 fiet
1241 4893 1297 4939 ut
1323 4883 1390 4938 ad
1419 4899 1480 4938 ea
1526 4882 1637 4952 ipsa
1682 4897 1802 4950 qua:
1845 4896 2134 4950 proposue-

546 4983 658 5038 rint
685 4981 915 5052 religati,
947 4979 1171 5034 ulterius
1201 4976 1305 5031 huc
1333 4984 1491 5045 atque
1517 4974 1640 5029 illuc
1664 4973 1840 5042 vagari
1871 4989 1975 5028 non
2009 4989 2131 5043 pos-

547 5075 677 5132 Iint.
702 5077 778 5130 Ac
801 5089 867 5127 ne
886 5069 1099 5142 profusa
1119 5067 1406 5124 confusave
1417 5066 1658 5122 oratione
1678 5065 1965 5136 legentium
1981 5065 2133 5120 iuun-

2227 1840 2482 1897 darentur
2532 1843 2763 1915 ingenia,
2813 1852 2920 1900 tam
2969 1844 3202 1901 breviter
3245 1860 3407 1916 quam
3457 1845 3709 1904 distincte
3752 1863 3826 1907 ex

2226 1935 2455 1992 adverso
2497 1937 2618 2005 sibi,
2665 1939 2904 2008 ipsorum
2933 1947 3093 2009 atque
3136 1949 3439 1996 nostrorum
3483 1940 3643 1996 verba
3671 1956 3815 1998 con-

2226 2028 2392 2083 stitui.

2295 2117 2522 2175 CAPUT
2561 2118 2646 2173 Ill.
2681 2150 2754 2161 —
2788 2120 3123 2178 AUGUSTINUS
3169 2123 3442 2192 respondit
3484 2141 3498 2178 :
3534 2123 3612 2178 Tu
3653 2124 3830 2179 semi-

2226 2209 2546 2266 cliristianos
2573 2213 2836 2269 cavendos
2868 2223 3044 2284 putas,
3076 2214 3216 2284 quod
3243 2229 3341 2270 nos
3377 2229 3499 2271 esse
3527 2217 3696 2271 dicis:
3723 2232 3831 2272 nos

2226 2313 2402 2357 autem
2452 2305 2972 2373 pseudoehristianos
3019 2321 3301 2373 cavemus,
3352 2308 3492 2378 quod
3546 2324 3642 2364 vos
3697 2324 3830 2366 esse

2226 2395 2576 2451 ostendimus.
2609 2395 2740 2450 Nam
2768 2398 2908 2468 quod
2939 2398 3101 2453 semis
3143 2408 3224 2452 est
3249 2399 3290 2466 ί,
3320 2413 3388 2454 ex
3416 2398 3640 2469 quadam
3671 2409 3832 2470 parte

2227 2485 2616 2555 imperfectum,
2654 2503 2719 2556 ex
2750 2489 2894 2543 nulla
2935 2498 3111 2544 tamen
3139 2490 3330 2545 falsum
3356 2501 3458 2546 est.
3491 2491 3626 2560 Quid
3652 2493 3835 2563 ergo?

2228 2579 2273 2632 si
2298 2579 2496 2650 aliquid
2527 2581 2678 2636 deest
2707 2582 2828 2637 ﬁdei
2858 2598 3041 2638 eorum
3069 2598 3204 2654 quos
3234 2584 3622 2641 circumvenire
3652 2602 3832 2641 cona-

2228 2671 2380 2739 mini,
2409 2675 2662 2744 numquid
2693 2675 2814 2730 ideo
2844 2676 2896 2732 id
2926 2677 3067 2747 quod
3094 2677 3172 2733 eis
3201 2677 3355 2733 adest
3393 2677 3782 2734 destruendum
3813 2723 3832 2748 ,

2229 2778 2292 2819 ac
2322 2779 2425 2819 non
2471 2768 2643 2835 potius
2676 2767 2727 2845 id
2767 2768 2906 2838 quod
2949 2769 3101 2825 deest
3144 2771 3488 2825 astruendum
3519 2771 3645 2826 est?
3673 2771 3839 2828 Sicut

2229 2856 2296 2911 ad
2323 2857 2579 2926 quosdam
2608 2859 2944 2930 imperfectos
2966 2861 3190 2934 loquens
3219 2863 3507 2932 Apostolus
3533 2864 3608 2917 ait
3635 2881 3647 2916 :
3679 2863 3838 2919 Gau-

2229 2946 2352 3001 dens
2393 2956 2440 3002 et
2467 2950 2636 3002 videns
2659 2961 2870 3004 vestram
2901 2955 3342 3019 conversationem,
3376 2963 3423 3007 et
3449 2953 3503 3006 id
3524 2954 3658 3024 quod
3685 2955 3841 3010 deest

2233 3039 2352 3102 fidei
2386 3051 2559 3095 vestrae
2598 3042 2651 3095 in
2673 3042 2870 3097 Christo
2903 3041 3117 3116 (Coloss.
3150 3061 3206 3107 ll,
3236 3044 3313 3116 5).
3346 3043 3610 3099 Cernebat
3640 3047 3841 3115 utique

2230 3131 2513 3200 quamdam
2554 3131 2809 3188 fabricam
2839 3135 3190 3203 spiritualem,
3222 3135 3359 3191 sicut
3396 3136 3694 3204 alibi.dicit,
3729 3136 3843 3192 Dei

2231 3221 2642 3290 wdiﬁcatio'estis
2664 3225 2705 3295 (l
2732 3223 2849 3280 Cor.
2881 3241 2955 3288 ιιι,
2983 3225 3038 3296 9)
3069 3245 3080 3280 :
3109 3235 3162 3281 et
3182 3227 3236 3281 in
3258 3241 3321 3281 ea
3345 3227 3596 3282 cernebat
3619 3236 3845 3283 utrum-

2233 3332 2372 3386 que;
2405 3326 2459 3371 et
2486 3317 2625 3372 unde
2662 3319 2934 3388 gauderet,
2966 3327 3019 3372 et
3052 3320 3190 3374 unde
3231 3329 3517 3391 satageret.
3548 3320 3845 3378 Gaudebat

2232 3424 2296 3462 ex
2323 3424 2387 3463 eo
2409 3408 2548 3479 quod
2583 3409 2692 3479 jam
2723 3409 3039 3465 aedificatum
3068 3411 3320 3478 videbat;
3353 3414 3625 3482 satagebat
3659 3429 3731 3469 ex
3764 3431 3847 3472 eo

2233 3499 2373 3570 quod
2419 3516 2589 3570 usque
2630 3500 2696 3555 ad
2725 3501 2937 3556 culmen
2969 3487 3310 3570 perfectionis
3347 3503 3521 3558 adhuc
3550 3505 3847 3560 aedifican-

2233 3592 2358 3647 dum
2381 3607 2498 3648 esse
2523 3593 2801 3648 sentiebat.
2836 3595 3012 3664 Itaque
3039 3609 3136 3650 nos
3160 3611 3343 3651 revera
3371 3596 3664 3652 catholicos
3686 3613 3850 3653 non-

2233 3685 2357 3741 dum
2389 3685 2674 3756 perfectos,
2721 3687 2815 3743 sed
2845 3689 3075 3758 quodam
3103 3689 3282 3754 modo,
3327 3698 3385 3745 ut
3427 3690 3626 3758 dixisti,
3658 3693 3850 3747 semi-

2141 3827 2143 3830 .
2233 3777 2553 3834 christianos
2571 3793 2704 3848 quos
2731 3778 2919 3834 fallatis
2943 3789 2997 3835 et
3011 3780 3276 3836 seducatis
3299 3790 3473 3836 vestra
3506 3783 3861 3852 perversita-

2237 3880 2307 3937 te,
2337 3871 2690 3927 insectamini.
2719 3872 2823 3928 Sed
2851 3873 2896 3928 si
2923 3873 3012 3944 qui
3041 3873 3213 3929 adhuc
3242 3875 3400 3930 etiam
3431 3875 3565 3931 tales
3594 3885 3747 3942 sunt,
3799 3879 3859 3934 si

2233 3978 2330 4018 vos
2384 3962 2905 4032 pseudochristianos
2953 3979 3073 4020 esse
3134 3965 3532 4034 intellexerint,
3583 3969 3866 4036 quamvis

2233 4054 2484 4124 captiosis
2512 4055 2863 4124 quaestionum
2883 4064 3178 4112 vestrarum
3201 4056 3676 4128 propositionibus,
3703 4073 3865 4129 pro-

2236 4153 2354 4214 pter
2403 4143 2456 4198 id
2509 4146 2650 4215 quod
2702 4161 2888 4200 eorum
2934 4146 3055 4201 fidei
3101 4147 3290 4215 deest,
3345 4148 3671 4220 respondere
3727 4165 3870 4206 non

2236 4239 2468 4310 possint;
2509 4255 2613 4294 non
2660 4251 2838 4296 tamen
2882 4242 3204 4312 sequendos,
3237 4242 3334 4298 sed
3371 4245 3687 4298 devitandos
3747 4259 3874 4300 vos

2235 4348 2356 4388 esse
2383 4343 2727 4404 cognoscunt.
2759 4334 2904 4389 Sicut
2931 4351 3060 4406 ergo
3093 4345 3265 4391 vestra
3305 4337 3529 4392 intentio
3557 4346 3639 4391 est
3667 4339 3880 4393 semi-

2236 4425 2557 4481 christianos
2598 4442 2734 4496 quos
2774 4421 3051 4498 decipiatis
3083 4427 3373 4499 inquirere,
3422 4430 3499 4483 sic
3529 4438 3718 4484 nostra
3764 4430 3880 4484 in-

2239 4515 2403 4570 tentio
2449 4526 2528 4571 est
2569 4516 3090 4586 pseudochristianos
3130 4535 3222 4573 vos
3262 4519 3588 4575 ostendere:
3619 4529 3677 4574 ut
3736 4537 3885 4580 non

2237 4608 2408 4662 solum
2441 4608 2714 4662 christiani
2747 4609 3026 4679 peritiores
3057 4625 3151 4665 vos
3180 4610 3549 4665 convincendo
3579 4610 3884 4680 prodant,

2239 4699 2332 4755 sed
2353 4709 2406 4754 et
2433 4699 2786 4770 imperitiores
2808 4703 2902 4756 vos
2931 4700 3169 4756 cavendo
3194 4701 3493 4770 proﬁciant.
3523 4698 3630 4754 Cur
3648 4712 3894 4762 autem

2239 4802 2538 4862 serpentem
2573 4801 2774 4862 patrem
2821 4804 3060 4849 nostrum
3103 4794 3330 4849 dixisti?
3371 4798 3451 4848 An
3499 4792 3703 4850 excidit
3767 4797 3898 4854 tibi

2239 4883 2682 4954 qucn'iadmodun'i
2731 4886 2946 4941 soleatis
2974 4887 3273 4957 vituperare
3304 4887 3469 4942 Deum
3497 4887 3588 4957 qui
3630 4886 3900 4948 homini

2240 4985 2566 5046 praeceptum
2610 4976 2662 5030 in
2709 4978 2955 5046 paradiso
2998 4977 3147 5033 dedit
3198 4976 3350 5047 (Gen.
3392 4978 3755 5049 ιι.16.17),
3830 4993 3907 5040 et

2239 5067 2459 5124 laudare
2482 5078 2781 5139 serpentem
2809 5071 2949 5140 quod
2974 5072 3023 5127 ei
3053 5088 3148 5142 per
3168 5088 3320 5127 suum
3342 5071 3623 5128 consilium
3644 5077 3908 5137 oculos

1719 5192 2006 5233 ADIIONITIO
2043 5195 2123 5234 PP.
2166 5197 2643 5238 BENEDICTINORUI.

498 5345 507 5354 .
611 5305 781 5352 Contra
801 5304 1026 5349 Faustum
1047 5295 1377 5360 libriitriginta
1401 5293 1766 5360 tresrecogniti
1805 5298 1918 5360 sunt
1957 5291 2119 5360 denuo
2140 5295 2198 5344 ad
2223 5298 2545 5360 manuscripta
2570 5297 2870 5360 exemplaria
2913 5311 3004 5348 sex
3050 5299 3288 5359 vaticana,
3327 5306 3378 5350 et
3399 5298 3674 5349 octodecim
3705 5303 3922 5356 caui-

545 5351 688 5421 mna,
709 5351 1391 5432 Remigianumaporbeiénse,
1419 5351 1764 5432 Audoenensc,
1796 5351 2144 5432 Michaelinum,
2182 5351 2501 5432 l’ratellensé,
2536 5351 2774 5432 Lyrense,
2805 5361 3058 5432 sagiense,
3103 5351 3474 5432 \-'indocinettse,
3507 5351 3922 5432 _r‘loriac<_z_ﬁ§é,

547 5416 916 5489 Βθυίέζιιίὲιιιῖίηυ
938 5416 1224 5489 (militum,
1248 5416 1932 5489 οἱδιοηο]θιιβρ,ηιιὶ-ξξίξιίεηιιιηι,
1961 5417 2270 5489 _\’ictorinum,
2314 5416 2723 5489 Domitianam-um
2747 5416 3086 5470 Parisiensiuin
3125 5423 3201 5472 via
3235 5416 3601 5489 Jacobgea'duo,
3638 5416 3924 5489 collegii

547 5479 973 5540 llernirdinorum,
1001 5485 1143 5532 Paris.
1169 5493 1336 5538 unum,
1362 5479 1633 5546 abbatiaes.
1661 5479 1783 5525 Petri
1806 5481 2114 5526 (Zarttutensis
2137 5494 2314 5542 unum;
2342 5482 2401 5531 ad
2427 5483 2670 5533 editiones
2692 5493 2790 5532 Am.
2817 5490 2892 5531 Er.
2918 5491 2970 5533 et
2993 5490 3098 5534 ων.
3125 5497 3316 5534 necnon
3339 5485 3397 5533 ad
3423 5483 3664 5534 lectiones

548 5546 854 5607 Belgicorum
872 5539 967 5592 sex
981 5548 1418 5605 manuscriptorum
1438 5539 1563 5602 apud
1582 5544 1689 5587 Lov.

643 5630 1158 5707 Comparavimus
1175 5636 1485 5707 prwterea
1515 5643 1613 5685 eas
1660 5615 1863 5684 omnes
1895 5624 2195 5686 editiones
2222 5629 2409 5692 initio
2437 5630 2602 5690 Betr.
2627 5639 2682 5692 et
2703 5629 3017 5706 Confess.,
3037 5637 3082 5690 t.
3105 5630 3162 5702 1,
3194 5639 3580 5691 memoratas.
3673 5630 3807 5694 Μ.

601 5735 632 5804 ’ξ
667 5731 816 5804 Editlo
833 5737 964 5790 μοι,
991 5727 1412 5791 christimtamque.
1433 5727 1597 5786 Abest,
1621 5737 1730 5791 que,
1760 5725 1820 5774 ab
1847 5724 2141 5777 editionibus

550 5793 657 5844 aliis
680 5801 731 5842 et
753 5799 859 5840 Mss.

620 5856 640 5884 ³
673 5856 744 5902 δίο
767 5867 867 5902 Am.
893 5860 966 5902 Er.
996 5857 1048 5901 et
1068 5856 1176 5899 MSS.
1212 5857 1269 5900 At
1288 5858 1418 5914 ων..
1442 5853 1689 5916 sumendo.

581 5915 584 5918 ’
618 5937 695 6003 (α)
714 5937 884 5998 scripti
904 5935 1096 5987 circiter
1118 5945 1296 5984 annum
1323 5935 1342 5982 ι

2315 5732 2328 5760 ¹
2369 5740 2467 5779 Am.
2501 5738 2553 5780 ct
2572 5730 2676 5779 fere
2693 5743 2866 5781 onmes
2882 5740 3010 5788 Mss,
3045 5745 3229 5782 sentum
3258 5739 3344 5783 est.
