4052 6450
253 352 366 415 209

256 565 408 621 illum
431 563 704 620 diabolum
734 580 766 620 a
794 564 944 621 vobis
971 564 1260 631 laudatum,
1306 572 1359 618 tu
1387 563 1562 632 potius
1588 572 1844 630 agnoscas

775 356 1045 415 CONTRA
1085 354 1409 413 FAUSTUM
1446 349 1896 419 MANICHEUM,
1935 350 1995 408 S.
2034 352 2402 412 AUGUSTINI
2440 355 2642 412 LIBER
2680 358 3050 418 SECUNDUS.

253 472 463 543 aperuit
491 469 646 541 (Gen.
676 485 752 536 ιιι,
799 471 898 540 7)?
923 471 1058 526 Puto
1079 471 1278 540 justum
1308 483 1427 524 esse
1457 475 1517 522 ut
1544 473 1846 535 serpentem

1859 693 2244 711 ...ᾑ-

3427 371 3533 428 210

1957 477 2227 536 parentem
2263 478 2427 524 tuum.
2456 471 2586 526 Nam
2619 472 2708 528 ille
2747 483 2799 530 te
2827 474 2993 530 ﬁlium
3018 478 3178 533 etiam
3209 481 3369 538 modo
3395 485 3533 541 vitu~

1953 569 2167 629 peratus
2191 566 2448 634 agnoscit.

2273 701 3521 731 ’.Ἣ

1185 775 1669 886 LIBER
1755 693 2584 884 εἰξἕῆἦῦῧέ

1683 950 2098 978 ﬂ

318 1053 546 1110 CAPUT
585 1051 868 1110 PRIMUM.
890 1082 962 1094 -
983 1051 1226 1108 FAUSTUS
1245 1051 1376 1106 dixit
1399 1069 1412 1105 :
1437 1049 1646 1118 Accipis
1672 1047 1844 1100 Evan-

248 1150 485 1220 gelium?
514 1149 582 1203 Et
611 1149 859 1203 maxime.
892 1145 1123 1202 Proinde
1166 1160 1293 1215 ergo
1330 1153 1384 1200 et
1421 1154 1599 1198 natum
1645 1139 1841 1209 accipis

247 1239 711 1296 Christum?Non
756 1240 826 1294 ita
873 1249 974 1294 est.
1005 1237 1188 1308 Neque
1217 1238 1358 1294 enim
1409 1236 1649 1306 sequitur
1699 1243 1752 1286 ιιι
1795 1233 1839 1284 si

246 1332 596 1402 Evangelium
627 1333 849 1403 accipio,
883 1331 1082 1387 idcirco
1105 1339 1160 1385 et
1190 1340 1371 1386 natum
1399 1328 1655 1397 accipiam
1681 1326 1837 1381 Chri-

245 1436 407 1480 stum.
438 1425 590 1482 Cur?
618 1426 749 1494 Quia
780 1425 1120 1494 Evangelium
1164 1423 1379 1492 quidem
1403 1437 1430 1475 a
1469 1419 1839 1491 prmdicatione

246 1515 442 1572 Christi
473 1526 529 1571 et
557 1531 676 1571 esse
705 1516 868 1585 coepit
896 1523 949 1570 et
978 1513 1240 1568 nominari
1264 1530 1278 1578 ;
1310 1513 1361 1566 in
1387 1525 1493 1582 quo
1523 1520 1700 1565 tamen
1726 1509 1839 1580 ipse

246 1622 508 1678 nusquam
551 1617 821 1662 senatum
847 1622 912 1661 ex
941 1604 1241 1658 hominibus
1281 1603 1429 1658 dicit.
1480 1609 1546 1655 At
1570 1615 1698 1654 vero
1743 1614 1838 1668 ge-

245 1702 482 1769 nealogia
513 1699 650 1754 adeo
692 1714 797 1753 non
828 1707 912 1753 est
953 1695 1318 1766 Evangelium,
1362 1702 1420 1747 ιιι
1461 1707 1560 1748 nec
1587 1693 1699 1762 ipsc
1725 1692 1838 1761 ejus

246 1793 471 1862 scriptor
493 1807 654 1846 ausus
685 1791 844 1846 fuerit
862 1805 978 1844 eam
1001 1787 1344 1856 Evangelium
1373 1785 1668 1840 nominare.
1697 1781 1836 1849 Quid

247 1887 388 1940 enim
413 1885 666 1953 scripsit?
694 1883 841 1937 Liber
866 1881 1198 1952 generationis
1225 1877 1350 1933 Iesu
1377 1877 1569 1933 Christi
1598 1874 1694 1944 ﬁlii
1726 1874 1836 1928 Da-

247 1976 328 2030 vid
350 1973 566 2047 (Matth.
587 1991 628 2039 ι,
659 1974 730 2043 1).
758 1973 872 2028 Non
905 1986 1052 2042 ergo,
1078 1970 1210 2025 liber
1236 1968 1507 2038 Evangelii
1527 1966 1650 2022 Iesu
1674 1965 1832 2020 Chri-

246 2066 347 2129 sti;
395 2065 515 2131 sed,
565 2064 691 2118 liber
735 2061 1066 2134 generationis
1105 2076 1124 2114 :
1168 2060 1362 2130 quippe
1406 2057 1494 2113 ubi
1524 2058 1541 2088 ¹
1588 2066 1642 2112 et
1683 2055 1835 2110 stella

247 2158 515 2214 inducitur
540 2173 659 2228 qua:
687 2157 967 2212 confirmat
993 2154 1229 2225 genesim
1265 2150 1372 2223 (Id.
1404 2167 1458 2215 ιι,
1490 2149 1546 2221 2)
1574 2166 1588 2212 ;
1618 2157 1675 2202 ut
1694 2155 1837 2202 recte

246 2249 589 2308 Genesidium
617 2250 716 2304 hoc
747 2248 915 2318 magis
940 2246 1229 2316 nuncupari
1260 2245 1428 2314 possit
1455 2257 1614 2313 qnam
1659 2242 1836 2295 Evan-

244 2343 459 2413 gelium.
508 2343 577 2396 At
605 2340 832 2410 denique
871 2337 1099 2402 Marcus,
1149 2337 1235 2406 qui
1265 2335 1659 2405 generationem
1701 2332 1836 2386 scri-

243 2435 368 2490 bere
396 2449 509 2489 non
537 2433 761 2493 curavit,
790 2431 884 2486 sed
915 2429 1341 2499 praedicationem
1374 2435 1575 2479 tantum
1601 2423 1718 2477 Filii
1745 2422 1836 2477 Dei

243 2528 378 2599 quod
427 2535 519 2584 est
566 2524 930 2595 Evangelium,
979 2521 1100 2577 vide
1147 2535 1306 2590 quam
1353 2519 1423 2574 sit
1473 2524 1837 2585 competenter

242 2634 462 2674 exorsus
498 2636 511 2672 :
545 2615 898 2687 Evangetium,
943 2613 1131 2684 inquit,
1176 2611 1303 2666 Iesu
1342 2611 1526 2664 Christi
1574 2607 1699 2663 Filii
1741 2607 1837 2662 Dei

244 2711 431 2781 (κω-ε.
465 2727 503 2776 ι,
535 2710 613 2782 1).
638 2710 708 2767 Ut
737 2710 862 2764 hinc
886 2709 1015 2763 satis
1031 2705 1346 2776 abundeque
1365 2712 1617 2774 appareat
1643 2717 1837 2774 genea-

243 2804 436 2876 logiam
467 2818 574 2858 non
599 2817 717 2857 esse
738 2799 1104 2871 Evangelium.
1135 2797 1266 2852 Nam
1293 2804 1349 2851 et
1374 2797 1425 2850 in
1449 2796 1564 2866 ipso
1588 2793 1836 2848 Matthaeo

243 2905 365 2966 post
415 2895 685 2951 inclusum
731 2893 988 2948 Joannem
1037 2890 1090 2945 in
1118 2904 1411 2957 carcerem,
1470 2898 1596 2943 tunc
1645 2887 1836 2957 legitur

246 2987 429 3044 Iesum
469 2988 699 3056 cmpisse
743 2983 1033 3054 praedicare
1060 2982 1403 3052 Evangelium
1448 2980 1593 3050 regni
1623 2977 1833 3051 (Matth.

243 3093 312 3141 tv,
343 3077 433 3141 12,
484 3077 596 3146 i7).
641 3075 785 3146 Ergo
821 3072 1077 3144 quidquid
1104 3081 1229 3128 ante
1272 3071 1374 3126 hoc
1417 3079 1688 3125 narratum
1715 3078 1834 3136 est,

243 3169 608 3240 genealogiam
636 3182 758 3222 esse
782 3174 1014 3231 constat,
1044 3179 1153 3220 non
1182 3162 1556 3233 Evangelium.
1589 3161 1836 3232 Alioquin

242 3260 365 3330 quid
413 3258 742 3330 impediebat
780 3266 835 3312 et
881 3255 1183 3311 Matthznum
1236 3268 1460 3323 ponere,
1506 3251 1838 3323 Evangelium

243 3350 366 3406 Iesu
406 3349 601 3407 Christi
649 3349 745 3418 ﬁlii
788 3346 924 3410 Dei;
963 3344 1238 3416 nisi_quia
1293 3341 1590 3412 improbum
1640 3340 1839 3410 putavit

244 3443 612 3513 genealogiam
638 3454 834 3496 vocare
858 3434 1251 3507 Evangelium?
1279 3434 1631 3504 Quapropter,
1662 3433 1705 3487 si
1726 3432 1837 3500 jam

245 3535 337 3592 tibi
363 3535 678 3590 distinctum
702 3533 830 3588 satis
858 3537 960 3592 est,
993 3528 1134 3598 quod
1179 3542 1347 3597 usque
1393 3540 1534 3580 nunc
1559 3523 1834 3592 ignorasti,

244 3627 398 3699 longe
422 3625 570 3681 aliud
592 3640 711 3680 esse
735 3623 1076 3692 Evangelium
1099 3635 1256 3690 quam
1277 3617 1673 3690 genealogiam;
1700 3615 1838 3671 scias

246 3734 351 3781 me,
381 3729 442 3772 ut
469 3717 606 3780 dixi,
635 3716 879 3786 accipere
909 3711 1272 3781 Evangelium,
1302 3709 1353 3764 id
1380 3717 1481 3774 est,
1508 3706 1840 3777 praedicatio-

243 3824 370 3864 nem
394 3807 620 3862 Christi.
645 3806 720 3860 De
736 3819 841 3874 quo
865 3801 1119 3874 quidquid
1137 3802 1247 3871 jam
1274 3813 1560 3872 perrogare
1583 3797 1834 3862 volueris,

243 3899 466 3954 omissis
502 3895 934 3968 generationibus
959 3908 1158 3964 quaere.
1185 3891 1291 3946 Aut
1317 3891 1362 3945 si
1389 3899 1443 3944 et
1466 3888 1531 3943 de
1558 3887 1685 3957 ipsis
1711 3901 1838 3941 con-

247 3991 396 4044 ferre
425 3997 511 4042 est
551 3990 772 4051 animus,
821 4001 925 4040 non
956 3985 1202 4054 equidem
1229 3997 1439 4046 recuso,
1466 3997 1589 4036 cum
1617 3981 1686 4035 sit
1709 3979 1838 4034 mihi

246 4095 450 4149 magna
497 4087 550 4134 et
597 4079 661 4134 de
699 4079 778 4133 his
825 4077 891 4132 ad
936 4075 1364 4146 respondendum
1407 4072 1558 4140 copia
1593 4089 1606 4125 :
1641 4070 1735 4126 sed
1782 4079 1838 4125 tu

244 4171 402 4228 disce
453 4172 774 4240 interrogare
822 4170 961 4241 quod
1011 4169 1237 4239 primum
1286 4177 1387 4222 est.
1444 4165 1652 4219 Videris
1695 4163 1836 4218 enim

246 4263 377 4319 mihi
425 4278 567 4318 nunc
594 4263 731 4318 scire
768 4261 928 4324 velle,
974 4273 1078 4314 non
1106 4268 1284 4314 utrum
1328 4255 1668 4326 Evangelium
1699 4253 1839 4308 acci-

245 4357 407 4427 piam,
441 4355 537 4410 sed
571 4365 749 4410 utrum
777 4351 1168 4424 generationes.

309 4445 545 4503 CAPUT
597 4445 663 4498 ll.
704 4472 775 4484 —-
819 4445 1156 4498 Aucusrtnus
1201 4437 1472 4508 respondit
1505 4452 1517 4488 :
1549 4434 1706 4490 Certe
1751 4433 1837 4487 in-

246 4539 530 4610 terrogasti
574 4539 800 4605 teipsum
849 4536 992 4591 velut
1039 4550 1103 4588 ex
1144 4545 1370 4600 persona
1411 4538 1616 4593 nostra,
1659 4536 1835 4580 utrum

247 4633 521 4700 acciperes
553 4628 940 4698 Evangelium;
969 4635 1022 4680 et
1049 4621 1389 4692 respondisti,
1425 4617 1668 4672 Maxime.
1700 4616 1836 4670 Rur-

246 4738 446 4793 susque
488 4720 850 4791 interrogasti,
895 4729 1070 4772 utrum
1111 4715 1381 4784 acciperes
1421 4709 1692 4765 Christum
1743 4722 1830 4762 na-

247 4825 352 4871 tum
378 4833 394 4880 ;
427 4824 485 4871 et
509 4811 854 4884 respondisti,
877 4809 1000 4864 Non
1019 4811 1090 4863 ita
1109 4816 1220 4861 est:
1241 4805 1378 4860 hanc
1397 4804 1599 4858 scilicet
1620 4816 1836 4857 causam

246 4905 573 4976 subiiciens,
622 4902 743 4972 quia
785 4900 1058 4971 generatio
1109 4896 1302 4951 Christi
1349 4907 1457 4948 non
1498 4891 1729 4960 pertinet
1769 4889 1838 4945 ad

248 4996 619 5066 Evangelium.
652 4991 788 5060 Quid
818 5005 946 5060 ergo
966 4986 1312 5056 respondebis
1339 4983 1594 5054 Apostolo
1615 4982 1832 5046 dicenti,

251 5087 450 5142 Memor
475 5095 580 5140 esto
619 5083 873 5138 Christum
899 5080 1073 5133 Iesum
1115 5076 1444 5131 resurrexisse
1479 5091 1509 5125 a
1538 5073 1746 5126 mortuis
1776 5087 1839 5126 ea:

251 5179 433 5233 semine
451 5174 642 5237 David,
673 5171 946 5228 secundum
978 5168 1302 5240 Evangelium
1331 5181 1495 5219 meum
1521 5163 1592 5233 (Il
1621 5163 1751 5217 Tim.
1775 5178 1831 5227 ιι,

251 5269 340 5338 8)?
367 5268 539 5324 Vides
565 5274 710 5320 certe
747 5278 905 5332 quam
937 5261 1163 5323 nescias,
1196 5258 1284 5313 vel
1313 5267 1366 5311 te
1393 5255 1598 5311 nescire
1625 5253 1793 5323 ﬁngas
1818 5295 1833 5320 ,

253 5362 374 5432 quid
403 5361 475 5415 sit
517 5356 895 5427 Evangelium;
925 5367 1023 5408 nec
1046 5367 1114 5407 ex
1144 5349 1382 5405 doctrina
1408 5346 1718 5417 apostolica,
1743 5343 1839 5400 sed

254 5467 318 5507 ex
352 5459 536 5506 vestro
580 5461 764 5503 errore
807 5443 1048 5498 nomines
1089 5439 1447 5508 Evangelium.
1491 5436 1599 5491 Aut
1641 5435 1687 5490 si
1735 5433 1839 5490 hoc

257 5545 488 5616 appellas
536 5540 906 5610 Evangelium,
937 5535 1078 5605 quod
1119 5531 1356 5603 Apostoli
1399 5529 1834 5599 appellaverunt;

257 5637 474 5705 aberras
501 5635 570 5689 ab
597 5631 906 5702 Evangelia,
953 5628 1042 5698 qui
1090 5642 1194 5681 non
1241 5624 1414 5680 credis
1460 5622 1728 5680 Christum
1771 5634 1839 5677 ex

310 5772 333 5806 ³
367 5769 498 5834 Apud
521 5773 595 5818 Er.
619 5765 768 5828 Lugd.
797 5771 912 5814 \‘en.
936 5767 1066 5822 Lov.,
1090 5758 1172 5810 ibi.
1238 5765 1291 5806 Μ.

1976 1045 2151 1100 emine
2171 1046 2332 1100 David
2363 1067 2376 1102 :
2403 1049 2541 1119 quod
2565 1051 2851 1120 Apostolus
2867 1055 3157 1111 secundum
3183 1070 3338 1112 suum
3361 1058 3532 1115 Evam

1946 1135 2139 1203 gelium
2171 1140 2444 1208 praedicari
2479 1151 2700 1198 testatus
2728 1153 2828 1199 est.
2860 1147 3011 1214 Quod
3040 1157 3218 1204 autem
3258 1161 3371 1206 erat
3397 1167 3532 1221 apo-

1945 1229 2066 1282 stoli
2096 1229 2238 1284 Pauli
2266 1231 2632 1302 Evangelium,
2656 1235 2758 1291 hoc
2783 1239 2940 1293 etiam
2964 1249 3278 1297 caeterorum
3301 1244 3527 1312 Aposto-

1947 1318 2152 1388 lorum,
2207 1331 2262 1377 et
2321 1325 2556 1380 omnium
2617 1326 2848 1382 fidelium
2915 1330 3336 1400 dispensatorum
3403 1335 3531 1388 tanti

1945 1417 2280 1468 Sacramenti.
2313 1415 2424 1471 Hoc
2465 1419 2606 1473 enim
2634 1419 2760 1474 alibi
2785 1419 2914 1476 dicit
2945 1440 2959 1476 :
2989 1421 3108 1477 Sive
3134 1440 3250 1494 ergo
3277 1441 3386 1496 ego,
3428 1426 3531 1479 sive

1944 1503 2060 1568 illi;
2085 1506 2158 1558 sic
2183 1507 2537 1576 praedicamus,
2578 1520 2626 1564 et
2651 1511 2724 1566 sic
2752 1513 3033 1568 credidistis
3056 1513 3099 1581 (Ι
3127 1513 3244 1569 Cor.
3275 1531 3367 1582 xv,
3411 1515 3522 1589 Η).

1943 1597 2058 1653 Non
2086 1602 2226 1655 enim
2268 1617 2453 1658 omnes
2481 1605 2554 1659 illi
2582 1605 2924 1676 Evangelium
2955 1608 3399 1677 conscripserunt,
3434 1610 3528 1665 sed

1944 1701 2124 1749 tamen
2146 1711 2334 1751 omnes
2370 1696 2716 1768 Evangelium
2747 1701 3184 1769 praedicaverunt.
3215 1701 3528 1758 Narratores

1943 1787 2140 1856 quippe
2179 1787 2418 1858 originis,
2452 1788 2729 1857 factorum,
2761 1791 3044 1859 dictorum,
3081 1793 3388 1864 passionum
3419 1793 3527 1847 Do-

1943 1879 2072 1932 mini
2099 1881 2263 1935 nostri
2295 1881 2418 1938 Iesu
2439 1881 2657 1949 Christi,
2706 1885 2918 1954 prOprie
2942 1884 3068 1939 dicti
3094 1893 3216 1939 sunt
3241 1884 3528 1954 Evangeli—

1943 1977 2059 2025 staa.
2100 1970 2233 2026 Nam
2259 1981 2314 2028 et
2350 1973 2522 2042 ipsum
2549 1989 2742 2029 nomen
2787 1976 2830 2028 si
2861 1990 3163 2045 quaeramus
3205 1975 3332 2046 quid
3362 1975 3529 2030 latine

1941 2063 2338 2134 interpretetur,
2383 2067 2588 2122 Bonum
2633 2069 2872 2122 nuntium
2913 2069 3106 2124 dicitur
3141 2069 3484 2140 Evangelium
3509 2109 3525 2134 ,

1940 2157 2047 2224 vel,
2081 2157 2224 2212 Bona
2249 2160 2600 2214 annuntiatio.
2629 2159 2781 2226 Quod
2811 2159 3025 2230 quidem
3051 2175 3169 2214 cum
3198 2159 3396 2229 aliquid
3427 2159 3526 2214 bo-

1941 2263 2068 2303 num
2093 2250 2459 2318 annuntiatur,
2490 2266 2702 2320 semper
2729 2251 2831 2306 dici
2857 2259 3030 2321 potest
3063 2268 3075 2303 :
3108 2251 3320 2322 proprie
3348 2259 3525 2304 tamen

1943 2340 2044 2393 hoc
2089 2341 2403 2395 vocabulum
2435 2341 2662 2397 obtinuit
2704 2341 2794 2396 illa
2839 2357 2998 2411 quam
3043 2341 3149 2395 dixi
3195 2339 3526 2394 annuntiatio

1941 2429 2250 2486 Salvatoris.
2307 2433 2359 2488 Si
2409 2442 2584 2488 autem
2633 2448 2728 2488 vos
2782 2432 2925 2488 aliud
2973 2432 3332 2496 annuntiatis,
3375 2438 3526 2485 extra

1942 2523 2292 2595 Evangelium
2337 2540 2433 2580 vos
2475 2539 2594 2581 esse
2642 2526 2980 2581 manifestum
3027 2533 3128 2580 est.
3172 2523 3364 2594 Utique
3401 2530 3528 2577 sunt

1940 2615 2199 2672 adversus
2224 2631 2320 2671 vos
2347 2617 2550 2687 parvuli
2582 2632 2717 2688 quos
2744 2616 3022 2688 appellatis
3046 2616 3522 2678 semichristianos,

1939 2707 1985 2762 si
2013 2708 2195 2761 matris
2221 2706 2494 2762 charitatis
2525 2723 2711 2764 vocem
2739 2709 2839 2764 sibi
2865 2723 2932 2764 ex
2959 2722 3055 2763 ore
3080 2707 3373 2777 apostolico
3399 2720 3522 2775 per-

1940 2811 2218 2854 sonantem
2248 2799 2466 2856 audiant
2493 2817 2507 2853 :
2537 2799 2599 2856 Si
2622 2801 2733 2865 quis
2757 2800 2892 2854 vobis
2919 2798 3286 2854 annuntiaverit
3315 2805 3527 2866 prmer-

1941 2909 2091 2961 quam
2117 2892 2252 2962 quod
2272 2891 2678 2946 annuntiavimus
2705 2881 2860 2954 vobis,
2883 2891 3152 2943 anathema
3177 2888 3239 2941 sit
3264 2885 3458 2958 (Galat.
3484 2901 3524 2952 ι,

1941 2983 1994 3050 8,
2028 2983 2105 3055 9).
2137 2983 2270 3038 Cum
2300 2998 2427 3054 ergo
2453 2983 2567 3053 ipse
2609 2982 2803 3037 Paulus
2844 2976 3524 3048 secundum_Evangelium

1942 3092 2095 3132 suum
2134 3076 2525 3131 annuntiaverit
2571 3074 2840 3130 Christum
2887 3089 2954 3129 ex
2983 3073 3188 3128 semine
3215 3069 3400 3136 David,
3429 3082 3528 3123 vos

1941 3172 2028 3242 qui
2062 3171 2163 3226 hoc
2187 3170 2410 3240 negatis,
2443 3178 2498 3224 et
2520 3167 2664 3223 aliud
2702 3165 3047 3231 annuntiatis,
3075 3162 3357 3218 anathema
3385 3160 3524 3215 sitis.

1941 3265 2071 3331 Quis
2099 3273 2277 3319 autem
2302 3279 2407 3318 non
2437 3261 2615 3316 videat
2639 3261 2836 3330 quanta
2861 3258 3099 3314 caecitate
3128 3255 3352 3320 dicatur,
3384 3251 3526 3324 quod

1942 3369 2201 3424 nusquam
2231 3368 2290 3408 se
2317 3351 2560 3407 Christus
2587 3360 2766 3405 natum
2789 3365 2854 3404 ex
2884 3347 3187 3403 hominibus
3212 3344 3375 3410 dicat,
3401 3357 3528 3400 cum

1942 3462 2079 3517 pene
2102 3461 2371 3516 nunquam
2397 3460 2456 3500 se
2479 3445 2648 3499 ﬁlium
2680 3443 2909 3498 hominis
2935 3439 3144 3496 taceat?

2013 3536 2237 3593 CAPUT
2273 3536 2361 3591 Ill.
2399 3565 2469 3575 —
2497 3534 2602 3589 Sed
2633 3533 2880 3589 videlicet
2917 3529 3208 3586 doctissimi
3252 3527 3522 3591 homines,

1944 3628 2192 3700 profertis
2230 3628 2385 3683 nobis
2413 3643 2476 3681 ex
2509 3626 2742 3680 armario
2768 3633 2981 3689 vestro,
3013 3621 3192 3676 nescio
3220 3635 3378 3689 quem
3410 3618 3525 3687 pri-

1944 3734 2089 3773 mum
2121 3717 2390 3772 hominem
2417 3757 2431 3782 ,
2477 3715 2567 3785 qui
2609 3714 2674 3769 ad
2715 3722 2925 3784 gentem
2974 3711 3312 3766 tenebrarum
3342 3707 3527 3762 debel-

1945 3809 2153 3864 landam
2181 3809 2246 3863 de
2271 3809 2405 3863 lucis
2429 3816 2584 3877 gente
2613 3804 2908 3868 descendit,
2933 3811 3194 3857 armatum
3215 3799 3367 3869 aquis
3391 3801 3522 3864 suis,

1941 3909 2127 3956 contra
2163 3900 2498 3954 inimicorum
2543 3912 2744 3968 aquas;
2789 3905 2842 3950 et
2886 3896 3006 3965 igne
3036 3909 3167 3960 suo,
3197 3900 3380 3948 contra
3423 3891 3524 3945 ini-

1942 3993 2203 4048 micorum
2228 3991 2436 4061 ignem;
2488 3999 2544 4044 et
2566 3989 2738 4044 ventis
2789 3988 2933 4052 suis,
2964 3994 3146 4040 contra
3188 3984 3524 4038 inimicorum

1943 4094 2152 4140 ventos.
2185 4083 2290 4138 Cur
2317 4097 2421 4136 non
2463 4097 2590 4151 ergo
2633 4090 2688 4135 et
2732 4079 2876 4134 iunio
2906 4093 3032 4141 suo,
3062 4085 3246 4132 contra
3276 4075 3523 4130 inimico-

1941 4191 2060 4230 rum
2101 4174 2342 4240 fumum;
2386 4183 2441 4228 et
2480 4172 2714 4227 tenebris
2755 4172 2864 4225 suis
2889 4210 2904 4236 ,
2957 4178 3141 4224 contra
3186 4166 3524 4221 inimicorum

1949 4265 2194 4320 tenebras
2223 4281 2236 4317 :
2271 4263 2364 4318 sed
2392 4272 2578 4317 contra
2606 4261 2808 4316 fumum
2838 4275 2996 4326 aere,
3029 4269 3087 4312 ut
3110 4257 3286 4311 dicitis
3305 4296 3320 4322 ,
3349 4270 3526 4309 arma-

1951 4359 2142 4423 batur;
2182 4366 2238 4411 et
2262 4364 2447 4410 contra
2479 4355 2726 4410 tenebras
2751 4353 2911 4405 luce?
2959 4352 3038 4404 An
3080 4351 3200 4418 quia
3233 4349 3368 4402 mala
3399 4356 3525 4402 sunt

1941 4451 2115 4506 fumus
2142 4457 2196 4503 et
2223 4448 2476 4512 tenebrae,
2501 4461 2608 4500 non
2635 4461 2697 4500 ea
2723 4445 2896 4515 potuit
2920 4442 3114 4497 habere
3139 4442 3347 4496 bonitas
3369 4439 3527 4509 ejus?

1940 4547 2085 4602 Bona
2120 4560 2248 4615 ergo
2294 4552 2418 4598 sunt
2462 4541 2549 4595 illa
2576 4542 2676 4596 tria
2701 4581 2714 4603 ,
2747 4554 2880 4608 aqua
2907 4579 2921 4603 ,
2953 4546 3143 4591 ventus
3168 4577 3183 4602 ,
3216 4536 3368 4605 ignis.
3418 4533 3526 4588 Cur

1941 4654 2069 4708 ergo
2100 4653 2161 4692 ea
2201 4634 2372 4706 potuit
2414 4632 2611 4688 habere
2659 4629 2857 4684 malitia
2896 4629 3069 4697 gentis
3096 4625 3378 4681 adversae?
3417 4623 3517 4678 Hic

1941 4727 2278 4800 respoudetis
2319 4744 2332 4781 :
2365 4725 2474 4781 Sed
2501 4739 2634 4793 aqua
2664 4722 2752 4776 illa
2795 4721 2968 4791 gentis
3010 4719 3351 4774 tenebrarum
3383 4716 3521 4770 mala

1941 4831 2091 4886 erat;
2124 4834 2279 4889 quam
2305 4832 2432 4871 vero
2460 4815 2660 4885 primus
2693 4813 2854 4867 homo
2882 4810 3077 4874 attulit,
3111 4809 3249 4862 bona
3280 4814 3396 4861 erat
3424 4821 3436 4856 :
3465 4812 3524 4858 et

1941 4921 2132 4966 ventus
2157 4909 2298 4963 illius
2327 4905 2519 4970 malus,
2551 4903 2711 4974 hujus
2734 4892 2912 4956 autem
2942 4900 3154 4963 bonus;
3189 4897 3258 4950 ita
3285 4903 3338 4949 et
3363 4892 3522 4962 hujus

1942 5005 2079 5075 ignis
2123 5003 2294 5057 bonus
2341 5007 2525 5053 contra
2572 4996 2768 5050 malum
2813 4994 2988 5064 ignem
3039 4992 3182 5046 illius
3226 4985 3521 5046 dimicavit.

1941 5096 2050 5151 Cur
2075 5107 2200 5162 ergo
2225 5099 2280 5147 et
2305 5098 2487 5145 contra
2518 5088 2713 5143 malum
2745 5085 2947 5141 fumum
2988 5099 3091 5138 non
3127 5080 3293 5150 potuit
3332 5077 3524 5132 afferre

1941 5186 2142 5243 fumum
2182 5182 2422 5238 bonum?
2461 5182 2541 5235 An
2581 5180 2634 5235 in
2679 5178 2825 5232 fumo
2851 5185 3029 5231 vestra
3074 5170 3366 5235 mendacia,
3401 5178 3522 5223 tan-

1943 5293 2097 5349 quam
2128 5276 2306 5330 fumus
2333 5275 2468 5344 ipse,
2498 5280 2822 5326 evanescunt
2847 5277 3006 5336 atque
3035 5260 3329 5318 deficiunt?
3356 5260 3518 5316 Certe

1943 5373 2144 5443 primus
2172 5368 2335 5423 homo
2364 5375 2543 5422 vester
2569 5373 2752 5420 contra
2783 5370 3026 5416 naturam
3059 5355 3378 5411 contrariam
3408 5355 3525 5411 bel-

1944 5463 2050 5518 lum
2078 5461 2259 5530 gessit.
2305 5456 2412 5512 Cur
2436 5457 2672 5527 quinque
2709 5453 2813 5506 illis
2853 5449 3136 5505 elementis
3165 5462 3282 5518 qua:
3313 5447 3367 5501 in
3394 5447 3525 5501 eon-

1944 5555 2106 5611 traria
2133 5560 2291 5623 gente
2317 5547 2644 5617 conﬂngitis,
2678 5558 2836 5598 unum
2863 5541 3083 5596 allatum
3110 5547 3192 5594 est
3216 5537 3285 5594 de
3323 5537 3523 5592 divinis

1945 5645 2124 5717 regnis
2176 5641 2538 5704 contrarium,
2584 5637 2674 5691 lux
2737 5645 2921 5690 contra
2973 5629 3268 5688 tenebras?
3316 5628 3522 5684 Caetera

1945 5738 2088 5794 enim
2113 5741 2342 5805 quatuor
2369 5744 2476 5786 non
2512 5737 2637 5784 sunt
2660 5726 2947 5784 contraaia.
2973 5723 3106 5781 Nam
3134 5735 3232 5778 nec
3253 5733 3350 5775 aer
3379 5717 3526 5774 fumo
