4052 6414
548 339 648 398 ΞΗ

551 466 637 513 est
677 457 976 515 contrarius
997 499 1013 527 ,
1045 457 1214 515 multo
1250 458 1426 514 minus
1471 472 1623 528 aqua:
1651 469 1807 526 aqua,
1853 463 1908 511 et
1937 462 2126 510 ventus

548 561 729 619 vento,
760 561 812 607 et
842 552 978 624 ignis
1007 553 1133 624 igni.

619 643 844 700 CAPUT
881 643 970 698 ιν.
995 673 1067 686 —-
1097 640 1345 699 Jamvero
1379 640 1468 694 illa
1496 638 1752 709 sacrilega
1779 638 2126 694 deliramenta

545 734 666 804 quis
695 734 908 801 audiat,
936 734 1075 805 quod
1104 734 1332 805 primum
1361 732 1630 794 hominem
1660 738 1894 787 vestrum
1926 731 2120 798 dicitis,

546 826 834 881 secundum
883 826 1113 882 hostium
1161 826 1525 892 voluntatem,
1572 839 1676 894 quo
1727 839 1820 879 cos
1872 831 2121 893 caperet,

546 919 806 973 elementa
845 935 963 989 quae
1009 902 1252 988 portabat
1295 925 1528 972 mutasse
1571 925 1730 987 atque
1772 919 2016 983 vertisse;
2069 923 2126 969 nt

548 1026 771 1080 regnum
791 1009 938 1080 quod
960 1008 1137 1072 dicitis
1161 1007 1434 1083 falsitatis,
1459 1009 1512 1062 in
1538 1022 1634 1063 sua
1660 1016 1846 1061 natura
1873 1021 2117 1072 manens,

525 1083 656 1155 'non
681 1099 934 1154 fallaciter
961 1097 1258 1164 dimicaret,
1281 1106 1335 1153 et
1365 1097 1656 1153 substantia
1691 1095 1928 1152 veritatis
1954 1104 2125 1150 muta-

549 1191 672 1246 bilis
714 1198 1037 1261 appareret,
1080 1199 1138 1244 ut
1187 1187 1437 1254 falleret?
1484 1188 1651 1257 Hujus
1697 1186 1854 1258 primi
1895 1185 2126 1242 hominis

544 1280 710 1334 filium
741 1280 888 1336 credi
914 1281 1073 1344 vultis
1098 1281 1379 1350 Dominum
1408 1280 1591 1336 Jesum
1625 1279 1910 1335 Christum.
1958 1278 2124 1348 Hujus

544 1373 921 1430 commentitite
966 1371 1161 1428 fabulae
1204 1372 1366 1428 filiam
1407 1372 1582 1426 dicitis
1620 1371 1920 1426 veritatem.
1973 1369 2124 1424 Hunc

542 1465 772 1533 primum
800 1463 1076 1536 hominem
1094 1506 1110 1531 ,
1137 1479 1298 1534 quem.
1327 1463 1589 1528 laudatis,
1621 1462 1745 1532 quia
1783 1461 2123 1518 mutabilibus

541 1537 596 1610 ct
624 1553 970 1610 mendacibus
1014 1554 1200 1610 formis
1230 1569 1351 1610 cum
1378 1553 1600 1608 adversa
1630 1562 1788 1624 gente
1830 1553 2120 1623 pugnavit;

539 1644 582 1698 si
611 1661 792 1702 verum
821 1644 1015 1712 dicitis,
1046 1660 1153 1700 non
1181 1644 1462 1700 imitamini
1493 1661 1507 1697 :
1538 1644 1584 1700 si
1615 1653 1792 1700 autem
1823 1644 2120 1711 imitamini,

540 1745 596 1791 et
625 1751 718 1792 vos
762 1737 1080 1800 mentimini.
1126 1739 1459 1807 Quapropter
1490 1737 1751 1792 Dominus
1793 1745 1848 1804 et
1884 1736 2125 1796 Salvator

539 1838 722 1886 noster
762 1829 919 1893 Jesus
959 1827 1241 1898 Christus,
1290 1845 1448 1887 verus
1493 1838 1547 1884 et
1591 1843 1750 1886 verax
1801 1827 1894 1884 Dei
1935 1827 2120 1895 Filius,

538 1937 698 1978 verus
725 1932 778 1978 ct
805 1937 964 1982 verax
1003 1923 1233 1992 hominis
1270 1921 1413 1976 filius
1432 1963 1446 1986 ,
1485 1919 1628 1991 quod
1657 1928 1940 1990 utrumque
1967 1918 2036 1976 de
2063 1933 2123 1974 se

538 2013 652 2082 ipse
682 2021 926 2080 testatur,
957 2024 1011 2071 et
1039 2013 1110 2072 de
1134 2029 1260 2070 vero
1288 2015 1398 2076 lico
1424 2013 1715 2070 divinitatis
1742 2013 2117 2080 teter-nitatem,

537 2113 591 2160 et
617 2103 684 2160 de
710 2119 839 2162 vero
869 2104 1083 2162 homine
1125 2104 1302 2164 carnis
1339 2105 1604 2181 originem
1631 2103 1801 2160 duxit.
1833 2103 1948 2162 Non
1977 2105 2123 2162 novit

537 2196 828 2264 apostolica
867 2196 1107 2267 doctrina
1147 2196 1377 2267 primum
1421 2197 1693 2256 hominem
1720 2206 1979 2254 vestrum.
2012 2198 2121 2252 Au-

537 2287 648 2342 dite
677 2288 988 2358 Apostolum
1026 2289 1243 2354 Paulum
1288 2307 1303 2344 :
1344 2288 1553 2344 Primus
1596 2289 1780 2356 homo,
1827 2288 2015 2359 inquit,
2059 2290 2123 2345 de

536 2389 702 2446 terra,
752 2389 1019 2448 terrenus;
1067 2380 1318 2436 secundus
1366 2380 1515 2436 homo
1567 2380 1630 2435 de
1679 2380 1837 2444 c0210,
1885 2380 2116 2444 calcatis.

538 2468 718 2538 Qualis,
742 2479 966 2532 terrenus
985 2514 1000 2539 ,
1031 2472 1156 2530 tales
1186 2480 1233 2530 et
1257 2474 1479 2539 terreni;
1522 2471 1688 2544 qualis
1715 2472 1925 2526 caelestis
1947 2513 1962 2540 ,
1995 2471 2120 2527 tales

532 2572 580 2622 et
605 2564 843 2620 ecclesias.
874 2563 1022 2624 Sicut
1060 2564 1372 2638 portavimus
1405 2563 1681 2634 imaginem
1709 2563 1913 2630 terreni,
1947 2572 2118 2633 porte-

531 2671 644 2714 mus
663 2665 709 2708 et
733 2656 1000 2728 imaginem
1020 2657 1132 2726 ejus
1147 2656 1232 2727 qui
1254 2656 1316 2714 de
1333 2656 1456 2717 creto
1478 2665 1551 2711 est
1573 2655 1624 2726 (l
1644 2655 1762 2712 Cor.
1788 2671 1885 2720 xv,
1907 2653 2114 2727 47-49).

531 2745 745 2804 Primus
774 2748 954 2818 itaque
981 2747 1142 2814 homo
1169 2749 1236 2808 de
1263 2757 1401 2810 terra
1431 2757 1674 2804 terrenus
1694 2790 1711 2814 ,
1739 2748 1826 2803 ille
1851 2749 2020 2804 Adam
2052 2748 2119 2806 de

531 2837 664 2904 limo
693 2838 982 2904 formatus;
1017 2839 1284 2904 secundus
1309 2848 1488 2896 autem
1516 2839 1678 2896 homo
1703 2839 1772 2894 de
1796 2840 1932 2895 creto
1958 2841 2118 2896 coale—

529 2930 627 2994 st'ts
647 2971 661 2996 ,
705 2930 960 2989 Dominus
981 2930 1142 2998 Iesus
1163 2931 1410 2996 Christus
1442 2951 1456 2986 :
1489 2933 1611 3003 quia
1656 2932 1825 2990 Filius
1856 2933 1949 2988 Dei
1972 2935 2118 2991 venit

529 3021 598 3080 ad
623 3037 863 3087 carnem,
895 3009 1000 3094 qua
1024 3033 1270 3093 suscepta
1299 3033 1352 3080 et
1379 3023 1546 3082 homo
1567 3024 1804 3084 exterius
1844 3024 2026 3091 fieret,
2062 3034 2119 3082 et

528 3112 672 3170 Deus
713 3114 936 3176 interius
965 3124 1356 3184 permaneret;
1412 3124 1470 3172 ut
1512 3123 1566 3170 et
1609 3114 1775 3170 Filius
1818 3115 1912 3170 Dei
1959 3131 2116 3174 verus

527 3214 670 3264 esset
697 3221 792 3278 per
817 3222 976 3277 quem
1002 3207 1125 3262 facti
1155 3222 1375 3274 sumus,
1407 3215 1460 3264 et
1503 3207 1736 3264 hominis
1775 3206 1916 3262 filius
1957 3223 2114 3266 verus

529 3301 681 3363 fieret
727 3315 822 3370 per
861 3316 1036 3372 quem
1068 3301 1254 3358 refecti
1300 3318 1506 3358 sumus.
1559 3303 1665 3359 Cur
1708 3318 1837 3375 ergo
1881 3305 2114 3374 primum

527 3387 796 3446 hominem
827 3401 1064 3460 vestrum
1104 3393 1532 3462 commentitium
1563 3383 1746 3450 nescio
1790 3394 1941 3452 unde
1984 3410 2112 3465 pro-

524 3481 744 3550 ducitis,
775 3491 829 3540 et
851 3485 1083 3554 primum
1119 3485 1390 3548 hominem
1427 3500 1586 3556 quem
1625 3484 1868 3540 doctrina
1893 3497 2111 3557 aposto-

524 3577 624 3634 lica
651 3577 809 3638 docet
850 3593 958 3634 non
987 3579 1148 3636 vultis
1175 3578 1507 3650 agnoscere?
1548 3580 1632 3634 An
1671 3585 1732 3635 ut
1768 3581 2105 3649 compleatur

525 3669 580 3723 in
610 3669 761 3726 vobis
800 3669 943 3741 quod
983 3671 1098 3740 ipse
1126 3671 1414 3742 Apostolus
1445 3671 1520 3730 ait
1546 3688 1562 3726 :
1593 3671 1638 3726 Α
1678 3671 1886 3728 veritate
1910 3673 2112 3742 quidem

525 3761 755 3818 auditum
780 3779 928 3816 suum
951 3771 1245 3829 avertentes,
1266 3762 1334 3816 ad
1354 3762 1556 3833 fabulas
1575 3771 1743 3818 autem
1763 3773 2112 3828 convertentur

529 3851 608 3923 (ll
637 3851 767 3915 Tim.
796 3869 865 3918 tv,
899 3854 933 3907 ι
952 3854 1012 3923 )i
1055 3853 1252 3915 Paulus
1275 3855 1554 3926 annuntiat
1581 3856 1811 3925 primum
1839 3854 2112 3912 hominem

527 3941 594 4000 de
642 3952 780 3998 terra
825 3951 1092 4007 terrenum
1131 3962 1143 3998 :
1191 3945 1512 4006 Manichacus
1558 3945 1835 4006 annuntiat
1879 3946 2109 4015 primum

527 4034 795 4098 hominem
845 4051 952 4099 non
1001 4045 1269 4100 terrenum
1297 4079 1310 4103 ,
1360 4039 1542 4093 nescio
1590 4038 1787 4107 quibus
1838 4038 2110 4096 fallacibus

524 4126 808 4186 clementis
832 4127 1064 4198 quisque
1088 4129 1360 4185 vestitum.
1390 4128 1457 4184 Et
1480 4128 1678 4184 Paulus
1717 4128 1880 4194 dicit,
1910 4129 1971 4184 Si
1997 4131 2110 4200 quis

521 4218 660 4272 vobis
707 4220 1074 4273 annuntiaverit
1134 4229 1466 4289 prwterquam
1513 4219 1649 4290 quod
1702 4220 2110 4282 annuntiavimus

463 4353 470 4362 .
521 4307 679 4376 vobis,
711 4310 981 4366 anathema
1009 4312 1094 4365 sit.
1128 4311 1266 4382 Ergo
1299 4325 1372 4370 ne
1399 4311 1592 4368 Paulus
1619 4309 1849 4367 mendax
1879 4310 1971 4379 sit,
2002 4311 2110 4366 Ma-

519 4401 760 4460 nicbaeus
783 4403 1064 4460 anathema
1097 4404 1186 4459 sit.
1854 4416 1857 4418 ’

591 4495 820 4554 CAPUT
855 4498 914 4556 γ.
941 4528 1012 4537 —
1035 4497 1188 4566 Quod
1216 4506 1393 4558 autem
1422 4497 1582 4556 etiam
1616 4497 1784 4553 stella:
1810 4497 2106 4554 calumnia-

521 4589 692 4657 mini,
732 4584 836 4660 qua
881 4590 1013 4662 Magi
1057 4592 1124 4646 ad
1161 4591 1431 4647 Christum
1480 4590 1736 4648 infantem
1774 4589 2106 4646 adorandum

520 4681 760 4750 perducti
806 4691 962 4749 sunt,
993 4698 1101 4742 non
1133 4683 1468 4748 erubescitis,
1509 4697 1632 4738 cum
1657 4696 1752 4737 vos
1785 4683 2104 4738 commenti-

520 4773 654 4828 tium
701 4773 968 4828 Christum
1019 4781 1290 4842 vestrum,
1337 4773 1505 4830 ﬁlium
1553 4773 1901 4829 commentitii
1946 4773 2106 4842 primi

518 4865 753 4921 hominis
779 4867 959 4928 vestri,
999 4883 1106 4922 non
1141 4867 1241 4923 sub
1273 4867 1444 4922 stella
1473 4865 1846 4924 testificatione
1873 4865 2101 4934 ponatis,

519 4956 615 5014 sed
642 4957 696 5011 in
736 4958 904 5013 stellis
939 4957 1188 5014 omnibus
1222 4958 1525 5028 colligatum
1566 4971 1686 5012 esse
1719 4956 1908 5014 dicatis
1936 4974 1948 5009 :
1981 4956 2104 5026 quia

519 5047 770 5103 videlicet
813 5049 1140 5118 principibus
1195 5048 1537 5107 tenebrarum
1579 5047 1926 5104 commixtum
1983 5061 2106 5104 esse

517 5139 734 5195 creditis
780 5140 833 5194 in
872 5140 964 5195 illo
996 5140 1167 5206 bello,
1195 5155 1302 5210 quo
1341 5140 1455 5209 ipse
1501 5140 1700 5209 primus
1740 5139 1901 5194 homo
1925 5146 2106 5195 vester

521 5246 640 5286 cum
667 5231 1005 5287 tenebrarum
1034 5241 1190 5302 gente
1219 5231 1491 5301 pugnavit,
1523 5239 1579 5284 ut
1604 5229 1670 5284 de
1698 5228 1828 5299 ipsis
1855 5229 2104 5300 principi-

519 5323 621 5378 bus
677 5324 1017 5382 tenebrarum
1075 5324 1166 5380 tali
1219 5323 1598 5378 commixtione
1653 5323 1822 5391 captis
1872 5322 2102 5378 mundus

519 5413 888 5468 fabricaretur.
935 5414 1090 5473 Unde
1117 5422 1173 5472 et
1210 5416 1308 5470 ista
1353 5413 1609 5484 sacrilega
1633 5412 1980 5470 deliramenta
2005 5428 2101 5469 vos

517 5513 734 5576 cogunt,
766 5521 873 5562 non
903 5507 1080 5563 solum
1110 5509 1163 5563 in
1189 5508 1330 5572 callo
1355 5515 1514 5578 atque
1542 5507 1596 5562 in
1624 5506 1873 5562 omnibus
1906 5506 2096 5573 stellis,

516 5598 611 5653 sed
634 5599 794 5654 etiam
822 5599 876 5654 in
905 5608 1046 5655 terra
1070 5608 1228 5669 atque
1269 5603 1323 5656 in
1361 5599 1608 5656 omnibus
1647 5613 1766 5668 quae
1811 5607 2100 5652 nascuntur

516 5690 568 5744 in
594 5706 674 5756 ea,
713 5689 980 5745 conﬁxum
1010 5699 1064 5745 et
1089 5691 1393 5762 colligatum
1433 5699 1591 5760 atque
1615 5697 1920 5746 concretum
1945 5687 2099 5742 Chri-

514 5790 655 5837 stum
703 5781 920 5851 dicere,
969 5795 1072 5837 non
1109 5781 1219 5853 jam
1263 5782 1596 5838 Salvatorem
1627 5791 1862 5837 vestrum
1887 5821 1903 5848 ,
1947 5778 2040 5834 sed
2065 5793 2096 5834 a

1361 341 1634 400 CONTRA
1666 337 1990 398 FAUSTU-M
2029 337 2476 409 MANICHI‘E-UM,
2518 341 2574 399 S.
2617 343 2988 403 AUGUSTINI

3703 355 3817 417 εισι

2232 456 2383 512 vobis
2431 457 2744 518 salvandum
2796 479 2915 519 cum
2965 481 3026 522 ea
3074 468 3092 501 ί
3137 469 3468 531 manducetis
3511 482 3671 550 atque
3720 495 3816 538 ru-

2230 548 2402 603 ctatis.

2301 637 2432 694 Nam
2459 649 2512 694 et
2540 642 2637 696 ista
2668 643 2825 715 impia
2853 649 3084 706 vanitate
3110 651 3342 721 seducti,
3371 657 3623 717 seducitis
3650 665 3822 721 Andi-

2233 737 2376 786 tores
2395 742 2617 799 vestros,
2645 747 2702 791 ut
2725 738 2874 796 vobis
2893 741 3038 797 cibos
3062 743 3302 811 afferant,
3329 764 3436 818 quo
3460 754 3624 822 possit
3651 756 3820 823 ligato

2234 821 2283 876 in
2311 823 2386 876 eis
2410 824 2622 880 Christo
2648 830 2914 886 subveniri
2945 849 3038 901 per
3059 844 3261 893 vestros
3286 839 3474 897 dentes
3502 853 3553 898 ct
3577 821 3814 903 ventres.

2233 911 2447 969 'faiibus
2487 918 2624 971 enim
2663 921 2877 976 auxiliis
2915 938 3034 977 eum
3059 925 3192 980 solvi
3229 938 3282 983 et
3312 930 3526 988 liberari
3560 939 3818 1004 νηυιιίοεια

2230 1003 2327 1095 tis;
2360 1022 2461 1063 nec
2487 1010 2676 1064 saltem
2705 1019 2890 1077 totum,
2924 1015 3020 1070 sed
3040 1015 3216 1072 adhuc
3240 1019 3365 1076 licet
3390 1003 3607 1095 exiguas
3633 1030 3816 1084 sordi-
3886 1047 3894 1054 τ

2228 1094 2426 1168 dasque
2467 1101 2718 1172 reliquias
2756 1105 2872 1176 ejus
2917 1107 2970 1162 in
2999 1113 3323 1169 stercoribus
3356 1094 3634 1177 remanere
3675 1139 3814 1179 con-

2230 1190 2464 1259 tenditis,
2516 1202 2573 1249 ut
2616 1196 2669 1250 in
2713 1198 2830 1252 aliis
2873 1207 3031 1270 atque
3067 1201 3185 1258 aliis
3227 1221 3408 1262 rerum
3453 1215 3814 1282 corporalium

2229 1281 2414 1342 formis
2456 1287 2648 1343 iterum
2691 1299 2852 1361 atque
2897 1293 3086 1350 iterum
3131 1296 3376 1367 implexa:
3423 1303 3815 1381 implicatzeque

2230 1384 2552 1470 teneantur:
2583 1390 2639 1436 et
2667 1383 2712 1438 si
2742 1385 2938 1439 mundo
2980 1395 3156 1444 stante
3183 1392 3316 1447 solvi
3360 1397 3416 1452 et
3453 1402 3662 1470 purgari
3701 1420 3815 1461 non

2227 1469 2514 1536 potuerint,
2535 1471 2644 1541 jam
2672 1473 2759 1527 illo
2787 1475 2908 1545 igne
2935 1478 3120 1534 ultimo
3142 1497 3247 1551 quo
3272 1484 3388 1553 ipse
3407 1469 3637 1546 mundus
3656 1494 3816 1551 arde-

2227 1560 2304 1655 bit
2329 1561 2407 1632 (ll
2429 1561 2574 1618 Petr.
2602 1581 2686 1631 ut,
2718 1568 2947 1639 10-12),
2979 1573 3250 1629 solvantur
3292 1587 3452 1649 atque
3494 1595 3809 1655 purgentur.

2225 1651 2338 1708 Nec
2383 1663 2556 1710 tamen
2588 1657 2746 1711 etiam
2781 1667 2902 1715 tunc
2947 1670 3111 1717 totum
3139 1664 3406 1724 Christum
3439 1651 3618 1730 dicitis
3651 1693 3815 1746 posse

2226 1743 2460 1811 liberari,
2491 1746 2585 1804 sed
2625 1748 2738 1817 ejus
2765 1750 2917 1806 bonae
2944 1752 3240 1826 divinaeque
3266 1767 3466 1817 natura:
3492 1743 3814 1827 novissimus

2228 1838 2574 1910 residuasque
2619 1844 2930 1911 particulas,
2972 1863 3090 1916 qua:
3129 1850 3198 1904 ita
3239 1854 3525 1912 sordidata:
3560 1869 3720 1929 sunt,
3751 1873 3812 1919 ut

2227 1929 2374 1983 nullo
2411 1929 2570 1986 modo
2605 1933 2735 1987 dilui
2763 1935 2970 1990 valeant
2991 1979 3006 2003 ,
3034 1939 3272 1996 damnari
3303 1944 3356 1998 in
3383 1957 3638 2003 :ntcrnum
3674 1966 3814 2006 con-

2225 2017 2358 2074 fian
2384 2019 2542 2089 globo
2577 2022 2793 2079 horrido
2835 2029 3193 2086 tenebrarum.
3223 2033 3360 2089 Ecce
3403 2039 3490 2107 qni
3519 2056 3577 2094 se
3605 2042 3812 2112 fingunt

2225 2112 2484 2183 indignari
2513 2117 2653 2186 quod
2681 2118 2814 2173 Filio
2841 2121 2931 2176 Dei
2970 2121 3059 2178 fiat
3085 2124 3294 2194 injuria,
3325 2132 3445 2199 quia
3471 2147 3593 2188 eum
3621 2148 3808 2192 natum

2223 2204 2377 2298 stella
2419 2205 2814 2298 demonstrasse
2856 2212 3095 2281 dicatur,
3147 2225 3393 2289 tanquam
3437 2238 3646 2292 geneSIs
3686 2229 3808 2298 ejus

2223 2295 2323 2351 sub
2351 2294 2498 2352 fatali
2524 2301 2927 2358 constellatione
2951 2305 3020 2359 sit
3045 2309 3364 2376 constituta;
3405 2328 3524 2368 cum
3553 2333 3670 2372 eum
3704 2294 3808 2389 ipsi

2220 2401 2328 2441 non
2357 2396 2558 2444 tantum
2584 2392 2684 2446 sub
2708 2394 2978 2450 stellarum
3007 2401 3356 2469 connexione,
3381 2405 3474 2459 sed
3505 2407 3556 2461 in
3581 2408 3810 2467 vinculis

2222 2479 2460 2534 omnium
2489 2488 2845 2552 terrenarum,
2873 2495 2926 2540 et
2951 2487 3004 2541 in
3036 2490 3210 2545 succis
3231 2495 3468 2548 omnium
3494 2498 3802 2568 herbarum,

2221 2579 2277 2626 et
2314 2572 2366 2626 in
2411 2574 2690 2643 putredine
2717 2578 2953 2633 omnium
2983 2581 3244 2650 carnium,
3286 2594 3339 2639 et
3382 2588 3434 2641 in
3465 2594 3808 2662 corruptione

2220 2663 2459 2720 onmium
2502 2665 2777 2734 ciborum,
2826 2668 2896 2724 ita
2944 2670 3158 2740 ligatum
3203 2675 3566 2750 pollutumque
3605 2684 3807 2738 consti-

2222 2763 2404 2823 tuant,
2434 2767 2492 2811 ut
2517 2773 2582 2813 ex
2613 2774 2833 2830 magna,
2866 2777 2970 2816 non
3001 2773 3177 2820 tamen
3205 2781 3272 2822 ex
3312 2777 3421 2824 tota
3450 2781 3635 2841 parte,
3665 2777 3807 2832 solvi

2220 2849 2542 2920 purgarique
2567 2867 2672 2910 non
2702 2855 2889 2923 possit,
2922 2858 3023 2912 nisi
3051 2867 3107 2914 et
3131 2859 3198 2914 ab
3225 2859 3528 2921 hominibus
3547 2907 3562 2932 ,
3606 2868 3808 2927 Electis

2219 2940 2466 2997 videlicet
2491 2941 2908 3002 Manichaeorum
2927 2985 2944 3014 ,
2971 2950 3132 3005 etiam
3159 2951 3210 3006 in
3248 2954 3424 3024 porris
3449 2956 3808 3032 radiculisque

2217 3039 2474 3087 ructetur.
3152 3039 3155 3041 ’
3203 3085 3206 3090 .

2291 3123 2355 3178 Et
2385 3138 2482 3178 nos
2508 3124 2724 3195 quidem
2752 3127 2853 3183 sub
2888 3128 2997 3185 fato
3027 3133 3302 3190 stellarum
3342 3137 3536 3194 nullius
3570 3139 3808 3199 hominis

2217 3215 2458 3283 genesim
2506 3217 2774 3286 ponimus,
2821 3232 2876 3275 ut
2921 3221 3147 3280 liberum
3187 3228 3462 3284 arbitrium
3491 3232 3800 3300 voluntatis,

2215 3322 2322 3376 quo
2360 3307 2442 3362 vel
2475 3309 2611 3365 bene
2638 3311 2724 3366 vel
2750 3313 2892 3369 male
2915 3316 3140 3385 vivitur,
3175 3330 3391 3390 propter
3422 3323 3622 3392 justum
3660 3326 3807 3396 judi-

2217 3399 2358 3452 cium
2387 3399 2478 3454 Dei
2522 3401 2590 3454 ab
2629 3403 2774 3457 omni
2819 3407 3153 3463 necessitatis
3191 3410 3404 3466 vinculo
3428 3415 3804 3472 vindicemus:
3853 3466 3856 3467 ν

2213 3499 2414 3560 quanto
2459 3492 2636 3548 minus
2684 3495 2827 3550 illius
2875 3501 3216 3568 temporalem
3258 3508 3656 3574 generationem
3699 3508 3804 3564 sub

2215 3591 2483 3639 astrorum
2509 3586 2814 3644 conditione
2842 3591 3109 3646 credimus
3147 3594 3336 3650 factam
3358 3638 3371 3662 ,
3400 3591 3494 3668 qui
3527 3610 3608 3655 est
3644 3609 3805 3657 aeter-

2214 3688 2315 3727 nus
2360 3676 2732 3732 universorum
2778 3679 3002 3736 Creator
3046 3692 3098 3737 et
3141 3685 3441 3743 Dominus?
3490 3689 3670 3762 Itaque
3713 3693 3801 3747 illa

2214 3765 2366 3820 stella
2393 3781 2553 3835 quam
2575 3768 2822 3824 viderunt
2846 3771 2999 3842 Magi,
3028 3773 3242 3830 Christo
3268 3780 3557 3836 secundum
3581 3798 3801 3839 carnem

2214 3868 2370 3924 nato,
2405 3874 2510 3914 non
2538 3861 2603 3916 ad
2635 3862 2908 3919 decretum
2949 3865 3361 3940 dominabatur,
3405 3874 3500 3929 sed
3541 3875 3607 3931 ad
3647 3877 3804 3933 testi-

2214 3951 2450 4006 monium
2496 3952 2886 4022 famulabatur;
2931 3974 3029 4014 nec
3054 3975 3175 4016 eum
3205 3963 3518 4034 subjiciebat
3545 3968 3801 4038 imperio,

2215 4042 2309 4097 sed
2337 4043 2605 4100 indicabat
2631 4047 2910 4118 obsequio.
2937 4050 3167 4108 Proinde
3192 4069 3297 4109 non
3321 4070 3387 4111 ex
3414 4057 3518 4112 illis
3546 4069 3661 4113 erat
3687 4059 3804 4116 inec
3900 4086 3904 4087 ν

2212 4135 2382 4191 stellis
2405 4177 2420 4204 ,
2449 4153 2568 4206 qua)
2603 4139 2672 4192 ab
2712 4139 2864 4195 initio
2892 4151 3149 4198 creaturae
3179 4145 3423 4201 itinerum
3454 4161 3672 4204 suorum
3705 4165 3804 4205 or-

2212 4229 2388 4285 dinem
2417 4230 2517 4286 sub
2541 4230 2808 4287 Creatoris
2846 4235 2962 4305 lege
3002 4237 3339 4304 custodiunt;
3381 4239 3474 4294 sed
3505 4255 3644 4296 novo
3676 4241 3804 4296 Vir-

2211 4321 2350 4391 ginis
2378 4330 2552 4391 partu,
2583 4339 2776 4378 novum
2807 4327 2955 4381 sidus
2983 4330 3243 4398 apparuit,
3277 4331 3418 4400 quod
3443 4331 3803 4392 ministerium

2212 4411 2368 4465 officii
2413 4412 2494 4466 sui
2533 4414 2692 4468 etiam
2737 4415 2866 4485 ipsis
2909 4417 3074 4488 Magis
3115 4421 3476 4489 quaerentibus
3500 4421 3798 4492 Christum,

2210 4519 2329 4558 cum
2355 4513 2477 4560 ante
2507 4505 2698 4562 faciem
2725 4509 2938 4577 prreiret
2959 4551 2975 4576 ,
3003 4510 3279 4580 exhibuit,
3311 4512 3483 4569 donec
3510 4529 3605 4572 eos
3631 4530 3802 4586 usque

2209 4594 2275 4648 ad
2320 4595 2493 4666 ipsum
2538 4597 2714 4652 locum
2752 4599 2842 4654 ubi
2881 4599 2974 4655 Dei
3004 4599 3233 4657 Verbum
3278 4603 3450 4659 infans
3489 4613 3622 4673 erat,
3662 4621 3800 4676 prte-

2209 4687 2386 4743 eundo
2431 4689 2768 4758 perduceret.
2815 4691 2915 4759 Qui
2952 4693 3165 4748 tandem
3209 4697 3460 4768 astrologi
3491 4698 3561 4752 ita
3597 4699 3800 4754 consti-

2211 4789 2423 4835 tuerunt
2449 4781 2721 4836 hominum
2763 4785 3094 4840 nascentium
3122 4785 3224 4840 fata
3250 4787 3350 4842 sub
3375 4788 3545 4844 stellis
3563 4829 3579 4856 ,
3613 4799 3670 4844 ut
3694 4791 3798 4845 ali-

2207 4887 2364 4942 quam
2395 4874 2690 4940 stellarum,
2735 4875 2953 4932 homine
2999 4877 3178 4948 aliquo
3220 4889 3367 4946 nato,
3413 4881 3666 4937 circuitus
3708 4883 3796 4940 sui

2207 4963 2446 5018 ordinem
2479 4964 2774 5034 reliquisse,
2823 4975 2877 5020 et
2905 4966 2971 5022 ad
3015 4982 3138 5022 eum
3183 4969 3270 5039 qui
3298 4977 3452 5027 natus
3482 4980 3562 5026 est
3607 4987 3796 5043 perre-

2205 5056 2369 5122 xisse,
2395 5058 2742 5112 asscverent?
2771 5058 2978 5114 Sortem
3011 5061 3205 5130 quippe
3233 5063 3498 5118 nascentis
3520 5072 3792 5120 astrorum

2205 5147 2377 5201 ordini
2415 5148 2656 5219 colligari
2701 5149 3050 5218 arbitrantur,
3096 5167 3201 5207 non
3241 5162 3506 5210 astrorum
3546 5157 3793 5213 ordinem

2205 5239 2274 5294 ob
2298 5241 2318 5272 ³
2351 5239 2581 5295 hominis
2612 5244 2719 5296 nati
2747 5242 2888 5298 diem
2920 5259 3078 5315 posse
3104 5247 3317 5302 mutari.
3348 5248 3713 5321 Quapropter,
3747 5268 3793 5328 si

2205 5331 2356 5385 stella
2390 5331 2476 5385 illa
2505 5347 2571 5386 ex
2602 5333 2666 5387 iis
2704 5344 2817 5388 erat
2858 5351 2976 5405 qure
3006 5337 3058 5390 in
3089 5337 3228 5394 crelo
3272 5349 3534 5411 peragunt
3571 5341 3791 5398 ordines

2203 5438 2361 5489 suos,
2393 5425 2658 5494 quomodo
2698 5435 2905 5496 poterat
2947 5427 3239 5485 decernere
3267 5430 3411 5501 quod
3455 5445 3608 5488 natus
3634 5434 3792 5487 Chri~

2203 5525 2316 5572 stus
2345 5525 2557 5574 acturus
2588 5527 2724 5585 erat,
2749 5535 2865 5588 quae
2906 5531 3030 5575 nato
3069 5522 3282 5577 Christo
3317 5525 3462 5594 jussa
3508 5535 3590 5581 est
3628 5527 3789 5581 relin-

2201 5625 2366 5681 quere
2405 5611 2542 5680 quod
2572 5611 2802 5682 agebat?
2841 5613 2894 5668 Si
2934 5623 3110 5669 autem
3131 5655 3146 5680 ,
3177 5624 3235 5669 ut
3262 5617 3586 5686 probabilius
3611 5618 3789 5676 credi-

2266 5725 2281 5791 ξ
2317 5723 2453 5791 Editi,
2475 5737 2602 5791 eum.
2626 5727 2908 5791 concinnius
2929 5727 3123 5791 quidam
3143 5734 3273 5791 Mss,
3295 5743 3370 5780 ea.

2263 5788 2285 5818 '
2318 5792 2368 5835 In
2390 5784 2608 5852 pluribus
2629 5794 2757 5848 Mss,
2781 5790 2864 5838 ad.
