4052 6450
209 396 314 457 213

211 525 332 581 tur,
377 509 444 566 ad
495 499 967 564 demonstrandum
1011 481 1309 558 Christum.
1359 503 1477 562 quae
1525 502 1630 544 non
1672 495 1790 543 erat

214 576 398 662 exorta
442 609 570 666 est;
613 611 720 652 non
769 593 888 649 ideo
923 588 1166 646 Christus
1209 591 1366 640 natus
1408 588 1490 636 est
1533 579 1658 652 quia
1705 576 1795 633 illa

212 699 432 761 exstitit,
464 694 559 751 sed
592 691 713 747 ideo
739 689 827 744 illa
852 683 1056 742 exstitit
1085 679 1205 754 quia
1229 676 1475 732 Christus
1507 681 1665 728 natus
1693 677 1794 727 est.

216 790 385 855 Unde,
432 787 478 842 si
526 784 633 840 dici
678 785 978 852 oporteret,
1022 787 1130 829 non
1179 771 1385 827 stellam
1430 765 1664 831 Christo,
1705 761 1799 818 sed

213 883 482 940 Christum
511 877 684 936 stellae
711 873 879 929 fatum
914 869 1078 924 fuisse
1106 865 1428 921 diceremus.
1460 859 1579 930 ipse
1604 856 1801 929 quippe

213 974 282 1030 illi
307 1015 322 1038 ,
355 985 466 1026 non
493 969 586 1024 illa
617 966 773 1031 huic,
805 958 1060 1017 nascendi
1087 955 1266 1012 attulit
1304 965 1541 1008 causam.
1588 947 1645 1004 Si
1675 959 1802 1015 ergo

213 1073 335 1123 sunt
380 1063 487 1118 fata
515 1060 637 1131 quae
679 1073 710 1112 a
747 1053 910 1111 fando
933 1094 947 1118 ,
990 1049 1045 1105 id
1073 1056 1192 1114 est,
1225 1061 1257 1100 a
1285 1041 1512 1100 dicendo
1539 1039 1802 1110 appellata

214 1167 374 1223 sunt;
419 1153 673 1226 quoniam
715 1148 960 1204 Christus
1004 1141 1239 1199 Verbum
1287 1135 1386 1192 Dei
1428 1144 1551 1202 est,
1597 1133 1649 1187 in
1696 1143 1805 1201 quo

215 1259 499 1320 antequam
523 1248 738 1308 essent,
766 1240 907 1294 dicta
933 1244 1055 1291 sunt
1074 1231 1295 1296 omnia;
1338 1242 1445 1284 non
1473 1222 1803 1281 consortium

216 1315 452 1400 siderum
495 1337 663 1393 fatum
693 1331 889 1388 Christi
918 1335 1000 1385 est
1021 1368 1036 1395 ,
1064 1325 1158 1381 sed
1189 1323 1354 1378 fatum
1382 1319 1541 1375 etiam
1569 1315 1807 1371 siderum

216 1433 459 1490 Christus
483 1436 567 1485 est
597 1446 609 1482 :
637 1425 729 1498 qui
755 1431 814 1480 et
835 1423 1006 1493 ipsam
1033 1429 1249 1473 carnem
1279 1411 1379 1467 sub
1407 1409 1546 1466 cmlo
1573 1414 1807 1462 creatam

217 1541 272 1584 ea
306 1525 586 1581 voluntate
615 1507 942 1587 assumpsit,
986 1525 1088 1583 qua
1127 1508 1288 1564 etiam
1328 1504 1521 1560 cmlum
1568 1498 1806 1562 creavit;

219 1636 273 1676 ea
303 1624 569 1688 potestate
593 1611 843 1685 deposuit
868 1616 922 1664 et
949 1603 1180 1674 recepit,
1219 1614 1323 1672 qua
1359 1598 1519 1656 etiam
1547 1593 1705 1651 sideri

219 1709 522 1780 imperavit.

288 1773 517 1857 CAPUT
541 1796 632 1851 Vl.
662 1825 735 1836 —
761 1793 866 1849 Cur
889 1803 1018 1861 ergo
1045 1799 1155 1844 non
1183 1783 1254 1838 sit
1297 1777 1642 1850 Evangelium
1670 1773 1814 1846 quod

221 1893 286 1949 de
328 1894 426 1946 ista
453 1886 801 1961 generatione
837 1888 1117 1946 narratur,
1163 1889 1286 1931 cum
1326 1881 1435 1928 tam
1481 1870 1618 1923 bona
1660 1866 1816 1921 nobis

223 1984 567 2042 annuntietur
593 2023 610 2050 ,
655 1987 713 2034 ut
756 1991 851 2047 per
891 1975 1059 2044 ipsam
1089 1972 1106 2002 ί
1138 1975 1320 2024 nostra
1348 1971 1566 2018 sanetur
1590 1958 1816 2014 infirmi-

227 2079 348 2135 tas?
374 2080 457 2132 An
490 2075 614 2146 quia
643 2069 921 2126 Matthaaus
950 2079 1057 2120 non
1087 2071 1164 2118 est
1190 2061 1262 2116 ita
1291 2069 1514 2114 exorsus
1541 2096 1554 2118 ,
1580 2060 1640 2107 ut
1666 2051 1818 2106 dice-

226 2182 327 2236 ret,
358 2144 582 2223 lnitium
612 2162 873 2235 Evangelii
897 2159 1028 2215 Iesu
1059 2153 1282 2219 Christi,
1301 2151 1438 2206 sicut
1466 2147 1543 2201 ait
1570 2144 1817 2208 Marcus;

227 2265 316 2320 sed
343 2307 358 2330 ,
413 2263 571 2315 Liber
598 2254 929 2331 generationis
960 2250 1084 2305 Iesu
1111 2243 1338 2303 Christi?
1392 2240 1503 2294 Hoc
1532 2235 1692 2292 modo
1722 2246 1822 2289 nec

227 2359 463 2415 Joannes
516 2348 866 2420 Evangelium
921 2341 1199 2412 scripsisse
1246 2336 1488 2398 dicatur,
1545 2328 1668 2407 quia
1717 2339 1820 2380 nec

230 2449 340 2519 ipse
362 2448 478 2510 ait,
512 2415 723 2498 Initium
750 2433 1046 2505 Evangelii,
1075 2437 1167 2484 aut
1190 2427 1348 2484 Liber
1374 2417 1678 2490 Evangelii;
1705 2415 1820 2479 sed,

231 2509 292 2597 Ιή
321 2537 578 2608 principio
608 2539 713 2588 erat
749 2528 963 2585 Verbum
989 2523 1169 2596 (Joan.
1197 2535 1248 2585 i,
1277 2516 1357 2587 1).
1395 2513 1507 2570 Nisi
1549 2509 1688 2566 forte
1718 2515 1826 2560 tam

293 2724 314 2754 ι
345 2725 472 2766 Tres
492 2720 622 2772 Iss.,
650 2721 745 2774 quo
763 2707 860 2758 ista
879 2691 1567 2774 demetiottencrrgug,
1587 2693 1708 2774 cm
1720 2683 1828 2774 tim

233 2747 1253 2848 Mamrema’e‘im
1393 2757 1446 2804 ει
1481 2755 1578 2808 ενι»
1602 2755 1710 2796 cum
1731 2747 1832 2792 ιαπι

235 2831 354 2895 iam
375 2831 513 2891 nobis
537 2833 898 2890 muntientur,
918 2833 969 2878 ut
988 2837 1075 2891 per
1094 2831 1270 2888 ipsum.

1545 365 1750 428 LIBER
1785 367 2098 428 TERTlUS.

3375 358 3481 420 2M

1896 487 2112 560 elegans
2152 483 2528 542 vocabulorum
2557 478 2844 537 fabricator
2889 478 3115 535 Faustus
3157 477 3291 544 fuit,
3345 487 3402 533 ut
3424 486 3480 536 et

1900 578 2002 635 hoc
2023 578 2240 634 Joannis
2258 575 2538 633 exordium
2555 616 2568 640 ,
2607 571 2917 629 Verbidium
2939 569 3290 627 nominaverit
3313 608 3328 634 ,
3354 584 3483 639 pro-

1901 679 2020 743 pter
2045 670 2313 734 Verbum;
2343 668 2479 724 sicut
2519 666 2670 732 illud,
2699 672 2918 734 propter
2966 661 3223 732 genesim,
3250 659 3480 719 Genesiv

1903 761 2048 817 dium
2091 757 2251 816 ausus
2277 767 2360 815 est
2387 758 2678 829 appellare.
2729 755 2834 811 Sed
2861 770 2959 810 cur
2989 769 3096 808 non
3137 752 3312 822 potius
3337 751 3484 822 cogi-

1904 856 2066 921 tatis,
2115 861 2311 924 quanta
2365 850 2688 920 impudentia
2741 848 2972 918 prolian
3023 846 3143 901 illas
3189 851 3246 898 et
3297 843 3486 914 impias

1905 945 2112 1004 fabulas
2145 953 2352 1000 vestras
2400 940 2748 1012 Evangeliurn
2788 935 3112 994 nominetis?
3159 934 3294 1004 Quid
3340 935 3485 994 enim

1908 1039 2017 1094 iliic
2047 1038 2169 1094 boni
2201 1036 2546 1092 annuntiatur
2564 1075 2580 1102 ,
2611 1033 2701 1088 ubi
2729 1032 2922 1087 dicitur
2947 1031 3087 1086 Deus
3115 1029 3371 1085 adversus
3397 1041 3489 1082 re-

1907 1129 2101 1185 bellem
2125 1127 2308 1183 nescio
2339 1140 2498 1196 quam
2524 1121 2848 1182 contrariam
2885 1122 3221 1189 alienamque
3244 1126 3489 1176 naturam

1909 1237 2015 1277 non
2046 1219 2200 1275 aliter
2225 1232 2388 1287 regno
2415 1231 2514 1272 suo
2534 1215 2770 1286 potuisse
2794 1211 3098 1283 prospicere
3120 1218 3279 1279 atque
3303 1221 3489 1262 consu-

1913 1313 2022 1368 lere
2041 1352 2055 1377 ,
2088 1311 2190 1366 nisi
2217 1318 2422 1379 partem
2452 1321 2562 1362 suae
2591 1312 2796 1361 naturas
2818 1303 2873 1358 in
2904 1301 3043 1360 illius
3082 1299 3266 1354 avidas
3306 1297 3489 1352 fauces

1913 1403 2268 1462 devorandam
2294 1401 2564 1464 mitteret,
2597 1405 2758 1466 atque
2783 1395 2854 1460 ita
2881 1390 3217 1464 polluendam
3241 1429 3258 1457 ,
3285 1397 3345 1444 ut
3372 1394 3494 1459 post

1915 1505 2091 1552 tantos
2116 1496 2326 1551 labores
2350 1502 2509 1563 atque
2535 1491 2804 1547 cruciatus
2825 1503 2931 1548 non
2954 1495 3138 1559 posset
3162 1484 3353 1542 saltem
3381 1490 3492 1542 tota

1914 1588 2165 1660 purgari?
2215 1587 2360 1642 ltane
2385 1594 2492 1640 tam
2534 1583 2706 1652 malus
2752 1579 2966 1646 nuntius
3005 1576 3348 1646 Evangelium
3377 1572 3496 1641 est?

1917 1683 2076 1739 Certe
2105 1695 2293 1736 omnes
2319 1680 2411 1749 qui
2430 1692 2604 1749 graece
2632 1675 2715 1731 vel
2747 1673 2977 1731 tenuiter
3006 1675 3286 1737 noverunt.
3317 1668 3496 1728 Evan-

1918 1776 2133 1845 gelium,
2162 1773 2368 1828 Bonum
2395 1768 2636 1825 nuntium
2656 1805 2670 1832 ,
2699 1774 2789 1824 aut
2808 1765 3012 1824 Bonam
3040 1759 3498 1818 annuntiationem

1919 1870 2357 1936 interpretantur.
2371 1860 2649 1928 Quomodo
2667 1867 2748 1916 est
2767 1865 2943 1914 autem
2961 1855 3062 1914 iste
3072 1854 3243 1914 bonus
3262 1851 3500 1919 nuntius,

1920 1955 2352 2028 quandoquidem
2388 1953 2507 2024 ipse
2538 1952 2680 2008 Deus
2719 1949 2903 2015 vobis,
2954 1947 3071 2004 velo
3110 1944 3211 2002 sibi
3236 1941 3505 2013 opposito,

1922 2049 2102 2120 lugere
2131 2047 2400 2102 nuntiatus
2439 2056 2558 2112 est,
2607 2043 2779 2099 donec
2807 2055 2904 2098 sua
2943 2037 3179 2100 membra
3206 2035 3274 2091 ab
3299 2034 3388 2092 illa
3415 2046 3509 2090 va-

1924 2143 2154 2198 statione
2184 2151 2240 2196 et
2261 2137 2714 2195 contaminatione
2756 2140 3070 2206 reparentur
3091 2136 3254 2198 atque
3281 2139 3510 2197 purgen-

1928 2233 2051 2289 tur?
2103 2231 2206 2299 Qui
2235 2233 2279 2286 si
2309 2229 2592 2300 aliquando
2618 2228 2815 2282 luctum
2845 2222 3040 2278 ﬁnierit
3062 2261 3077 2288 ,
3121 2218 3348 2276 crudelis
3383 2214 3508 2270 erit.

1927 2326 2064 2394 Quid
2093 2324 2234 2380 enim
2261 2323 2326 2376 de
2353 2321 2446 2376 illo
2472 2319 2612 2376 male
2656 2316 2848 2372 meruit
2887 2328 3009 2384 pars
3041 2312 3128 2368 illa
3164 2311 3280 2378 ejus
3308 2322 3428 2378 qua:
3456 2306 3511 2360 in

1901 2417 2085 2498 ‘globo
2115 2411 2407 2485 ligabitur?
2435 2425 2556 2480 qum
2581 2408 2764 2478 utique
2791 2408 2844 2464 in
2871 2414 3128 2462 aeternum
3157 2398 3382 2470 lugenda
3407 2405 3513 2465 est,

1931 2509 2056 2580 quia
2098 2508 2153 2564 in
2196 2513 2458 2570 aeternum
2486 2501 2843 2560 damnabitur.
2899 2497 3004 2554 Sed
3029 2495 3293 2560 evasimus
3315 2532 3332 2562 ,
3373 2489 3516 2564 quod

1933 2603 2092 2657 istum
2134 2597 2379 2654 nuntium
2425 2593 2669 2666 quisquis
2713 2591 2993 2662 diligenter
3033 2585 3361 2652 adverterit,
3411 2596 3520 2639 non

1933 2692 2140 2761 cogitur
2167 2691 2347 2760 lugere
2366 2727 2381 2754 ,
2419 2687 2541 2759 quia
2568 2684 2742 2742 malus
2770 2690 2884 2748 est;
2907 2680 3005 2738 sed
3027 2677 3206 2740 ridere
3233 2716 3249 2745 ,
3275 2675 3400 2748 quia
3422 2673 3523 2736 ial-

1935 2798 2027 2842 SllB
2051 2791 2151 2840 85'.

1206 3011 1686 3134 LIBER
1753 2993 2478 3110 TERTIUS.

1689 3186 2083 3209 μ

306 3313 541 3383 CAPUT
580 3305 868 3368 PRlMUM.
896 3330 970 3344 --
995 3299 1241 3357 Faus'rus
1261 3290 1395 3349 dixit
1425 3304 1439 3342 :
1472 3280 1680 3353 Accipis
1704 3291 1832 3348 ergo

242 3403 686 3485 generationem?
731 3395 992 3470 Equidem
1020 3397 1242 3446 conatus
1271 3383 1363 3440 diu
1387 3395 1504 3436 sum
1534 3377 1638 3432 hoc
1663 3375 1833 3442 ipsum

245 3468 633 3577 qualecumque
657 3503 736 3551 est
752 3468 1073 3565 persuadere
1088 3481 1237 3547 mihi,
1262 3478 1384 3549 quia
1405 3474 1472 3530 sit
1493 3480 1647 3526 natus
1667 3468 1833 3521 Deus:

245 3598 335 3656 sed
360 3597 606 3653 offensus
643 3590 869 3645 duorum
897 3581 1134 3638 maxime
1161 3571 1606 3644 evangelistarum
1633 3562 1838 3617 dissen-

248 3690 396 3746 sione
416 3729 432 3752 ,
478 3684 572 3755 qui
605 3675 972 3752 genealogiam
995 3671 1111 3741 ejus
1149 3664 1423 3728 scribunt,
1455 3659 1612 3714 Luca:
1640 3661 1694 3708 et
1718 3650 1843 3706 Mat-

249 3779 374 3837 tbaii
411 3745 635 3850 (Matth:
661 3787 700 3838 ι,
736 3745 888 3833 i-i'i,
921 3775 966 3819 ct
995 3763 1124 3830 Luc.
1147 3775 1228 3827 ιιι,
1259 3751 1476 3823 25-58),
1504 3745 1637 3804 haesi
1666 3745 1842 3799 incer-

251 3881 338 3930 tus
362 3880 654 3942 quemnam
679 3858 1015 3934 potissimum
1042 3864 1311 3924 sequerer.
1345 3842 1489 3900 Fieri
1515 3840 1656 3898 enim
1687 3847 1846 3906 posse

252 3961 516 4033 putabam
537 3999 553 4021 ,
591 3965 646 4012 ut
667 3954 788 4027 quia
813 3948 1072 4022 praescius
1106 3957 1215 3998 non
1244 3953 1361 3995 sum
1387 3977 1402 4005 ,
1449 3945 1607 4004 quem
1632 3923 1845 3983 mentiri

261 4046 786 4118 existimarem,ipse
807 4044 1011 4098 diceret
1032 4049 1251 4100 verum;
1280 4042 1333 4095 et
1350 4042 1506 4101 quem
1532 4035 1657 4077 vera
1676 4015 1840 4090 loqui,

256 4143 380 4218 ipse
409 4140 630 4198 forsitan
659 4135 988 4196 mentiretur.
1022 4128 1230 4186 Inﬁnita
1255 4137 1382 4194 ergo
1407 4131 1590 4175 eorum
1622 4119 1846 4184 praeter-

258 4201 428 4292 missa
454 4232 550 4288 lite
572 4271 588 4298 ,
617 4237 670 4285 et
696 4221 1078 4283 interminabili
1116 4216 1283 4282 mihi,
1327 4211 1392 4282 ad
1431 4210 1689 4265 Joannem
1713 4201 1849 4256 Mar-

262 4340 496 4398 cumque
516 4293 606 4386 me
629 4318 831 4382 contuli
862 4333 878 4382 :
908 4329 1008 4370 nec
1032 4309 1305 4394 impariter
1325 4319 1355 4358 a
1375 4300 1582 4358 duobus
1603 4296 1671 4351 ad
1695 4293 1848 4358 duos,

264 4427 316 4478 et
341 4387 424 4473 ab.
448 4409 803 4486 Evangelistis
839 4407 908 4462 ad
946 4387 1183 4475 ejusdem
1227 4393 1458 4464 nominis
1501 4387 1854 4461 professores.

267 4510 505 4579 Quorum
532 4503 664 4559 mihi
690 4498 952 4573 principia
980 4491 1193 4549 interim
1224 4503 1330 4543 non
1358 4481 1624 4552 immerito
1646 4477 1858 4562 placue-

270 4609 432 4668 runt,
485 4596 613 4668 quia
637 4572 736 4649 nec
763 4587 967 4660 David,
1011 4598 1109 4639 nec
1154 4579 1373 4638 Mariam
1421 4572 1714 4634 inducunt,
1761 4579 1863 4621 nec

269 4657 471 4761 Joseph
492 4657 522 4754 ς’
540 4685 637 4742 sed
662 4657 896 4752 Joannes
922 4675 1136 4750 quidem
1165 4671 1216 4726 in
1245 4665 1504 4740 principio
1532 4661 1698 4717 fuisse
1723 4657 1861 4714 Ver-

270 4754 592 4845 bum'dicit,
639 4786 695 4848 et
733 4773 963 4843 Verbum
1004 4768 1168 4824 fuisse
1193 4761 1331 4834 apud
1357 4759 1525 4814 Deum
1548 4799 1563 4825 ,
1616 4763 1671 4825 et
1699 4754 1867 4808 Deum

274 4875 442 4932 fuisse
486 4870 723 4948 Verbum
772 4864 951 4938 (Joan.
980 4877 1028 4927 ι,
1062 4859 1158 4932 1),
1205 4853 1474 4919 Christum
1519 4847 1865 4920 signiﬁcans:

1943 3269 2080 3324 listis
2103 3275 2352 3338 tanquam
2377 3263 2727 3336 repugnantia
2751 3260 3063 3325 movissent,
3084 3257 3367 3328 diligenter
3386 3265 3532 3322 quie-

1942 3375 2102 3427 rere,
2149 3357 2306 3430 quam
2337 3369 2536 3413 temere
2583 3355 2838 3411 damnare
2888 3351 3203 3413 maluisses;
3255 3357 3314 3402 ut
3342 3344 3532 3400 saltem

1943 3462 2163 3524 propter
2192 3451 2384 3521 ipsam,
2404 3463 2524 3520 quae.
2541 3447 2692 3518 quasi
2713 3447 2880 3517 prima
2908 3443 3082 3498 fronte
3105 3438 3356 3503 occurrit,
3380 3449 3538 3505 aper-

1947 3544 2206 3598 tissimum
2234 3539 2636 3610 repugnantiam
2663 3579 2676 3601 ,
2708 3537 2972 3606 cogitares
2991 3575 3006 3598 ,
3054 3531 3158 3587 nisi
3201 3527 3398 3599 aliquid
3429 3525 3538 3579 illic

1948 3651 2196 3705 magnum
2237 3635 2462 3696 lateret,
2512 3631 2728 3686 difﬁcile
2767 3629 2881 3684 fieri
2932 3627 3168 3697 potuisse
3209 3632 3264 3677 ut
3291 3628 3436 3675 tanta
3461 3618 3540 3672 eis

1950 3725 2238 3781 auctoritas
2263 3726 2315 3777 in
2348 3731 2613 3778 terrarum
2637 3719 2768 3775 orbe
2795 3719 3122 3790 praeberetur
3142 3756 3156 3780 ,
3206 3727 3310 3783 qua
3332 3710 3434 3765 sibi
3463 3717 3544 3764 tot

1953 3820 2227 3874 hominum
2271 3815 2708 3871 doctissimorum
2757 3812 2966 3884 ingenia
2994 3809 3358 3879 subjugarent.
3403 3801 3544 3870 Quid

1952 3911 2096 3967 enim
2130 3924 2376 3981 magnum
2409 3917 2491 3963 est
2517 3907 2697 3962 videre
2725 3904 2868 3976 quod
2904 3903 3110 3958 vidistis
3135 3941 3149 3966 ,
3183 3899 3317 3954 alios
3344 3894 3543 3955 Christi

1954 4002 2249 4058 secundum
2302 4015 2516 4058 carnem
2564 4005 3009 4070 progeneratores
3056 3988 3467 4048 commemorari
3513 4001 3548 4041 a

1956 4107 2118 4166 Luca,
2138 4100 2274 4156 alios
2301 4113 2331 4152 a
2360 4097 2630 4160 Matthaeo,
2663 4105 2784 4148 cum
2806 4090 2964 4145 ambo
2979 4085 3175 4156 Joseph
3199 4081 3548 4148 constituant,

1961 4195 2241 4255 Matthzeus
2269 4189 2336 4246 ad
2366 4203 2524 4260 quem
2563 4185 2818 4241 terminet
2837 4221 2852 4247 ,
2884 4179 3056 4236 Lucas
3082 4192 3112 4232 a
3144 4189 3248 4247 quo
3290 4172 3506 4242 incipiat
3533 4187 3550 4224 :

1962 4289 2052 4361 qui
2079 4294 2295 4359 propter
2323 4280 2590 4354 quoddam
2615 4291 2738 4332 cum
2767 4274 2884 4344 ejus
2907 4280 3078 4326 matre
3104 4276 3346 4325 sanctum
3371 4271 3428 4320 et
3442 4264 3552 4318 vir-

1962 4353 2139 4454 gina-le
2176 4353 2479 4446 coniugium
2501 4412 2516 4437 ,
2561 4369 2719 4425 etiam
2748 4366 2862 4435 ipse
2899 4373 3097 4434 parens
3125 4357 3321 4415 Christi
3361 4353 3556 4410 meruit
3596 4362 3601 4367 '

1966 4446 2263 4544 appellari;
2289 4475 2351 4523 ut
2379 4471 2599 4538 propter
2622 4459 2828 4516 virilem
2853 4448 3183 4527 dignitatem,
3219 4451 3286 4506 ab
3311 4449 3448 4518 ipso,
3465 4446 3557 4503 vel

1966 4576 2140 4632 usque
2167 4559 2234 4614 ad
2278 4535 2450 4628 ipsum
2473 4596 2488 4621 ,
2531 4550 2902 4624 generationes
2930 4540 3378 4602 contexerentur?
3415 4535 3559 4606 Quid

1967 4669 2097 4726 ergo
2123 4664 2373 4722 magnum
2404 4653 2486 4702 est
2521 4641 2662 4716 quod
2685 4639 2924 4706 vidistis,
2977 4635 3121 4708 quod
3147 4633 3310 4689 alium
3349 4637 3557 4701 patrem

1971 4723 2167 4801 habeat
2209 4733 2409 4808 Joseph
2450 4733 2742 4792 secundum
2775 4727 3084 4786 Matthaeum
3109 4765 3125 4793 ,
3174 4723 3335 4779 alium
3362 4732 3557 4776 secun-

1972 4839 2100 4895 dum
2126 4835 2324 4891 Lucam
2350 4849 2365 4896 ;
2393 4839 2447 4886 et
2471 4828 2636 4884 alium
2662 4837 2818 4881 avum
2848 4819 3141 4878 secundum
3167 4816 3326 4871 istum
3349 4853 3363 4878 ,
3394 4811 3559 4865 alium

276 4900 442 4932 ιυιδδῦ
502 4900 723 4926 νυιυυυι
772 4900 951 4938 \Uvuuo
981 4900 1028 4927 ι,
1069 4900 1114 4932 nl
1142 4900 1158 4924 ν
1210 4900 1474 4919 ,μη-...η-τ--
1519 4900 1715 4920 ..-σα-κη
1817 4913 1819 4916 ⁴

276 4955 490 5022 Marcus
520 4946 655 5026 vero
675 5001 690 5027 ,
724 4953 1060 5024 Evangelium
1084 4990 1098 5017 ,
1133 4946 1332 5018 inquit,
1383 4943 1508 5010 Jesu
1546 4939 1732 4996 Christi
1776 4935 1872 5008 ﬁlii
1977 4929 2268 4988 secundum
2297 4925 2466 4991 illum,
2497 4929 2552 4977 et
2580 4919 2832 4988 deinceps
2855 4927 3071 4971 sursum
3094 4921 3284 4966 versus
3303 4917 3473 4974 usque
3491 4900 3561 4956 ad

1979 5023 2008 5027 “
2092 5020 2140 5027 -·
2364 5024 2374 5027 Α
2603 5011 2700 5027 τ-κ-
2739 5006 3100 5027 “un--42----
3142 5000 3273 5027 ..ιιηη
3313 4997 3559 5027 Μηοηοοα

279 5057 378 5110 Dei
423 5052 700 5127 (Μαται,
733 5048 791 5117 1)
825 5064 838 5100 :
868 5054 1118 5114 tanquam
1160 5037 1463 5094 Matthmum
1510 5031 1871 5104 exprobrans,

1978 5020 2144 5080 David
2169 5062 2184 5088 ,
2227 5033 2324 5091 per
2360 5024 2468 5070 tam
2511 5011 2705 5068 multas
2731 5006 3102 5081 generationes
3142 5000 3275 5055 alios
3313 4997 3562 5066 parentes
3616 5029 3630 5071 p.

282 5086 378 5110 νει
423 5086 620 5127 \Auulvo
646 5086 700 5117 ι,
740 5086 791 5117 ι]
826 5087 838 5100 ο
870 5086 1118 5114 uua-uiua...
1160 5086 1462 5094 -.------,-.----
1521 5086 1595 5104 γη.
1856 5086 1870 5095 ,
2169 5086 2176 5088 ν
2228 5086 2247 5091 _

282 5149 372 5220 qui
415 5143 657 5218 posuerit
684 5140 850 5204 lilium
879 5135 1064 5202 David.
1105 5131 1217 5188 Nisi
1256 5129 1393 5184 forte
1418 5126 1642 5181 alterum
1668 5122 1756 5190 hic
1779 5162 1794 5188 ,
1823 5127 1878 5175 et
1982 5115 2098 5186 ejus
2144 5111 2211 5165 ab
2262 5109 2401 5173 isto,
2454 5105 2586 5160 alios
2625 5102 2694 5157 ab
2731 5099 2827 5156 illo
2864 5089 3206 5154 emunerarii
3262 5086 3411 5143 Itane
3452 5091 3560 5138 tam

1691 5215 1702 5220 -
2270 5195 2712 5220 Numnam...“
2761 5188 3124 5220 ᾹῖινΛ-ρῖιιαίρηὶ
3211 5185 3291 5220 int
3325 5175 3466 5220 nanti
3509 5182 3560 5220 et

284 5215 518 5296 alterum
561 5235 652 5290 ille
691 5230 974 5288 annuntiat
1015 5219 1217 5284 Jesum.
1266 5221 1393 5277 Haec
1435 5232 1563 5290 ergo
1607 5215 1741 5271 ratio
1770 5220 1874 5280 est,

1983 5175 2222 5276 apertam
2269 5195 2714 5265 manifestamque
2761 5188 3126 5246 diversitatem
3149 5220 3164 5248 ,
3211 5185 3291 5234 tot
3325 5175 3466 5231 acuti
3509 5182 3567 5229 et

1986 5274 2131 5353 docti
2174 5291 2275 5349 viri
2295 5332 2309 5356 ,
2361 5288 2659 5344 divinarum
2705 5280 3102 5350 Scripturarum
3152 5274 3568 5342 pertractatores

1988 5382 2418 5461 diligentissimi,
2461 5395 2570 5436 non
2609 5372 2884 5432 viderent?
2936 5369 3028 5441 qui
3069 5364 3282 5438 quidem
3311 5362 3367 5417 in
3409 5359 3574 5415 latina

1990 5455 2172 5553 lingua
2197 5474 2448 5550 perpauci
2475 5479 2635 5536 sunt;
2684 5481 2779 5524 eos
2817 5471 2996 5524 autem
3026 5459 3082 5518 in
3122 5472 3298 5532 graeca
3323 5455 3443 5527 quis
3469 5467 3573 5507 nu-

1992 5551 2200 5633 meret?
2250 5571 2508 5626 Viderunt
2541 5579 2660 5620 eam
2685 5562 2864 5633 plane.
2894 5556 3034 5628 Quid
3062 5553 3205 5612 enim
3232 5551 3458 5613 facilius,
3488 5554 3577 5601 aut

1997 5670 2114 5740 quis
2141 5663 2408 5737 paululum
2439 5660 2676 5728 intuens,
2705 5655 2806 5709 ista
2825 5667 2932 5710 non
2956 5647 3170 5706 videat?
3195 5644 3301 5702 Sed
3331 5644 3414 5712 pie
3434 5639 3580 5708 cogi-

2001 5731 2173 5813 tantes
2202 5763 2361 5809 tantae
2398 5746 2726 5812 auctoritatis
2765 5742 3145 5807 eminentiam,
3177 5739 3343 5796 latere
3379 5732 3452 5787 ibi
3480 5731 3577 5784 ali-

2002 5849 2128 5922 quid
2153 5844 2518 5909 crcdiderunt,
2551 5838 2691 5911 quod
2713 5835 3013 5910 petentibus
3038 5833 3253 5889 daretur
3272 5869 3286 5896 ,
3314 5825 3591 5879 oblatran—

231 5325 234 5327 λ
288 5344 398 5402 qua
425 5341 530 5399 ego
574 5339 683 5380 non
721 5320 927 5394 accipio
968 5316 1240 5372 Christum
1277 5319 1478 5366 natum.
1531 5306 1612 5362 Tu
1640 5319 1804 5372 vero,
1835 5303 1881 5360 si

291 5398 478 5479 tantus
493 5434 558 5476 es
585 5425 646 5474 ut
680 5416 821 5472 hanc
844 5411 975 5468 mihi
1000 5409 1201 5465 adimas
1234 5404 1580 5462 oﬂ‘ensionem
1604 5441 1619 5469 ,
1649 5398 1801 5455 eftice
1827 5405 1885 5453 ut

294 5518 439 5574 inter
467 5512 652 5584 seipsi
677 5506 1042 5568 conveniant;
1085 5509 1140 5558 et
1174 5509 1458 5566 utcumque
1501 5492 1839 5548 succumbam
1869 5507 1882 5544 :

297 5607 550 5681 quamvis
571 5617 672 5659 nec
701 5601 780 5657 sic
805 5597 1017 5669 quidem
1045 5593 1259 5662 dignum
1290 5588 1392 5643 erit
1420 5601 1485 5640 ex
1516 5594 1666 5640 utero
1707 5591 1889 5652 natum

301 5698 525 5756 credere
551 5695 741 5756 Deum,
770 5697 825 5745 et
851 5688 1018 5742 Deum
1039 5681 1478 5738 Christianorum.

377 5785 607 5845 CAPUT
656 5783 722 5838 ll.
773 5811 846 5822 —
896 5778 1232 5833 Aucusrmrs
1277 5767 1552 5840 respondit
1584 5785 1597 5820 :
1629 5767 1674 5823 Ο
1719 5767 1764 5821 si
1807 5765 1894 5835 pio

247 5897 286 5919 ὀ
311 5884 487 5963 studio
516 5879 740 5950 legisses
766 5871 1109 5942 Evangeliuin
1134 5909 1150 5937 ,
1177 5874 1231 5924 et
1258 5879 1318 5922 ea
1345 5876 1463 5935 qua:
1492 5870 1544 5917 te
1571 5861 1623 5916 in
1651 5859 1896 5929 Evange-
