4052 6440
500 366 611 426 815

502 486 649 542 tibus
694 491 1012 555 negaretur;
1050 493 1084 535 a
1112 472 1477 547 quaerentibus
1502 468 1832 527 inveniretur
1854 506 1871 534 ,
1902 478 2089 535 repre-

502 577 865 635 hendentibus
915 572 1351 632 subtraheretnr;
1406 561 1737 635 pulsantibus
1788 557 2087 631 aperiretur

504 668 724 743 (Matth.
754 683 865 733 vn,
895 666 988 735 7),
1039 657 1467 733 oppugnantibus
1495 652 1868 718 clauderetur;
1917 649 2087 721 petie-

502 771 652 830 runt,
682 758 1030 831 quaesierunt,
1060 754 1406 826 puisaverunt
1425 789 1443 817 ,
1470 752 1833 817 acceperunt,
1870 743 2091 800 invene-

504 861 656 918 runt,
687 852 1038 906 intraverunt.

578 942 803 999 CAPUT
834 940 917 995 lli.
941 968 1011 978 ——
1038 936 1240 1005 Nempe
1258 941 1371 989 tota
1393 932 1449 989 in
1469 930 1571 987 hoc
1589 931 1814 1001 quaestio
1834 938 1937 997 est,
1960 941 2094 999 quo-

503 1037 669 1093 modo
694 1032 926 1105 potuerit
950 1030 1085 1086 duos
1111 1036 1290 1099 patres
1316 1025 1516 1082 habere
1543 1022 1760 1093 Ioseph.
1808 1020 1921 1076 Hoc
1949 1019 2093 1076 enim

486 1120 554 1187 ἐἰ
594 1128 831 1199 potuisse
862 1124 975 1179 ﬁeri
1003 1122 1439 1185 demonstratur,
1481 1116 1626 1172 nulla
1672 1114 1891 1170 omnino
1932 1126 2091 1168 causa

504 1234 610 1290 est,
635 1239 731 1279 cur
758 1220 1039 1291 quisquam
1072 1217 1293 1272 istorum
1321 1210 1793 1283 evangelistarum,
1824 1206 1883 1262 in
1913 1204 2092 1261 diver-

503 1318 583 1373 sis
612 1312 1047 1384 generationibus
1078 1305 1456 1365 enumerandis
1479 1344 1495 1371 ,
1527 1302 1720 1358 falsum
1746 1299 1945 1356 dixisse
1972 1312 2092 1353 cre-

503 1394 702 1464 datur:
720 1406 769 1461 A
793 1405 1002 1461 duobus
1025 1403 1167 1459 enim
1194 1400 1435 1471 patribus
1458 1439 1473 1467 ,
1500 1396 1611 1468 jam
1640 1410 1746 1451 non
1773 1394 1877 1450 erit
1900 1392 2097 1447 mirum

505 1513 686 1570 neque
712 1495 1060 1559 contrarium,
1089 1491 1230 1564 quod
1253 1499 1308 1548 et
1334 1488 1418 1544 avi
1444 1487 1551 1543 duo
1580 1494 1635 1541 et
1660 1484 1801 1540 atavi
1828 1492 1883 1539 et
1912 1481 2093 1553 proavi

505 1606 630 1647 esse
657 1597 982 1660 potuerunt,
1024 1596 1079 1643 et
1103 1582 1357 1656 quidquid
1383 1595 1541 1651 supra
1576 1588 1662 1636 est
1693 1592 1862 1651 usque
1887 1577 1954 1631 ad
1988 1577 2095 1631 Da-

505 1682 598 1738 vid
621 1682 776 1753 cujus
796 1688 949 1737 erant
976 1679 1137 1734 ambo
1170 1676 1304 1741 ﬁlii,
1352 1683 1407 1730 et
1436 1673 1692 1730 Salomon
1734 1672 1824 1743 qui
1864 1670 2097 1741 pertinet

506 1774 577 1829 ad
603 1773 844 1829 ordinem
865 1786 1024 1843 quem
1043 1768 1325 1825 Matthaaus
1346 1774 1559 1822 secutus
1578 1775 1679 1830 est,
1699 1772 1753 1819 et
1778 1762 1985 1817 Nathan
2005 1761 2095 1832 qui

509 1873 597 1922 est
620 1866 677 1920 in
699 1864 840 1921 serie
885 1877 1047 1934 quam
1086 1861 1260 1916 Lucas
1299 1857 1567 1930 exposuit.
1617 1854 1913 1912 Attendunt
1953 1854 2094 1909 enim

505 1960 610 2015 ista
636 1957 877 2014 nonnulli
902 1997 917 2021 ,
950 1965 1005 2011 et
1029 1954 1213 2010 vident
1236 1969 1342 2008 non
1378 1967 1534 2022 posse
1558 1966 1588 2005 a
1616 1950 1824 2005 duobus
1850 1948 1976 2002 viris
2001 1962 2098 2017 per

506 2051 946 2107 commixtionem
967 2047 1146 2103 carnis
1168 2045 1437 2101 hominem
1467 2044 1643 2114 gigni;
1686 2050 1740 2097 et
1764 2040 1885 2096 ideo
1909 2046 2099 2110 putant

504 2146 665 2202 istam
694 2142 1045 2213 quaestionem
1072 2156 1179 2196 non
1202 2152 1361 2211 posse
1377 2136 1591 2192 dissolvi
1616 2135 1692 2206 (a)
1718 2153 1731 2187 :
1756 2147 1858 2189 nec
1882 2132 2096 2186 intuen-

506 2246 598 2292 tur
618 2277 634 2303 ,
684 2234 828 2306 quod
854 2233 1255 2289 usitatissimum
1281 2239 1440 2300 atque
1470 2227 1777 2282 facillimum
1807 2234 1890 2280 est
1918 2226 1935 2256 ί
1956 2264 1972 2291 ,
2000 2239 2096 2293 pa-

506 2336 649 2383 trem
680 2326 1016 2397 cujusquam,
1044 2338 1151 2379 non
1178 2337 1300 2378 eum
1324 2329 1527 2377 tantum
1547 2318 1654 2374 dici
1678 2333 1709 2372 a
1731 2332 1836 2388 quo
1861 2315 2094 2387 genitus,

504 2419 605 2477 sed
633 2419 794 2475 etiam
824 2433 947 2473 eum
976 2432 1007 2471 a
1034 2432 1140 2487 quo
1170 2414 1331 2471 fuerit
1354 2413 1636 2484 adoptatus
1658 2411 1761 2482 (b).

578 2510 765 2582 Neque
812 2510 953 2567 enim
1003 2509 1306 2579 adoptionis
1343 2507 1614 2563 vinculum
1660 2505 1801 2577 apud
1850 2504 2100 2575 antiquos

507 2603 744 2659 alienum
763 2603 832 2659 ab
860 2616 1045 2658 eorum
1076 2601 1317 2657 moribus
1341 2599 1472 2667 fuit,
1515 2613 1638 2654 cum
1672 2598 1837 2654 etiam
1877 2596 2102 2652 feminas

506 2693 851 2750 inveniamus
886 2692 1171 2762 adoptasse
1205 2693 1304 2748 sibi
1346 2692 1519 2757 ﬁlios,
1558 2706 1665 2746 non
1702 2707 1766 2746 ex
1810 2700 1962 2746 utero
2003 2704 2103 2745 suo

508 2794 668 2843 natos
701 2804 715 2840 :
744 2787 881 2842 sicut
904 2786 1034 2843 Sara
1062 2802 1129 2841 ex
1159 2787 1302 2856 Agar
1322 2784 1474 2857 (Gen.
1506 2802 1593 2840 xvi
1618 2828 1633 2852 ,
1666 2786 1764 2855 2),
1811 2795 1865 2841 et
1902 2785 1996 2839 Lia
2034 2801 2102 2840 ex

510 2879 702 2935 ancilla
729 2894 825 2933 sua
855 2877 966 2949 (1d.
994 2894 1121 2945 xxx,
1155 2878 1332 2949 943),
1355 2887 1409 2933 et
1434 2878 1539 2933 ﬁlia
1568 2877 1863 2934 Pharaonis
1887 2877 2101 2949 Moysen

514 2969 793 3041 adoptavit
817 2969 1012 3041 (Exod.
1038 2986 1108 3037 ιι,
1136 2970 1191 3035 9,
1222 2969 1333 3041 10).
1364 2970 1481 3040 lpse
1509 2978 1686 3025 autem
1712 2968 1907 3037 Iacob,
1937 2984 2103 3040 nepo-

512 3068 599 3117 tes
641 3075 803 3130 suos,
850 3059 989 3115 ﬁlios
1034 3060 1235 3129 Ioseph
1282 3060 1553 3130 adoptavit
1592 3060 1744 3130 (Gen.
1790 3077 1989 3127 xum,
2021 3060 2102 3131 5).

511 3149 696 3222 Ipsum
745 3166 877 3207 vero
921 3151 1222 3222 adoptionis
1266 3166 1458 3207 nomen
1509 3152 1792 3221 plurimum
1831 3152 2008 3207 valere
2048 3152 2104 3206 in

512 3252 716 3301 nostras
745 3243 870 3300 ﬁdei
896 3253 1251 3310 sacramento,
1269 3245 1564 3315 apostolica
1592 3244 1833 3301 doctrina
1860 3254 2102 3301 testatur.

513 3333 676 3392 Unde
714 3336 993 3405 apostolus
1031 3335 1227 3392 Paulus
1262 3351 1383 3392 cum
1432 3336 1500 3391 de
1544 3336 1851 3393 Iudaeorum
1898 3336 2107 3392 meritis

515 3424 827 3496 loqueretur
854 3444 867 3480 :
900 3426 1127 3493 Quorum
1147 3435 1241 3493 est,
1271 3428 1463 3497 inquit,
1496 3425 1727 3495 adoptio,
1763 3437 1810 3481 et
1834 3426 2031 3497 gloria,
2063 3436 2108 3481 et

482 3586 496 3597 ο
516 3515 861 3586 Testamenta,
889 3526 938 3573 et
960 3516 1239 3589 Legislatio
1253 3534 1274 3585 ;
1309 3534 1523 3588 quarunt
1547 3527 1734 3587 patres,
1766 3528 1813 3571 et
1840 3534 1902 3572 ea:
1929 3518 2109 3589 quibus

518 3606 749 3663 Christus
775 3608 1053 3663 secundum
1090 3624 1293 3663 carnem
1317 3648 1332 3676 ,
1371 3608 1457 3679 qui
1485 3617 1559 3662 est
1594 3625 1747 3677 super
1771 3610 1941 3662 omnia
1976 3608 2112 3662 Deus
2144 3598 2149 3605 ¹

519 3703 811 3759 benedictus
847 3704 902 3757 in
930 3702 1118 3758 saecula
1161 3702 1336 3773 (Rom.
1367 3718 1418 3757 ix
1438 3742 1452 3767 ,
1479 3703 1513 3757 4
1533 3744 1548 3769 ,
1572 3701 1653 3774 5).
1679 3700 1812 3757 Item
1840 3701 1970 3756 dicit
2002 3720 2014 3755 :
2043 3700 2112 3755 Et

518 3794 621 3863 ipsi
656 3795 712 3848 in
751 3795 1117 3864 nobismetipsis
1147 3794 1541 3865 ingemiscimus,
1585 3794 1908 3863 adeptionem
1936 3809 2113 3863 exspe-

521 3897 715 3940 ctantes
743 3886 967 3955 ﬁliorum
995 3885 1092 3940 Dei
1122 3889 1142 3917 ’
1166 3928 1180 3951 ,
1239 3887 1635 3955 redemptionem
1683 3887 1910 3955 corporis
1956 3887 2113 3939 nostri

522 3974 639 4043 (Id.
669 3992 780 4042 vm,
809 3976 927 4047 25).
960 3976 1089 4031 Item
1117 3977 1225 4031 alio
1256 3977 1374 4032 loco
1405 3995 1417 4031 :
1453 3975 1581 4031 Cum
1608 3986 1775 4032 autent
1803 3978 1933 4031 venit
1951 3976 2116 4048 pleni-

524 4067 648 4121 tudo
689 4068 927 4138 temporis
946 4108 961 4134 ,
998 4068 1134 4121 misit
1158 4065 1299 4122 Deus
1324 4065 1519 4122 Filium
1546 4084 1693 4122 suum
1717 4069 1908 4137 factum
1926 4084 1988 4122 ex
2006 4084 2118 4121 ntu-

524 4160 677 4224 liere,
704 4163 900 4228 [actum
930 4160 1019 4213 sub
1050 4159 1184 4231 Lege
1206 4200 1221 4225 ,
1253 4168 1307 4212 ut
1339 4175 1423 4213 eos
1446 4160 1532 4228 qui
1554 4159 1645 4214 sub
1667 4158 1799 4231 Lege
1817 4169 1959 4213 erant
1982 4159 2119 4213 redi.-

528 4259 684 4304 meret
704 4276 731 4317 φ
750 4258 804 4303 ut
830 4250 1152 4319 adoptionem
1196 4249 1420 4318 ﬁliorum
1452 4252 1789 4329 reciperemus
1818 4247 2008 4319 (Galat.
2040 4264 2115 4314 tv,

524 4342 591 4406 4,
619 4340 697 4411 5).
746 4339 874 4396 Haec
899 4340 1062 4411 igitur
1093 4339 1307 4411 adoptio
1331 4341 1514 4411 quanti
1534 4340 1853 4395 sacramenti
1885 4341 1989 4406 sit,
2034 4338 2120 4395 his

526 4439 689 4502 atque
726 4430 1031 4501 bujusmodi
1070 4431 1389 4487 testimoniis
1427 4432 1557 4486 satis
1594 4440 1834 4500 apparet.
1892 4430 2117 4487 Unicum

529 4526 675 4580 enim
702 4524 892 4580 Filium
932 4525 1072 4581 Deus
1092 4524 1284 4591 habet,
1333 4540 1493 4595 quem
1519 4524 1702 4595 genuit
1726 4523 1794 4579 de
1822 4512 2120 4580 substantia

526 4632 624 4672 sua
647 4658 661 4682 ,
706 4617 773 4672 de
809 4632 916 4688 quo
957 4617 1152 4672 dicitur
1186 4635 1200 4671 :
1231 4614 1358 4671 Cum
1389 4617 1444 4670 in
1483 4620 1648 4687 forma
1691 4614 1789 4670 Dei
1825 4624 1987 4680 esset,
2019 4632 2121 4670 non

526 4710 764 4780 rapinam
805 4710 1077 4765 arbitratus
1118 4721 1190 4765 est
1217 4726 1324 4765 esse
1359 4710 1569 4780 (aqualis
1610 4708 1721 4764 Deo
1765 4708 2023 4780 (Philipp.
2059 4725 2119 4777 ll,

532 4800 612 4874 6).
640 4800 750 4857 Nos
774 4810 952 4859 autem
972 4817 1081 4856 non
1110 4801 1178 4858 de
1202 4802 1500 4857 substantia
1524 4817 1618 4855 sua
1638 4801 1848 4872 genuit;
1878 4810 2121 4856 creatura

439 4900 446 4907 ”
530 4894 678 4951 enim
705 4908 910 4961 sumus,
932 4910 1091 4965 quam
1124 4909 1231 4949 non
1250 4894 1468 4965 genuit,
1498 4895 1593 4949 sed
1612 4894 1739 4949 fecit
1770 4911 1784 4949 :
1812 4902 1868 4949 et
1892 4894 2033 4962 ideo,
2066 4904 2124 4950 ut

529 4984 726 5041 fratres
769 4984 968 5041 Christi
1022 4984 1316 5041 secundum
1368 4985 1583 5041 modum
1633 4999 1789 5041 suum
1831 4986 1853 5019 ⁸
1883 4986 2119 5055 faceret,

529 5077 825 5148 adoptavit.
854 5077 959 5133 Iste
982 5080 1160 5147 itaque
1187 5078 1377 5133 modus
1397 5092 1503 5148 quo
1538 5092 1638 5133 nos
1667 5079 1808 5134 Deus
1827 5120 1842 5146 ,
1873 5094 1994 5135 cum
2011 5079 2121 5149 jam

530 5183 776 5224 essemus
803 5169 872 5224 ab
911 5169 1028 5239 ipso
1067 5183 1174 5225 non
1215 5170 1367 5237 nati,
1406 5169 1502 5226 sed
1542 5170 1743 5227 conditi
1780 5180 1835 5227 et
1871 5172 2121 5240 instituti,

533 5260 702 5316 verbo
726 5274 827 5317 suo
858 5269 915 5316 et
954 5261 1122 5333 gratia
1160 5276 1257 5317 sua
1296 5261 1479 5332 genuit
1502 5270 1564 5317 ut
1599 5261 1694 5319 ﬁlii
1719 5263 1835 5335 ejus
1858 5278 2120 5331 essemus,

578 5488 617 5555 ’ἓ
654 5488 845 5555 Aliquot
852 5497 989 5555 3155s.,
1384 5494 1525 5555 atque
1544 5480 2027 5555 ﬁequentatissimum
2039 5498 2125 5544 est.

598 5554 620 5584 ³
654 5548 820 5611 Abest,
839 5548 1052 5615 ﬁliorum
1084 5552 1192 5613 Dei,
1226 5565 1254 5602 a
1277 5560 1381 5601 Mss.
1409 5548 1460 5603 et'
1481 5548 1915 5617 ab'aniiquioribus
1954 5554 2127 5607 editio-

531 5614 678 5664 nibus
693 5621 791 5663 Am.
818 5621 871 5665 et
890 5620 964 5663 Er.

602 5677 624 5709 ³
656 5684 723 5727 tta
754 5678 806 5725 in
843 5682 948 5725 Mss.
988 5683 1043 5725 At
1081 5677 1131 5725 in
1175 5676 1337 5738 editis,
1375 5683 1610 5727 nostrum.

600 5760 675 5886 ᾖ)
700 5756 1091 5885 εἱῗῶἓέσῇ
1102 5759 1323 5875 rigging.
1351 5761 1395 5821 ι,
1420 5773 1526 5824 cap.
1544 5762 1592 5811 7.

965 5856 980 5883 ι
1096 5857 1109 5870 θ
1163 5854 1179 5883 9
1309 5858 1322 5873 ⁸

502 5846 513 5874 ι
600 5820 674 5885 (b)
700 5828 737 5871 ιι
757 5829 980 5883 ἣρωσι,
1004 5833 1109 5885 cap.
1129 5822 1179 5883 7,
1202 5835 1251 5875 ιι.
1276 5820 1322 5873 2.

1322 351 1596 412 CONTRA
1632 343 1955 408 FAUSTUM
1991 335 2444 411 MANICHEUM,
2482 342 2544 401 S.
2583 343 2953 404 AUGUSTINI

3674 348 3783 406 216

2195 462 2414 534 adoptio
2435 476 2671 522 vocatur.
2718 465 2871 524 Unde
2896 467 3133 525 Joannes
3158 467 3289 525 dicit
3318 484 3330 523 :
3364 469 3513 525 Dedit
3538 473 3609 529 eis
3630 483 3775 544 pote-

2196 566 2373 613 statem
2417 559 2552 627 ﬁlios
2572 558 2670 614 Dei
2710 560 2824 630 ﬁeri
2867 559 3046 632 (Ioan.
3082 578 3128 626 ι,
3170 562 3282 634 12).
3322 562 3454 618 Cum
3497 564 3656 637 igitur
3693 566 3782 636 jus

2198 649 2499 718 adoptionis
2542 649 2771 708 ﬁliorum
2814 651 2953 722 apud
2998 663 3174 723 patres
3205 663 3418 710 nostros
3450 664 3505 710 et
3544 655 3598 711 in
3636 656 3785 712 Scri-

2198 741 2369 812 pturis
2408 743 2607 799 sanctis
2645 744 2891 799 usitatum
2919 743 3025 811 sit;
3065 761 3183 815 qua:
3209 745 3494 816 impietatis
3513 746 3783 803 dementia

2199 834 2518 906 praecipitat,
2545 836 2690 905 prius
2721 837 3091 909 Evangelistas
3110 836 3355 895 falsitatis
3374 854 3618 909 arguere,
3641 841 3785 911 quod

2199 926 2443 985 diversas
2480 929 2856 999 generationes
2896 939 3487 998 commemoraverunt,
3532 940 3783 1003 tanquam

2200 1027 2444 1089 utraeque
2487 1036 2632 1077 vera:
2669 1037 2790 1078 esse
2830 1039 2935 1079 non
2972 1023 3214 1093 possint;
3255 1038 3414 1094 quam
3452 1024 3687 1094 cogitare
3732 1035 3788 1082 et

2200 1110 2478 1168 attendere
2499 1122 2556 1168 et
2576 1112 2762 1169 videre
2783 1113 2927 1186 quod
2956 1114 3267 1170 facillimum
3293 1124 3395 1182 est,
3417 1131 3576 1187 quam
3597 1116 3786 1173 crebra

2200 1203 2587 1259 consuetudine
2607 1205 2818 1275 generis
2834 1205 3073 1273 humani,
3104 1221 3244 1261 unus
3262 1204 3426 1262 homo
3445 1206 3580 1263 duos
3606 1216 3787 1278 patres

2201 1294 2401 1350 habere
2427 1295 2661 1366 potuerit
2686 1312 2701 1363 ;
2727 1312 2888 1352 unum
2914 1297 3066 1368 cujus
3093 1313 3256 1354 carne
3281 1297 3444 1354 homo
3467 1299 3537 1355 sit
3554 1299 3787 1369 genitus,

2201 1386 2427 1443 alterum
2446 1387 2599 1458 cujus
2626 1389 2931 1457 voluntate,
2961 1405 3082 1448 cum
3117 1390 3229 1462 jam
3255 1391 3419 1448 homo
3446 1402 3611 1461 esset,
3648 1391 3792 1447 ﬁlius

2202 1478 2271 1535 sit
2289 1478 2610 1550 adoptatus?
2643 1480 2745 1550 Qui
2766 1483 2812 1537 si
2834 1498 2937 1537 non
2964 1492 3113 1541 recte
3140 1484 3335 1542 dicitur
3358 1494 3512 1556 pater
3531 1528 3546 1552 ,
3571 1501 3669 1542 nec
3691 1500 3795 1541 nos

2202 1582 2351 1627 recte
2392 1571 2618 1628 dicimus
2639 1614 2655 1640 ,
2699 1573 2857 1628 Pater
2888 1584 3078 1643 noster,
3119 1578 3205 1647 qui
3246 1593 3298 1631 es
3331 1577 3385 1631 in
3411 1578 3549 1632 caelis
3574 1576 3790 1649 (Matth.

2202 1677 2275 1728 v1,
2303 1661 2381 1733 9),
2413 1665 2460 1719 ei
2484 1663 2552 1720 de
2580 1667 2733 1734 cujus
2754 1666 3047 1721 substantia
3071 1668 3179 1722 nati
3197 1684 3302 1723 non
3337 1684 3541 1736 sumus,
3575 1669 3668 1725 sed
3690 1684 3791 1726 cu—

2198 1755 2288 1826 jus
2315 1758 2483 1827 gratia
2507 1766 2563 1813 et
2590 1760 3091 1817 misericordissima
3117 1763 3393 1820 voluntate
3434 1764 3669 1836 adoptati
3695 1780 3787 1822 se-

2203 1849 2435 1905 cundum
2461 1850 2760 1907 doctrinam
2798 1854 3145 1923 apostolicam
3179 1864 3235 1912 et
3260 1856 3618 1913 ﬁdelissimam
3647 1861 3791 1914 veri-

2203 1952 2367 1999 tatem
2412 1960 2615 2001 sumus.
2667 1946 2841 2015 Ipsum
2882 1950 3077 2020 quippe
3121 1951 3379 2007 habemus
3418 1960 3472 2009 et
3501 1953 3667 2009 Deum
3691 1994 3707 2019 ,
3739 1964 3797 2010 et

2205 2036 2489 2093 Dominum
2515 2082 2529 2106 ,
2571 2051 2625 2095 et
2654 2039 2869 2097 Patrem
2902 2060 2915 2095 :
2950 2043 3150 2106 Deum,
3179 2044 3321 2114 quod
3345 2044 3413 2100 ab
3447 2046 3598 2116 ipso,
3630 2047 3794 2101 etiam

2204 2143 2268 2185 ex
2297 2129 2604 2188 hominibus
2633 2135 2964 2203 parentibus.
3004 2135 3207 2191 conditi
3237 2151 3452 2201 sumus;
3486 2137 3793 2204 Dominum,

2204 2221 2345 2292 quod
2366 2223 2416 2278 ei
2444 2224 2642 2280 subditi
2682 2240 2898 2292 sumus;
2929 2226 3159 2293 Patrem,
3195 2226 3337 2297 quod
3364 2227 3480 2299 ejus
3505 2227 3797 2299 adoptione

2204 2316 2375 2371 renati
2405 2330 2610 2375 sumus.

2277 2408 2453 2464 Facile
2477 2409 2575 2465 fuit
2619 2425 2747 2483 ergo
2789 2412 3050 2483 religiosis
3074 2412 3558 2482 perscrutatoribus
3586 2412 3798 2468 divina-

2204 2515 2325 2556 rum
2352 2502 2693 2570 Litterarum,
2728 2504 3113 2575 aliquantulum
3140 2505 3501 2573 considerare,
3534 2515 3588 2561 et
3611 2506 3798 2560 videre

2207 2593 2261 2649 in
2288 2592 2514 2649 diversis
2540 2593 2745 2650 Christi
2773 2595 3206 2666 generationibus
3230 2612 3260 2651 a
3286 2597 3494 2653 duobus
3523 2596 3797 2668 evangeli-

2206 2685 2305 2742 stis
2332 2686 2786 2754 commemoratis,
2809 2687 3076 2757 quomodo
3099 2687 3236 2743 duos
3276 2698 3453 2757 patres
3491 2690 3662 2758 potuit
3694 2688 3796 2743 ha-

2206 2777 2336 2835 bere
2360 2777 2580 2847 Ioseph,
2609 2794 2836 2849 quorum
2866 2781 3234 2851 progenitores
3252 2779 3450 2836 diversi
3478 2795 3801 2836 enumeren-

2208 2877 2313 2925 tur.
2343 2869 2455 2925 Hoc
2480 2878 2534 2926 et
2560 2885 2656 2925 vos
2677 2912 2692 2937 ,
2718 2871 2763 2926 si
2786 2870 3018 2926 studium
3043 2872 3397 2927 contentionis
3427 2887 3530 2926 non
3553 2886 3802 2927 excmca-

2209 2971 2311 3027 ret,
2335 2960 2489 3019 facile
2509 2962 2690 3018 videre
2718 2963 2968 3033 possetis.
2996 2962 3101 3020 Sed
3126 2964 3193 3018 ab
3221 2963 3327 3019 illis
3350 2963 3481 3018 viris
3508 2963 3610 3018 alia
3634 2963 3801 3019 etiam

2209 3054 2430 3123 quaesita
2449 3063 2503 3108 et
2531 3053 2746 3110 inventa
2772 3063 2898 3109 sunt
2922 3095 2936 3119 ,
2967 3069 3088 3110 cum
3113 3070 3300 3110 omnes
3322 3055 3509 3111 harum
3536 3057 3804 3111 narratio-

2210 3160 2337 3198 num
2366 3153 2541 3214 parles
2568 3152 2953 3214 pertractarent
2979 3162 2993 3199 :
3020 3144 3135 3200 hmc
3160 3154 3339 3201 autem
3365 3161 3396 3200 a
3425 3155 3606 3201 vestro
3634 3145 3800 3200 intel-

2210 3236 2351 3293 lectu
2383 3237 2689 3308 longissime
2720 3247 2926 3293 remota
2953 3248 3095 3293 sunt.
3127 3237 3307 3309 Itaque
3345 3239 3504 3294 etiam
3554 3239 3605 3293 in
3630 3238 3804 3293 Mani-

2212 3331 2346 3386 chaei
2396 3344 2580 3386 errore
2615 3329 2926 3399 constituti,
2971 3331 3024 3385 id
3065 3331 3207 3402 quod
3238 3332 3290 3386 in
3348 3332 3505 3387 rebus
3555 3331 3807 3387 humanis

2214 3421 2331 3477 ﬁeri
2359 3422 2535 3488 solet,
2588 3430 2647 3477 ut
2693 3423 2829 3479 alius
2854 3437 3015 3479 carne
3039 3433 3259 3495 generet
3288 3423 3452 3481 ﬁlium
3473 3466 3488 3492 ,
3516 3424 3653 3481 alius
3678 3440 3808 3480 eum

2215 3514 2483 3570 voluntate
2527 3515 2765 3585 adoptet,
2812 3530 2877 3571 ac
2916 3516 2995 3572 sic
3031 3531 3168 3571 unus
3204 3516 3339 3573 duos
3375 3526 3553 3587 patres
3575 3515 3804 3584 habeat,

2216 3606 2260 3661 si
2321 3621 2426 3660 non
2466 3605 2693 3663 adverso
2732 3606 2912 3661 animo
2956 3607 3244 3679 legeretis,
3289 3607 3575 3679 cogitando
3623 3608 3810 3664 videre

2216 3698 2465 3767 possetis.

2290 3781 2515 3839 CAPUT
2558 3782 2646 3836 1V.
2688 3814 2761 3825 —
2784 3784 2892 3840 Cur
2932 3793 3111 3840 autem
3136 3784 3413 3841 Matthzeus
3442 3786 3509 3843 ab
3540 3785 3811 3841 Abraham

2218 3875 2460 3943 coeperit,
2487 3873 2819 3930 descendens
2848 3891 3016 3947 usque
3059 3876 3126 3931 ad
3151 3875 3380 3947 Ioseph;
3425 3877 3598 3933 Lucas
3626 3888 3812 3933 autem

2220 3978 2251 4017 a
2275 3963 2473 4035 Ioseph
2496 3966 2739 4035 coeperit,
2760 3967 3075 4031 ascendens,
3096 3982 3202 4023 non
3225 3983 3393 4039 usque
3404 3967 3473 4023 ad
3501 3968 3769 4024 Abraham
3790 4010 3812 4037 ,

2220 4056 2317 4112 sed
2345 4071 2513 4127 usque
2533 4057 2600 4112 ad
2624 4058 2789 4112 Deum
2813 4059 2905 4129 qui
2942 4058 3071 4115 fecit
3098 4059 3391 4127 hominem,
3439 4070 3493 4116 et
3518 4062 3642 4116 dato
3667 4077 3817 4131 pra:-

2221 4156 2378 4217 cepto
2425 4157 2743 4218 potestatem
2771 4148 2918 4204 dedit
2955 4159 3013 4205 ut
3057 4151 3282 4206 credens
3312 4150 3453 4205 ﬁlius
3484 4152 3579 4207 Dei
3608 4152 3764 4207 ﬁeret
3794 4169 3813 4206 :

2222 4245 2279 4292 et
2298 4253 2395 4293 cur
2433 4237 2523 4293 ille
2552 4239 2607 4293 in
2633 4239 2811 4309 capite
2855 4239 2975 4295 libri
2998 4241 3369 4311 generationes
3409 4242 3552 4310 ipsas
3588 4256 3819 4297 enume-

2223 4332 2395 4397 ravit;
2442 4331 2529 4387 ille
2567 4340 2765 4399 autem,
2810 4347 2931 4388 cum
2973 4334 3228 4389 Dominus
3270 4334 3515 4389 Salvator
3548 4349 3577 4387 a
3607 4334 3825 4391 Joanne

2223 4422 2521 4493 baptizatus
2544 4423 2736 4480 fuisset
2765 4443 2778 4478 :
2810 4434 2865 4480 et
2893 4426 3017 4496 quid
3067 4425 3167 4481 sibi
3207 4427 3340 4482 velit
3368 4443 3622 4483 numerus
3646 4443 3822 4498 gene-

2224 4514 2491 4571 rationum
2517 4515 2815 4571 secundum
2853 4515 3157 4572 Matthaeum
3180 4560 3195 4584 ,
3226 4526 3285 4572 ut
3309 4526 3390 4573 ter
3411 4518 3822 4588 quatuordecim

2224 4605 2555 4676 digerantur,
2583 4606 2776 4677 quibus
2799 4607 2852 4661 in
2869 4623 3133 4663 summam
3151 4608 3492 4681 computatis,
3517 4620 3771 4681 tanquam
3794 4612 3819 4643 ί

2226 4710 2329 4751 una
2373 4698 2549 4753 minus
2578 4709 2865 4769 appareat;
2907 4715 3162 4755 numerus
3190 4710 3367 4756 autem
3408 4702 3822 4772 generationum

2224 4789 2518 4845 secundum
2536 4790 2755 4855 Lucam,
2779 4792 2870 4861 qui
2894 4790 2949 4846 in
2966 4791 3233 4862 baptismo
3258 4792 3466 4848 Domini
3492 4808 3823 4848 commemo-

2225 4890 2393 4948 ratur,
2424 4881 2492 4938 ad
2512 4884 2847 4953 septuaginta
2871 4894 2925 4939 et
2950 4892 3155 4954 septem
3184 4886 3460 4955 perveniat
3484 4903 3499 4939 :
3527 4901 3683 4957 quem
3712 4901 3823 4941 nu-

2227 4986 2434 5027 merum
2483 4971 2600 5043 ipse
2651 4973 2909 5029 Dominus
2954 4974 3009 5029 in
3059 4983 3396 5045 peccatorum
3446 4977 3824 5032 remissionem

2227 5065 2564 5120 commendat
2612 5065 2817 5133 dicens,
2878 5065 3001 5122 Non
3048 5078 3244 5122 tantum
3286 5070 3488 5139 septies,
3534 5070 3623 5124 sed
3664 5078 3830 5141 usque

2228 5157 2513 5227 septuagies
2558 5157 2740 5227 septies
2766 5156 2893 5230 (Id.
2925 5174 3076 5225 xvm,
3102 5159 3213 5230 22)
3255 5178 3268 5214 :
3297 5161 3445 5217 nullo
3472 5172 3630 5233 pacto
3664 5162 3827 5219 inda-

2229 5261 2358 5317 gare
2381 5248 2609 5318 possetis
2632 5290 2646 5315 ,
2692 5249 2795 5304 nisi
2823 5259 2917 5305 aut
2945 5251 3012 5306 ab
3036 5252 3213 5322 aliquo
3238 5255 3504 5310 catholico
3528 5255 3581 5310 id
3607 5254 3827 5311 audire-

2232 5338 2320 5407 tis,
2362 5354 2469 5395 non
2513 5341 2771 5411 quolibet,
2803 5342 2896 5398 sed
2926 5343 3227 5400 divinarum
3281 5344 3675 5416 Scripturarum
3703 5358 3828 5403 stu-

2231 5430 2384 5487 dioso
2411 5474 2426 5499 ,
2456 5442 2510 5486 et
2550 5442 2805 5502 quantum
2856 5444 3076 5504 posset,
3111 5438 3319 5505 perito;
3358 5447 3447 5492 aut
3492 5438 3591 5507 ipsi
3634 5440 3701 5493 ab
3733 5454 3829 5493 cr-

2230 5539 2353 5580 rore
2399 5525 2670 5590 correcti,
2724 5526 2919 5594 pietate
2969 5527 3232 5583 catholica
3277 5531 3528 5599 peteretis
3574 5539 3631 5584 ut
3682 5532 3829 5585 acci-

2231 5615 2450 5687 peretis,
2481 5618 2789 5685 quaereretis
2819 5626 2879 5672 ut
2905 5618 3233 5685 inveniretis,
3266 5621 3546 5691 pulsaretis
3571 5633 3628 5677 ut
3658 5624 3829 5684 intra-

2235 5712 2381 5768 retis.

2305 5826 2325 5857 ι
2360 5823 2495 5889 aliti,
2521 5828 2697 5876 tamen.
2723 5833 2778 5876 At
2797 5833 2926 5889 Mss,
2951 5792 3199 5891 tmtquam.
