4052 6470
209 391 323 450 917

289 503 520 564 CAPUT
570 502 636 559 ν.
675 530 748 545 -ο
769 501 1124 574 Quapropter,
1155 499 1407 572 quoniam
1437 499 1489 555 id
1510 498 1651 572 quod
1680 497 1820 554 Fau-

217 608 361 656 stum
389 597 459 653 de
484 596 893 667 generationum
927 593 1234 650 diversitate
1263 593 1529 663 permovit
1553 633 1568 657 ,
1599 591 1720 662 quia
1759 590 1812 646 in

218 689 430 746 duobus
455 689 697 760 patribus
737 685 1094 758 intelligendis
1114 685 1201 741 hic
1239 685 1411 741 nodus
1439 692 1572 750 erat,
1604 684 1811 739 intelle-

218 790 303 838 cta
328 789 520 837 natura
545 788 603 836 et
625 779 914 852 adoptione
943 778 1174 834 solutum
1203 787 1318 846 est,
1347 777 1539 832 frustra
1564 792 1622 832 se
1649 775 1813 831 voluit

215 873 286 929 ad
341 873 478 928 duos
523 873 880 944 evangelistas
931 870 1196 939 conferre,
1238 880 1294 927 et
1341 871 1408 926 ab
1434 870 1552 925 aliis
1606 869 1812 924 duobus

218 966 433 1024 auferre
482 983 500 1020 :
549 968 718 1036 magis
777 964 1076 1022 offensurus
1119 964 1186 1020 ad
1227 979 1360 1034 quos
1387 979 1446 1020 se
1474 963 1810 1029 contulisset,

219 1073 382 1130 quam
408 1072 504 1113 eos
533 1072 565 1111 a
590 1057 784 1127 quibus
808 1056 1130 1112 abstulisset.
1157 1055 1272 1109 Non
1301 1055 1442 1109 enim
1477 1061 1659 1107 amant
1685 1067 1813 1107 san-

219 1151 292 1204 cti
317 1163 448 1204 suos
474 1149 760 1212 electores,
792 1149 838 1202 si
855 1159 1085 1203 suorum
1105 1147 1371 1202 sociorum
1393 1160 1488 1202 eos
1514 1145 1816 1200 invenerint

220 1241 547 1299 desertores.
568 1241 786 1298 Unitate
812 1241 954 1297 enim
986 1240 1238 1312 gaudent,
1265 1247 1320 1294 et
1341 1240 1392 1294 iu
1414 1239 1628 1294 Christo
1649 1253 1812 1293 unum

223 1346 346 1391 sunt
372 1353 385 1389 :
409 1345 466 1390 et
490 1335 535 1390 si
562 1335 699 1390 alius
724 1334 889 1398 aliud,
919 1343 973 1389 et
999 1334 1133 1390 alius
1161 1332 1338 1396 aliud;
1371 1342 1458 1387 aut
1483 1333 1619 1388 alius
1638 1332 1811 1399 aliter,

223 1438 275 1483 et
322 1428 464 1482 alius
492 1427 688 1492 aliter;
723 1440 849 1482 vera
882 1435 1058 1482 tamen
1101 1439 1287 1481 omnes
1324 1425 1544 1493 dicunt,
1576 1439 1676 1481 nec
1713 1425 1813 1480 sibi

223 1519 330 1573 ullo
358 1517 521 1573 modo
545 1520 814 1573 contraria
839 1560 854 1585 ,
887 1518 932 1572 si
962 1518 1079 1588 pius
1107 1518 1276 1574 lector
1299 1517 1518 1574 accedat
1542 1559 1557 1582 ,
1600 1518 1643 1572 si
1671 1517 1814 1574 mitis

224 1611 382 1680 legat,
413 1611 459 1666 si
484 1626 589 1665 non
633 1611 886 1666 baeretico
909 1611 1090 1666 animo
1117 1611 1260 1668 unde
1297 1612 1521 1676 rixetur,
1548 1611 1642 1667 sed
1673 1610 1818 1668 ﬁdeli

226 1701 387 1756 corde
413 1701 556 1757 unde
581 1702 875 1758 aediﬁcetur
907 1744 923 1770 ,
956 1703 1206 1772 inquirat.
1236 1702 1354 1759 Iam
1384 1718 1533 1774 ergo,
1565 1704 1817 1774 quoniam

224 1795 554 1864 singulorum
611 1795 628 1826 ί
675 1803 881 1864 patrum
925 1795 1337 1865 generationes,
1385 1810 1520 1866 quos
1565 1802 1625 1850 ut
1678 1811 1818 1853 unus

227 1886 389 1942 homo
415 1888 552 1942 duos
572 1887 818 1950 haberet,
844 1903 952 1942 non
994 1896 1078 1943 est
1099 1888 1167 1944 ab
1193 1887 1428 1944 humano
1453 1904 1649 1960 genere
1692 1890 1822 1945 alie-

229 1996 390 2047 num,
452 1982 693 2051 singulos
739 1980 1114 2051 Evangelistas
1166 1981 1457 2036 narrandas
1519 1982 1821 2051 suscepisse

230 2071 573 2138 credidimus,
597 2087 702 2127 non
743 2081 828 2127 est
868 2087 898 2126 a
945 2072 1169 2128 veritate
1213 2082 1393 2127 nostra
1446 2072 1578 2128 ﬁdes
1626 2073 1818 2128 aliena.

237 2163 514 2229 Quocirca,
560 2163 700 2219 inter
726 2179 786 2218 se
810 2163 921 2234 jam
969 2163 1324 2234 Evangelistis
1346 2165 1782 2222 convenientibus
1801 2207 1818 2235 ,

233 2253 362 2310 sicut
391 2253 627 2308 Faustus
653 2254 931 2323 promisit,
958 2262 1246 2326 utcumque
1273 2255 1622 2312 succumbite.

295 2345 529 2400 CAPUT
562 2345 646 2398 Vl.
675 2375 748 2385 —
772 2345 853 2400 An
901 2346 1033 2400 illud
1057 2347 1197 2415 quod
1227 2345 1490 2416 adiunxit,
1523 2361 1618 2402 vos
1647 2354 1824 2403 movet

237 2436 439 2492 adhuc?
476 2437 720 2504 Quamvis
750 2455 840 2492 nec
863 2439 935 2493 sic
977 2437 1198 2508 quidem,
1243 2439 1430 2510 inquit,
1457 2426 1668 2511 dignum
1705 2442 1818 2508 erit,

233 2541 290 2580 ea:
310 2535 454 2580 utero
482 2536 660 2579 natum
684 2526 884 2580 credere
909 2524 1093 2586 Deum,
1125 2534 1170 2580 et
1194 2524 1354 2580 Deum
1379 2524 1803 2582 Christianorum.

233 2615 386 2684 Quasi
415 2631 520 2671 nos
547 2617 718 2687 ipsam
748 2616 981 2671 divinam
1028 2627 1268 2671 naturam
1309 2633 1377 2672 ex
1407 2615 1620 2672 femina:
1668 2625 1822 2673 utero

232 2710 500 2764 exstitisse
521 2708 824 2764 credamus.
857 2707 1045 2765 Nonne
1071 2709 1232 2764 modo
1253 2709 1662 2764 commemoravi
1677 2711 1822 2780 Apo-

233 2801 352 2856 stoli
379 2801 771 2867 testimonium,
800 2801 891 2856 ubi
918 2801 992 2856 ait
1016 2800 1082 2855 de
1105 2800 1304 2856 Iudaeis
1335 2818 1348 2853 :
1381 2799 1604 2867 Quorum
1627 2811 1819 2872 patres,

232 2901 279 2946 et
299 2909 360 2947 ea:
385 2892 570 2963 quibus
596 2891 829 2948 Christus
851 2891 1129 2948 secundum
1174 2909 1399 2957 carnem,
1430 2895 1515 2964 qui
1553 2903 1624 2948 est
1670 2898 1822 2964 super

234 2985 403 3040 omnia
425 2984 566 3040 Deus
593 2985 880 3040 benedictus
898 2986 952 3040 in
979 2984 1204 3040 secula?
1228 2983 1472 3041 Christus
1491 3001 1619 3058 ergo
1647 2988 1821 3042 Domi-

293 3141 310 3174 ³
343 3140 482 3204 Apud
505 3146 583 3190 Er.
612 3141 763 3204 Lugd.
792 3147 846 3192 et
862 3148 1003 3202 veu.,
1027 3148 1137 3192 Jam
1179 3155 1292 3208 ergo
1311 3142 1363 3195 in
1385 3143 1698 3208 singulorum.
1763 3150 1820 3192 Μ.

1521 382 1724 442 LIBER
1757 379 2100 451 QUARTUS.

3384 383 3496 443 218

1921 516 2022 556 nus
2063 509 2118 556 et
2153 500 2396 558 Salvator
2426 508 2606 557 noster
2648 499 2818 557 Filius
2865 499 2962 557 Dei
3006 515 3165 558 verus
3205 503 3498 558 secundum

1920 592 2271 661 divinitatem,
2295 606 2353 651 et
2407 595 2548 652 ﬁlius
2595 595 2827 651 hominis
2870 610 3034 651 verus
3063 597 3352 652 secundum
3377 611 3500 652 ear-

1922 703 2042 743 nem
2070 731 2083 754 ,
2135 704 2240 744 non
2293 704 2359 744 ex
2407 704 2472 745 eo
2514 690 2652 760 quod
2697 701 2779 745 est
2821 705 2983 760 super
3007 691 3184 744 omnia
3237 691 3379 746 Deus
3405 689 3499 746 be-

1920 779 2161 835 nedictus
2183 781 2232 834 in
2258 781 2450 836 saecula
2478 793 2550 837 ex
2577 781 2771 838 femina
2813 791 2970 838 natus
3010 792 3126 848 est;
3177 783 3273 838 sed
3300 799 3364 839 ex
3410 784 3498 839 illa

1919 870 2225 928 inﬁrmitate
2252 887 2408 942 quam
2435 874 2669 944 suscepit
2693 889 2761 930 ex
2784 875 2937 930 nobis
2961 916 2975 940 ,
3007 885 3064 929 ut
3086 876 3140 929 in
3169 890 3230 930 ea
3265 889 3501 930 morere-

1920 971 2007 1018 tur
2035 978 2133 1032 pro
2157 963 2330 1031 nobis,
2353 973 2407 1018 et
2433 979 2549 1019 eam
2573 973 2786 1020 sanaret
2806 965 2857 1020 in
2894 965 3046 1021 nobis
3075 981 3216 1020 :non
3245 981 3309 1021 ex
3333 966 3500 1020 forma

1923 1055 2039 1123 Dei,
2067 1056 2119 1110 in
2148 1071 2251 1127 qua
2280 1071 2400 1113 cum
2423 1065 2584 1124 esset,
2609 1073 2711 1111 non
2738 1057 2972 1126 rapinam
2991 1057 3262 1114 arbitratus
3289 1068 3364 1112 est
3389 1074 3496 1112 esse

1920 1146 2128 1216 aqualis
2179 1145 2322 1214 Deo,
2367 1156 2522 1201 natus
2561 1162 2628 1202 ex
2679 1148 2870 1202 femina
2928 1159 3042 1214 est;
3079 1148 3171 1204 sed
3221 1165 3286 1204 ex
3331 1149 3501 1204 forma

1921 1238 2082 1306 servi,
2118 1253 2274 1307 quam
2301 1237 2643 1307 accipiendo,
2697 1240 3011 1309 semetipsum
3041 1240 3310 1294 exinanivit
3350 1238 3503 1312 (Phi-

1923 1329 2052 1401 lipp.
2082 1345 2142 1396 u,
2169 1329 2256 1398 6).
2281 1328 2465 1399 Neque
2480 1331 2622 1384 enim
2654 1329 2724 1384 ob
2741 1330 2886 1386 aliud
2912 1331 3212 1387 exinanisse
3240 1346 3300 1387 se
3329 1331 3503 1387 dictus
3531 1329 3540 1333 ’

1923 1427 2026 1488 est,
2078 1419 2178 1474 nisi
2216 1420 2528 1490 accipiendo
2562 1420 2788 1476 formam
2836 1421 2996 1488 servi,
3053 1437 3157 1478 non
3211 1424 3504 1479 amittendo

1924 1513 2148 1570 formam
2178 1514 2289 1569 Dei.
2309 1513 2401 1569 llla
2423 1515 2563 1570 enim
2587 1522 2796 1582 natura,
2817 1529 2920 1585 qua
2943 1515 2995 1569 in
3027 1514 3190 1569 forma
3222 1516 3311 1571 Dei
3329 1532 3506 1586 arqua-

1923 1606 1990 1664 lis
2038 1615 2122 1663 est
2151 1606 2312 1673 Patri,
2345 1606 2851 1662 incommutabiliter
2875 1615 3242 1672 permanente,
3267 1607 3503 1676 suscepit

1923 1699 2232 1756 mutabilem
2259 1708 2516 1767 nostram,
2539 1689 2640 1772 per
2662 1718 2820 1773 quam
2847 1704 2916 1759 de
2942 1704 3147 1774 virgine
3175 1713 3510 1759 nasceretur.

1927 1789 2036 1846 Vos
2057 1798 2257 1857 autem,
2283 1804 2402 1845 eum
2428 1806 2644 1848 carnem
2687 1794 2884 1848 Christi
2914 1795 3153 1865 virginali
3183 1803 3334 1849 utero
3359 1809 3509 1849 com—

1925 1880 2138 1935 mittere
2163 1881 2416 1948 horretis,
2447 1883 2614 1960 ipsam
2645 1883 2972 1940 divinitatem
3004 1887 3096 1941 Dei
3121 1927 3136 1950 ,
3169 1901 3273 1940 non
3302 1894 3506 1941 tantum

1927 1971 2223 2038 hominum,
2256 1973 2350 2027 sed
2381 1982 2430 2028 et
2459 1969 2649 2029 canum
2679 1991 3071 2046 porcorumque
3101 1977 3265 2032 uteris
3293 1981 3509 2032 commi-

1927 2061 2102 2117 sistisl
2153 2063 2323 2119 semel
2377 2073 2687 2135 conceptam
2741 2067 2792 2121 in
2838 2075 2991 2122 utero
3041 2068 3257 2139 virginis
3307 2067 3510 2123 Christi

1926 2167 2144 2210 carnem
2175 2169 2279 2210 non
2309 2155 2467 2210 vultis
2507 2157 2749 2225 credere,
2780 2159 2831 2212 in
2866 2172 2972 2228 quo
2994 2160 3010 2189 ί
3051 2175 3156 2214 non
3197 2159 3368 2214 solum
3405 2173 3511 2214 non

1926 2243 2140 2315 ligatus,
2169 2244 2263 2300 sed
2290 2261 2390 2301 nec
2415 2255 2650 2302 mutatus
2674 2257 2757 2303 est
2786 2249 2954 2315 Deus;
2986 2258 3042 2304 et
3061 2249 3229 2320 ipsam
3259 2250 3352 2305 Dei
3377 2264 3505 2320 par-

1929 2343 2057 2403 tem,
2085 2335 2422 2408 divinamque
2445 2349 2711 2407 naturam,
2738 2341 2790 2394 in
2821 2342 3059 2396 omnium
3105 2330 3507 2409 hominum,“

1928 2429 2223 2484 bestiarum
2265 2430 2572 2485 masculinis
2612 2432 2907 2489 seminibus
2933 2441 2987 2488 et
3014 2433 3282 2488 femininis
3306 2433 3471 2488 uteris
3495 2472 3511 2498 ,

1929 2521 1984 2576 in
2029 2521 2276 2577 omnibus
2318 2522 2700 2592 conceptibus,
2737 2539 2832 2594 per
2875 2538 3062 2580 omnes
3094 2535 3281 2591 terras,
3311 2533 3366 2579 et
3417 2539 3514 2594 per

1929 2627 2119 2668 omnes
2165 2629 2350 2682 aquas,
2381 2622 2435 2670 et
2466 2630 2563 2691 per
2603 2631 2788 2672 omnes
2814 2617 2973 2672 horas
3001 2619 3022 2649 ³
3050 2618 3220 2688 ligari,
3253 2618 3510 2686 opprimi,

1929 2705 2281 2774 coinquinari,
2311 2714 2488 2762 etnec
2513 2715 2676 2762 totam
2719 2718 2906 2780 postea
2933 2709 3145 2766 liberari
3177 2723 3334 2779 posse
3369 2724 3513 2780 prae-

1929 2795 2116 2851 dicatis
2136 2796 2149 2849 !

1995 2899 2010 2964 ξ
2046 2905 2144 2947 Am.
2171 2907 2236 2964 et_
2246 2898 2468 2964 plerique
2489 2905 2618 2960 Mss,
2643 2900 2694 2951 in
2715 2914 2828 2964 qua.

1993 2961 2183 3024 {Forte
2224 2961 2518 3024 legendum,
2542 2975 2704 3022 auras,
2719 2961 2773 3013 ut
2811 2962 3021 3013 suadere
3058 2963 3249 3012 videtur
3289 2963 3518 3012 orationis

1930 3023 2232 3088 serie§._[t:ec
2249 3030 2326 3072 est
2343 3025 2491 3088 etiam
2500 3026 2756 3088 sententia
2779 3024 3056 3088 M0rel,qui,
3077 3024 3312 3088 Element.
3337 3025 3517 3088 tritica,

1932 3096 2044 3156 pag.
2062 3084 2172 3143 509,
2198 3098 2350 3155 prope
2369 3085 2540 3156 similia
2563 3093 2906 3136 commemorat
2931 3084 3102 3136 'v'erba
3124 3085 3234 3136 libri
3256 3086 3305 3146 6,
3329 3097 3432 3148 cap.
3457 3085 3515 3134 8:

1932 3153 1983 3196 tn
2022 3153 2154 3196 terra
2173 3183 2187 3208 ,
2209 3153 2262 3196 in
2283 3160 2427 3209 aqua,
2452 3153 2502 3197 in
2524 3161 2653 3199 aere.
2843 3157 2898 3197 tu.

1214 3317 1684 3428 LIBER
1747 3318 2531 3447 QUARTUS.

1631 3475 2108 3507 σ--ι-*ι-ο

299 3571 530 3630 CAPUT
557 3569 849 3628 PRlMUM.
877 3601 948 3612 —
975 3570 1223 3627 Faus'rus
1249 3570 1383 3626 dixit
1408 3588 1420 3626 :
1451 3572 1662 3642 Accipis
1715 3571 1824 3628 Te-

234 3673 559 3722 stamentum
590 3662 802 3718 Vetus?
831 3663 887 3718 Si
913 3671 995 3718 est
1022 3662 1151 3717 mihi
1181 3663 1231 3716 in
1260 3677 1325 3717 eo
1354 3662 1657 3730 luereditas,
1685 3668 1826 3718 acci-

234 3757 350 3829 pio;
381 3757 566 3812 sinon
595 3763 680 3810 est
711 3797 726 3822 ,
762 3769 865 3809 non
897 3755 1122 3825 accipio.
1172 3754 1487 3825 lmprobitas
1535 3755 1677 3810 enim
1712 3755 1828 3810 haec

235 3850 449 3920 quidem
492 3848 660 3902 nimia
698 3856 802 3914 est,
847 3863 1106 3917 usurpare
1155 3847 1363 3902 tabulas
1403 3864 1522 3917 quae
1571 3856 1830 3904 testentur

233 3940 660 3995 exhaeredatum.
690 3941 771 3994 An
815 3939 1026 4009 ignoras
1053 3938 1452 3994 Testamentum
1484 3940 1648 3995 Vetus
1688 3940 1830 3994 Cha-

234 4045 557 4085 nanaeorum
608 4039 797 4084 terram
851 4031 1222 4100 repromittere
1292 4029 1452 4101 (Gen.
1497 4048 1588 4099 xv,
1633 4033 1721 4100 l8,
1780 4042 1828 4088 et

234 4138 376 4188 xvu,
404 4120 473 4192 8)
497 4137 511 4184 ;
540 4121 632 4176 sed
653 4137 763 4177 eam
793 4121 1168 4177 tamenJudaais
1189 4165 1203 4188 ,
1232 4122 1285 4177 id
1317 4132 1400 4178 est
1419 4163 1433 4186 ,
1463 4123 1792 4179 circumcisis
1813 4166 1826 4189 ,

235 4223 286 4269 et
313 4212 757 4280 sacrificantibus,
789 4221 845 4268 et
875 4212 1264 4268 abstinentibus
1291 4229 1322 4268 a
1350 4215 1585 4284 porcina,
1615 4230 1679 4270 ac
1702 4216 1830 4270 reli-

237 4307 352 4376 quis
376 4305 632 4360 carnibus
654 4346 668 4371 ,
699 4319 832 4375 quas
850 4304 1152 4359 immundas
1176 4305 1383 4376 Moyses
1406 4307 1676 4376 appellat,
1705 4306 1830 4361 sab-

236 4396 358 4453 bata
407 4396 844 4463 observantibus,
877 4405 932 4452 et
956 4410 1264 4468 azymorum
1292 4398 1682 4454 solemnitatem
1711 4440 1726 4465 ,
1771 4413 1834 4455 ac

238 4487 443 4560 reliqua
482 4487 791 4557 hujusmodi
813 4528 826 4549 ,
857 4503 973 4556 quae
1012 4488 1128 4559 ejus
1159 4487 1273 4558 ipse
1303 4496 1524 4543 testator
1549 4489 1627 4543 eis
1654 4489 1836 4544 obser-

237 4581 407 4636 vanda
441 4579 720 4635 mandavit
763 4578 944 4652 (Leuit.
973 4595 1049 4647 ιι,
1079 4580 1131 4647 7,
1154 4586 1199 4634 et
1220 4578 1391 4634 Exod.
1418 4597 1512 4644 xu,
1542 4589 1588 4634 et
1614 4597 1705 4647 xx,
1737 4581 1833 4651 8)?

241 4671 368 4740 Quae
410 4672 541 4742 quia
593 4670 1020 4726 Christianorum
1076 4670 1326 4740 placuere
1373 4671 1608 4737 nemini;
1659 4687 1834 4744 neque

241 4769 378 4820 enim
405 4764 690 4835 quisquam
722 4771 1027 4818 nostrorum
1057 4777 1121 4818 ea
1149 4763 1409 4829 custodit;
1427 4763 1644 4834 dignum
1673 4771 1758 4819 est
1777 4773 1836 4820 ut

240 4870 355 4911 cum
384 4853 570 4911 refusa
599 4854 908 4910 inmeditate
933 4854 1218 4910 reddamus
1238 4865 1293 4909 et
1314 4855 1536 4909 tabulas.
1565 4855 1690 4910 Haec
1705 4871 1832 4927 ergo

241 4949 405 5018 prima
434 4961 602 5002 causa
627 4955 711 5001 est
735 4961 830 5001 cur
854 4961 954 5017 ego
973 4944 1373 5001 Testamentum
1394 4945 1556 5001 Vetus
1579 4947 1833 5017 abjicien-

245 5038 361 5094 dum
393 5048 529 5111 puto
561 5055 574 5090 :
604 5038 704 5093 nisi
734 5045 791 5093 tu
817 5055 902 5092 me
932 5038 1242 5109 prudentius
1267 5038 1464 5110 aliquid
1486 5039 1701 5095 doceas.
1729 5039 1832 5096 Se-

192 5131 212 5200 ‘;
247 5132 411 5187 eunda
443 5146 580 5186 vero
618 5144 779 5185 causa
817 5139 938 5197 est,
968 5129 1112 5200 quod
1143 5139 1246 5185 tam
1274 5131 1432 5185 etiam
1474 5131 1667 5186 misera
1696 5132 1833 5202 ejus,

248 5235 296 5280 et
315 5224 638 5297 corporalis,
661 5237 726 5277 ac
747 5223 901 5292 longe
927 5223 994 5276 ab
1013 5222 1202 5277 animre
1226 5223 1520 5277 commodis
1546 5223 1835 5279 baereditas

249 5326 343 5384 est,
371 5323 432 5371 ut
459 5321 582 5385 post
601 5313 810 5368 beatam
830 5312 976 5368 illam
1000 5312 1131 5368 Novi
1148 5312 1478 5368 Testamenti
1501 5314 1837 5383 pollicitatio-

203 5391 206 5393 Δ
252 5422 390 5473 nem,
413 5421 538 5478 qua:
561 5405 824 5460 caelorum
845 5404 975 5460 mihi
992 5419 1238 5475 regnum,
1266 5414 1321 5460 et
1337 5405 1496 5460 vitam
1520 5416 1832 5475 perpetuam

252 5497 592 5568 repromittit,
645 5497 805 5551 etiam
844 5495 890 5550 si
935 5496 1100 5567 gratis
1135 5511 1253 5552 eam
1298 5495 1426 5551 mihi
1467 5503 1686 5552 testator
1711 5499 1838 5553 suu’s

251 5589 536 5662 ingereret,
559 5588 880 5644 fastidirem.

319 5681 645 5740 CAPUT".
683 5711 758 5724 —
802 5684 1136 5739 Ausus'nuus
1182 5682 1457 5754 respondit
1505 5683 1840 5752 :Tempora-

252 5775 379 5831 lium
404 5773 623 5846 quidem
655 5788 835 5830 rerum
863 5774 1245 5843 promissiones
1275 5772 1619 5829 Testamento
1658 5774 1838 5831 Veteri

254 5867 550 5939 contineri,
603 5874 660 5926 et
705 5864 826 5925 ideo
874 5863 1041 5924 Vetus
1091 5864 1493 5936 Testamentum
1537 5866 1829 5952 appellari,

1937 3589 2099 3631 nemo
2125 3583 2365 3629 nostrum
2385 3576 2636 3649 ambigit;
2664 3585 2718 3631 et
2742 3577 2883 3648 quod
2907 3585 3120 3632 {eterna}
3146 3577 3268 3631 vitm
3297 3577 3519 3647 promis-

1936 3668 2122 3722 missio
2151 3682 2479 3738 regnumque
2505 3669 2763 3725 caelorum
2801 3669 2867 3724 ad
2912 3668 3117 3724 Novum
3147 3669 3376 3739 pertinet
3417 3668 3522 3723 Te-

1931 3769 2255 3818 stamentum
2287 3779 2300 3814 :
2328 3762 2423 3816 sed
2454 3761 2504 3815 in
2533 3761 2636 3815 illis
2677 3761 3053 3832 temporalibus
3093 3762 3288 3832 ﬁguras
3338 3759 3503 3815 fuisse

1935 3853 2253 3920 futurorum,
2306 3869 2424 3923 qua:
2459 3853 2806 3924 implerentur
2835 3855 2888 3908 in
2919 3854 3073 3909 nobis
3097 3895 3111 3921 ,
3145 3853 3196 3907 in
3225 3869 3357 3924 quos
3401 3852 3522 3907 linis

1935 3947 2251 4002 saeculorum
2280 3945 2515 4012 obvenit,
2547 3961 2652 4001 non
2684 3947 2914 4018 suspicio
2959 3962 3098 4012 mea,
3131 3945 3225 4001 sed
3259 3945 3522 4014 apostoli-

1934 4053 2030 4094 cus
2077 4037 2380 4093 intelleetus
2403 4048 2506 4104 est,
2554 4039 2765 4094 dicente
2821 4038 2986 4093 Paulo
3009 4079 3025 4104 ,
3057 4054 3178 4094 cum
3215 4038 3281 4093 de
3322 4037 3516 4092 talibus

1934 4131 2260 4202 loqueretur,
2313 4130 2438 4186 Haec
2481 4132 2650 4186 omnia
2691 4133 2870 4203 ﬁgura:
2912 4132 3137 4187 nostrael
3185 4133 3420 4197 fuerunt;
3468 4139 3524 4187 et

1935 4223 2148 4291 iterum,
2180 4222 2308 4278 Haec
2333 4223 2502 4278 omnia
2529 4224 2582 4278 in
2607 4226 2773 4296 ﬁgura
2801 4225 3151 4295 contingebant
3167 4225 3302 4290 illis;
3329 4225 3520 4294 scripta

1933 4324 2050 4370 sunt
2074 4323 2240 4368 autem
2261 4324 2465 4386 propter
2487 4331 2600 4383 nos,
2622 4317 2674 4370 in
2699 4332 2824 4385 quos
2845 4317 2962 4383 ﬁnis
2985 4314 3286 4369 seculorum
3327 4314 3523 4369 obvenit

1936 4407 1978 4478 (l
1998 4407 2113 4462 Cor.
2131 4424 2187 4473 χ,
2212 4406 2388 4477 6,Η).
2417 4407 2532 4462 Non
2554 4422 2680 4478 ergo
2706 4407 2868 4463 Vetus
2888 4407 3286 4462 Testamentum
3313 4406 3377 4460 ad
3393 4420 3523 4462 con-

1935 4497 2233 4568 sequendas
2266 4497 2382 4551 illas
2413 4497 2790 4568 promissiones
2817 4538 2831 4560 ,
2859 4498 2952 4553 sed
2980 4497 3046 4552 ad
3074 4497 3440 4569 intelligendas
3469 4497 3524 4553 in

1937 4589 2016 4642 eis
2053 4587 2185 4641 Novi
2214 4587 2538 4642 Testamenti
2569 4589 3036 4658 praenuntiationes
3061 4590 3350 4660 accipimus
3380 4607 3393 4644 :
3427 4589 3527 4646 Ve-

1937 4678 2067 4734 teris
2102 4678 2298 4749 quippe
2327 4679 2627 4735 testiﬁeatio
2647 4721 2660 4745 ,
2690 4679 2846 4735 ﬁdem
2893 4679 3041 4736 Novo
3079 4682 3344 4738 conciliat.
3377 4681 3526 4738 Unde

1939 4771 2194 4827 Dominus
2217 4781 2558 4842 posteaquam
2586 4774 2878 4829 resurrexit
2902 4789 2932 4829 a
2961 4777 3204 4842 mortuis,
3232 4791 3395 4846 seque
3414 4790 3523 4830 non

1940 4861 2115 4916 solum
2142 4862 2450 4918 intuendum
2477 4863 2857 4934 discipulorum
2875 4867 3062 4934 oculis,
3091 4868 3183 4922 sed
3212 4868 3370 4923 etiam
3395 4881 3526 4922 con-

1939 4953 2274 5008 trectandum
2296 4955 2539 5010 manibus
2564 4955 2792 5021 obtulit,
2822 4973 2890 5012 ne
2915 4958 3040 5028 quid
3066 4967 3241 5014 tamen
3267 4973 3387 5012 cum
3415 4958 3526 5013 suis

1940 5043 2254 5098 mortalibus
2279 5051 2334 5098 et
2376 5046 2678 5102 carnalibus
2707 5049 2954 5104 sensibus
2985 5048 3242 5104 fallaciter
3269 5049 3353 5119 agi
3378 5051 3523 5105 arbi-

1943 5142 2229 5202 trarentur,
2277 5136 2443 5206 magis
2468 5151 2564 5193 eos
2587 5138 2654 5193 de
2677 5147 2916 5194 veterum
2954 5140 3232 5195 Librorum
3279 5141 3528 5196 testiﬁca-

1941 5228 2088 5281 tione
2126 5226 2354 5282 ﬁrmavit
2393 5227 2576 5285 dicens
2605 5248 2618 5283 :
2645 5229 2919 5301 Oportebat
2948 5232 3149 5302 impleri
3198 5232 3367 5286 omnia
3414 5249 3528 5304 qua

1942 5318 2132 5388 scripta
2157 5327 2271 5373 sunt
2297 5319 2351 5374 in
2379 5320 2514 5393 Lege
2535 5312 2722 5394 Moysi,
2751 5334 2797 5378 et
2812 5322 3086 5394 Prophetis
3105 5366 3120 5391 ,
3152 5334 3199 5378 et
3223 5323 3442 5380 Psalmis
3469 5328 3531 5380 de

1930 5424 2023 5477 me
2048 5407 2210 5478 (Luc.
2241 5426 2404 5478 xxrv,
2437 5414 2506 5468 u
2526 5413 2569 5485 ).
2591 5413 2704 5468 Non
2732 5415 2907 5484 itaque
2950 5429 3076 5485 spes
3105 5425 3286 5472 nostra
3317 5418 3368 5472 in
3400 5428 3530 5474 tem-

1943 5499 2205 5568 poralium
2250 5516 2429 5557 rerum
2475 5504 2827 5573 promissione
2851 5504 3027 5561 deﬁxa
3057 5516 3166 5570 est;
3197 5508 3526 5578 quandoqui-

1945 5590 2067 5646 dem
2113 5607 2212 5647 nec
2257 5594 2400 5663 ipsos
2429 5595 2571 5650 illius
2617 5597 2872 5666 temporis
2899 5607 3112 5655 sanctos
3137 5609 3192 5654 et
3234 5601 3534 5670 spirituales

1944 5683 2110 5752 viros,
2153 5685 2491 5744 Patriarchas
2531 5695 2586 5742 et
2611 5687 2944 5760 Prophetas,
2974 5691 3060 5748 his
3105 5694 3330 5750 terrenis
3373 5693 3536 5749 rebus

1971 5877 1979 5885 .
2012 5818 2029 5849 ι
2064 5823 2136 5866 Er.
2164 5825 2216 5868 et
2231 5824 2362 5888 bow,
2385 5817 2561 5888 ﬁgurae
2580 5821 2749 5888 nostri.
2774 5830 2953 5888 omnes
2980 5823 3090 5877 fere
3119 5831 3226 5878 Mss.
3259 5837 3364 5877 cm:
3415 5834 3535 5888 tm.

1943 5877 2118 5942 figura
2137 5884 2314 5932 nostra:
2325 5877 2356 5944 ;'
2368 5877 2511 5934 et"sic
2531 5883 2652 5936 infra
2673 5887 2864 5949 passim.
