  <div class='ocr_page' id='page_1' title='image "/cluster/home/n/w/nwhite01/storage/ocr_20150623/42/hvd.32044015471493/116.png"; bbox 0 0 4052 6490; ppageno 0'>
   <div class='ocr_carea' id='block_1_1' title="bbox 216 638 1788 716">
    <p class='ocr_par' dir='ltr' id='par_1_1' title="bbox 216 638 1788 716">
     <span class='ocr_line' id='line_1_1' title="bbox 216 638 1788 716; baseline -0.005 -16"><span class='ocrx_word' id='word_1_1' title='bbox 216 647 381 716; x_wconf 75' lang='lat' dir='ltr'><strong>utique</strong></span> <span class='ocrx_word' id='word_1_2' title='bbox 404 644 530 714; x_wconf 80' lang='lat' dir='ltr'><strong>quia</strong></span> <span class='ocrx_word' id='word_1_3' title='bbox 550 657 776 714; x_wconf 73' lang='lat' dir='ltr'><strong>regnum</strong></span> <span class='ocrx_word' id='word_1_4' title='bbox 802 641 894 698; x_wconf 85' lang='lat' dir='ltr'><strong>Dei</strong></span> <span class='ocrx_word' id='word_1_5' title='bbox 933 655 1040 696; x_wconf 94' lang='lat' dir='ltr'><strong>non</strong></span> <span class='ocrx_word' id='word_1_6' title='bbox 1065 640 1135 696; x_wconf 90' lang='lat' dir='ltr'><strong>sit</strong></span> <span class='ocrx_word' id='word_1_7' title='bbox 1160 640 1213 694; x_wconf 92' lang='lat' dir='ltr'><strong>in</strong></span> <span class='ocrx_word' id='word_1_8' title='bbox 1246 639 1410 695; x_wconf 90' lang='lat' dir='ltr'><strong>verbo</strong></span> <span class='ocrx_word' id='word_1_9' title='bbox 1429 681 1444 706; x_wconf 90' lang='lat'><strong>,</strong></span> <span class='ocrx_word' id='word_1_10' title='bbox 1475 638 1569 695; x_wconf 90' lang='lat' dir='ltr'><strong>sed</strong></span> <span class='ocrx_word' id='word_1_11' title='bbox 1601 639 1651 694; x_wconf 90' lang='lat' dir='ltr'><strong>in</strong></span> <span class='ocrx_word' id='word_1_12' title='bbox 1677 638 1788 693; x_wconf 89' lang='lat' dir='ltr'><strong>vir-</strong></span> 
     </span>
    </p>
   </div>
   <div class='ocr_carea' id='block_1_2' title="bbox 216 729 1788 804">
    <p class='ocr_par' dir='ltr' id='par_1_2' title="bbox 216 729 1788 804">
     <span class='ocr_line' id='line_1_2' title="bbox 216 729 1788 804; baseline -0.003 -13"><span class='ocrx_word' id='word_1_13' title='bbox 216 747 330 792; x_wconf 84' lang='lat' dir='ltr'><strong>tute.</strong></span> <span class='ocrx_word' id='word_1_14' title='bbox 359 733 501 802; x_wconf 86' lang='lat' dir='ltr'><strong>Quid</strong></span> <span class='ocrx_word' id='word_1_15' title='bbox 525 748 657 804; x_wconf 82' lang='lat' dir='ltr'><strong>ergo</strong></span> <span class='ocrx_word' id='word_1_16' title='bbox 677 741 763 789; x_wconf 88' lang='lat' dir='ltr'><strong>est</strong></span> <span class='ocrx_word' id='word_1_17' title='bbox 788 731 929 802; x_wconf 88' lang='lat' dir='ltr'><strong>quod</strong></span> <span class='ocrx_word' id='word_1_18' title='bbox 959 745 1048 787; x_wconf 91' lang='lat' dir='ltr'><strong>me</strong></span> <span class='ocrx_word' id='word_1_19' title='bbox 1081 731 1298 786; x_wconf 81' lang='lat' dir='ltr'><strong>lacessis</strong></span> <span class='ocrx_word' id='word_1_20' title='bbox 1317 772 1331 798; x_wconf 87' lang='lat'><strong>,</strong></span> <span class='ocrx_word' id='word_1_21' title='bbox 1361 731 1406 784; x_wconf 89' lang='lat' dir='ltr'><strong>si</strong></span> <span class='ocrx_word' id='word_1_22' title='bbox 1435 729 1788 786; x_wconf 84' lang='lat' dir='ltr'><strong>difficiliorem</strong></span> 
     </span>
    </p>
   </div>
   <div class='ocr_carea' id='block_1_3' title="bbox 215 822 1790 896">
    <p class='ocr_par' dir='ltr' id='par_1_3' title="bbox 215 822 1790 896">
     <span class='ocr_line' id='line_1_3' title="bbox 215 822 1790 896; baseline -0.003 -16"><span class='ocrx_word' id='word_1_23' title='bbox 215 826 319 881; x_wconf 71' lang='lat' dir='ltr'><strong>ﬁdei</strong></span> <span class='ocrx_word' id='word_1_24' title='bbox 347 839 633 896; x_wconf 77' lang='lat' dir='ltr'><strong>aggressus</strong></span> <span class='ocrx_word' id='word_1_25' title='bbox 653 833 856 894; x_wconf 87' lang='lat' dir='ltr'><strong>partem</strong></span> <span class='ocrx_word' id='word_1_26' title='bbox 877 863 891 888; x_wconf 91' lang='lat'><strong>,</strong></span> <span class='ocrx_word' id='word_1_27' title='bbox 923 823 1017 878; x_wconf 90' lang='lat' dir='ltr'><strong>tibi</strong></span> <span class='ocrx_word' id='word_1_28' title='bbox 1043 832 1101 878; x_wconf 90' lang='lat' dir='ltr'><strong>ut</strong></span> <span class='ocrx_word' id='word_1_29' title='bbox 1137 823 1348 878; x_wconf 88' lang='lat' dir='ltr'><strong>infirmo</strong></span> <span class='ocrx_word' id='word_1_30' title='bbox 1371 822 1559 893; x_wconf 81' lang='lat' dir='ltr'><strong>reliqui</strong></span> <span class='ocrx_word' id='word_1_31' title='bbox 1586 822 1790 878; x_wconf 87' lang='lat' dir='ltr'><strong>facilio-</strong></span> 
     </span>
    </p>
   </div>
   <div class='ocr_carea' id='block_1_4' title="bbox 213 914 1788 987">
    <p class='ocr_par' dir='ltr' id='par_1_4' title="bbox 213 914 1788 987">
     <span class='ocr_line' id='line_1_4' title="bbox 213 914 1788 987; baseline -0.002 -15"><span class='ocrx_word' id='word_1_32' title='bbox 213 918 349 972; x_wconf 81' lang='lat' dir='ltr'><strong>rem?</strong></span> <span class='ocrx_word' id='word_1_33' title='bbox 373 916 482 973; x_wconf 84' lang='lat' dir='ltr'><strong>Sed</strong></span> <span class='ocrx_word' id='word_1_34' title='bbox 509 932 612 987; x_wconf 85' lang='lat' dir='ltr'><strong>ego</strong></span> <span class='ocrx_word' id='word_1_35' title='bbox 651 915 718 970; x_wconf 86' lang='lat' dir='ltr'><strong>ad</strong></span> <span class='ocrx_word' id='word_1_36' title='bbox 759 915 1094 972; x_wconf 89' lang='lat' dir='ltr'><strong>tribuendam</strong></span> <span class='ocrx_word' id='word_1_37' title='bbox 1113 917 1139 983; x_wconf 89' lang='lat'><strong>,&#39;</strong></span> <span class='ocrx_word' id='word_1_38' title='bbox 1167 915 1371 986; x_wconf 87' lang='lat' dir='ltr'><strong>inquis,</strong></span> <span class='ocrx_word' id='word_1_39' title='bbox 1407 914 1630 969; x_wconf 75' lang='lat' dir='ltr'><strong>salutem</strong></span> <span class='ocrx_word' id='word_1_40' title='bbox 1671 914 1788 969; x_wconf 82' lang='lat' dir='ltr'><strong>ani-</strong></span> 
     </span>
    </p>
   </div>
   <div class='ocr_carea' id='block_1_5' title="bbox 211 1007 1790 1080">
    <p class='ocr_par' dir='ltr' id='par_1_5' title="bbox 211 1007 1790 1080">
     <span class='ocr_line' id='line_1_5' title="bbox 211 1007 1790 1080; baseline -0.003 -14"><span class='ocrx_word' id='word_1_41' title='bbox 211 1013 301 1066; x_wconf 80' lang='lat' dir='ltr'><strong>tuis</strong></span> <span class='ocrx_word' id='word_1_42' title='bbox 324 1053 338 1078; x_wconf 91' lang='lat'><strong>,</strong></span> <span class='ocrx_word' id='word_1_43' title='bbox 371 1010 510 1066; x_wconf 74' lang='lat' dir='ltr'><strong>hanc</strong></span> <span class='ocrx_word' id='word_1_44' title='bbox 549 1019 756 1080; x_wconf 84' lang='lat' dir='ltr'><strong>partem</strong></span> <span class='ocrx_word' id='word_1_45' title='bbox 785 1008 910 1065; x_wconf 75' lang='lat' dir='ltr'><strong>ﬁdei</strong></span> <span class='ocrx_word' id='word_1_46' title='bbox 948 1007 1304 1065; x_wconf 78' lang='lat' dir='ltr'><strong>eiticaciorem</strong></span> <span class='ocrx_word' id='word_1_47' title='bbox 1334 1016 1462 1078; x_wconf 90' lang='lat' dir='ltr'><strong>puto</strong></span> <span class='ocrx_word' id='word_1_48' title='bbox 1485 1047 1501 1074; x_wconf 94' lang='lat'><strong>,</strong></span> <span class='ocrx_word' id='word_1_49' title='bbox 1531 1021 1595 1062; x_wconf 89' lang='lat' dir='ltr'><strong>ac</strong></span> <span class='ocrx_word' id='word_1_50' title='bbox 1623 1007 1790 1077; x_wconf 86' lang='lat' dir='ltr'><strong>magis</strong></span> 
     </span>
    </p>
   </div>
   <div class='ocr_carea' id='block_1_6' title="bbox 213 1089 1792 1175">
    <p class='ocr_par' dir='ltr' id='par_1_6' title="bbox 213 1089 1792 1175">
     <span class='ocr_line' id='line_1_6' title="bbox 213 1089 1792 1175; baseline -0.004 -15"><span class='ocrx_word' id='word_1_51' title='bbox 213 1107 446 1166; x_wconf 72' lang='lat' dir='ltr'><strong>itioneam</strong></span> <span class='ocrx_word' id='word_1_52' title='bbox 464 1146 478 1172; x_wconf 93' lang='lat'><strong>,</strong></span> <span class='ocrx_word' id='word_1_53' title='bbox 510 1118 672 1175; x_wconf 88' lang='lat' dir='ltr'><strong>quam</strong></span> <span class='ocrx_word' id='word_1_54' title='bbox 701 1111 759 1159; x_wconf 85' lang='lat' dir='ltr'><strong>tu</strong></span> <span class='ocrx_word' id='word_1_55' title='bbox 781 1102 1079 1174; x_wconf 88' lang='lat' dir='ltr'><strong>reliquisti,</strong></span> <span class='ocrx_word' id='word_1_56' title='bbox 1112 1101 1165 1158; x_wconf 90' lang='lat' dir='ltr'><strong>id</strong></span> <span class='ocrx_word' id='word_1_57' title='bbox 1192 1109 1276 1157; x_wconf 90' lang='lat' dir='ltr'><strong>est</strong></span> <span class='ocrx_word' id='word_1_58' title='bbox 1295 1142 1308 1168; x_wconf 93' lang='lat'><strong>,</strong></span> <span class='ocrx_word' id='word_1_59' title='bbox 1327 1089 1608 1157; x_wconf 81' lang='lat' dir='ltr'><strong>Christum</strong></span> <span class='ocrx_word' id='word_1_60' title='bbox 1637 1099 1792 1155; x_wconf 86' lang='lat' dir='ltr'><strong>fateri</strong></span> 
     </span>
    </p>
   </div>
   <div class='ocr_carea' id='block_1_7' title="bbox 212 1209 406 1251">
    <p class='ocr_par' dir='ltr' id='par_1_7' title="bbox 212 1209 406 1251">
     <span class='ocr_line' id='line_1_7' title="bbox 212 1209 406 1251; baseline -0.005 0"><span class='ocrx_word' id='word_1_61' title='bbox 212 1209 406 1251; x_wconf 76' lang='lat' dir='ltr'><strong>uatum.</strong></span> 
     </span>
    </p>
   </div>
   <div class='ocr_carea' id='block_1_8' title="bbox 272 1283 1790 1358">
    <p class='ocr_par' dir='ltr' id='par_1_8' title="bbox 272 1283 1790 1358">
     <span class='ocr_line' id='line_1_8' title="bbox 272 1283 1790 1358; baseline -0.003 -17"><span class='ocrx_word' id='word_1_62' title='bbox 272 1287 495 1344; x_wconf 78' lang='lat' dir='ltr'><strong>CAPUT</strong></span> <span class='ocrx_word' id='word_1_63' title='bbox 526 1285 614 1342; x_wconf 87' lang='lat' dir='ltr'><strong>lli.</strong></span> <span class='ocrx_word' id='word_1_64' title='bbox 644 1305 718 1328; x_wconf 70' lang='grc' dir='ltr'><strong>-ι</strong></span> <span class='ocrx_word' id='word_1_65' title='bbox 746 1286 857 1358; x_wconf 77' lang='lat' dir='ltr'><strong>Age</strong></span> <span class='ocrx_word' id='word_1_66' title='bbox 882 1299 1010 1356; x_wconf 86' lang='lat' dir='ltr'><strong>ergo</strong></span> <span class='ocrx_word' id='word_1_67' title='bbox 1030 1327 1044 1352; x_wconf 89' lang='lat'><strong>,</strong></span> <span class='ocrx_word' id='word_1_68' title='bbox 1073 1284 1247 1355; x_wconf 88' lang='lat' dir='ltr'><strong>ipsum</strong></span> <span class='ocrx_word' id='word_1_69' title='bbox 1287 1283 1535 1340; x_wconf 92' lang='lat' dir='ltr'><strong>eumdem</strong></span> <span class='ocrx_word' id='word_1_70' title='bbox 1559 1283 1790 1339; x_wconf 88' lang='lat' dir='ltr'><strong>interro-</strong></span> 
     </span>
    </p>
   </div>
   <div class='ocr_carea' id='block_1_9' title="bbox 211 1376 1795 1451">
    <p class='ocr_par' dir='ltr' id='par_1_9' title="bbox 211 1376 1795 1451">
     <span class='ocr_line' id='line_1_9' title="bbox 211 1376 1795 1451; baseline -0.001 -17"><span class='ocrx_word' id='word_1_71' title='bbox 211 1395 384 1451; x_wconf 81' lang='lat' dir='ltr'><strong>gemus</strong></span> <span class='ocrx_word' id='word_1_72' title='bbox 408 1380 720 1448; x_wconf 78' lang='lat' dir='ltr'><strong>Christum,</strong></span> <span class='ocrx_word' id='word_1_73' title='bbox 767 1387 821 1435; x_wconf 86' lang='lat' dir='ltr'><strong>et</strong></span> <span class='ocrx_word' id='word_1_74' title='bbox 859 1379 1002 1436; x_wconf 89' lang='lat' dir='ltr'><strong>unde</strong></span> <span class='ocrx_word' id='word_1_75' title='bbox 1030 1379 1363 1449; x_wconf 87' lang='lat' dir='ltr'><strong>potissimum</strong></span> <span class='ocrx_word' id='word_1_76' title='bbox 1411 1377 1565 1433; x_wconf 91' lang='lat' dir='ltr'><strong>nobis</strong></span> <span class='ocrx_word' id='word_1_77' title='bbox 1611 1376 1795 1432; x_wconf 88' lang='lat' dir='ltr'><strong>salutis</strong></span> 
     </span>
    </p>
   </div>
   <div class='ocr_carea' id='block_1_10' title="bbox 213 1470 1793 1542">
    <p class='ocr_par' dir='ltr' id='par_1_10' title="bbox 213 1470 1793 1542">
     <span class='ocr_line' id='line_1_10' title="bbox 213 1470 1793 1542; baseline -0.001 -16"><span class='ocrx_word' id='word_1_78' title='bbox 213 1474 403 1528; x_wconf 87' lang='lat' dir='ltr'><strong>oriatur</strong></span> <span class='ocrx_word' id='word_1_79' title='bbox 422 1473 636 1529; x_wconf 88' lang='lat' dir='ltr'><strong>occasio</strong></span> <span class='ocrx_word' id='word_1_80' title='bbox 653 1514 669 1540; x_wconf 96' lang='lat'><strong>,</strong></span> <span class='ocrx_word' id='word_1_81' title='bbox 702 1487 770 1528; x_wconf 87' lang='lat' dir='ltr'><strong>ex</strong></span> <span class='ocrx_word' id='word_1_82' title='bbox 790 1471 906 1542; x_wconf 79' lang='lat' dir='ltr'><strong>ejus</strong></span> <span class='ocrx_word' id='word_1_83' title='bbox 929 1486 1024 1528; x_wconf 86' lang='lat' dir='ltr'><strong>ore</strong></span> <span class='ocrx_word' id='word_1_84' title='bbox 1049 1472 1334 1527; x_wconf 84' lang='lat' dir='ltr'><strong>discamus.</strong></span> <span class='ocrx_word' id='word_1_85' title='bbox 1363 1470 1493 1539; x_wconf 87' lang='lat' dir='ltr'><strong>Quis</strong></span> <span class='ocrx_word' id='word_1_86' title='bbox 1518 1470 1793 1524; x_wconf 89' lang='lat' dir='ltr'><strong>hominum</strong></span> 
     </span>
    </p>
   </div>
   <div class='ocr_carea' id='block_1_11' title="bbox 215 1560 1792 1633">
    <p class='ocr_par' dir='ltr' id='par_1_11' title="bbox 215 1560 1792 1633">
     <span class='ocr_line' id='line_1_11' title="bbox 215 1560 1792 1633; baseline -0.001 -15"><span class='ocrx_word' id='word_1_87' title='bbox 215 1563 416 1618; x_wconf 81' lang='lat' dir='ltr'><strong>iturabit</strong></span> <span class='ocrx_word' id='word_1_88' title='bbox 444 1563 498 1618; x_wconf 88' lang='lat' dir='ltr'><strong>in</strong></span> <span class='ocrx_word' id='word_1_89' title='bbox 528 1578 751 1633; x_wconf 84' lang='lat' dir='ltr'><strong>regnum</strong></span> <span class='ocrx_word' id='word_1_90' title='bbox 780 1570 945 1629; x_wconf 90' lang='lat' dir='ltr'><strong>tuum,</strong></span> <span class='ocrx_word' id='word_1_91' title='bbox 979 1562 1229 1618; x_wconf 84' lang='lat' dir='ltr'><strong>Christe?</strong></span> <span class='ocrx_word' id='word_1_92' title='bbox 1259 1562 1360 1629; x_wconf 83' lang='lat' dir='ltr'><strong>Qui</strong></span> <span class='ocrx_word' id='word_1_93' title='bbox 1381 1561 1573 1632; x_wconf 76' lang='lat' dir='ltr'><strong>fecerit,</strong></span> <span class='ocrx_word' id='word_1_94' title='bbox 1601 1560 1792 1632; x_wconf 81' lang='lat' dir='ltr'><strong>inquit,</strong></span> 
     </span>
    </p>
   </div>
   <div class='ocr_carea' id='block_1_12' title="bbox 214 1651 1795 1726">
    <p class='ocr_par' dir='ltr' id='par_1_12' title="bbox 214 1651 1795 1726">
     <span class='ocr_line' id='line_1_12' title="bbox 214 1651 1795 1726; baseline -0.003 -16"><span class='ocrx_word' id='word_1_95' title='bbox 214 1657 510 1710; x_wconf 67' lang='lat' dir='ltr'><strong>voluntatem</strong></span> <span class='ocrx_word' id='word_1_96' title='bbox 535 1655 706 1708; x_wconf 82' lang='lat' dir='ltr'><strong>Patris</strong></span> <span class='ocrx_word' id='word_1_97' title='bbox 734 1654 831 1708; x_wconf 85' lang='lat' dir='ltr'><strong>mei</strong></span> <span class='ocrx_word' id='word_1_98' title='bbox 853 1654 1015 1726; x_wconf 83' lang='lat' dir='ltr'><strong>quiin</strong></span> <span class='ocrx_word' id='word_1_99' title='bbox 1039 1654 1176 1708; x_wconf 65' lang='lat' dir='ltr'><strong>caelis</strong></span> <span class='ocrx_word' id='word_1_100' title='bbox 1202 1663 1272 1708; x_wconf 88' lang='lat' dir='ltr'><strong>est</strong></span> <span class='ocrx_word' id='word_1_101' title='bbox 1300 1652 1511 1723; x_wconf 79' lang='lat' dir='ltr'><strong>(Matth.</strong></span> <span class='ocrx_word' id='word_1_102' title='bbox 1543 1668 1612 1707; x_wconf 86' lang='lat' dir='ltr'><strong>vn</strong></span> <span class='ocrx_word' id='word_1_103' title='bbox 1635 1694 1647 1716; x_wconf 90' lang='lat'><strong>,</strong></span> <span class='ocrx_word' id='word_1_104' title='bbox 1675 1651 1795 1721; x_wconf 73' lang='lat'><strong>2|).</strong></span> 
     </span>
    </p>
   </div>
   <div class='ocr_carea' id='block_1_13' title="bbox 215 1741 1796 1815">
    <p class='ocr_par' dir='ltr' id='par_1_13' title="bbox 215 1741 1796 1815">
     <span class='ocr_line' id='line_1_13' title="bbox 215 1741 1796 1815; baseline -0.002 -14"><span class='ocrx_word' id='word_1_105' title='bbox 215 1746 318 1801; x_wconf 77' lang='lat' dir='ltr'><strong>Non</strong></span> <span class='ocrx_word' id='word_1_106' title='bbox 340 1745 514 1800; x_wconf 83' lang='lat' dir='ltr'><strong>dixit:</strong></span> <span class='ocrx_word' id='word_1_107' title='bbox 538 1746 640 1814; x_wconf 92' lang='lat' dir='ltr'><strong>Qui</strong></span> <span class='ocrx_word' id='word_1_108' title='bbox 664 1760 750 1800; x_wconf 90' lang='lat' dir='ltr'><strong>me</strong></span> <span class='ocrx_word' id='word_1_109' title='bbox 776 1744 1046 1815; x_wconf 90' lang='lat' dir='ltr'><strong>professus</strong></span> <span class='ocrx_word' id='word_1_110' title='bbox 1073 1744 1230 1798; x_wconf 85' lang='lat' dir='ltr'><strong>fuerit</strong></span> <span class='ocrx_word' id='word_1_111' title='bbox 1256 1751 1458 1798; x_wconf 87' lang='lat' dir='ltr'><strong>natum.</strong></span> <span class='ocrx_word' id='word_1_112' title='bbox 1491 1744 1553 1797; x_wconf 87' lang='lat' dir='ltr'><strong>Et</strong></span> <span class='ocrx_word' id='word_1_113' title='bbox 1579 1742 1702 1798; x_wconf 87' lang='lat' dir='ltr'><strong>alibi</strong></span> <span class='ocrx_word' id='word_1_114' title='bbox 1730 1741 1796 1798; x_wconf 92' lang='lat' dir='ltr'><strong>ad</strong></span> 
     </span>
    </p>
   </div>
   <div class='ocr_carea' id='block_1_14' title="bbox 214 1835 1798 1906">
    <p class='ocr_par' dir='ltr' id='par_1_14' title="bbox 214 1835 1798 1906">
     <span class='ocr_line' id='line_1_14' title="bbox 214 1835 1798 1906; baseline -0.003 -14"><span class='ocrx_word' id='word_1_115' title='bbox 214 1837 491 1906; x_wconf 78' lang='lat' dir='ltr'><strong>discipulos</strong></span> <span class='ocrx_word' id='word_1_116' title='bbox 524 1856 537 1891; x_wconf 93' lang='lat'><strong>:</strong></span> <span class='ocrx_word' id='word_1_117' title='bbox 572 1835 653 1891; x_wconf 87' lang='lat' dir='ltr'><strong>Ite</strong></span> <span class='ocrx_word' id='word_1_118' title='bbox 672 1878 686 1904; x_wconf 97' lang='lat'><strong>,</strong></span> <span class='ocrx_word' id='word_1_119' title='bbox 735 1837 910 1890; x_wconf 81' lang='lat' dir='ltr'><strong>docete</strong></span> <span class='ocrx_word' id='word_1_120' title='bbox 931 1851 1102 1890; x_wconf 83' lang='lat' dir='ltr'><strong>omnes</strong></span> <span class='ocrx_word' id='word_1_121' title='bbox 1144 1844 1347 1906; x_wconf 86' lang='lat' dir='ltr'><strong>gentes,</strong></span> <span class='ocrx_word' id='word_1_122' title='bbox 1376 1835 1684 1906; x_wconf 80' lang='lat' dir='ltr'><strong>baptizantes</strong></span> <span class='ocrx_word' id='word_1_123' title='bbox 1713 1847 1798 1889; x_wconf 86' lang='lat' dir='ltr'><strong>eos</strong></span> 
     </span>
    </p>
   </div>
   <div class='ocr_carea' id='block_1_15' title="bbox 213 1928 1798 2000">
    <p class='ocr_par' dir='ltr' id='par_1_15' title="bbox 213 1928 1798 2000">
     <span class='ocr_line' id='line_1_15' title="bbox 213 1928 1798 2000; baseline -0.002 -15"><span class='ocrx_word' id='word_1_124' title='bbox 213 1933 259 1985; x_wconf 78' lang='lat' dir='ltr'><strong>in</strong></span> <span class='ocrx_word' id='word_1_125' title='bbox 281 1933 478 1986; x_wconf 75' lang='lat' dir='ltr'><strong>nomine</strong></span> <span class='ocrx_word' id='word_1_126' title='bbox 504 1930 683 1984; x_wconf 87' lang='lat' dir='ltr'><strong>Patris</strong></span> <span class='ocrx_word' id='word_1_127' title='bbox 707 1939 754 1985; x_wconf 88' lang='lat' dir='ltr'><strong>et</strong></span> <span class='ocrx_word' id='word_1_128' title='bbox 783 1929 910 1984; x_wconf 85' lang='lat' dir='ltr'><strong>Filii</strong></span> <span class='ocrx_word' id='word_1_129' title='bbox 935 1937 981 1984; x_wconf 86' lang='lat' dir='ltr'><strong>et</strong></span> <span class='ocrx_word' id='word_1_130' title='bbox 1011 1929 1237 2000; x_wconf 80' lang='lat' dir='ltr'><strong>Spiritus</strong></span> <span class='ocrx_word' id='word_1_131' title='bbox 1262 1929 1427 1983; x_wconf 85' lang='lat' dir='ltr'><strong>sancti</strong></span> <span class='ocrx_word' id='word_1_132' title='bbox 1448 1970 1462 1994; x_wconf 94' lang='lat'><strong>,</strong></span> <span class='ocrx_word' id='word_1_133' title='bbox 1495 1937 1540 1982; x_wconf 90' lang='lat' dir='ltr'><strong>et</strong></span> <span class='ocrx_word' id='word_1_134' title='bbox 1567 1928 1798 1982; x_wconf 85' lang='lat' dir='ltr'><strong>docentes</strong></span> 
     </span>
    </p>
   </div>
   <div class='ocr_carea' id='block_1_16' title="bbox 215 2019 1797 2094">
    <p class='ocr_par' dir='ltr' id='par_1_16' title="bbox 215 2019 1797 2094">
     <span class='ocr_line' id='line_1_16' title="bbox 215 2019 1797 2094; baseline -0.001 -17"><span class='ocrx_word' id='word_1_135' title='bbox 215 2041 289 2077; x_wconf 86' lang='lat' dir='ltr'><strong>eos</strong></span> <span class='ocrx_word' id='word_1_136' title='bbox 311 2039 510 2077; x_wconf 81' lang='lat' dir='ltr'><strong>servare</strong></span> <span class='ocrx_word' id='word_1_137' title='bbox 547 2023 720 2077; x_wconf 83' lang='lat' dir='ltr'><strong>omnia</strong></span> <span class='ocrx_word' id='word_1_138' title='bbox 741 2035 855 2094; x_wconf 68' lang='lat' dir='ltr'><strong>quae</strong></span> <span class='ocrx_word' id='word_1_139' title='bbox 893 2022 1128 2076; x_wconf 89' lang='lat' dir='ltr'><strong>mandavi</strong></span> <span class='ocrx_word' id='word_1_140' title='bbox 1164 2020 1301 2075; x_wconf 89' lang='lat' dir='ltr'><strong>vobis</strong></span> <span class='ocrx_word' id='word_1_141' title='bbox 1325 2019 1433 2093; x_wconf 91' lang='lat' dir='ltr'><strong>(Id.</strong></span> <span class='ocrx_word' id='word_1_142' title='bbox 1460 2036 1618 2075; x_wconf 84' lang='lat' dir='ltr'><strong>xxvm</strong></span> <span class='ocrx_word' id='word_1_143' title='bbox 1641 2062 1654 2088; x_wconf 92' lang='lat'><strong>,</strong></span> <span class='ocrx_word' id='word_1_144' title='bbox 1691 2019 1757 2075; x_wconf 80' lang='grc'><strong>19</strong></span> <span class='ocrx_word' id='word_1_145' title='bbox 1781 2060 1797 2086; x_wconf 92' lang='grc'><em>,</em></span> 
     </span>
    </p>
   </div>
   <div class='ocr_carea' id='block_1_17' title="bbox 215 2111 1802 2186">
    <p class='ocr_par' dir='ltr' id='par_1_17' title="bbox 215 2111 1802 2186">
     <span class='ocr_line' id='line_1_17' title="bbox 215 2111 1802 2186; baseline -0.002 -16"><span class='ocrx_word' id='word_1_146' title='bbox 215 2114 316 2186; x_wconf 71' lang='lat'><strong>‘30).</strong></span> <span class='ocrx_word' id='word_1_147' title='bbox 341 2114 458 2169; x_wconf 83' lang='lat' dir='ltr'><strong>Non</strong></span> <span class='ocrx_word' id='word_1_148' title='bbox 488 2114 626 2169; x_wconf 83' lang='lat' dir='ltr'><strong>dixit</strong></span> <span class='ocrx_word' id='word_1_149' title='bbox 658 2132 671 2167; x_wconf 91' lang='lat'><strong>:</strong></span> <span class='ocrx_word' id='word_1_150' title='bbox 704 2115 966 2169; x_wconf 88' lang='lat' dir='ltr'><strong>Docentes</strong></span> <span class='ocrx_word' id='word_1_151' title='bbox 992 2128 1086 2169; x_wconf 92' lang='lat' dir='ltr'><strong>eos</strong></span> <span class='ocrx_word' id='word_1_152' title='bbox 1111 2113 1232 2185; x_wconf 85' lang='lat' dir='ltr'><strong>quia</strong></span> <span class='ocrx_word' id='word_1_153' title='bbox 1273 2113 1374 2169; x_wconf 89' lang='lat' dir='ltr'><strong>sim</strong></span> <span class='ocrx_word' id='word_1_154' title='bbox 1404 2120 1558 2167; x_wconf 89' lang='lat' dir='ltr'><strong>natus</strong></span> <span class='ocrx_word' id='word_1_155' title='bbox 1579 2154 1592 2176; x_wconf 92' lang='lat'><strong>,</strong></span> <span class='ocrx_word' id='word_1_156' title='bbox 1622 2111 1715 2167; x_wconf 89' lang='lat' dir='ltr'><strong>sed</strong></span> <span class='ocrx_word' id='word_1_157' title='bbox 1746 2119 1802 2167; x_wconf 90' lang='lat' dir='ltr'><strong>ut</strong></span> 
     </span>
    </p>
   </div>
   <div class='ocr_carea' id='block_1_18' title="bbox 217 2203 1804 2271">
    <p class='ocr_par' dir='ltr' id='par_1_18' title="bbox 217 2203 1804 2271">
     <span class='ocr_line' id='line_1_18' title="bbox 217 2203 1804 2271; baseline -0.001 -10"><span class='ocrx_word' id='word_1_158' title='bbox 217 2208 452 2262; x_wconf 87' lang='lat' dir='ltr'><strong>mandata</strong></span> <span class='ocrx_word' id='word_1_159' title='bbox 494 2218 834 2262; x_wconf 75' lang='lat' dir='ltr'><strong>conservent.</strong></span> <span class='ocrx_word' id='word_1_160' title='bbox 864 2204 994 2261; x_wconf 86' lang='lat' dir='ltr'><strong>Item</strong></span> <span class='ocrx_word' id='word_1_161' title='bbox 1032 2205 1158 2261; x_wconf 86' lang='lat' dir='ltr'><strong>alibi</strong></span> <span class='ocrx_word' id='word_1_162' title='bbox 1193 2223 1204 2259; x_wconf 89' lang='lat'><strong>:</strong></span> <span class='ocrx_word' id='word_1_163' title='bbox 1239 2205 1402 2259; x_wconf 84' lang='lat' dir='ltr'><strong>Amici</strong></span> <span class='ocrx_word' id='word_1_164' title='bbox 1439 2205 1536 2260; x_wconf 88' lang='lat' dir='ltr'><strong>mei</strong></span> <span class='ocrx_word' id='word_1_165' title='bbox 1560 2205 1729 2271; x_wconf 84' lang='lat' dir='ltr'><strong>eritis,</strong></span> <span class='ocrx_word' id='word_1_166' title='bbox 1758 2203 1804 2260; x_wconf 88' lang='lat' dir='ltr'><strong>si</strong></span> 
     </span>
    </p>
   </div>
   <div class='ocr_carea' id='block_1_19' title="bbox 217 2296 1802 2369">
    <p class='ocr_par' dir='ltr' id='par_1_19' title="bbox 217 2296 1802 2369">
     <span class='ocr_line' id='line_1_19' title="bbox 217 2296 1802 2369; baseline -0.001 -16"><span class='ocrx_word' id='word_1_167' title='bbox 217 2300 422 2367; x_wconf 76' lang='lat' dir='ltr'><strong>feceritis</strong></span> <span class='ocrx_word' id='word_1_168' title='bbox 466 2314 585 2369; x_wconf 65' lang='lat' dir='ltr'><strong>quas</strong></span> <span class='ocrx_word' id='word_1_169' title='bbox 611 2298 850 2368; x_wconf 63' lang='lat' dir='ltr'><strong>principio</strong></span> <span class='ocrx_word' id='word_1_170' title='bbox 876 2298 1034 2352; x_wconf 79' lang='lat' dir='ltr'><strong>vobis.</strong></span> <span class='ocrx_word' id='word_1_171' title='bbox 1064 2296 1179 2351; x_wconf 85' lang='lat' dir='ltr'><strong>Non</strong></span> <span class='ocrx_word' id='word_1_172' title='bbox 1210 2296 1376 2362; x_wconf 78' lang='lat' dir='ltr'><strong>dixit,</strong></span> <span class='ocrx_word' id='word_1_173' title='bbox 1419 2296 1477 2352; x_wconf 92' lang='lat' dir='ltr'><strong>Si</strong></span> <span class='ocrx_word' id='word_1_174' title='bbox 1505 2304 1684 2350; x_wconf 84' lang='lat' dir='ltr'><strong>natum</strong></span> <span class='ocrx_word' id='word_1_175' title='bbox 1716 2307 1802 2352; x_wconf 88' lang='lat' dir='ltr'><strong>me</strong></span> 
     </span>
    </p>
   </div>
   <div class='ocr_carea' id='block_1_20' title="bbox 217 2390 1802 2464">
    <p class='ocr_par' dir='ltr' id='par_1_20' title="bbox 217 2390 1802 2464">
     <span class='ocr_line' id='line_1_20' title="bbox 217 2390 1802 2464; baseline -0.002 -16"><span class='ocrx_word' id='word_1_176' title='bbox 217 2392 568 2448; x_wconf 84' lang='lat' dir='ltr'><strong>credideritis.</strong></span> <span class='ocrx_word' id='word_1_177' title='bbox 595 2392 826 2447; x_wconf 82' lang='lat' dir='ltr'><strong>Rursum</strong></span> <span class='ocrx_word' id='word_1_178' title='bbox 861 2411 874 2447; x_wconf 89' lang='lat'><strong>:</strong></span> <span class='ocrx_word' id='word_1_179' title='bbox 909 2390 970 2447; x_wconf 88' lang='lat' dir='ltr'><strong>Si</strong></span> <span class='ocrx_word' id='word_1_180' title='bbox 999 2391 1218 2464; x_wconf 77' lang='lat' dir='ltr'><strong>feceritis</strong></span> <span class='ocrx_word' id='word_1_181' title='bbox 1247 2390 1487 2445; x_wconf 88' lang='lat' dir='ltr'><strong>mandata</strong></span> <span class='ocrx_word' id='word_1_182' title='bbox 1514 2407 1624 2446; x_wconf 88' lang='lat' dir='ltr'><strong>mea</strong></span> <span class='ocrx_word' id='word_1_183' title='bbox 1643 2433 1657 2456; x_wconf 92' lang='lat'><strong>,</strong></span> <span class='ocrx_word' id='word_1_184' title='bbox 1690 2407 1802 2445; x_wconf 90' lang='lat' dir='ltr'><strong>ma-</strong></span> 
     </span>
    </p>
   </div>
   <div class='ocr_carea' id='block_1_21' title="bbox 217 2483 1804 2557">
    <p class='ocr_par' dir='ltr' id='par_1_21' title="bbox 217 2483 1804 2557">
     <span class='ocr_line' id='line_1_21' title="bbox 217 2483 1804 2557; baseline 0.001 -19"><span class='ocrx_word' id='word_1_185' title='bbox 217 2485 377 2538; x_wconf 73' lang='lat' dir='ltr'><strong>nebitis</strong></span> <span class='ocrx_word' id='word_1_186' title='bbox 404 2486 463 2538; x_wconf 78' lang='lat' dir='ltr'><strong>in</strong></span> <span class='ocrx_word' id='word_1_187' title='bbox 491 2499 604 2540; x_wconf 84' lang='lat' dir='ltr'><strong>mea</strong></span> <span class='ocrx_word' id='word_1_188' title='bbox 646 2485 891 2539; x_wconf 83' lang='lat' dir='ltr'><strong>charitate</strong></span> <span class='ocrx_word' id='word_1_189' title='bbox 923 2483 1100 2557; x_wconf 81' lang='lat' dir='ltr'><strong>(Joan.</strong></span> <span class='ocrx_word' id='word_1_190' title='bbox 1131 2497 1210 2540; x_wconf 81' lang='lat' dir='ltr'><strong>xv</strong></span> <span class='ocrx_word' id='word_1_191' title='bbox 1233 2527 1249 2553; x_wconf 94' lang='lat'><strong>,</strong></span> <span class='ocrx_word' id='word_1_192' title='bbox 1297 2485 1366 2540; x_wconf 71' lang='grc'><strong>14</strong></span> <span class='ocrx_word' id='word_1_193' title='bbox 1387 2527 1403 2553; x_wconf 87' lang='grc'><em>,</em></span> <span class='ocrx_word' id='word_1_194' title='bbox 1452 2485 1565 2557; x_wconf 80' lang='grc'><strong>10).</strong></span> <span class='ocrx_word' id='word_1_195' title='bbox 1595 2485 1665 2540; x_wconf 87' lang='grc' dir='ltr'><strong>Εῐ</strong></span> <span class='ocrx_word' id='word_1_196' title='bbox 1703 2485 1804 2540; x_wconf 87' lang='lat' dir='ltr'><strong>alia</strong></span> 
     </span>
    </p>
   </div>
   <div class='ocr_carea' id='block_1_22' title="bbox 217 2573 1806 2647">
    <p class='ocr_par' dir='ltr' id='par_1_22' title="bbox 217 2573 1806 2647">
     <span class='ocr_line' id='line_1_22' title="bbox 217 2573 1806 2647; baseline -0.001 -16"><span class='ocrx_word' id='word_1_197' title='bbox 217 2577 391 2631; x_wconf 85' lang='lat' dir='ltr'><strong>multa.</strong></span> <span class='ocrx_word' id='word_1_198' title='bbox 425 2576 647 2631; x_wconf 82' lang='lat' dir='ltr'><strong>Necnon</strong></span> <span class='ocrx_word' id='word_1_199' title='bbox 674 2585 728 2631; x_wconf 90' lang='lat' dir='ltr'><strong>et</strong></span> <span class='ocrx_word' id='word_1_200' title='bbox 765 2576 818 2630; x_wconf 83' lang='lat' dir='ltr'><strong>in</strong></span> <span class='ocrx_word' id='word_1_201' title='bbox 849 2585 1028 2630; x_wconf 90' lang='lat' dir='ltr'><strong>monte</strong></span> <span class='ocrx_word' id='word_1_202' title='bbox 1057 2588 1179 2633; x_wconf 88' lang='lat' dir='ltr'><strong>cum</strong></span> <span class='ocrx_word' id='word_1_203' title='bbox 1220 2573 1468 2643; x_wconf 87' lang='lat' dir='ltr'><strong>doceret,</strong></span> <span class='ocrx_word' id='word_1_204' title='bbox 1500 2574 1646 2630; x_wconf 89' lang='lat' dir='ltr'><strong>Beati</strong></span> <span class='ocrx_word' id='word_1_205' title='bbox 1671 2593 1806 2647; x_wconf 85' lang='lat' dir='ltr'><strong>pau-</strong></span> 
     </span>
    </p>
   </div>
   <div class='ocr_carea' id='block_1_23' title="bbox 218 2667 1806 2739">
    <p class='ocr_par' dir='ltr' id='par_1_23' title="bbox 218 2667 1806 2739">
     <span class='ocr_line' id='line_1_23' title="bbox 218 2667 1806 2739; baseline 0 -17"><span class='ocrx_word' id='word_1_206' title='bbox 218 2679 346 2738; x_wconf 77' lang='lat' dir='ltr'><strong>peres</strong></span> <span class='ocrx_word' id='word_1_207' title='bbox 372 2669 562 2739; x_wconf 80' lang='lat' dir='ltr'><strong>spiritu</strong></span> <span class='ocrx_word' id='word_1_208' title='bbox 593 2670 632 2732; x_wconf 75' lang='grc'><strong>⁸,</strong></span> <span class='ocrx_word' id='word_1_209' title='bbox 671 2669 872 2734; x_wconf 90' lang='lat' dir='ltr'><strong>dicens,</strong></span> <span class='ocrx_word' id='word_1_210' title='bbox 904 2667 1035 2722; x_wconf 81' lang='lat' dir='ltr'><strong>beati</strong></span> <span class='ocrx_word' id='word_1_211' title='bbox 1062 2668 1227 2736; x_wconf 84' lang='lat' dir='ltr'><strong>mites,</strong></span> <span class='ocrx_word' id='word_1_212' title='bbox 1261 2667 1390 2722; x_wconf 86' lang='lat' dir='ltr'><strong>beati</strong></span> <span class='ocrx_word' id='word_1_213' title='bbox 1419 2668 1640 2739; x_wconf 77' lang='lat' dir='ltr'><strong>paciﬁci,</strong></span> <span class='ocrx_word' id='word_1_214' title='bbox 1676 2667 1806 2722; x_wconf 78' lang='lat' dir='ltr'><strong>beati</strong></span> 
     </span>
    </p>
   </div>
   <div class='ocr_carea' id='block_1_24' title="bbox 216 2757 1808 2831">
    <p class='ocr_par' dir='ltr' id='par_1_24' title="bbox 216 2757 1808 2831">
     <span class='ocr_line' id='line_1_24' title="bbox 216 2757 1808 2831; baseline -0.001 -17"><span class='ocrx_word' id='word_1_215' title='bbox 216 2775 332 2830; x_wconf 66' lang='lat' dir='ltr'><strong>pura</strong></span> <span class='ocrx_word' id='word_1_216' title='bbox 357 2759 547 2823; x_wconf 80' lang='lat' dir='ltr'><strong>corde,</strong></span> <span class='ocrx_word' id='word_1_217' title='bbox 589 2759 718 2814; x_wconf 84' lang='lat' dir='ltr'><strong>beati</strong></span> <span class='ocrx_word' id='word_1_218' title='bbox 742 2760 830 2830; x_wconf 89' lang='lat' dir='ltr'><strong>qui</strong></span> <span class='ocrx_word' id='word_1_219' title='bbox 859 2759 1030 2831; x_wconf 80' lang='lat' dir='ltr'><strong>lugent</strong></span> <span class='ocrx_word' id='word_1_220' title='bbox 1049 2801 1063 2825; x_wconf 95' lang='lat'><strong>,</strong></span> <span class='ocrx_word' id='word_1_221' title='bbox 1100 2757 1228 2814; x_wconf 87' lang='lat' dir='ltr'><strong>beati</strong></span> <span class='ocrx_word' id='word_1_222' title='bbox 1253 2759 1338 2828; x_wconf 90' lang='lat' dir='ltr'><strong>qui</strong></span> <span class='ocrx_word' id='word_1_223' title='bbox 1376 2759 1632 2822; x_wconf 75' lang='lat' dir='ltr'><strong>esuriant,</strong></span> <span class='ocrx_word' id='word_1_224' title='bbox 1677 2757 1808 2812; x_wconf 82' lang='lat' dir='ltr'><strong>beati</strong></span> 
     </span>
    </p>
   </div>
   <div class='ocr_carea' id='block_1_25' title="bbox 213 2850 1804 2924">
    <p class='ocr_par' dir='ltr' id='par_1_25' title="bbox 213 2850 1804 2924">
     <span class='ocr_line' id='line_1_25' title="bbox 213 2850 1804 2924; baseline 0 -18"><span class='ocrx_word' id='word_1_225' title='bbox 213 2853 294 2922; x_wconf 72' lang='lat' dir='ltr'><strong>qui</strong></span> <span class='ocrx_word' id='word_1_226' title='bbox 313 2853 713 2922; x_wconf 82' lang='lat' dir='ltr'><strong>persecutionem</strong></span> <span class='ocrx_word' id='word_1_227' title='bbox 737 2853 1000 2924; x_wconf 79' lang='lat' dir='ltr'><strong>patiuntur</strong></span> <span class='ocrx_word' id='word_1_228' title='bbox 1019 2860 1224 2923; x_wconf 86' lang='lat' dir='ltr'><strong>prapter</strong></span> <span class='ocrx_word' id='word_1_229' title='bbox 1236 2852 1492 2924; x_wconf 83' lang='lat' dir='ltr'><strong>justitiam</strong></span> <span class='ocrx_word' id='word_1_230' title='bbox 1515 2850 1725 2923; x_wconf 85' lang='lat' dir='ltr'><strong>(Matth.</strong></span> <span class='ocrx_word' id='word_1_231' title='bbox 1751 2867 1804 2920; x_wconf 86' lang='lat' dir='ltr'><strong>v,</strong></span> 
     </span>
    </p>
   </div>
   <div class='ocr_carea' id='block_1_26' title="bbox 216 2941 1809 3016">
    <p class='ocr_par' dir='ltr' id='par_1_26' title="bbox 216 2941 1809 3016">
     <span class='ocr_line' id='line_1_26' title="bbox 216 2941 1809 3016; baseline 0 -16"><span class='ocrx_word' id='word_1_232' title='bbox 216 2944 399 3016; x_wconf 61' lang='lat'><strong>3-40);</strong></span> <span class='ocrx_word' id='word_1_233' title='bbox 429 2959 694 3014; x_wconf 85' lang='lat' dir='ltr'><strong>nusquam</strong></span> <span class='ocrx_word' id='word_1_234' title='bbox 732 2945 900 3011; x_wconf 86' lang='lat' dir='ltr'><strong>dixit,</strong></span> <span class='ocrx_word' id='word_1_235' title='bbox 927 2945 1074 3001; x_wconf 87' lang='lat' dir='ltr'><strong>Beati</strong></span> <span class='ocrx_word' id='word_1_236' title='bbox 1100 2944 1191 3015; x_wconf 85' lang='lat' dir='ltr'><strong>qui</strong></span> <span class='ocrx_word' id='word_1_237' title='bbox 1230 2959 1316 3000; x_wconf 89' lang='lat' dir='ltr'><strong>me</strong></span> <span class='ocrx_word' id='word_1_238' title='bbox 1343 2943 1569 2998; x_wconf 87' lang='lat' dir='ltr'><strong>confessi</strong></span> <span class='ocrx_word' id='word_1_239' title='bbox 1613 2941 1809 3001; x_wconf 76' lang='lat' dir='ltr'><strong>fuerint</strong></span> 
     </span>
    </p>
   </div>
   <div class='ocr_carea' id='block_1_27' title="bbox 216 3033 1806 3106">
    <p class='ocr_par' dir='ltr' id='par_1_27' title="bbox 216 3033 1806 3106">
     <span class='ocr_line' id='line_1_27' title="bbox 216 3033 1806 3106; baseline 0.002 -18"><span class='ocrx_word' id='word_1_240' title='bbox 216 3045 417 3088; x_wconf 80' lang='lat' dir='ltr'><strong>natum.</strong></span> <span class='ocrx_word' id='word_1_241' title='bbox 442 3034 511 3089; x_wconf 85' lang='lat' dir='ltr'><strong>Et</strong></span> <span class='ocrx_word' id='word_1_242' title='bbox 532 3037 588 3088; x_wconf 92' lang='lat' dir='ltr'><strong>in</strong></span> <span class='ocrx_word' id='word_1_243' title='bbox 613 3035 933 3091; x_wconf 88' lang='lat' dir='ltr'><strong>discretione</strong></span> <span class='ocrx_word' id='word_1_244' title='bbox 957 3050 1213 3106; x_wconf 82' lang='lat' dir='ltr'><strong>agnorum</strong></span> <span class='ocrx_word' id='word_1_245' title='bbox 1235 3034 1302 3089; x_wconf 88' lang='lat' dir='ltr'><strong>ab</strong></span> <span class='ocrx_word' id='word_1_246' title='bbox 1323 3033 1488 3090; x_wconf 71' lang='lat' dir='ltr'><strong>ha~dls</strong></span> <span class='ocrx_word' id='word_1_247' title='bbox 1511 3035 1564 3090; x_wconf 92' lang='lat' dir='ltr'><strong>in</strong></span> <span class='ocrx_word' id='word_1_248' title='bbox 1585 3035 1806 3105; x_wconf 88' lang='lat' dir='ltr'><strong>judicio,</strong></span> 
     </span>
    </p>
   </div>
   <div class='ocr_carea' id='block_1_28' title="bbox 215 3126 1806 3199">
    <p class='ocr_par' dir='ltr' id='par_1_28' title="bbox 215 3126 1806 3199">
     <span class='ocr_line' id='line_1_28' title="bbox 215 3126 1806 3199; baseline 0.001 -18"><span class='ocrx_word' id='word_1_249' title='bbox 215 3126 476 3182; x_wconf 86' lang='lat' dir='ltr'><strong>dicturum</strong></span> <span class='ocrx_word' id='word_1_250' title='bbox 506 3142 568 3182; x_wconf 89' lang='lat' dir='ltr'><strong>se</strong></span> <span class='ocrx_word' id='word_1_251' title='bbox 595 3126 725 3182; x_wconf 86' lang='lat' dir='ltr'><strong>dicit</strong></span> <span class='ocrx_word' id='word_1_252' title='bbox 755 3129 818 3183; x_wconf 89' lang='lat' dir='ltr'><strong>iis</strong></span> <span class='ocrx_word' id='word_1_253' title='bbox 843 3129 932 3199; x_wconf 93' lang='lat' dir='ltr'><strong>qui</strong></span> <span class='ocrx_word' id='word_1_254' title='bbox 961 3127 1027 3184; x_wconf 90' lang='lat' dir='ltr'><strong>ad</strong></span> <span class='ocrx_word' id='word_1_255' title='bbox 1057 3129 1302 3183; x_wconf 77' lang='lat' dir='ltr'><strong>dextram</strong></span> <span class='ocrx_word' id='word_1_256' title='bbox 1331 3137 1487 3183; x_wconf 87' lang='lat' dir='ltr'><strong>erunt</strong></span> <span class='ocrx_word' id='word_1_257' title='bbox 1519 3147 1530 3182; x_wconf 89' lang='lat'><strong>:</strong></span> <span class='ocrx_word' id='word_1_258' title='bbox 1569 3127 1770 3183; x_wconf 83' lang='lat' dir='ltr'><strong>Esurivi</strong></span> <span class='ocrx_word' id='word_1_259' title='bbox 1790 3172 1806 3196; x_wconf 94' lang='lat'><strong>,</strong></span> 
     </span>
    </p>
   </div>
   <div class='ocr_carea' id='block_1_29' title="bbox 217 3220 1810 3290">
    <p class='ocr_par' dir='ltr' id='par_1_29' title="bbox 217 3220 1810 3290">
     <span class='ocr_line' id='line_1_29' title="bbox 217 3220 1810 3290; baseline 0.002 -18"><span class='ocrx_word' id='word_1_260' title='bbox 217 3228 262 3272; x_wconf 87' lang='lat' dir='ltr'><strong>et</strong></span> <span class='ocrx_word' id='word_1_261' title='bbox 298 3220 502 3274; x_wconf 85' lang='lat' dir='ltr'><strong>cibastis</strong></span> <span class='ocrx_word' id='word_1_262' title='bbox 531 3236 647 3284; x_wconf 85' lang='lat' dir='ltr'><strong>me;</strong></span> <span class='ocrx_word' id='word_1_263' title='bbox 675 3220 838 3286; x_wconf 87' lang='lat' dir='ltr'><strong>sitivi,</strong></span> <span class='ocrx_word' id='word_1_264' title='bbox 871 3230 919 3274; x_wconf 89' lang='lat' dir='ltr'><strong>et</strong></span> <span class='ocrx_word' id='word_1_265' title='bbox 949 3221 1157 3288; x_wconf 78' lang='lat' dir='ltr'><strong>potestis</strong></span> <span class='ocrx_word' id='word_1_266' title='bbox 1186 3235 1296 3284; x_wconf 89' lang='lat' dir='ltr'><strong>me,</strong></span> <span class='ocrx_word' id='word_1_267' title='bbox 1330 3229 1382 3274; x_wconf 89' lang='lat' dir='ltr'><strong>et</strong></span> <span class='ocrx_word' id='word_1_268' title='bbox 1410 3227 1600 3275; x_wconf 66' lang='lat' dir='ltr'><strong>caetera</strong></span> <span class='ocrx_word' id='word_1_269' title='bbox 1634 3236 1646 3272; x_wconf 90' lang='lat'><strong>:</strong></span> <span class='ocrx_word' id='word_1_270' title='bbox 1685 3231 1810 3290; x_wconf 85' lang='lat' dir='ltr'><strong>pro-</strong></span> 
     </span>
    </p>
   </div>
   <div class='ocr_carea' id='block_1_30' title="bbox 219 3311 1808 3383">
    <p class='ocr_par' dir='ltr' id='par_1_30' title="bbox 219 3311 1808 3383">
     <span class='ocr_line' id='line_1_30' title="bbox 219 3311 1808 3383; baseline 0.002 -19"><span class='ocrx_word' id='word_1_271' title='bbox 219 3321 387 3382; x_wconf 84' lang='lat' dir='ltr'><strong>pterea</strong></span> <span class='ocrx_word' id='word_1_272' title='bbox 419 3313 666 3383; x_wconf 84' lang='lat' dir='ltr'><strong>percipite</strong></span> <span class='ocrx_word' id='word_1_273' title='bbox 685 3328 892 3383; x_wconf 82' lang='lat' dir='ltr'><strong>regnum</strong></span> <span class='ocrx_word' id='word_1_274' title='bbox 919 3311 1028 3383; x_wconf 90' lang='lat' dir='ltr'><strong>(Id.</strong></span> <span class='ocrx_word' id='word_1_275' title='bbox 1051 3328 1156 3369; x_wconf 85' lang='lat' dir='ltr'><strong>xxv</strong></span> <span class='ocrx_word' id='word_1_276' title='bbox 1173 3354 1188 3377; x_wconf 91' lang='lat'><strong>,</strong></span> <span class='ocrx_word' id='word_1_277' title='bbox 1223 3312 1326 3377; x_wconf 78' lang='lat'><strong>55,</strong></span> <span class='ocrx_word' id='word_1_278' title='bbox 1354 3313 1466 3383; x_wconf 68' lang='lat'><strong>&#39;54).</strong></span> <span class='ocrx_word' id='word_1_279' title='bbox 1499 3311 1612 3367; x_wconf 86' lang='lat' dir='ltr'><strong>Non</strong></span> <span class='ocrx_word' id='word_1_280' title='bbox 1635 3313 1769 3369; x_wconf 81' lang='lat' dir='ltr'><strong>dixit</strong></span> <span class='ocrx_word' id='word_1_281' title='bbox 1794 3329 1808 3367; x_wconf 92' lang='lat'><strong>:</strong></span> 
     </span>
    </p>
   </div>
   <div class='ocr_carea' id='block_1_31' title="bbox 217 3399 1812 3472">
    <p class='ocr_par' dir='ltr' id='par_1_31' title="bbox 217 3399 1812 3472">
     <span class='ocr_line' id='line_1_31' title="bbox 217 3399 1812 3472; baseline 0.003 -18"><span class='ocrx_word' id='word_1_282' title='bbox 217 3399 340 3468; x_wconf 85' lang='lat' dir='ltr'><strong>Quia</strong></span> <span class='ocrx_word' id='word_1_283' title='bbox 371 3408 562 3456; x_wconf 87' lang='lat' dir='ltr'><strong>natum</strong></span> <span class='ocrx_word' id='word_1_284' title='bbox 605 3416 694 3458; x_wconf 89' lang='lat' dir='ltr'><strong>me</strong></span> <span class='ocrx_word' id='word_1_285' title='bbox 733 3401 1071 3470; x_wconf 86' lang='lat' dir='ltr'><strong>credidistis,</strong></span> <span class='ocrx_word' id='word_1_286' title='bbox 1103 3415 1324 3472; x_wconf 79' lang='lat' dir='ltr'><strong>regnum</strong></span> <span class='ocrx_word' id='word_1_287' title='bbox 1355 3403 1631 3471; x_wconf 88' lang='lat' dir='ltr'><strong>percipite.</strong></span> <span class='ocrx_word' id='word_1_288' title='bbox 1677 3401 1812 3458; x_wconf 87' lang='lat' dir='ltr'><strong>Nec-</strong></span> 
     </span>
    </p>
   </div>
   <div class='ocr_carea' id='block_1_32' title="bbox 218 3494 1808 3566">
    <p class='ocr_par' dir='ltr' id='par_1_32' title="bbox 218 3494 1808 3566">
     <span class='ocr_line' id='line_1_32' title="bbox 218 3494 1808 3566; baseline 0 -16"><span class='ocrx_word' id='word_1_289' title='bbox 218 3509 316 3550; x_wconf 82' lang='lat' dir='ltr'><strong>non</strong></span> <span class='ocrx_word' id='word_1_290' title='bbox 345 3503 403 3552; x_wconf 86' lang='lat' dir='ltr'><strong>et</strong></span> <span class='ocrx_word' id='word_1_291' title='bbox 430 3495 586 3550; x_wconf 82' lang='lat' dir='ltr'><strong>diviti</strong></span> <span class='ocrx_word' id='word_1_292' title='bbox 612 3496 871 3566; x_wconf 77' lang='lat' dir='ltr'><strong>quaerenti</strong></span> <span class='ocrx_word' id='word_1_293' title='bbox 899 3495 1060 3550; x_wconf 85' lang='lat' dir='ltr'><strong>vitam</strong></span> <span class='ocrx_word' id='word_1_294' title='bbox 1090 3503 1343 3550; x_wconf 77' lang='lat' dir='ltr'><strong>mternam</strong></span> <span class='ocrx_word' id='word_1_295' title='bbox 1377 3510 1392 3549; x_wconf 90' lang='lat'><strong>:</strong></span> <span class='ocrx_word' id='word_1_296' title='bbox 1431 3494 1591 3561; x_wconf 84' lang='lat' dir='ltr'><strong>Vade,</strong></span> <span class='ocrx_word' id='word_1_297' title='bbox 1621 3495 1808 3566; x_wconf 86' lang='lat' dir='ltr'><strong>inquit,</strong></span> 
     </span>
    </p>
   </div>
   <div class='ocr_carea' id='block_1_33' title="bbox 218 3584 1808 3660">
    <p class='ocr_par' dir='ltr' id='par_1_33' title="bbox 218 3584 1808 3660">
     <span class='ocr_line' id='line_1_33' title="bbox 218 3584 1808 3660; baseline 0 -20"><span class='ocrx_word' id='word_1_298' title='bbox 218 3585 368 3640; x_wconf 71' lang='lat' dir='ltr'><strong>vende</strong></span> <span class='ocrx_word' id='word_1_299' title='bbox 404 3587 581 3641; x_wconf 81' lang='lat' dir='ltr'><strong>omnia</strong></span> <span class='ocrx_word' id='word_1_300' title='bbox 617 3601 730 3656; x_wconf 72' lang='lat' dir='ltr'><strong>qua:</strong></span> <span class='ocrx_word' id='word_1_301' title='bbox 766 3584 947 3654; x_wconf 82' lang='lat' dir='ltr'><strong>habes,</strong></span> <span class='ocrx_word' id='word_1_302' title='bbox 980 3594 1027 3640; x_wconf 87' lang='lat' dir='ltr'><strong>et</strong></span> <span class='ocrx_word' id='word_1_303' title='bbox 1065 3601 1266 3657; x_wconf 82' lang='lat' dir='ltr'><strong>sequere</strong></span> <span class='ocrx_word' id='word_1_304' title='bbox 1292 3601 1370 3640; x_wconf 90' lang='lat' dir='ltr'><strong>me</strong></span> <span class='ocrx_word' id='word_1_305' title='bbox 1399 3585 1509 3656; x_wconf 89' lang='lat' dir='ltr'><strong>(Id.</strong></span> <span class='ocrx_word' id='word_1_306' title='bbox 1541 3602 1631 3642; x_wconf 73' lang='lat' dir='ltr'><strong>XIX</strong></span> <span class='ocrx_word' id='word_1_307' title='bbox 1651 3628 1666 3654; x_wconf 94' lang='lat'><strong>,</strong></span> <span class='ocrx_word' id='word_1_308' title='bbox 1691 3585 1808 3660; x_wconf 76' lang='lat'><strong>2|).</strong></span> 
     </span>
    </p>
   </div>
   <div class='ocr_carea' id='block_1_34' title="bbox 222 3673 1809 3743">
    <p class='ocr_par' dir='ltr' id='par_1_34' title="bbox 222 3673 1809 3743">
     <span class='ocr_line' id='line_1_34' title="bbox 222 3673 1809 3743; baseline 0.003 -13"><span class='ocrx_word' id='word_1_309' title='bbox 222 3673 328 3730; x_wconf 78' lang='lat' dir='ltr'><strong>Non</strong></span> <span class='ocrx_word' id='word_1_310' title='bbox 369 3676 510 3735; x_wconf 81' lang='lat' dir='ltr'><strong>dixit</strong></span> <span class='ocrx_word' id='word_1_311' title='bbox 542 3695 556 3732; x_wconf 90' lang='lat'><strong>:</strong></span> <span class='ocrx_word' id='word_1_312' title='bbox 587 3677 761 3734; x_wconf 85' lang='lat' dir='ltr'><strong>Crede</strong></span> <span class='ocrx_word' id='word_1_313' title='bbox 787 3693 872 3733; x_wconf 92' lang='lat' dir='ltr'><strong>me</strong></span> <span class='ocrx_word' id='word_1_314' title='bbox 903 3687 1083 3733; x_wconf 92' lang='lat' dir='ltr'><strong>natum</strong></span> <span class='ocrx_word' id='word_1_315' title='bbox 1105 3718 1122 3743; x_wconf 93' lang='lat'><strong>,</strong></span> <span class='ocrx_word' id='word_1_316' title='bbox 1155 3685 1210 3732; x_wconf 93' lang='lat' dir='ltr'><strong>ut</strong></span> <span class='ocrx_word' id='word_1_317' title='bbox 1255 3678 1306 3732; x_wconf 93' lang='lat' dir='ltr'><strong>in</strong></span> <span class='ocrx_word' id='word_1_318' title='bbox 1345 3688 1604 3734; x_wconf 86' lang='lat' dir='ltr'><strong>aeternum</strong></span> <span class='ocrx_word' id='word_1_319' title='bbox 1642 3679 1809 3735; x_wconf 89' lang='lat' dir='ltr'><strong>vivas.</strong></span> 
     </span>
    </p>
   </div>
   <div class='ocr_carea' id='block_1_35' title="bbox 222 3767 1814 3842">
    <p class='ocr_par' dir='ltr' id='par_1_35' title="bbox 222 3767 1814 3842">
     <span class='ocr_line' id='line_1_35' title="bbox 222 3767 1814 3842; baseline 0.002 -17"><span class='ocrx_word' id='word_1_320' title='bbox 222 3767 355 3825; x_wconf 79' lang='lat' dir='ltr'><strong>Ecce</strong></span> <span class='ocrx_word' id='word_1_321' title='bbox 393 3771 557 3841; x_wconf 83' lang='lat' dir='ltr'><strong>igitur</strong></span> <span class='ocrx_word' id='word_1_322' title='bbox 582 3771 810 3841; x_wconf 91' lang='lat' dir='ltr'><strong>portioni</strong></span> <span class='ocrx_word' id='word_1_323' title='bbox 841 3785 976 3826; x_wconf 70' lang='lat' dir='ltr'><strong>mete</strong></span> <span class='ocrx_word' id='word_1_324' title='bbox 996 3811 1011 3835; x_wconf 93' lang='lat'><strong>,</strong></span> <span class='ocrx_word' id='word_1_325' title='bbox 1040 3784 1199 3842; x_wconf 89' lang='lat' dir='ltr'><strong>quam</strong></span> <span class='ocrx_word' id='word_1_326' title='bbox 1228 3769 1355 3825; x_wconf 91' lang='lat' dir='ltr'><strong>mihi</strong></span> <span class='ocrx_word' id='word_1_327' title='bbox 1379 3769 1446 3827; x_wconf 90' lang='lat' dir='ltr'><strong>de</strong></span> <span class='ocrx_word' id='word_1_328' title='bbox 1483 3770 1691 3842; x_wconf 88' lang='lat' dir='ltr'><strong>gemina</strong></span> <span class='ocrx_word' id='word_1_329' title='bbox 1713 3813 1728 3839; x_wconf 93' lang='lat'><strong>,</strong></span> <span class='ocrx_word' id='word_1_330' title='bbox 1756 3781 1814 3828; x_wconf 91' lang='lat' dir='ltr'><strong>ut</strong></span> 
     </span>
    </p>
   </div>
   <div class='ocr_carea' id='block_1_36' title="bbox 219 3862 1814 3935">
    <p class='ocr_par' dir='ltr' id='par_1_36' title="bbox 219 3862 1814 3935">
     <span class='ocr_line' id='line_1_36' title="bbox 219 3862 1814 3935; baseline 0.005 -22"><span class='ocrx_word' id='word_1_331' title='bbox 219 3863 415 3929; x_wconf 86' lang='lat' dir='ltr'><strong>vultis,</strong></span> <span class='ocrx_word' id='word_1_332' title='bbox 456 3862 562 3918; x_wconf 83' lang='lat' dir='ltr'><strong>ﬁde</strong></span> <span class='ocrx_word' id='word_1_333' title='bbox 586 3863 787 3933; x_wconf 83' lang='lat' dir='ltr'><strong>delegi,</strong></span> <span class='ocrx_word' id='word_1_334' title='bbox 828 3863 1024 3934; x_wconf 87' lang='lat' dir='ltr'><strong>ubique</strong></span> <span class='ocrx_word' id='word_1_335' title='bbox 1067 3877 1293 3935; x_wconf 84' lang='lat' dir='ltr'><strong>regnum</strong></span> <span class='ocrx_word' id='word_1_336' title='bbox 1315 3905 1328 3929; x_wconf 94' lang='lat'><strong>,</strong></span> <span class='ocrx_word' id='word_1_337' title='bbox 1355 3864 1459 3919; x_wconf 90' lang='lat' dir='ltr'><strong>vita</strong></span> <span class='ocrx_word' id='word_1_338' title='bbox 1481 3907 1494 3930; x_wconf 92' lang='lat'><strong>,</strong></span> <span class='ocrx_word' id='word_1_339' title='bbox 1543 3863 1814 3921; x_wconf 88' lang='lat' dir='ltr'><strong>beatitudo</strong></span> 
     </span>
    </p>
   </div>
   <div class='ocr_carea' id='block_1_37' title="bbox 217 3955 1815 4026">
    <p class='ocr_par' dir='ltr' id='par_1_37' title="bbox 217 3955 1815 4026">
     <span class='ocr_line' id='line_1_37' title="bbox 217 3955 1815 4026; baseline 0.004 -19"><span class='ocrx_word' id='word_1_340' title='bbox 217 3955 582 4022; x_wconf 84' lang='lat' dir='ltr'><strong>promittitur;</strong></span> <span class='ocrx_word' id='word_1_341' title='bbox 617 3963 808 4010; x_wconf 77' lang='lat' dir='ltr'><strong>vestrae</strong></span> <span class='ocrx_word' id='word_1_342' title='bbox 841 3969 964 4010; x_wconf 87' lang='lat' dir='ltr'><strong>vero</strong></span> <span class='ocrx_word' id='word_1_343' title='bbox 993 3969 1274 4026; x_wconf 87' lang='lat' dir='ltr'><strong>nusquam.</strong></span> <span class='ocrx_word' id='word_1_344' title='bbox 1303 3956 1408 4011; x_wconf 83' lang='lat' dir='ltr'><strong>Aut</strong></span> <span class='ocrx_word' id='word_1_345' title='bbox 1431 3956 1618 4012; x_wconf 90' lang='lat' dir='ltr'><strong>docete</strong></span> <span class='ocrx_word' id='word_1_346' title='bbox 1645 3957 1815 4013; x_wconf 88' lang='lat' dir='ltr'><strong>sicubi</strong></span> 
     </span>
    </p>
   </div>
   <div class='ocr_carea' id='block_1_38' title="bbox 217 4047 1810 4120">
    <p class='ocr_par' dir='ltr' id='par_1_38' title="bbox 217 4047 1810 4120">
     <span class='ocr_line' id='line_1_38' title="bbox 217 4047 1810 4120; baseline 0.003 -20"><span class='ocrx_word' id='word_1_347' title='bbox 217 4047 492 4116; x_wconf 82' lang='lat' dir='ltr'><strong>scriptum</strong></span> <span class='ocrx_word' id='word_1_348' title='bbox 516 4058 596 4102; x_wconf 85' lang='lat' dir='ltr'><strong>est</strong></span> <span class='ocrx_word' id='word_1_349' title='bbox 615 4090 628 4110; x_wconf 95' lang='lat'><strong>,</strong></span> <span class='ocrx_word' id='word_1_350' title='bbox 655 4048 863 4103; x_wconf 87' lang='lat' dir='ltr'><strong>beatum</strong></span> <span class='ocrx_word' id='word_1_351' title='bbox 894 4062 1014 4104; x_wconf 88' lang='lat' dir='ltr'><strong>esse</strong></span> <span class='ocrx_word' id='word_1_352' title='bbox 1032 4089 1048 4116; x_wconf 92' lang='lat'><strong>,</strong></span> <span class='ocrx_word' id='word_1_353' title='bbox 1081 4063 1368 4119; x_wconf 82' lang='lat' dir='ltr'><strong>regnumve</strong></span> <span class='ocrx_word' id='word_1_354' title='bbox 1398 4055 1769 4120; x_wconf 79' lang='lat' dir='ltr'><strong>perceptarum</strong></span> <span class='ocrx_word' id='word_1_355' title='bbox 1794 4091 1810 4116; x_wconf 93' lang='lat'><strong>,</strong></span> 
     </span>
    </p>
   </div>
   <div class='ocr_carea' id='block_1_39' title="bbox 216 4139 1816 4214">
    <p class='ocr_par' dir='ltr' id='par_1_39' title="bbox 216 4139 1816 4214">
     <span class='ocr_line' id='line_1_39' title="bbox 216 4139 1816 4214; baseline 0.001 -19"><span class='ocrx_word' id='word_1_356' title='bbox 216 4147 316 4195; x_wconf 73' lang='lat' dir='ltr'><strong>aut</strong></span> <span class='ocrx_word' id='word_1_357' title='bbox 341 4147 600 4194; x_wconf 63' lang='lat' dir='ltr'><strong>aeternam</strong></span> <span class='ocrx_word' id='word_1_358' title='bbox 626 4141 918 4196; x_wconf 85' lang='lat' dir='ltr'><strong>habiturum</strong></span> <span class='ocrx_word' id='word_1_359' title='bbox 945 4140 1130 4208; x_wconf 87' lang='lat' dir='ltr'><strong>vitam,</strong></span> <span class='ocrx_word' id='word_1_360' title='bbox 1151 4142 1238 4214; x_wconf 89' lang='lat' dir='ltr'><strong>qui</strong></span> <span class='ocrx_word' id='word_1_361' title='bbox 1262 4157 1383 4198; x_wconf 88' lang='lat' dir='ltr'><strong>eum</strong></span> <span class='ocrx_word' id='word_1_362' title='bbox 1405 4141 1681 4196; x_wconf 84' lang='lat' dir='ltr'><strong>confessus</strong></span> <span class='ocrx_word' id='word_1_363' title='bbox 1703 4139 1816 4198; x_wconf 41' lang='lat' dir='ltr'><strong>fues</strong></span> 
     </span>
    </p>
   </div>
   <div class='ocr_carea' id='block_1_40' title="bbox 218 4230 1816 4302">
    <p class='ocr_par' dir='ltr' id='par_1_40' title="bbox 218 4230 1816 4302">
     <span class='ocr_line' id='line_1_40' title="bbox 218 4230 1816 4302; baseline 0.003 -16"><span class='ocrx_word' id='word_1_364' title='bbox 218 4230 288 4286; x_wconf 83' lang='lat' dir='ltr'><strong>rit</strong></span> <span class='ocrx_word' id='word_1_365' title='bbox 314 4241 506 4286; x_wconf 83' lang='lat' dir='ltr'><strong>natum</strong></span> <span class='ocrx_word' id='word_1_366' title='bbox 533 4247 594 4286; x_wconf 83' lang='lat' dir='ltr'><strong>ex</strong></span> <span class='ocrx_word' id='word_1_367' title='bbox 627 4231 837 4288; x_wconf 78' lang='lat' dir='ltr'><strong>femina.</strong></span> <span class='ocrx_word' id='word_1_368' title='bbox 875 4233 1091 4289; x_wconf 88' lang='lat' dir='ltr'><strong>Interim</strong></span> <span class='ocrx_word' id='word_1_369' title='bbox 1122 4233 1330 4288; x_wconf 84' lang='lat' dir='ltr'><strong>tametsi</strong></span> <span class='ocrx_word' id='word_1_370' title='bbox 1360 4243 1414 4288; x_wconf 87' lang='lat' dir='ltr'><strong>et</strong></span> <span class='ocrx_word' id='word_1_371' title='bbox 1445 4235 1557 4288; x_wconf 84' lang='lat' dir='ltr'><strong>haec</strong></span> <span class='ocrx_word' id='word_1_372' title='bbox 1582 4247 1705 4302; x_wconf 88' lang='lat' dir='ltr'><strong>pars</strong></span> <span class='ocrx_word' id='word_1_373' title='bbox 1734 4241 1816 4290; x_wconf 89' lang='lat' dir='ltr'><strong>est</strong></span> 
     </span>
    </p>
   </div>
   <div class='ocr_carea' id='block_1_41' title="bbox 223 4320 1818 4396">
    <p class='ocr_par' dir='ltr' id='par_1_41' title="bbox 223 4320 1818 4396">
     <span class='ocr_line' id='line_1_41' title="bbox 223 4320 1818 4396; baseline 0.004 -22"><span class='ocrx_word' id='word_1_374' title='bbox 223 4320 366 4388; x_wconf 84' lang='lat' dir='ltr'><strong>lldei,</strong></span> <span class='ocrx_word' id='word_1_375' title='bbox 389 4322 768 4378; x_wconf 83' lang='lat' dir='ltr'><strong>beatitudinem</strong></span> <span class='ocrx_word' id='word_1_376' title='bbox 792 4339 897 4378; x_wconf 88' lang='lat' dir='ltr'><strong>non</strong></span> <span class='ocrx_word' id='word_1_377' title='bbox 926 4323 1103 4379; x_wconf 86' lang='lat' dir='ltr'><strong>habet.</strong></span> <span class='ocrx_word' id='word_1_378' title='bbox 1126 4323 1260 4379; x_wconf 89' lang='lat' dir='ltr'><strong>Cum</strong></span> <span class='ocrx_word' id='word_1_379' title='bbox 1280 4339 1409 4378; x_wconf 86' lang='lat' dir='ltr'><strong>vero</strong></span> <span class='ocrx_word' id='word_1_380' title='bbox 1431 4339 1546 4378; x_wconf 91' lang='lat' dir='ltr'><strong>eam</strong></span> <span class='ocrx_word' id='word_1_381' title='bbox 1579 4339 1676 4381; x_wconf 89' lang='lat' dir='ltr'><strong>nec</strong></span> <span class='ocrx_word' id='word_1_382' title='bbox 1699 4339 1818 4396; x_wconf 87' lang='lat' dir='ltr'><strong>par-</strong></span> 
     </span>
    </p>
   </div>
   <div class='ocr_carea' id='block_1_42' title="bbox 225 4413 1818 4485">
    <p class='ocr_par' dir='ltr' id='par_1_42' title="bbox 225 4413 1818 4485">
     <span class='ocr_line' id='line_1_42' title="bbox 225 4413 1818 4485; baseline 0.003 -18"><span class='ocrx_word' id='word_1_383' title='bbox 225 4419 327 4468; x_wconf 88' lang='lat' dir='ltr'><strong>tem</strong></span> <span class='ocrx_word' id='word_1_384' title='bbox 350 4413 477 4469; x_wconf 86' lang='lat' dir='ltr'><strong>tldei</strong></span> <span class='ocrx_word' id='word_1_385' title='bbox 502 4415 907 4484; x_wconf 82' lang='lat' dir='ltr'><strong>probaverimus</strong></span> <span class='ocrx_word' id='word_1_386' title='bbox 928 4417 949 4448; x_wconf 80' lang='grc'>³</span> <span class='ocrx_word' id='word_1_387' title='bbox 968 4455 984 4482; x_wconf 93' lang='grc'><em>,</em></span> <span class='ocrx_word' id='word_1_388' title='bbox 1015 4413 1142 4485; x_wconf 84' lang='lat' dir='ltr'><strong>quid</strong></span> <span class='ocrx_word' id='word_1_389' title='bbox 1172 4415 1300 4469; x_wconf 88' lang='lat' dir='ltr'><strong>fiet?</strong></span> <span class='ocrx_word' id='word_1_390' title='bbox 1327 4413 1526 4484; x_wconf 85' lang='lat' dir='ltr'><strong>Nempe</strong></span> <span class='ocrx_word' id='word_1_391' title='bbox 1550 4415 1697 4470; x_wconf 88' lang='lat' dir='ltr'><strong>eritis</strong></span> <span class='ocrx_word' id='word_1_392' title='bbox 1720 4431 1818 4472; x_wconf 89' lang='lat' dir='ltr'><strong>vos</strong></span> 
     </span>
    </p>
   </div>
   <div class='ocr_carea' id='block_1_43' title="bbox 224 4503 1817 4577">
    <p class='ocr_par' dir='ltr' id='par_1_43' title="bbox 224 4503 1817 4577">
     <span class='ocr_line' id='line_1_43' title="bbox 224 4503 1817 4577; baseline 0.003 -19"><span class='ocrx_word' id='word_1_393' title='bbox 224 4503 408 4560; x_wconf 85' lang='lat' dir='ltr'><strong>inanes</strong></span> <span class='ocrx_word' id='word_1_394' title='bbox 429 4547 445 4572; x_wconf 93' lang='lat'><strong>,</strong></span> <span class='ocrx_word' id='word_1_395' title='bbox 487 4505 630 4575; x_wconf 89' lang='lat' dir='ltr'><strong>quod</strong></span> <span class='ocrx_word' id='word_1_396' title='bbox 662 4514 716 4560; x_wconf 91' lang='lat' dir='ltr'><strong>et</strong></span> <span class='ocrx_word' id='word_1_397' title='bbox 742 4506 914 4576; x_wconf 89' lang='lat' dir='ltr'><strong>ipsum</strong></span> <span class='ocrx_word' id='word_1_398' title='bbox 944 4506 1123 4577; x_wconf 87' lang='lat' dir='ltr'><strong>utique</strong></span> <span class='ocrx_word' id='word_1_399' title='bbox 1153 4505 1554 4561; x_wconf 89' lang='lat' dir='ltr'><strong>monstrabitur.</strong></span> <span class='ocrx_word' id='word_1_400' title='bbox 1593 4505 1699 4563; x_wconf 90' lang='lat' dir='ltr'><strong>Sed</strong></span> <span class='ocrx_word' id='word_1_401' title='bbox 1734 4509 1817 4562; x_wconf 86' lang='lat' dir='ltr'><strong>in-</strong></span> 
     </span>
    </p>
   </div>
   <div class='ocr_carea' id='block_1_44' title="bbox 225 4597 1819 4670">
    <p class='ocr_par' dir='ltr' id='par_1_44' title="bbox 225 4597 1819 4670">
     <span class='ocr_line' id='line_1_44' title="bbox 225 4597 1819 4670; baseline 0.002 -18"><span class='ocrx_word' id='word_1_402' title='bbox 225 4597 376 4652; x_wconf 81' lang='lat' dir='ltr'><strong>terim</strong></span> <span class='ocrx_word' id='word_1_403' title='bbox 405 4597 511 4653; x_wconf 89' lang='lat' dir='ltr'><strong>hoc</strong></span> <span class='ocrx_word' id='word_1_404' title='bbox 543 4599 676 4654; x_wconf 84' lang='lat' dir='ltr'><strong>satis</strong></span> <span class='ocrx_word' id='word_1_405' title='bbox 703 4598 859 4654; x_wconf 87' lang='lat' dir='ltr'><strong>nobis</strong></span> <span class='ocrx_word' id='word_1_406' title='bbox 895 4605 976 4654; x_wconf 91' lang='lat' dir='ltr'><strong>est</strong></span> <span class='ocrx_word' id='word_1_407' title='bbox 1003 4599 1071 4654; x_wconf 88' lang='lat' dir='ltr'><strong>ad</strong></span> <span class='ocrx_word' id='word_1_408' title='bbox 1098 4598 1427 4669; x_wconf 90' lang='lat' dir='ltr'><strong>propositum</strong></span> <span class='ocrx_word' id='word_1_409' title='bbox 1449 4640 1462 4663; x_wconf 94' lang='lat'><strong>,</strong></span> <span class='ocrx_word' id='word_1_410' title='bbox 1492 4599 1614 4670; x_wconf 88' lang='lat' dir='ltr'><strong>quia</strong></span> <span class='ocrx_word' id='word_1_411' title='bbox 1646 4600 1819 4669; x_wconf 88' lang='lat' dir='ltr'><strong>portio</strong></span> 
     </span>
    </p>
   </div>
   <div class='ocr_carea' id='block_1_45' title="bbox 224 4686 1820 4748">
    <p class='ocr_par' dir='ltr' id='par_1_45' title="bbox 224 4686 1820 4748">
     <span class='ocr_line' id='line_1_45' title="bbox 224 4686 1820 4748; baseline 0.003 -5"><span class='ocrx_word' id='word_1_412' title='bbox 224 4686 335 4743; x_wconf 63' lang='lat' dir='ltr'><strong>han:</strong></span> <span class='ocrx_word' id='word_1_413' title='bbox 362 4697 548 4744; x_wconf 90' lang='lat' dir='ltr'><strong>nostra</strong></span> <span class='ocrx_word' id='word_1_414' title='bbox 581 4689 992 4746; x_wconf 87' lang='lat' dir='ltr'><strong>beatit&#39;udinibus</strong></span> <span class='ocrx_word' id='word_1_415' title='bbox 1012 4700 1263 4746; x_wconf 87' lang='lat' dir='ltr'><strong>coronata</strong></span> <span class='ocrx_word' id='word_1_416' title='bbox 1284 4691 1372 4746; x_wconf 89' lang='lat' dir='ltr'><strong>sit.</strong></span> <span class='ocrx_word' id='word_1_417' title='bbox 1403 4689 1501 4746; x_wconf 89' lang='lat' dir='ltr'><strong>Cui</strong></span> <span class='ocrx_word' id='word_1_418' title='bbox 1533 4700 1707 4747; x_wconf 88' lang='lat' dir='ltr'><strong>tamen</strong></span> <span class='ocrx_word' id='word_1_419' title='bbox 1729 4708 1820 4748; x_wconf 85' lang='lat' dir='ltr'><strong>ac-</strong></span> 
     </span>
    </p>
   </div>
   <div class='ocr_carea' id='block_1_46' title="bbox 223 4779 1819 4855">
    <p class='ocr_par' dir='ltr' id='par_1_46' title="bbox 223 4779 1819 4855">
     <span class='ocr_line' id='line_1_46' title="bbox 223 4779 1819 4855; baseline 0.005 -23"><span class='ocrx_word' id='word_1_420' title='bbox 223 4779 361 4833; x_wconf 82' lang='lat' dir='ltr'><strong>cedit</strong></span> <span class='ocrx_word' id='word_1_421' title='bbox 389 4789 443 4835; x_wconf 90' lang='lat' dir='ltr'><strong>et</strong></span> <span class='ocrx_word' id='word_1_422' title='bbox 473 4781 558 4834; x_wconf 91' lang='lat' dir='ltr'><strong>illa</strong></span> <span class='ocrx_word' id='word_1_423' title='bbox 590 4780 691 4836; x_wconf 90' lang='lat' dir='ltr'><strong>alia</strong></span> <span class='ocrx_word' id='word_1_424' title='bbox 713 4781 1003 4849; x_wconf 83' lang='lat' dir='ltr'><strong>beatitudo,</strong></span> <span class='ocrx_word' id='word_1_425' title='bbox 1022 4797 1086 4838; x_wconf 85' lang='lat' dir='ltr'><strong>ex</strong></span> <span class='ocrx_word' id='word_1_426' title='bbox 1113 4783 1450 4852; x_wconf 84' lang='lat' dir='ltr'><strong>confessione</strong></span> <span class='ocrx_word' id='word_1_427' title='bbox 1475 4797 1685 4855; x_wconf 90' lang='lat' dir='ltr'><strong>quoque</strong></span> <span class='ocrx_word' id='word_1_428' title='bbox 1707 4799 1819 4840; x_wconf 87' lang='lat' dir='ltr'><strong>ser-</strong></span> 
     </span>
    </p>
   </div>
   <div class='ocr_carea' id='block_1_47' title="bbox 223 4871 1818 4942">
    <p class='ocr_par' dir='ltr' id='par_1_47' title="bbox 223 4871 1818 4942">
     <span class='ocr_line' id='line_1_47' title="bbox 223 4871 1818 4942; baseline 0.004 -18"><span class='ocrx_word' id='word_1_429' title='bbox 223 4873 428 4938; x_wconf 88' lang='lat' dir='ltr'><strong>monis,</strong></span> <span class='ocrx_word' id='word_1_430' title='bbox 462 4871 588 4942; x_wconf 85' lang='lat' dir='ltr'><strong>quia</strong></span> <span class='ocrx_word' id='word_1_431' title='bbox 613 4871 797 4929; x_wconf 81' lang='lat' dir='ltr'><strong>Jesum</strong></span> <span class='ocrx_word' id='word_1_432' title='bbox 825 4873 1142 4928; x_wconf 86' lang='lat' dir='ltr'><strong>confitemur</strong></span> <span class='ocrx_word' id='word_1_433' title='bbox 1166 4887 1287 4929; x_wconf 90' lang='lat' dir='ltr'><strong>esse</strong></span> <span class='ocrx_word' id='word_1_434' title='bbox 1323 4872 1593 4929; x_wconf 89' lang='lat' dir='ltr'><strong>Christum</strong></span> <span class='ocrx_word' id='word_1_435' title='bbox 1625 4874 1818 4930; x_wconf 83' lang='lat' dir='ltr'><strong>Filium</strong></span> 
     </span>
    </p>
   </div>
   <div class='ocr_carea' id='block_1_48' title="bbox 223 4959 1817 5036">
    <p class='ocr_par' dir='ltr' id='par_1_48' title="bbox 223 4959 1817 5036">
     <span class='ocr_line' id='line_1_48' title="bbox 223 4959 1817 5036; baseline 0.004 -20"><span class='ocrx_word' id='word_1_436' title='bbox 223 4959 313 5016; x_wconf 82' lang='lat' dir='ltr'><strong>Dei</strong></span> <span class='ocrx_word' id='word_1_437' title='bbox 351 4960 460 5015; x_wconf 86' lang='lat' dir='ltr'><strong>vivi</strong></span> <span class='ocrx_word' id='word_1_438' title='bbox 496 4979 508 5014; x_wconf 96' lang='lat'>:</span> <span class='ocrx_word' id='word_1_439' title='bbox 543 4961 686 5032; x_wconf 91' lang='lat' dir='ltr'><strong>quod</strong></span> <span class='ocrx_word' id='word_1_440' title='bbox 715 4977 866 5033; x_wconf 61' lang='lat' dir='ltr'><strong>atque</strong></span> <span class='ocrx_word' id='word_1_441' title='bbox 907 4962 1022 5036; x_wconf 87' lang='lat' dir='ltr'><strong>ipse</strong></span> <span class='ocrx_word' id='word_1_442' title='bbox 1051 4973 1145 5020; x_wconf 88' lang='lat' dir='ltr'><strong>ore</strong></span> <span class='ocrx_word' id='word_1_443' title='bbox 1171 4977 1269 5018; x_wconf 87' lang='lat' dir='ltr'><strong>suo</strong></span> <span class='ocrx_word' id='word_1_444' title='bbox 1299 4972 1524 5020; x_wconf 86' lang='lat' dir='ltr'><strong>testatur</strong></span> <span class='ocrx_word' id='word_1_445' title='bbox 1549 4965 1703 5022; x_wconf 83' lang='lat' dir='ltr'><strong>Jesus</strong></span> <span class='ocrx_word' id='word_1_446' title='bbox 1731 4966 1817 5021; x_wconf 88' lang='lat' dir='ltr'><strong>di-</strong></span> 
     </span>
    </p>
   </div>
   <div class='ocr_carea' id='block_1_49' title="bbox 225 5051 1816 5130">
    <p class='ocr_par' dir='ltr' id='par_1_49' title="bbox 225 5051 1816 5130">
     <span class='ocr_line' id='line_1_49' title="bbox 225 5051 1816 5130; baseline 0.005 -23"><span class='ocrx_word' id='word_1_447' title='bbox 225 5065 346 5108; x_wconf 82' lang='lat' dir='ltr'><strong>cens</strong></span> <span class='ocrx_word' id='word_1_448' title='bbox 373 5051 441 5108; x_wconf 83' lang='lat' dir='ltr'><strong>ad</strong></span> <span class='ocrx_word' id='word_1_449' title='bbox 474 5054 713 5120; x_wconf 86' lang='lat' dir='ltr'><strong>Petrum,</strong></span> <span class='ocrx_word' id='word_1_450' title='bbox 742 5053 931 5108; x_wconf 84' lang='lat' dir='ltr'><strong>Beatus</strong></span> <span class='ocrx_word' id='word_1_451' title='bbox 954 5071 1006 5109; x_wconf 90' lang='lat' dir='ltr'><strong>es</strong></span> <span class='ocrx_word' id='word_1_452' title='bbox 1024 5096 1038 5120; x_wconf 94' lang='lat'><strong>,</strong></span> <span class='ocrx_word' id='word_1_453' title='bbox 1070 5055 1247 5110; x_wconf 88' lang='lat' dir='ltr'><strong>Simon</strong></span> <span class='ocrx_word' id='word_1_454' title='bbox 1267 5054 1546 5124; x_wconf 77' lang='lat' dir='ltr'><strong>Bar-Jona,</strong></span> <span class='ocrx_word' id='word_1_455' title='bbox 1573 5060 1691 5130; x_wconf 86' lang='lat' dir='ltr'><strong>quia</strong></span> <span class='ocrx_word' id='word_1_456' title='bbox 1716 5076 1816 5115; x_wconf 86' lang='lat' dir='ltr'><strong>non</strong></span> 
     </span>
    </p>
   </div>
   <div class='ocr_carea' id='block_1_50' title="bbox 169 5147 1816 5223">
    <p class='ocr_par' dir='ltr' id='par_1_50' title="bbox 169 5147 1816 5223">
     <span class='ocr_line' id='line_1_50' title="bbox 169 5147 1816 5223; baseline 0.007 -26"><span class='ocrx_word' id='word_1_457' title='bbox 169 5211 184 5223; x_wconf 29' lang='grc' dir='ltr'><em>Α</em></span> <span class='ocrx_word' id='word_1_458' title='bbox 227 5147 310 5200; x_wconf 83' lang='lat' dir='ltr'><strong>tibi</strong></span> <span class='ocrx_word' id='word_1_459' title='bbox 343 5147 438 5201; x_wconf 86' lang='lat' dir='ltr'><strong>hoc</strong></span> <span class='ocrx_word' id='word_1_460' title='bbox 465 5163 588 5202; x_wconf 84' lang='lat' dir='ltr'><strong>caro</strong></span> <span class='ocrx_word' id='word_1_461' title='bbox 611 5157 656 5202; x_wconf 87' lang='lat' dir='ltr'><strong>et</strong></span> <span class='ocrx_word' id='word_1_462' title='bbox 682 5148 888 5218; x_wconf 84' lang='lat' dir='ltr'><strong>sanguis</strong></span> <span class='ocrx_word' id='word_1_463' title='bbox 905 5148 1136 5202; x_wconf 85' lang='lat' dir='ltr'><strong>revelavit</strong></span> <span class='ocrx_word' id='word_1_464' title='bbox 1154 5190 1169 5212; x_wconf 92' lang='lat'><strong>,</strong></span> <span class='ocrx_word' id='word_1_465' title='bbox 1197 5148 1286 5203; x_wconf 86' lang='lat' dir='ltr'><strong>sed</strong></span> <span class='ocrx_word' id='word_1_466' title='bbox 1312 5147 1470 5203; x_wconf 83' lang='lat' dir='ltr'><strong>Pater</strong></span> <span class='ocrx_word' id='word_1_467' title='bbox 1488 5165 1628 5204; x_wconf 87' lang='lat' dir='ltr'><strong>meus</strong></span> <span class='ocrx_word' id='word_1_468' title='bbox 1651 5153 1737 5223; x_wconf 90' lang='lat' dir='ltr'><strong>qui</strong></span> <span class='ocrx_word' id='word_1_469' title='bbox 1763 5152 1816 5208; x_wconf 86' lang='lat' dir='ltr'><strong>in</strong></span> 
     </span>
    </p>
   </div>
   <div class='ocr_carea' id='block_1_51' title="bbox 173 5225 1813 5313">
    <p class='ocr_par' dir='ltr' id='par_1_51' title="bbox 173 5225 1813 5313">
     <span class='ocr_line' id='line_1_51' title="bbox 173 5225 1813 5313; baseline 0.005 -21"><span class='ocrx_word' id='word_1_470' title='bbox 173 5225 180 5236; x_wconf 79' lang='grc'><em>’</em></span> <span class='ocrx_word' id='word_1_471' title='bbox 226 5240 359 5293; x_wconf 77' lang='lat' dir='ltr'><strong>caelis</strong></span> <span class='ocrx_word' id='word_1_472' title='bbox 374 5249 446 5294; x_wconf 85' lang='lat' dir='ltr'><strong>est</strong></span> <span class='ocrx_word' id='word_1_473' title='bbox 463 5239 578 5312; x_wconf 77' lang='lat' dir='ltr'><strong>(td.</strong></span> <span class='ocrx_word' id='word_1_474' title='bbox 599 5255 707 5307; x_wconf 78' lang='lat' dir='ltr'><strong>xvi,</strong></span> <span class='ocrx_word' id='word_1_475' title='bbox 723 5237 833 5312; x_wconf 84' lang='lat' dir='ltr'><strong>l7).</strong></span> <span class='ocrx_word' id='word_1_476' title='bbox 847 5240 1180 5310; x_wconf 86' lang='lat' dir='ltr'><strong>Quapropter</strong></span> <span class='ocrx_word' id='word_1_477' title='bbox 1196 5251 1298 5294; x_wconf 91' lang='lat' dir='ltr'><strong>non</strong></span> <span class='ocrx_word' id='word_1_478' title='bbox 1312 5241 1441 5311; x_wconf 74' lang='lat' dir='ltr'><strong>jam,</strong></span> <span class='ocrx_word' id='word_1_479' title='bbox 1458 5250 1515 5296; x_wconf 92' lang='lat' dir='ltr'><strong>ut</strong></span> <span class='ocrx_word' id='word_1_480' title='bbox 1532 5243 1813 5313; x_wconf 87' lang='lat' dir='ltr'><strong>putabatis,</strong></span> 
     </span>
    </p>
   </div>
   <div class='ocr_carea' id='block_1_52' title="bbox 227 5330 1812 5405">
    <p class='ocr_par' dir='ltr' id='par_1_52' title="bbox 227 5330 1812 5405">
     <span class='ocr_line' id='line_1_52' title="bbox 227 5330 1812 5405; baseline 0.008 -23"><span class='ocrx_word' id='word_1_481' title='bbox 227 5343 402 5398; x_wconf 86' lang='lat' dir='ltr'><strong>unam,</strong></span> <span class='ocrx_word' id='word_1_482' title='bbox 426 5331 521 5387; x_wconf 87' lang='lat' dir='ltr'><strong>sed</strong></span> <span class='ocrx_word' id='word_1_483' title='bbox 544 5330 678 5387; x_wconf 87' lang='lat' dir='ltr'><strong>duas</strong></span> <span class='ocrx_word' id='word_1_484' title='bbox 698 5333 1018 5404; x_wconf 88' lang='lat' dir='ltr'><strong>easdemque</strong></span> <span class='ocrx_word' id='word_1_485' title='bbox 1041 5341 1185 5388; x_wconf 90' lang='lat' dir='ltr'><strong>ratas</strong></span> <span class='ocrx_word' id='word_1_486' title='bbox 1205 5332 1328 5389; x_wconf 83' lang='lat' dir='ltr'><strong>lidei</strong></span> <span class='ocrx_word' id='word_1_487' title='bbox 1353 5344 1812 5405; x_wconf 77' lang='lat' dir='ltr'><strong>partestenemus,</strong></span> 
     </span>
    </p>
   </div>
   <div class='ocr_carea' id='block_1_53' title="bbox 223 5423 1817 5499">
    <p class='ocr_par' dir='ltr' id='par_1_53' title="bbox 223 5423 1817 5499">
     <span class='ocr_line' id='line_1_53' title="bbox 223 5423 1817 5499; baseline 0.007 -25"><span class='ocrx_word' id='word_1_488' title='bbox 223 5430 278 5475; x_wconf 83' lang='lat' dir='ltr'><strong>et</strong></span> <span class='ocrx_word' id='word_1_489' title='bbox 291 5423 342 5476; x_wconf 88' lang='lat' dir='ltr'><strong>in</strong></span> <span class='ocrx_word' id='word_1_490' title='bbox 362 5433 588 5494; x_wconf 91' lang='lat' dir='ltr'><strong>utraque</strong></span> <span class='ocrx_word' id='word_1_491' title='bbox 602 5425 802 5493; x_wconf 88' lang='lat' dir='ltr'><strong>pariter</strong></span> <span class='ocrx_word' id='word_1_492' title='bbox 811 5424 950 5481; x_wconf 90' lang='lat' dir='ltr'><strong>beati</strong></span> <span class='ocrx_word' id='word_1_493' title='bbox 967 5425 1300 5496; x_wconf 87' lang='lat' dir='ltr'><strong>appellamur</strong></span> <span class='ocrx_word' id='word_1_494' title='bbox 1315 5441 1344 5481; x_wconf 89' lang='lat' dir='ltr'><strong>a</strong></span> <span class='ocrx_word' id='word_1_495' title='bbox 1360 5426 1595 5494; x_wconf 90' lang='lat' dir='ltr'><strong>Christo,</strong></span> <span class='ocrx_word' id='word_1_496' title='bbox 1611 5429 1729 5499; x_wconf 90' lang='lat' dir='ltr'><strong>quia</strong></span> <span class='ocrx_word' id='word_1_497' title='bbox 1745 5430 1817 5484; x_wconf 58' lang='lat' dir='ltr'><strong>al.</strong></span> 
     </span>
    </p>
   </div>
   <div class='ocr_carea' id='block_1_54' title="bbox 225 5516 1814 5588">
    <p class='ocr_par' dir='ltr' id='par_1_54' title="bbox 225 5516 1814 5588">
     <span class='ocr_line' id='line_1_54' title="bbox 225 5516 1814 5588; baseline 0.005 -20"><span class='ocrx_word' id='word_1_498' title='bbox 225 5519 390 5569; x_wconf 86' lang='lat' dir='ltr'><strong>teram</strong></span> <span class='ocrx_word' id='word_1_499' title='bbox 417 5529 604 5570; x_wconf 87' lang='lat' dir='ltr'><strong>earum</strong></span> <span class='ocrx_word' id='word_1_500' title='bbox 636 5516 886 5585; x_wconf 85' lang='lat' dir='ltr'><strong>operibus</strong></span> <span class='ocrx_word' id='word_1_501' title='bbox 919 5525 1262 5588; x_wconf 84' lang='lat' dir='ltr'><strong>exercentes,</strong></span> <span class='ocrx_word' id='word_1_502' title='bbox 1293 5519 1513 5575; x_wconf 88' lang='lat' dir='ltr'><strong>alteram</strong></span> <span class='ocrx_word' id='word_1_503' title='bbox 1544 5519 1660 5576; x_wconf 88' lang='lat' dir='ltr'><strong>sine</strong></span> <span class='ocrx_word' id='word_1_504' title='bbox 1696 5520 1814 5576; x_wconf 88' lang='lat' dir='ltr'><strong>bla-</strong></span> 
     </span>
    </p>
   </div>
   <div class='ocr_carea' id='block_1_55' title="bbox 223 5604 871 5678">
    <p class='ocr_par' dir='ltr' id='par_1_55' title="bbox 223 5604 871 5678">
     <span class='ocr_line' id='line_1_55' title="bbox 223 5604 871 5678; baseline 0.006 -20"><span class='ocrx_word' id='word_1_505' title='bbox 223 5604 462 5673; x_wconf 76' lang='lat' dir='ltr'><strong>sphemia</strong></span> <span class='ocrx_word' id='word_1_506' title='bbox 495 5607 871 5678; x_wconf 65' lang='lat' dir='ltr'><strong>praedicamus.</strong></span> 
     </span>
    </p>
   </div>
   <div class='ocr_carea' id='block_1_56' title="bbox 293 5696 1810 5776">
    <p class='ocr_par' dir='ltr' id='par_1_56' title="bbox 293 5696 1810 5776">
     <span class='ocr_line' id='line_1_56' title="bbox 293 5696 1810 5776; baseline 0.006 -24"><span class='ocrx_word' id='word_1_507' title='bbox 293 5696 520 5755; x_wconf 81' lang='lat' dir='ltr'><strong>CAPUT</strong></span> <span class='ocrx_word' id='word_1_508' title='bbox 552 5698 642 5753; x_wconf 84' lang='lat' dir='ltr'><strong>lV&#39;.</strong></span> <span class='ocrx_word' id='word_1_509' title='bbox 673 5730 744 5741; x_wconf 88' lang='lat'><strong>—-</strong></span> <span class='ocrx_word' id='word_1_510' title='bbox 772 5700 1100 5758; x_wconf 79' lang='lat' dir='ltr'><strong>Aecusrnvos</strong></span> <span class='ocrx_word' id='word_1_511' title='bbox 1143 5703 1417 5774; x_wconf 89' lang='lat' dir='ltr'><strong>respondit</strong></span> <span class='ocrx_word' id='word_1_512' title='bbox 1446 5719 1460 5758; x_wconf 90' lang='lat'><strong>:</strong></span> <span class='ocrx_word' id='word_1_513' title='bbox 1495 5702 1614 5759; x_wconf 86' lang='lat' dir='ltr'><strong>Jam</strong></span> <span class='ocrx_word' id='word_1_514' title='bbox 1653 5719 1810 5776; x_wconf 90' lang='lat' dir='ltr'><strong>supra</strong></span> 
     </span>
    </p>
   </div>
   <div class='ocr_carea' id='block_1_57' title="bbox 287 5809 1408 5876">
    <p class='ocr_par' dir='ltr' id='par_1_57' title="bbox 287 5809 1408 5876">
     <span class='ocr_line' id='line_1_57' title="bbox 287 5809 1408 5876; baseline 0.006 -17"><span class='ocrx_word' id='word_1_515' title='bbox 287 5809 305 5840; x_wconf 82' lang='grc'><strong>⁸</strong></span> <span class='ocrx_word' id='word_1_516' title='bbox 344 5816 462 5871; x_wconf 75' lang='lat' dir='ltr'><strong>Vox,</strong></span> <span class='ocrx_word' id='word_1_517' title='bbox 475 5809 672 5876; x_wconf 71' lang='lat' dir='ltr'><strong>spiritu,</strong></span> <span class='ocrx_word' id='word_1_518' title='bbox 695 5811 838 5876; x_wconf 75' lang='lat' dir='ltr'><strong>abest</strong></span> <span class='ocrx_word' id='word_1_519' title='bbox 849 5813 913 5863; x_wconf 87' lang='lat' dir='ltr'><strong>ab</strong></span> <span class='ocrx_word' id='word_1_520' title='bbox 927 5816 1152 5876; x_wconf 89' lang='lat' dir='ltr'><strong>omnibus</strong></span> <span class='ocrx_word' id='word_1_521' title='bbox 1169 5815 1276 5865; x_wconf 86' lang='lat' dir='ltr'><strong>fere</strong></span> <span class='ocrx_word' id='word_1_522' title='bbox 1297 5821 1408 5866; x_wconf 71' lang='lat' dir='ltr'><strong>uss.</strong></span> 
     </span>
    </p>
   </div>
   <div class='ocr_carea' id='block_1_58' title="bbox 287 5873 1814 5939">
    <p class='ocr_par' dir='ltr' id='par_1_58' title="bbox 287 5873 1814 5939">
     <span class='ocr_line' id='line_1_58' title="bbox 287 5873 1814 5939; baseline 0.007 -20"><span class='ocrx_word' id='word_1_523' title='bbox 287 5881 305 5908; x_wconf 62' lang='grc' dir='ltr'>θ</span> <span class='ocrx_word' id='word_1_524' title='bbox 342 5878 450 5922; x_wconf 79' lang='lat' dir='ltr'><strong>Iov.</strong></span> <span class='ocrx_word' id='word_1_525' title='bbox 472 5873 692 5939; x_wconf 43' lang='lat' dir='ltr'><strong>{habere</strong></span> <span class='ocrx_word' id='word_1_526' title='bbox 713 5873 1084 5939; x_wconf 69' lang='lat' dir='ltr'><strong>probauerimus.</strong></span> <span class='ocrx_word' id='word_1_527' title='bbox 1122 5877 1242 5928; x_wconf 79' lang='lat' dir='ltr'><strong>Editi</strong></span> <span class='ocrx_word' id='word_1_528' title='bbox 1274 5876 1356 5928; x_wconf 85' lang='lat' dir='ltr'><strong>aht</strong></span> <span class='ocrx_word' id='word_1_529' title='bbox 1396 5882 1450 5929; x_wconf 83' lang='lat' dir='ltr'><strong>et</strong></span> <span class='ocrx_word' id='word_1_530' title='bbox 1490 5883 1599 5929; x_wconf 73' lang='lat' dir='ltr'><strong>Mss.</strong></span> <span class='ocrx_word' id='word_1_531' title='bbox 1643 5885 1814 5930; x_wconf 74' lang='lat' dir='ltr'><strong>carent</strong></span> 
     </span>
    </p>
   </div>
   <div class='ocr_carea' id='block_1_59' title="bbox 226 5937 613 5993">
    <p class='ocr_par' dir='ltr' id='par_1_59' title="bbox 226 5937 613 5993">
     <span class='ocr_line' id='line_1_59' title="bbox 226 5937 613 5993; baseline -0.008 -6"><span class='ocrx_word' id='word_1_532' title='bbox 226 5941 400 5993; x_wconf 81' lang='lat' dir='ltr'><strong>verno.</strong></span> <span class='ocrx_word' id='word_1_533' title='bbox 415 5937 613 5987; x_wconf 72' lang='lat' dir='ltr'><strong>habere.</strong></span> 
     </span>
    </p>
   </div>
   <div class='ocr_carea' id='block_1_60' title="bbox 1553 429 2099 500">
    <p class='ocr_par' dir='ltr' id='par_1_60' title="bbox 1553 429 2099 500">
     <span class='ocr_line' id='line_1_60' title="bbox 1553 429 2099 500; baseline -0.002 -12"><span class='ocrx_word' id='word_1_534' title='bbox 1553 429 1753 488; x_wconf 78' lang='lat' dir='ltr'><strong>LIBER</strong></span> <span class='ocrx_word' id='word_1_535' title='bbox 1783 429 2099 500; x_wconf 82' lang='lat' dir='ltr'><strong>QUINTUS.</strong></span> 
     </span>
    </p>
   </div>
   <div class='ocr_carea' id='block_1_61' title="bbox 216 543 1836 622">
    <p class='ocr_par' dir='ltr' id='par_1_61' title="bbox 216 543 1836 622">
     <span class='ocr_line' id='line_1_61' title="bbox 216 543 1836 622; baseline -0.006 -12"><span class='ocrx_word' id='word_1_536' title='bbox 216 551 467 611; x_wconf 71' lang='lat' dir='ltr'><strong>inmerito</strong></span> <span class='ocrx_word' id='word_1_537' title='bbox 484 549 638 622; x_wconf 80' lang='lat' dir='ltr'><strong>plebs</strong></span> <span class='ocrx_word' id='word_1_538' title='bbox 662 547 730 605; x_wconf 88' lang='lat' dir='ltr'><strong>ad</strong></span> <span class='ocrx_word' id='word_1_539' title='bbox 751 555 804 605; x_wconf 88' lang='lat' dir='ltr'><strong>te</strong></span> <span class='ocrx_word' id='word_1_540' title='bbox 825 546 1076 613; x_wconf 78' lang='lat' dir='ltr'><strong>conﬂuit,</strong></span> <span class='ocrx_word' id='word_1_541' title='bbox 1106 560 1138 602; x_wconf 89' lang='lat' dir='ltr'><strong>a</strong></span> <span class='ocrx_word' id='word_1_542' title='bbox 1166 559 1254 602; x_wconf 91' lang='lat' dir='ltr'><strong>me</strong></span> <span class='ocrx_word' id='word_1_543' title='bbox 1276 543 1506 617; x_wconf 84' lang='lat' dir='ltr'><strong>refugit,</strong></span> <span class='ocrx_word' id='word_1_544' title='bbox 1533 544 1786 601; x_wconf 88' lang='lat' dir='ltr'><strong>nesciens</strong></span> <span class='ocrx_word' id='word_1_545' title='bbox 1833 616 1836 618; x_wconf 12' lang='grc' dir='ltr'>γ</span> 
     </span>
    </p>
   </div>
   <div class='ocr_carea' id='block_1_62' title="bbox 3373 441 3481 500">
    <p class='ocr_par' dir='ltr' id='par_1_62' title="bbox 3373 441 3481 500">
     <span class='ocr_line' id='line_1_62' title="bbox 3373 441 3481 500; baseline 0 0"><span class='ocrx_word' id='word_1_546' title='bbox 3373 441 3481 500; x_wconf 67' lang='grc'><strong>222</strong></span> 
     </span>
    </p>
   </div>
   <div class='ocr_carea' id='block_1_63' title="bbox 1900 545 3478 619">
    <p class='ocr_par' dir='ltr' id='par_1_63' title="bbox 1900 545 3478 619">
     <span class='ocr_line' id='line_1_63' title="bbox 1900 545 3478 619; baseline 0.007 -18"><span class='ocrx_word' id='word_1_547' title='bbox 1900 545 2332 616; x_wconf 84' lang='lat' dir='ltr'><strong>commemoravi,</strong></span> <span class='ocrx_word' id='word_1_548' title='bbox 2352 561 2510 619; x_wconf 88' lang='lat' dir='ltr'><strong>quam</strong></span> <span class='ocrx_word' id='word_1_549' title='bbox 2536 559 2678 619; x_wconf 70' lang='lat' dir='ltr'><strong>smpe</strong></span> <span class='ocrx_word' id='word_1_550' title='bbox 2705 561 2762 604; x_wconf 93' lang='lat' dir='ltr'><strong>se</strong></span> <span class='ocrx_word' id='word_1_551' title='bbox 2784 548 3035 606; x_wconf 88' lang='lat' dir='ltr'><strong>Dominus</strong></span> <span class='ocrx_word' id='word_1_552' title='bbox 3060 548 3212 608; x_wconf 86' lang='lat' dir='ltr'><strong>Jesus</strong></span> <span class='ocrx_word' id='word_1_553' title='bbox 3235 549 3478 612; x_wconf 87' lang='lat' dir='ltr'><strong>Christus</strong></span> 
     </span>
    </p>
   </div>
   <div class='ocr_carea' id='block_1_64' title="bbox 1896 636 3478 711">
    <p class='ocr_par' dir='ltr' id='par_1_64' title="bbox 1896 636 3478 711">
     <span class='ocr_line' id='line_1_64' title="bbox 1896 636 3478 711; baseline 0.007 -19"><span class='ocrx_word' id='word_1_554' title='bbox 1896 636 2061 693; x_wconf 84' lang='lat' dir='ltr'><strong>filium</strong></span> <span class='ocrx_word' id='word_1_555' title='bbox 2088 638 2317 694; x_wconf 89' lang='lat' dir='ltr'><strong>hominis</strong></span> <span class='ocrx_word' id='word_1_556' title='bbox 2343 639 2515 708; x_wconf 91' lang='lat' dir='ltr'><strong>dicat,</strong></span> <span class='ocrx_word' id='word_1_557' title='bbox 2546 648 2599 696; x_wconf 86' lang='lat' dir='ltr'><strong>et</strong></span> <span class='ocrx_word' id='word_1_558' title='bbox 2628 647 2822 711; x_wconf 88' lang='lat' dir='ltr'><strong>quanta</strong></span> <span class='ocrx_word' id='word_1_559' title='bbox 2849 641 3082 698; x_wconf 85' lang='lat' dir='ltr'><strong>vanitate</strong></span> <span class='ocrx_word' id='word_1_560' title='bbox 3106 641 3378 700; x_wconf 76' lang='lat' dir='ltr'><strong>Manichzei</strong></span> <span class='ocrx_word' id='word_1_561' title='bbox 3403 644 3478 703; x_wconf 79' lang='lat' dir='ltr'><strong>fa-</strong></span> 
     </span>
    </p>
   </div>
   <div class='ocr_carea' id='block_1_65' title="bbox 1897 729 3482 807">
    <p class='ocr_par' dir='ltr' id='par_1_65' title="bbox 1897 729 3482 807">
     <span class='ocr_line' id='line_1_65' title="bbox 1897 729 3482 807; baseline 0.006 -24"><span class='ocrx_word' id='word_1_562' title='bbox 1897 729 2074 784; x_wconf 88' lang='lat' dir='ltr'><strong>bulam</strong></span> <span class='ocrx_word' id='word_1_563' title='bbox 2094 731 2305 806; x_wconf 83' lang='lat' dir='ltr'><strong>nefandi</strong></span> <span class='ocrx_word' id='word_1_564' title='bbox 2328 732 2407 786; x_wconf 90' lang='lat' dir='ltr'><strong>sui</strong></span> <span class='ocrx_word' id='word_1_565' title='bbox 2423 734 2620 788; x_wconf 88' lang='lat' dir='ltr'><strong>erroris</strong></span> <span class='ocrx_word' id='word_1_566' title='bbox 2642 731 2909 801; x_wconf 87' lang='lat' dir='ltr'><strong>inducant,</strong></span> <span class='ocrx_word' id='word_1_567' title='bbox 2931 732 2998 789; x_wconf 86' lang='lat' dir='ltr'><strong>de</strong></span> <span class='ocrx_word' id='word_1_568' title='bbox 3015 734 3195 790; x_wconf 85' lang='lat' dir='ltr'><strong>nescio</strong></span> <span class='ocrx_word' id='word_1_569' title='bbox 3216 752 3319 807; x_wconf 91' lang='lat' dir='ltr'><strong>quo</strong></span> <span class='ocrx_word' id='word_1_570' title='bbox 3340 752 3482 793; x_wconf 88' lang='lat' dir='ltr'><strong>com-</strong></span> 
     </span>
    </p>
   </div>
   <div class='ocr_carea' id='block_1_66' title="bbox 1897 821 3480 895">
    <p class='ocr_par' dir='ltr' id='par_1_66' title="bbox 1897 821 3480 895">
     <span class='ocr_line' id='line_1_66' title="bbox 1897 821 3480 895; baseline 0.004 -19"><span class='ocrx_word' id='word_1_571' title='bbox 1897 821 2139 877; x_wconf 89' lang='lat' dir='ltr'><strong>mentitio</strong></span> <span class='ocrx_word' id='word_1_572' title='bbox 2165 822 2336 892; x_wconf 90' lang='lat' dir='ltr'><strong>primo</strong></span> <span class='ocrx_word' id='word_1_573' title='bbox 2361 821 2596 893; x_wconf 87' lang='lat' dir='ltr'><strong>homine,</strong></span> <span class='ocrx_word' id='word_1_574' title='bbox 2625 841 2782 895; x_wconf 88' lang='lat' dir='ltr'><strong>quem</strong></span> <span class='ocrx_word' id='word_1_575' title='bbox 2811 841 2914 880; x_wconf 93' lang='lat' dir='ltr'><strong>non</strong></span> <span class='ocrx_word' id='word_1_576' title='bbox 2944 833 3232 894; x_wconf 89' lang='lat' dir='ltr'><strong>terrenum,</strong></span> <span class='ocrx_word' id='word_1_577' title='bbox 3257 827 3348 882; x_wconf 87' lang='lat' dir='ltr'><strong>sed</strong></span> <span class='ocrx_word' id='word_1_578' title='bbox 3380 827 3480 882; x_wconf 80' lang='lat' dir='ltr'><strong>fal-</strong></span> 
     </span>
    </p>
   </div>
   <div class='ocr_carea' id='block_1_67' title="bbox 1897 913 3477 988">
    <p class='ocr_par' dir='ltr' id='par_1_67' title="bbox 1897 913 3477 988">
     <span class='ocr_line' id='line_1_67' title="bbox 1897 913 3477 988; baseline 0.003 -20"><span class='ocrx_word' id='word_1_579' title='bbox 1897 913 2101 970; x_wconf 87' lang='lat' dir='ltr'><strong>lacibus</strong></span> <span class='ocrx_word' id='word_1_580' title='bbox 2131 913 2406 970; x_wconf 85' lang='lat' dir='ltr'><strong>elementis</strong></span> <span class='ocrx_word' id='word_1_581' title='bbox 2435 915 2675 970; x_wconf 88' lang='lat' dir='ltr'><strong>indutum</strong></span> <span class='ocrx_word' id='word_1_582' title='bbox 2697 960 2709 982; x_wconf 94' lang='lat'><strong>,</strong></span> <span class='ocrx_word' id='word_1_583' title='bbox 2742 927 2925 972; x_wconf 90' lang='lat' dir='ltr'><strong>contra</strong></span> <span class='ocrx_word' id='word_1_584' title='bbox 2955 917 3263 988; x_wconf 80' lang='lat' dir='ltr'><strong>Apestolum</strong></span> <span class='ocrx_word' id='word_1_585' title='bbox 3287 918 3477 988; x_wconf 84' lang='lat' dir='ltr'><strong>praedi-</strong></span> 
     </span>
    </p>
   </div>
   <div class='ocr_carea' id='block_1_68' title="bbox 1897 1005 3478 1082">
    <p class='ocr_par' dir='ltr' id='par_1_68' title="bbox 1897 1005 3478 1082">
     <span class='ocr_line' id='line_1_68' title="bbox 1897 1005 3478 1082; baseline 0.004 -21"><span class='ocrx_word' id='word_1_586' title='bbox 1897 1013 2023 1062; x_wconf 83' lang='lat' dir='ltr'><strong>cant</strong></span> <span class='ocrx_word' id='word_1_587' title='bbox 2057 1005 2320 1062; x_wconf 83' lang='lat' dir='ltr'><strong>dicentem</strong></span> <span class='ocrx_word' id='word_1_588' title='bbox 2341 1049 2354 1074; x_wconf 95' lang='lat'><strong>,</strong></span> <span class='ocrx_word' id='word_1_589' title='bbox 2389 1006 2594 1063; x_wconf 86' lang='lat' dir='ltr'><strong>Primus</strong></span> <span class='ocrx_word' id='word_1_590' title='bbox 2621 1009 2768 1062; x_wconf 88' lang='lat' dir='ltr'><strong>homo</strong></span> <span class='ocrx_word' id='word_1_591' title='bbox 2794 1009 2855 1064; x_wconf 91' lang='lat' dir='ltr'><strong>de</strong></span> <span class='ocrx_word' id='word_1_592' title='bbox 2881 1019 3014 1064; x_wconf 85' lang='lat' dir='ltr'><strong>terra</strong></span> <span class='ocrx_word' id='word_1_593' title='bbox 3041 1021 3265 1066; x_wconf 84' lang='lat' dir='ltr'><strong>terrenus</strong></span> <span class='ocrx_word' id='word_1_594' title='bbox 3292 1010 3332 1082; x_wconf 88' lang='lat' dir='ltr'><strong>(l</strong></span> <span class='ocrx_word' id='word_1_595' title='bbox 3359 1011 3478 1067; x_wconf 86' lang='lat' dir='ltr'><strong>Cor.</strong></span> 
     </span>
    </p>
   </div>
   <div class='ocr_carea' id='block_1_69' title="bbox 1895 1099 3481 1174">
    <p class='ocr_par' dir='ltr' id='par_1_69' title="bbox 1895 1099 3481 1174">
     <span class='ocr_line' id='line_1_69' title="bbox 1895 1099 3481 1174; baseline 0.003 -20"><span class='ocrx_word' id='word_1_596' title='bbox 1895 1115 1986 1167; x_wconf 79' lang='lat' dir='ltr'><strong>xv,</strong></span> <span class='ocrx_word' id='word_1_597' title='bbox 2009 1099 2102 1172; x_wconf 72' lang='grc'><strong>47)</strong></span> <span class='ocrx_word' id='word_1_598' title='bbox 2142 1118 2155 1154; x_wconf 90' lang='lat'><strong>:</strong></span> <span class='ocrx_word' id='word_1_599' title='bbox 2187 1107 2242 1154; x_wconf 86' lang='lat' dir='ltr'><strong>et</strong></span> <span class='ocrx_word' id='word_1_600' title='bbox 2265 1105 2459 1170; x_wconf 88' lang='lat' dir='ltr'><strong>quanta</strong></span> <span class='ocrx_word' id='word_1_601' title='bbox 2484 1115 2610 1154; x_wconf 89' lang='lat' dir='ltr'><strong>cura</strong></span> <span class='ocrx_word' id='word_1_602' title='bbox 2633 1115 2728 1155; x_wconf 91' lang='lat' dir='ltr'><strong>nos</strong></span> <span class='ocrx_word' id='word_1_603' title='bbox 2755 1101 2891 1156; x_wconf 87' lang='lat' dir='ltr'><strong>idem</strong></span> <span class='ocrx_word' id='word_1_604' title='bbox 2922 1103 3184 1157; x_wconf 88' lang='lat' dir='ltr'><strong>monuerit</strong></span> <span class='ocrx_word' id='word_1_605' title='bbox 3210 1103 3481 1174; x_wconf 86' lang='lat' dir='ltr'><strong>apostolus</strong></span> 
     </span>
    </p>
   </div>
   <div class='ocr_carea' id='block_1_70' title="bbox 1897 1189 3483 1265">
    <p class='ocr_par' dir='ltr' id='par_1_70' title="bbox 1897 1189 3483 1265">
     <span class='ocr_line' id='line_1_70' title="bbox 1897 1189 3483 1265; baseline 0.001 -19"><span class='ocrx_word' id='word_1_606' title='bbox 1897 1190 2101 1260; x_wconf 87' lang='lat' dir='ltr'><strong>dicens,</strong></span> <span class='ocrx_word' id='word_1_607' title='bbox 2124 1189 2184 1247; x_wconf 87' lang='lat' dir='ltr'><strong>Si</strong></span> <span class='ocrx_word' id='word_1_608' title='bbox 2202 1192 2314 1263; x_wconf 87' lang='lat' dir='ltr'><strong>quis</strong></span> <span class='ocrx_word' id='word_1_609' title='bbox 2333 1192 2469 1246; x_wconf 85' lang='lat' dir='ltr'><strong>vobis</strong></span> <span class='ocrx_word' id='word_1_610' title='bbox 2491 1192 2861 1247; x_wconf 81' lang='lat' dir='ltr'><strong>annuntiaverit</strong></span> <span class='ocrx_word' id='word_1_611' title='bbox 2889 1205 3219 1265; x_wconf 78' lang='lat' dir='ltr'><strong>prteterquam</strong></span> <span class='ocrx_word' id='word_1_612' title='bbox 3238 1195 3371 1265; x_wconf 85' lang='lat' dir='ltr'><strong>quod</strong></span> <span class='ocrx_word' id='word_1_613' title='bbox 3389 1212 3483 1248; x_wconf 90' lang='lat' dir='ltr'><strong>an-</strong></span> 
     </span>
    </p>
   </div>
   <div class='ocr_carea' id='block_1_71' title="bbox 1898 1280 3482 1355">
    <p class='ocr_par' dir='ltr' id='par_1_71' title="bbox 1898 1280 3482 1355">
     <span class='ocr_line' id='line_1_71' title="bbox 1898 1280 3482 1355; baseline 0.001 -18"><span class='ocrx_word' id='word_1_614' title='bbox 1898 1283 2234 1337; x_wconf 87' lang='lat' dir='ltr'><strong>nuntiavimus</strong></span> <span class='ocrx_word' id='word_1_615' title='bbox 2259 1282 2394 1337; x_wconf 87' lang='lat' dir='ltr'><strong>vobis</strong></span> <span class='ocrx_word' id='word_1_616' title='bbox 2414 1325 2428 1350; x_wconf 91' lang='lat'><strong>,</strong></span> <span class='ocrx_word' id='word_1_617' title='bbox 2461 1283 2728 1336; x_wconf 85' lang='lat' dir='ltr'><strong>anathema</strong></span> <span class='ocrx_word' id='word_1_618' title='bbox 2748 1283 2810 1336; x_wconf 83' lang='lat' dir='ltr'><strong>sit</strong></span> <span class='ocrx_word' id='word_1_619' title='bbox 2836 1280 3028 1355; x_wconf 84' lang='lat' dir='ltr'><strong>(Galat.</strong></span> <span class='ocrx_word' id='word_1_620' title='bbox 3059 1299 3107 1350; x_wconf 88' lang='lat' dir='ltr'><strong>t,</strong></span> <span class='ocrx_word' id='word_1_621' title='bbox 3136 1283 3168 1338; x_wconf 93' lang='lat'>8</span> <span class='ocrx_word' id='word_1_622' title='bbox 3190 1325 3204 1350; x_wconf 91' lang='lat'><strong>,</strong></span> <span class='ocrx_word' id='word_1_623' title='bbox 3233 1284 3312 1354; x_wconf 91' lang='lat'><strong>9).</strong></span> <span class='ocrx_word' id='word_1_624' title='bbox 3341 1283 3482 1351; x_wconf 83' lang='lat' dir='ltr'><strong>Qua-</strong></span> 
     </span>
    </p>
   </div>
   <div class='ocr_carea' id='block_1_72' title="bbox 1899 1365 3482 1447">
    <p class='ocr_par' dir='ltr' id='par_1_72' title="bbox 1899 1365 3482 1447">
     <span class='ocr_line' id='line_1_72' title="bbox 1899 1365 3482 1447; baseline 0.001 -17"><span class='ocrx_word' id='word_1_625' title='bbox 1899 1383 2117 1447; x_wconf 80' lang='lat' dir='ltr'><strong>propter</strong></span> <span class='ocrx_word' id='word_1_626' title='bbox 2146 1385 2307 1431; x_wconf 89' lang='lat' dir='ltr'><strong>restat</strong></span> <span class='ocrx_word' id='word_1_627' title='bbox 2333 1383 2390 1430; x_wconf 90' lang='lat' dir='ltr'><strong>ut</strong></span> <span class='ocrx_word' id='word_1_628' title='bbox 2419 1365 2582 1430; x_wconf 81' lang='lat' dir='ltr'><strong>lilium</strong></span> <span class='ocrx_word' id='word_1_629' title='bbox 2618 1375 2844 1431; x_wconf 87' lang='lat' dir='ltr'><strong>hominis</strong></span> <span class='ocrx_word' id='word_1_630' title='bbox 2881 1375 3150 1431; x_wconf 90' lang='lat' dir='ltr'><strong>Christum</strong></span> <span class='ocrx_word' id='word_1_631' title='bbox 3195 1377 3264 1432; x_wconf 84' lang='lat' dir='ltr'><strong>ita</strong></span> <span class='ocrx_word' id='word_1_632' title='bbox 3292 1376 3482 1432; x_wconf 87' lang='lat' dir='ltr'><strong>creda-</strong></span> 
     </span>
    </p>
   </div>
   <div class='ocr_carea' id='block_1_73' title="bbox 1901 1467 3484 1540">
    <p class='ocr_par' dir='ltr' id='par_1_73' title="bbox 1901 1467 3484 1540">
     <span class='ocr_line' id='line_1_73' title="bbox 1901 1467 3484 1540; baseline 0.001 -17"><span class='ocrx_word' id='word_1_633' title='bbox 1901 1484 2018 1524; x_wconf 91' lang='lat' dir='ltr'><strong>mus</strong></span> <span class='ocrx_word' id='word_1_634' title='bbox 2039 1511 2053 1537; x_wconf 94' lang='lat'><strong>,</strong></span> <span class='ocrx_word' id='word_1_635' title='bbox 2085 1467 2221 1525; x_wconf 88' lang='lat' dir='ltr'><strong>sicut</strong></span> <span class='ocrx_word' id='word_1_636' title='bbox 2257 1470 2545 1540; x_wconf 89' lang='lat' dir='ltr'><strong>apostolica</strong></span> <span class='ocrx_word' id='word_1_637' title='bbox 2583 1471 2805 1525; x_wconf 83' lang='lat' dir='ltr'><strong>veritate</strong></span> <span class='ocrx_word' id='word_1_638' title='bbox 2832 1467 3180 1538; x_wconf 84' lang='lat' dir='ltr'><strong>praedicatur,</strong></span> <span class='ocrx_word' id='word_1_639' title='bbox 3213 1485 3317 1524; x_wconf 91' lang='lat' dir='ltr'><strong>non</strong></span> <span class='ocrx_word' id='word_1_640' title='bbox 3345 1469 3484 1525; x_wconf 90' lang='lat' dir='ltr'><strong>sicut</strong></span> 
     </span>
    </p>
   </div>
   <div class='ocr_carea' id='block_1_74' title="bbox 1901 1559 3485 1634">
    <p class='ocr_par' dir='ltr' id='par_1_74' title="bbox 1901 1559 3485 1634">
     <span class='ocr_line' id='line_1_74' title="bbox 1901 1559 3485 1634; baseline 0.001 -18"><span class='ocrx_word' id='word_1_641' title='bbox 1901 1561 2316 1617; x_wconf 62' lang='lat' dir='ltr'><strong>Manichaeorum</strong></span> <span class='ocrx_word' id='word_1_642' title='bbox 2356 1562 2583 1618; x_wconf 87' lang='lat' dir='ltr'><strong>falsitate</strong></span> <span class='ocrx_word' id='word_1_643' title='bbox 2631 1559 2968 1633; x_wconf 81' lang='lat' dir='ltr'><strong>confingitur.</strong></span> <span class='ocrx_word' id='word_1_644' title='bbox 3001 1561 3132 1618; x_wconf 89' lang='lat' dir='ltr'><strong>Cum</strong></span> <span class='ocrx_word' id='word_1_645' title='bbox 3177 1564 3333 1634; x_wconf 83' lang='lat' dir='ltr'><strong>igitur</strong></span> <span class='ocrx_word' id='word_1_646' title='bbox 3363 1578 3485 1619; x_wconf 91' lang='lat' dir='ltr'><strong>eum</strong></span> 
     </span>
    </p>
   </div>
   <div class='ocr_carea' id='block_1_75' title="bbox 1902 1649 3486 1726">
    <p class='ocr_par' dir='ltr' id='par_1_75' title="bbox 1902 1649 3486 1726">
     <span class='ocr_line' id='line_1_75' title="bbox 1902 1649 3486 1726; baseline 0 -17"><span class='ocrx_word' id='word_1_647' title='bbox 1902 1653 2254 1726; x_wconf 75' lang='lat' dir='ltr'><strong>Evangelista:</strong></span> <span class='ocrx_word' id='word_1_648' title='bbox 2275 1656 2587 1711; x_wconf 89' lang='lat' dir='ltr'><strong>annuntient</strong></span> <span class='ocrx_word' id='word_1_649' title='bbox 2607 1663 2786 1710; x_wconf 89' lang='lat' dir='ltr'><strong>natum</strong></span> <span class='ocrx_word' id='word_1_650' title='bbox 2815 1672 2877 1710; x_wconf 84' lang='lat' dir='ltr'><strong>ex</strong></span> <span class='ocrx_word' id='word_1_651' title='bbox 2901 1649 3095 1709; x_wconf 82' lang='lat' dir='ltr'><strong>femina</strong></span> <span class='ocrx_word' id='word_1_652' title='bbox 3118 1654 3186 1710; x_wconf 90' lang='lat' dir='ltr'><strong>de</strong></span> <span class='ocrx_word' id='word_1_653' title='bbox 3209 1655 3366 1710; x_wconf 88' lang='lat' dir='ltr'><strong>domo</strong></span> <span class='ocrx_word' id='word_1_654' title='bbox 3386 1656 3486 1710; x_wconf 87' lang='lat' dir='ltr'><strong>Da-</strong></span> 
     </span>
    </p>
   </div>
   <div class='ocr_carea' id='block_1_76' title="bbox 1902 1747 3484 1818">
    <p class='ocr_par' dir='ltr' id='par_1_76' title="bbox 1902 1747 3484 1818">
     <span class='ocr_line' id='line_1_76' title="bbox 1902 1747 3484 1818; baseline 0.001 -17"><span class='ocrx_word' id='word_1_655' title='bbox 1902 1747 1988 1802; x_wconf 86' lang='lat' dir='ltr'><strong>vid</strong></span> <span class='ocrx_word' id='word_1_656' title='bbox 2011 1790 2026 1814; x_wconf 88' lang='lat'><strong>,</strong></span> <span class='ocrx_word' id='word_1_657' title='bbox 2058 1747 2159 1804; x_wconf 89' lang='lat' dir='ltr'><strong>hoc</strong></span> <span class='ocrx_word' id='word_1_658' title='bbox 2185 1757 2299 1816; x_wconf 88' lang='lat' dir='ltr'><strong>est,</strong></span> <span class='ocrx_word' id='word_1_659' title='bbox 2329 1748 2394 1804; x_wconf 89' lang='lat' dir='ltr'><strong>de</strong></span> <span class='ocrx_word' id='word_1_660' title='bbox 2424 1747 2617 1803; x_wconf 83' lang='lat' dir='ltr'><strong>familia</strong></span> <span class='ocrx_word' id='word_1_661' title='bbox 2649 1747 2851 1816; x_wconf 85' lang='lat' dir='ltr'><strong>David;</strong></span> <span class='ocrx_word' id='word_1_662' title='bbox 2882 1748 3183 1818; x_wconf 82' lang='lat' dir='ltr'><strong>Paulusque</strong></span> <span class='ocrx_word' id='word_1_663' title='bbox 3208 1747 3272 1803; x_wconf 91' lang='lat' dir='ltr'><strong>ad</strong></span> <span class='ocrx_word' id='word_1_664' title='bbox 3305 1748 3484 1803; x_wconf 85' lang='lat' dir='ltr'><strong>Timo-</strong></span> 
     </span>
    </p>
   </div>
   <div class='ocr_carea' id='block_1_77' title="bbox 1906 1838 3487 1907">
    <p class='ocr_par' dir='ltr' id='par_1_77' title="bbox 1906 1838 3487 1907">
     <span class='ocr_line' id='line_1_77' title="bbox 1906 1838 3487 1907; baseline 0.001 -15"><span class='ocrx_word' id='word_1_665' title='bbox 1906 1838 2083 1893; x_wconf 86' lang='lat' dir='ltr'><strong>theum</strong></span> <span class='ocrx_word' id='word_1_666' title='bbox 2116 1839 2313 1894; x_wconf 86' lang='lat' dir='ltr'><strong>scribat</strong></span> <span class='ocrx_word' id='word_1_667' title='bbox 2338 1840 2542 1907; x_wconf 87' lang='lat' dir='ltr'><strong>dicens,</strong></span> <span class='ocrx_word' id='word_1_668' title='bbox 2573 1839 2771 1894; x_wconf 85' lang='lat' dir='ltr'><strong>Memor</strong></span> <span class='ocrx_word' id='word_1_669' title='bbox 2794 1850 2897 1896; x_wconf 89' lang='lat' dir='ltr'><strong>esto</strong></span> <span class='ocrx_word' id='word_1_670' title='bbox 2929 1839 3181 1895; x_wconf 86' lang='lat' dir='ltr'><strong>Christum</strong></span> <span class='ocrx_word' id='word_1_671' title='bbox 3206 1838 3384 1895; x_wconf 77' lang='lat' dir='ltr'><strong>Iesum</strong></span> <span class='ocrx_word' id='word_1_672' title='bbox 3404 1857 3487 1894; x_wconf 86' lang='lat' dir='ltr'><strong>re-</strong></span> 
     </span>
    </p>
   </div>
   <div class='ocr_carea' id='block_1_78' title="bbox 1901 1929 3493 1999">
    <p class='ocr_par' dir='ltr' id='par_1_78' title="bbox 1901 1929 3493 1999">
     <span class='ocr_line' id='line_1_78' title="bbox 1901 1929 3493 1999; baseline 0 -13"><span class='ocrx_word' id='word_1_673' title='bbox 1901 1931 2176 1986; x_wconf 70' lang='lat' dir='ltr'><strong>surrexisse</strong></span> <span class='ocrx_word' id='word_1_674' title='bbox 2204 1949 2235 1986; x_wconf 92' lang='lat' dir='ltr'><strong>a</strong></span> <span class='ocrx_word' id='word_1_675' title='bbox 2263 1933 2468 1986; x_wconf 84' lang='lat' dir='ltr'><strong>mortuis</strong></span> <span class='ocrx_word' id='word_1_676' title='bbox 2493 1947 2554 1986; x_wconf 74' lang='lat' dir='ltr'><strong>ea:</strong></span> <span class='ocrx_word' id='word_1_677' title='bbox 2581 1931 2767 1986; x_wconf 86' lang='lat' dir='ltr'><strong>semine</strong></span> <span class='ocrx_word' id='word_1_678' title='bbox 2790 1930 2988 1999; x_wconf 87' lang='lat' dir='ltr'><strong>David,</strong></span> <span class='ocrx_word' id='word_1_679' title='bbox 3025 1930 3298 1985; x_wconf 85' lang='lat' dir='ltr'><strong>secundum</strong></span> <span class='ocrx_word' id='word_1_680' title='bbox 3319 1929 3493 1986; x_wconf 87' lang='lat' dir='ltr'><strong>Evan-</strong></span> 
     </span>
    </p>
   </div>
   <div class='ocr_carea' id='block_1_79' title="bbox 1904 2020 3491 2096">
    <p class='ocr_par' dir='ltr' id='par_1_79' title="bbox 1904 2020 3491 2096">
     <span class='ocr_line' id='line_1_79' title="bbox 1904 2020 3491 2096; baseline 0.002 -21"><span class='ocrx_word' id='word_1_681' title='bbox 1904 2021 2091 2094; x_wconf 87' lang='lat' dir='ltr'><strong>gelium</strong></span> <span class='ocrx_word' id='word_1_682' title='bbox 2119 2039 2280 2077; x_wconf 86' lang='lat' dir='ltr'><strong>meum</strong></span> <span class='ocrx_word' id='word_1_683' title='bbox 2315 2022 2377 2095; x_wconf 92' lang='lat' dir='ltr'><strong>(ll</strong></span> <span class='ocrx_word' id='word_1_684' title='bbox 2405 2022 2538 2077; x_wconf 87' lang='lat' dir='ltr'><strong>Tim.</strong></span> <span class='ocrx_word' id='word_1_685' title='bbox 2571 2039 2606 2078; x_wconf 89' lang='lat' dir='ltr'><strong>tt</strong></span> <span class='ocrx_word' id='word_1_686' title='bbox 2629 2064 2641 2088; x_wconf 92' lang='lat'><strong>,</strong></span> <span class='ocrx_word' id='word_1_687' title='bbox 2682 2020 2738 2096; x_wconf 82' lang='grc'>8)</span> <span class='ocrx_word' id='word_1_688' title='bbox 2774 2040 2785 2074; x_wconf 92' lang='lat'>:</span> <span class='ocrx_word' id='word_1_689' title='bbox 2821 2023 2946 2078; x_wconf 87' lang='lat' dir='ltr'><strong>satis</strong></span> <span class='ocrx_word' id='word_1_690' title='bbox 2990 2032 3209 2095; x_wconf 85' lang='lat' dir='ltr'><strong>apparet</strong></span> <span class='ocrx_word' id='word_1_691' title='bbox 3234 2023 3491 2094; x_wconf 70' lang='lat' dir='ltr'><strong>quemad~</strong></span> 
     </span>
    </p>
   </div>
   <div class='ocr_carea' id='block_1_80' title="bbox 1905 2114 3490 2185">
    <p class='ocr_par' dir='ltr' id='par_1_80' title="bbox 1905 2114 3490 2185">
     <span class='ocr_line' id='line_1_80' title="bbox 1905 2114 3490 2185; baseline 0.001 -15"><span class='ocrx_word' id='word_1_692' title='bbox 1905 2115 2126 2171; x_wconf 91' lang='lat' dir='ltr'><strong>modum</strong></span> <span class='ocrx_word' id='word_1_693' title='bbox 2152 2114 2423 2171; x_wconf 88' lang='lat' dir='ltr'><strong>Christum</strong></span> <span class='ocrx_word' id='word_1_694' title='bbox 2461 2115 2624 2172; x_wconf 86' lang='lat' dir='ltr'><strong>lilium</strong></span> <span class='ocrx_word' id='word_1_695' title='bbox 2653 2115 2884 2171; x_wconf 87' lang='lat' dir='ltr'><strong>hominis</strong></span> <span class='ocrx_word' id='word_1_696' title='bbox 2918 2117 3138 2172; x_wconf 86' lang='lat' dir='ltr'><strong>credere</strong></span> <span class='ocrx_word' id='word_1_697' title='bbox 3162 2115 3450 2172; x_wconf 85' lang='lat' dir='ltr'><strong>debeamus</strong></span> <span class='ocrx_word' id='word_1_698' title='bbox 3473 2157 3490 2185; x_wconf 96' lang='lat'><strong>,</strong></span> 
     </span>
    </p>
   </div>
   <div class='ocr_carea' id='block_1_81' title="bbox 1907 2205 3495 2278">
    <p class='ocr_par' dir='ltr' id='par_1_81' title="bbox 1907 2205 3495 2278">
     <span class='ocr_line' id='line_1_81' title="bbox 1907 2205 3495 2278; baseline -0.001 -16"><span class='ocrx_word' id='word_1_699' title='bbox 1907 2207 1996 2277; x_wconf 89' lang='lat' dir='ltr'><strong>qui</strong></span> <span class='ocrx_word' id='word_1_700' title='bbox 2022 2205 2190 2263; x_wconf 85' lang='lat' dir='ltr'><strong>Filius</strong></span> <span class='ocrx_word' id='word_1_701' title='bbox 2218 2207 2310 2262; x_wconf 90' lang='lat' dir='ltr'><strong>Dei</strong></span> <span class='ocrx_word' id='word_1_702' title='bbox 2349 2223 2444 2277; x_wconf 89' lang='lat' dir='ltr'><strong>per</strong></span> <span class='ocrx_word' id='word_1_703' title='bbox 2464 2223 2621 2278; x_wconf 90' lang='lat' dir='ltr'><strong>quem</strong></span> <span class='ocrx_word' id='word_1_704' title='bbox 2647 2206 2771 2262; x_wconf 85' lang='lat' dir='ltr'><strong>facti</strong></span> <span class='ocrx_word' id='word_1_705' title='bbox 2798 2221 2980 2262; x_wconf 89' lang='lat' dir='ltr'><strong>sumus</strong></span> <span class='ocrx_word' id='word_1_706' title='bbox 3000 2250 3014 2274; x_wconf 96' lang='lat'><strong>,</strong></span> <span class='ocrx_word' id='word_1_707' title='bbox 3043 2208 3200 2262; x_wconf 89' lang='lat' dir='ltr'><strong>etiam</strong></span> <span class='ocrx_word' id='word_1_708' title='bbox 3227 2208 3364 2263; x_wconf 83' lang='lat' dir='ltr'><strong>ﬁlius</strong></span> <span class='ocrx_word' id='word_1_709' title='bbox 3399 2207 3495 2262; x_wconf 77' lang='lat' dir='ltr'><strong>ho-</strong></span> 
     </span>
    </p>
   </div>
   <div class='ocr_carea' id='block_1_82' title="bbox 1910 2297 3495 2369">
    <p class='ocr_par' dir='ltr' id='par_1_82' title="bbox 1910 2297 3495 2369">
     <span class='ocr_line' id='line_1_82' title="bbox 1910 2297 3495 2369; baseline -0.001 -15"><span class='ocrx_word' id='word_1_710' title='bbox 1910 2299 2068 2355; x_wconf 89' lang='lat' dir='ltr'><strong>minis</strong></span> <span class='ocrx_word' id='word_1_711' title='bbox 2091 2314 2186 2369; x_wconf 90' lang='lat' dir='ltr'><strong>per</strong></span> <span class='ocrx_word' id='word_1_712' title='bbox 2224 2300 2638 2368; x_wconf 88' lang='lat' dir='ltr'><strong>assumptioncm</strong></span> <span class='ocrx_word' id='word_1_713' title='bbox 2664 2297 2841 2353; x_wconf 87' lang='lat' dir='ltr'><strong>carnis</strong></span> <span class='ocrx_word' id='word_1_714' title='bbox 2873 2299 3040 2354; x_wconf 89' lang='lat' dir='ltr'><strong>factus</strong></span> <span class='ocrx_word' id='word_1_715' title='bbox 3066 2307 3182 2365; x_wconf 91' lang='lat' dir='ltr'><strong>est,</strong></span> <span class='ocrx_word' id='word_1_716' title='bbox 3217 2307 3272 2352; x_wconf 91' lang='lat' dir='ltr'><strong>ut</strong></span> <span class='ocrx_word' id='word_1_717' title='bbox 3312 2312 3495 2353; x_wconf 86' lang='lat' dir='ltr'><strong>more-</strong></span> 
     </span>
    </p>
   </div>
   <div class='ocr_carea' id='block_1_83' title="bbox 1909 2389 3498 2460">
    <p class='ocr_par' dir='ltr' id='par_1_83' title="bbox 1909 2389 3498 2460">
     <span class='ocr_line' id='line_1_83' title="bbox 1909 2389 3498 2460; baseline 0.001 -16"><span class='ocrx_word' id='word_1_718' title='bbox 1909 2396 2055 2444; x_wconf 87' lang='lat' dir='ltr'><strong>retur</strong></span> <span class='ocrx_word' id='word_1_719' title='bbox 2081 2399 2295 2460; x_wconf 82' lang='lat' dir='ltr'><strong>propter</strong></span> <span class='ocrx_word' id='word_1_720' title='bbox 2315 2389 2504 2445; x_wconf 88' lang='lat' dir='ltr'><strong>delicta</strong></span> <span class='ocrx_word' id='word_1_721' title='bbox 2527 2400 2705 2444; x_wconf 87' lang='lat' dir='ltr'><strong>nostra</strong></span> <span class='ocrx_word' id='word_1_722' title='bbox 2726 2432 2742 2456; x_wconf 93' lang='lat'><strong>,</strong></span> <span class='ocrx_word' id='word_1_723' title='bbox 2775 2396 2830 2444; x_wconf 87' lang='lat' dir='ltr'><strong>et</strong></span> <span class='ocrx_word' id='word_1_724' title='bbox 2853 2397 3156 2459; x_wconf 83' lang='lat' dir='ltr'><strong>resurgeret</strong></span> <span class='ocrx_word' id='word_1_725' title='bbox 3181 2398 3396 2460; x_wconf 88' lang='lat' dir='ltr'><strong>propter</strong></span> <span class='ocrx_word' id='word_1_726' title='bbox 3411 2389 3498 2459; x_wconf 87' lang='lat' dir='ltr'><strong>ju-</strong></span> 
     </span>
    </p>
   </div>
   <div class='ocr_carea' id='block_1_84' title="bbox 1909 2482 3499 2559">
    <p class='ocr_par' dir='ltr' id='par_1_84' title="bbox 1909 2482 3499 2559">
     <span class='ocr_line' id='line_1_84' title="bbox 1909 2482 3499 2559; baseline 0 -21"><span class='ocrx_word' id='word_1_727' title='bbox 1909 2483 2281 2539; x_wconf 87' lang='lat' dir='ltr'><strong>stilicationem</strong></span> <span class='ocrx_word' id='word_1_728' title='bbox 2299 2491 2534 2539; x_wconf 89' lang='lat' dir='ltr'><strong>nostram</strong></span> <span class='ocrx_word' id='word_1_729' title='bbox 2554 2482 2727 2556; x_wconf 86' lang='lat' dir='ltr'><strong>(Rom.</strong></span> <span class='ocrx_word' id='word_1_730' title='bbox 2746 2499 2819 2548; x_wconf 84' lang='lat' dir='ltr'><strong>tv,</strong></span> <span class='ocrx_word' id='word_1_731' title='bbox 2837 2482 2951 2555; x_wconf 67' lang='lat'><strong>25).</strong></span> <span class='ocrx_word' id='word_1_732' title='bbox 2971 2482 3200 2554; x_wconf 88' lang='lat' dir='ltr'><strong>Ideoque</strong></span> <span class='ocrx_word' id='word_1_733' title='bbox 3216 2493 3499 2559; x_wconf 84' lang='lat' dir='ltr'><strong>utrumque</strong></span> 
     </span>
    </p>
   </div>
   <div class='ocr_carea' id='block_1_85' title="bbox 1910 2574 3500 2646">
    <p class='ocr_par' dir='ltr' id='par_1_85' title="bbox 1910 2574 3500 2646">
     <span class='ocr_line' id='line_1_85' title="bbox 1910 2574 3500 2646; baseline -0.002 -14"><span class='ocrx_word' id='word_1_734' title='bbox 1910 2591 1970 2633; x_wconf 90' lang='lat' dir='ltr'><strong>se</strong></span> <span class='ocrx_word' id='word_1_735' title='bbox 2007 2577 2168 2642; x_wconf 88' lang='lat' dir='ltr'><strong>dicit,</strong></span> <span class='ocrx_word' id='word_1_736' title='bbox 2200 2587 2254 2633; x_wconf 89' lang='lat' dir='ltr'><strong>et</strong></span> <span class='ocrx_word' id='word_1_737' title='bbox 2289 2575 2480 2646; x_wconf 82' lang='lat' dir='ltr'><strong>Filium</strong></span> <span class='ocrx_word' id='word_1_738' title='bbox 2510 2576 2603 2632; x_wconf 89' lang='lat' dir='ltr'><strong>Dei</strong></span> <span class='ocrx_word' id='word_1_739' title='bbox 2625 2618 2640 2643; x_wconf 92' lang='lat'><strong>,</strong></span> <span class='ocrx_word' id='word_1_740' title='bbox 2671 2584 2725 2632; x_wconf 89' lang='lat' dir='ltr'><strong>et</strong></span> <span class='ocrx_word' id='word_1_741' title='bbox 2751 2575 2917 2631; x_wconf 76' lang='lat' dir='ltr'><strong>tilium</strong></span> <span class='ocrx_word' id='word_1_742' title='bbox 2958 2575 3208 2630; x_wconf 88' lang='lat' dir='ltr'><strong>hominis.</strong></span> <span class='ocrx_word' id='word_1_743' title='bbox 3250 2574 3404 2633; x_wconf 87' lang='lat' dir='ltr'><strong>Unde</strong></span> <span class='ocrx_word' id='word_1_744' title='bbox 3433 2590 3500 2630; x_wconf 89' lang='lat' dir='ltr'><strong>ne</strong></span> 
     </span>
    </p>
   </div>
   <div class='ocr_carea' id='block_1_86' title="bbox 1911 2668 3497 2741">
    <p class='ocr_par' dir='ltr' id='par_1_86' title="bbox 1911 2668 3497 2741">
     <span class='ocr_line' id='line_1_86' title="bbox 1911 2668 3497 2741; baseline 0.001 -19"><span class='ocrx_word' id='word_1_745' title='bbox 1911 2683 2127 2740; x_wconf 84' lang='lat' dir='ltr'><strong>pergam</strong></span> <span class='ocrx_word' id='word_1_746' title='bbox 2156 2683 2249 2740; x_wconf 89' lang='lat' dir='ltr'><strong>per</strong></span> <span class='ocrx_word' id='word_1_747' title='bbox 2271 2669 2520 2741; x_wconf 88' lang='lat' dir='ltr'><strong>plurima,</strong></span> <span class='ocrx_word' id='word_1_748' title='bbox 2544 2684 2652 2724; x_wconf 93' lang='lat' dir='ltr'><strong>uno</strong></span> <span class='ocrx_word' id='word_1_749' title='bbox 2670 2668 2792 2724; x_wconf 90' lang='lat' dir='ltr'><strong>loco</strong></span> <span class='ocrx_word' id='word_1_750' title='bbox 2819 2668 2870 2723; x_wconf 88' lang='lat' dir='ltr'><strong>in</strong></span> <span class='ocrx_word' id='word_1_751' title='bbox 2895 2668 3184 2739; x_wconf 84' lang='lat' dir='ltr'><strong>Evangelio</strong></span> <span class='ocrx_word' id='word_1_752' title='bbox 3205 2668 3497 2724; x_wconf 88' lang='lat' dir='ltr'><strong>secundum</strong></span> 
     </span>
    </p>
   </div>
   <div class='ocr_carea' id='block_1_87' title="bbox 1911 2759 3499 2830">
    <p class='ocr_par' dir='ltr' id='par_1_87' title="bbox 1911 2759 3499 2830">
     <span class='ocr_line' id='line_1_87' title="bbox 1911 2759 3499 2830; baseline -0.001 -16"><span class='ocrx_word' id='word_1_753' title='bbox 1911 2759 2171 2815; x_wconf 81' lang='lat' dir='ltr'><strong>Joannem</strong></span> <span class='ocrx_word' id='word_1_754' title='bbox 2215 2761 2286 2814; x_wconf 87' lang='lat' dir='ltr'><strong>ita</strong></span> <span class='ocrx_word' id='word_1_755' title='bbox 2331 2761 2584 2830; x_wconf 89' lang='lat' dir='ltr'><strong>scriptum</strong></span> <span class='ocrx_word' id='word_1_756' title='bbox 2614 2767 2698 2816; x_wconf 90' lang='lat' dir='ltr'><strong>est</strong></span> <span class='ocrx_word' id='word_1_757' title='bbox 2727 2777 2741 2814; x_wconf 86' lang='lat'><strong>:</strong></span> <span class='ocrx_word' id='word_1_758' title='bbox 2773 2759 2932 2815; x_wconf 86' lang='lat' dir='ltr'><strong>Amen</strong></span> <span class='ocrx_word' id='word_1_759' title='bbox 2953 2802 2967 2827; x_wconf 93' lang='lat'><strong>,</strong></span> <span class='ocrx_word' id='word_1_760' title='bbox 2997 2777 3143 2814; x_wconf 81' lang='lat' dir='ltr'><strong>amen</strong></span> <span class='ocrx_word' id='word_1_761' title='bbox 3185 2759 3297 2814; x_wconf 88' lang='lat' dir='ltr'><strong>dico</strong></span> <span class='ocrx_word' id='word_1_762' title='bbox 3325 2759 3460 2814; x_wconf 85' lang='lat' dir='ltr'><strong>vobis</strong></span> <span class='ocrx_word' id='word_1_763' title='bbox 3483 2801 3499 2828; x_wconf 96' lang='lat'><strong>,</strong></span> 
     </span>
    </p>
   </div>
   <div class='ocr_carea' id='block_1_88' title="bbox 1912 2843 3497 2921">
    <p class='ocr_par' dir='ltr' id='par_1_88' title="bbox 1912 2843 3497 2921">
     <span class='ocr_line' id='line_1_88' title="bbox 1912 2843 3497 2921; baseline -0.002 -17"><span class='ocrx_word' id='word_1_764' title='bbox 1912 2851 2033 2921; x_wconf 82' lang='lat' dir='ltr'><strong>quia</strong></span> <span class='ocrx_word' id='word_1_765' title='bbox 2059 2851 2190 2904; x_wconf 85' lang='lat' dir='ltr'><strong>venit</strong></span> <span class='ocrx_word' id='word_1_766' title='bbox 2218 2850 2361 2918; x_wconf 88' lang='lat' dir='ltr'><strong>hora,</strong></span> <span class='ocrx_word' id='word_1_767' title='bbox 2393 2859 2442 2905; x_wconf 88' lang='lat' dir='ltr'><strong>et</strong></span> <span class='ocrx_word' id='word_1_768' title='bbox 2461 2866 2591 2905; x_wconf 88' lang='lat' dir='ltr'><strong>nunc</strong></span> <span class='ocrx_word' id='word_1_769' title='bbox 2614 2858 2704 2915; x_wconf 87' lang='lat' dir='ltr'><strong>est,</strong></span> <span class='ocrx_word' id='word_1_770' title='bbox 2737 2843 2938 2921; x_wconf 84' lang='lat' dir='ltr'><strong>quando</strong></span> <span class='ocrx_word' id='word_1_771' title='bbox 2965 2849 3150 2904; x_wconf 88' lang='lat' dir='ltr'><strong>mortui</strong></span> <span class='ocrx_word' id='word_1_772' title='bbox 3173 2849 3375 2903; x_wconf 85' lang='lat' dir='ltr'><strong>audient</strong></span> <span class='ocrx_word' id='word_1_773' title='bbox 3410 2865 3497 2902; x_wconf 80' lang='lat' dir='ltr'><strong>vo-</strong></span> 
     </span>
    </p>
   </div>
   <div class='ocr_carea' id='block_1_89' title="bbox 1913 2939 3501 3016">
    <p class='ocr_par' dir='ltr' id='par_1_89' title="bbox 1913 2939 3501 3016">
     <span class='ocr_line' id='line_1_89' title="bbox 1913 2939 3501 3016; baseline -0.003 -16"><span class='ocrx_word' id='word_1_774' title='bbox 1913 2957 2018 3000; x_wconf 78' lang='lat' dir='ltr'><strong>cem</strong></span> <span class='ocrx_word' id='word_1_775' title='bbox 2044 2943 2172 3000; x_wconf 85' lang='lat' dir='ltr'><strong>Filii</strong></span> <span class='ocrx_word' id='word_1_776' title='bbox 2196 2944 2289 2999; x_wconf 84' lang='lat' dir='ltr'><strong>Dei</strong></span> <span class='ocrx_word' id='word_1_777' title='bbox 2308 2962 2326 3011; x_wconf 90' lang='lat'><strong><em>;</em></strong></span> <span class='ocrx_word' id='word_1_778' title='bbox 2358 2953 2402 3000; x_wconf 91' lang='lat' dir='ltr'><strong>el</strong></span> <span class='ocrx_word' id='word_1_779' title='bbox 2427 2945 2511 3016; x_wconf 87' lang='lat' dir='ltr'><strong>qui</strong></span> <span class='ocrx_word' id='word_1_780' title='bbox 2535 2943 2819 3012; x_wconf 87' lang='lat' dir='ltr'><strong>audierint,</strong></span> <span class='ocrx_word' id='word_1_781' title='bbox 2851 2944 3030 2998; x_wconf 86' lang='lat' dir='ltr'><strong>vivent.</strong></span> <span class='ocrx_word' id='word_1_782' title='bbox 3073 2943 3214 2998; x_wconf 87' lang='lat' dir='ltr'><strong>Sicut</strong></span> <span class='ocrx_word' id='word_1_783' title='bbox 3242 2942 3372 2997; x_wconf 88' lang='lat' dir='ltr'><strong>enim</strong></span> <span class='ocrx_word' id='word_1_784' title='bbox 3395 2939 3501 2996; x_wconf 83' lang='lat' dir='ltr'><strong>Pa-</strong></span> 
     </span>
    </p>
   </div>
   <div class='ocr_carea' id='block_1_90' title="bbox 1915 3033 3504 3107">
    <p class='ocr_par' dir='ltr' id='par_1_90' title="bbox 1915 3033 3504 3107">
     <span class='ocr_line' id='line_1_90' title="bbox 1915 3033 3504 3107; baseline -0.004 -15"><span class='ocrx_word' id='word_1_785' title='bbox 1915 3047 1990 3094; x_wconf 84' lang='lat' dir='ltr'><strong>ter</strong></span> <span class='ocrx_word' id='word_1_786' title='bbox 2019 3038 2165 3093; x_wconf 86' lang='lat' dir='ltr'><strong>habet</strong></span> <span class='ocrx_word' id='word_1_787' title='bbox 2187 3038 2335 3093; x_wconf 90' lang='lat' dir='ltr'><strong>vitam</strong></span> <span class='ocrx_word' id='word_1_788' title='bbox 2355 3037 2407 3092; x_wconf 88' lang='lat' dir='ltr'><strong>in</strong></span> <span class='ocrx_word' id='word_1_789' title='bbox 2432 3036 2717 3107; x_wconf 84' lang='lat' dir='ltr'><strong>semetipso,</strong></span> <span class='ocrx_word' id='word_1_790' title='bbox 2745 3037 2816 3090; x_wconf 87' lang='lat' dir='ltr'><strong>sic</strong></span> <span class='ocrx_word' id='word_1_791' title='bbox 2841 3034 2979 3090; x_wconf 84' lang='lat' dir='ltr'><strong>dedit</strong></span> <span class='ocrx_word' id='word_1_792' title='bbox 3001 3043 3046 3088; x_wconf 90' lang='lat' dir='ltr'><strong>et</strong></span> <span class='ocrx_word' id='word_1_793' title='bbox 3076 3033 3210 3088; x_wconf 86' lang='lat' dir='ltr'><strong>Filio</strong></span> <span class='ocrx_word' id='word_1_794' title='bbox 3239 3035 3392 3087; x_wconf 86' lang='lat' dir='ltr'><strong>vitam</strong></span> <span class='ocrx_word' id='word_1_795' title='bbox 3412 3033 3504 3086; x_wconf 79' lang='lat' dir='ltr'><strong>Ita-</strong></span> 
     </span>
    </p>
   </div>
   <div class='ocr_carea' id='block_1_91' title="bbox 1917 3125 3500 3200">
    <p class='ocr_par' dir='ltr' id='par_1_91' title="bbox 1917 3125 3500 3200">
     <span class='ocr_line' id='line_1_91' title="bbox 1917 3125 3500 3200; baseline -0.004 -16"><span class='ocrx_word' id='word_1_796' title='bbox 1917 3129 2030 3186; x_wconf 87' lang='lat' dir='ltr'><strong>bere</strong></span> <span class='ocrx_word' id='word_1_797' title='bbox 2058 3135 2109 3184; x_wconf 85' lang='lat' dir='ltr'><strong>in</strong></span> <span class='ocrx_word' id='word_1_798' title='bbox 2139 3129 2399 3198; x_wconf 71' lang='lat' dir='ltr'><strong>semetipso</strong></span> <span class='ocrx_word' id='word_1_799' title='bbox 2413 3145 2431 3194; x_wconf 88' lang='lat'><strong><em>;</em></strong></span> <span class='ocrx_word' id='word_1_800' title='bbox 2454 3137 2499 3182; x_wconf 90' lang='lat' dir='ltr'><strong>et</strong></span> <span class='ocrx_word' id='word_1_801' title='bbox 2519 3136 2810 3200; x_wconf 84' lang='lat' dir='ltr'><strong>potestatem</strong></span> <span class='ocrx_word' id='word_1_802' title='bbox 2833 3125 2970 3180; x_wconf 88' lang='lat' dir='ltr'><strong>dedit</strong></span> <span class='ocrx_word' id='word_1_803' title='bbox 2991 3127 3034 3180; x_wconf 91' lang='lat' dir='ltr'><strong>ei</strong></span> <span class='ocrx_word' id='word_1_804' title='bbox 3055 3126 3295 3193; x_wconf 86' lang='lat' dir='ltr'><strong>iudicium</strong></span> <span class='ocrx_word' id='word_1_805' title='bbox 3317 3125 3500 3195; x_wconf 78' lang='lat' dir='ltr'><strong>facere,</strong></span> 
     </span>
    </p>
   </div>
   <div class='ocr_carea' id='block_1_92' title="bbox 1916 3212 3506 3292">
    <p class='ocr_par' dir='ltr' id='par_1_92' title="bbox 1916 3212 3506 3292">
     <span class='ocr_line' id='line_1_92' title="bbox 1916 3212 3506 3292; baseline -0.003 -16"><span class='ocrx_word' id='word_1_806' title='bbox 1916 3224 2035 3292; x_wconf 85' lang='lat' dir='ltr'><strong>quia</strong></span> <span class='ocrx_word' id='word_1_807' title='bbox 2075 3222 2211 3291; x_wconf 79' lang='lat' dir='ltr'><strong>ﬁlius</strong></span> <span class='ocrx_word' id='word_1_808' title='bbox 2241 3221 2456 3275; x_wconf 85' lang='lat' dir='ltr'><strong>hominis</strong></span> <span class='ocrx_word' id='word_1_809' title='bbox 2477 3229 2549 3274; x_wconf 84' lang='lat' dir='ltr'><strong>est</strong></span> <span class='ocrx_word' id='word_1_810' title='bbox 2578 3219 2751 3290; x_wconf 82' lang='lat' dir='ltr'><strong>(Joan.</strong></span> <span class='ocrx_word' id='word_1_811' title='bbox 2777 3233 2838 3284; x_wconf 91' lang='lat' dir='ltr'><strong>v,</strong></span> <span class='ocrx_word' id='word_1_812' title='bbox 2865 3218 3077 3291; x_wconf 57' lang='lat' dir='ltr'><strong>ﬂii-97).</strong></span> <span class='ocrx_word' id='word_1_813' title='bbox 3112 3212 3285 3285; x_wconf 82' lang='lat' dir='ltr'><strong>Dixit,</strong></span> <span class='ocrx_word' id='word_1_814' title='bbox 3325 3217 3506 3272; x_wconf 87' lang='lat' dir='ltr'><strong>Vocem</strong></span> 
     </span>
    </p>
   </div>
   <div class='ocr_carea' id='block_1_93' title="bbox 1918 3309 3508 3380">
    <p class='ocr_par' dir='ltr' id='par_1_93' title="bbox 1918 3309 3508 3380">
     <span class='ocr_line' id='line_1_93' title="bbox 1918 3309 3508 3380; baseline -0.002 -12"><span class='ocrx_word' id='word_1_815' title='bbox 1918 3313 2043 3368; x_wconf 84' lang='lat' dir='ltr'><strong>Filii</strong></span> <span class='ocrx_word' id='word_1_816' title='bbox 2070 3311 2165 3367; x_wconf 85' lang='lat' dir='ltr'><strong>Dei</strong></span> <span class='ocrx_word' id='word_1_817' title='bbox 2187 3312 2391 3367; x_wconf 86' lang='lat' dir='ltr'><strong>audient</strong></span> <span class='ocrx_word' id='word_1_818' title='bbox 2425 3329 2442 3366; x_wconf 91' lang='lat'><strong><em>:</em></strong></span> <span class='ocrx_word' id='word_1_819' title='bbox 2473 3320 2526 3368; x_wconf 87' lang='lat' dir='ltr'><strong>et</strong></span> <span class='ocrx_word' id='word_1_820' title='bbox 2551 3311 2699 3377; x_wconf 74' lang='lat' dir='ltr'><strong>dixit,</strong></span> <span class='ocrx_word' id='word_1_821' title='bbox 2739 3312 2871 3378; x_wconf 81' lang='lat' dir='ltr'><strong>Quia</strong></span> <span class='ocrx_word' id='word_1_822' title='bbox 2896 3311 3034 3380; x_wconf 80' lang='lat' dir='ltr'><strong>ﬁlius</strong></span> <span class='ocrx_word' id='word_1_823' title='bbox 3057 3310 3272 3366; x_wconf 87' lang='lat' dir='ltr'><strong>hominis</strong></span> <span class='ocrx_word' id='word_1_824' title='bbox 3295 3319 3386 3365; x_wconf 89' lang='lat' dir='ltr'><strong>est.</strong></span> <span class='ocrx_word' id='word_1_825' title='bbox 3411 3309 3508 3365; x_wconf 63' lang='lat' dir='ltr'><strong>Sec</strong></span> 
     </span>
    </p>
   </div>
   <div class='ocr_carea' id='block_1_94' title="bbox 1918 3401 3507 3473">
    <p class='ocr_par' dir='ltr' id='par_1_94' title="bbox 1918 3401 3507 3473">
     <span class='ocr_line' id='line_1_94' title="bbox 1918 3401 3507 3473; baseline -0.004 -13"><span class='ocrx_word' id='word_1_826' title='bbox 1918 3403 2150 3460; x_wconf 91' lang='lat' dir='ltr'><strong>cundum</strong></span> <span class='ocrx_word' id='word_1_827' title='bbox 2179 3403 2281 3459; x_wconf 89' lang='lat' dir='ltr'><strong>hoc</strong></span> <span class='ocrx_word' id='word_1_828' title='bbox 2305 3403 2444 3459; x_wconf 91' lang='lat' dir='ltr'><strong>enim</strong></span> <span class='ocrx_word' id='word_1_829' title='bbox 2470 3401 2612 3473; x_wconf 90' lang='lat' dir='ltr'><strong>quod</strong></span> <span class='ocrx_word' id='word_1_830' title='bbox 2643 3403 2779 3457; x_wconf 88' lang='lat' dir='ltr'><strong>filius</strong></span> <span class='ocrx_word' id='word_1_831' title='bbox 2805 3402 3036 3456; x_wconf 89' lang='lat' dir='ltr'><strong>hominis</strong></span> <span class='ocrx_word' id='word_1_832' title='bbox 3061 3409 3160 3467; x_wconf 90' lang='lat' dir='ltr'><strong>est,</strong></span> <span class='ocrx_word' id='word_1_833' title='bbox 3190 3401 3392 3470; x_wconf 89' lang='lat' dir='ltr'><strong>accepit</strong></span> <span class='ocrx_word' id='word_1_834' title='bbox 3416 3414 3507 3470; x_wconf 93' lang='lat' dir='ltr'><strong>po-</strong></span> 
     </span>
    </p>
   </div>
   <div class='ocr_carea' id='block_1_95' title="bbox 1919 3493 3510 3567">
    <p class='ocr_par' dir='ltr' id='par_1_95' title="bbox 1919 3493 3510 3567">
     <span class='ocr_line' id='line_1_95' title="bbox 1919 3493 3510 3567; baseline -0.004 -15"><span class='ocrx_word' id='word_1_835' title='bbox 1919 3504 2166 3553; x_wconf 89' lang='lat' dir='ltr'><strong>testatem</strong></span> <span class='ocrx_word' id='word_1_836' title='bbox 2192 3495 2447 3567; x_wconf 83' lang='lat' dir='ltr'><strong>judicium</strong></span> <span class='ocrx_word' id='word_1_837' title='bbox 2475 3494 2724 3562; x_wconf 80' lang='lat' dir='ltr'><strong>faciendi,</strong></span> <span class='ocrx_word' id='word_1_838' title='bbox 2758 3495 2880 3565; x_wconf 90' lang='lat' dir='ltr'><strong>quia</strong></span> <span class='ocrx_word' id='word_1_839' title='bbox 2907 3495 2959 3549; x_wconf 91' lang='lat' dir='ltr'><strong>in</strong></span> <span class='ocrx_word' id='word_1_840' title='bbox 2993 3495 3103 3564; x_wconf 91' lang='lat' dir='ltr'><strong>ipsa</strong></span> <span class='ocrx_word' id='word_1_841' title='bbox 3130 3493 3295 3548; x_wconf 89' lang='lat' dir='ltr'><strong>forma</strong></span> <span class='ocrx_word' id='word_1_842' title='bbox 3324 3502 3510 3548; x_wconf 86' lang='lat' dir='ltr'><strong>ventu-</strong></span> 
     </span>
    </p>
   </div>
   <div class='ocr_carea' id='block_1_96' title="bbox 1919 3583 3506 3656">
    <p class='ocr_par' dir='ltr' id='par_1_96' title="bbox 1919 3583 3506 3656">
     <span class='ocr_line' id='line_1_96' title="bbox 1919 3583 3506 3656; baseline -0.003 -13"><span class='ocrx_word' id='word_1_843' title='bbox 1919 3603 2012 3644; x_wconf 85' lang='lat' dir='ltr'><strong>rus</strong></span> <span class='ocrx_word' id='word_1_844' title='bbox 2038 3597 2114 3643; x_wconf 87' lang='lat' dir='ltr'><strong>est</strong></span> <span class='ocrx_word' id='word_1_845' title='bbox 2142 3585 2506 3656; x_wconf 50' lang='lat' dir='ltr'><strong>ad’judicium,</strong></span> <span class='ocrx_word' id='word_1_846' title='bbox 2530 3594 2659 3641; x_wconf 88' lang='lat' dir='ltr'><strong>utet</strong></span> <span class='ocrx_word' id='word_1_847' title='bbox 2688 3601 2718 3640; x_wconf 91' lang='lat' dir='ltr'><strong>a</strong></span> <span class='ocrx_word' id='word_1_848' title='bbox 2747 3585 2901 3640; x_wconf 90' lang='lat' dir='ltr'><strong>bonis</strong></span> <span class='ocrx_word' id='word_1_849' title='bbox 2925 3593 2978 3640; x_wconf 88' lang='lat' dir='ltr'><strong>et</strong></span> <span class='ocrx_word' id='word_1_850' title='bbox 3006 3600 3034 3638; x_wconf 93' lang='lat' dir='ltr'><strong>a</strong></span> <span class='ocrx_word' id='word_1_851' title='bbox 3065 3584 3218 3639; x_wconf 89' lang='lat' dir='ltr'><strong>malis</strong></span> <span class='ocrx_word' id='word_1_852' title='bbox 3245 3583 3506 3638; x_wconf 87' lang='lat' dir='ltr'><strong>videatur.</strong></span> 
     </span>
    </p>
   </div>
   <div class='ocr_carea' id='block_1_97' title="bbox 1919 3675 3509 3749">
    <p class='ocr_par' dir='ltr' id='par_1_97' title="bbox 1919 3675 3509 3749">
     <span class='ocr_line' id='line_1_97' title="bbox 1919 3675 3509 3749; baseline -0.003 -16"><span class='ocrx_word' id='word_1_853' title='bbox 1919 3677 1980 3734; x_wconf 83' lang='lat' dir='ltr'><strong>lu</strong></span> <span class='ocrx_word' id='word_1_854' title='bbox 2009 3693 2109 3749; x_wconf 88' lang='lat' dir='ltr'><strong>qua</strong></span> <span class='ocrx_word' id='word_1_855' title='bbox 2137 3677 2312 3733; x_wconf 86' lang='lat' dir='ltr'><strong>forma</strong></span> <span class='ocrx_word' id='word_1_856' title='bbox 2336 3678 2494 3733; x_wconf 89' lang='lat' dir='ltr'><strong>etiam</strong></span> <span class='ocrx_word' id='word_1_857' title='bbox 2524 3675 2762 3732; x_wconf 88' lang='lat' dir='ltr'><strong>ascendit</strong></span> <span class='ocrx_word' id='word_1_858' title='bbox 2789 3678 2839 3731; x_wconf 91' lang='lat' dir='ltr'><strong>in</strong></span> <span class='ocrx_word' id='word_1_859' title='bbox 2871 3676 3086 3743; x_wconf 78' lang='lat' dir='ltr'><strong>cmlum,</strong></span> <span class='ocrx_word' id='word_1_860' title='bbox 3117 3686 3168 3731; x_wconf 90' lang='lat' dir='ltr'><strong>et</strong></span> <span class='ocrx_word' id='word_1_861' title='bbox 3194 3691 3293 3729; x_wconf 86' lang='lat' dir='ltr'><strong>vox</strong></span> <span class='ocrx_word' id='word_1_862' title='bbox 3317 3677 3402 3730; x_wconf 90' lang='lat' dir='ltr'><strong>illa</strong></span> <span class='ocrx_word' id='word_1_863' title='bbox 3426 3675 3509 3730; x_wconf 61' lang='lat' dir='ltr'><strong>(lio</strong></span> 
     </span>
    </p>
   </div>
   <div class='ocr_carea' id='block_1_98' title="bbox 1921 3767 3508 3847">
    <p class='ocr_par' dir='ltr' id='par_1_98' title="bbox 1921 3767 3508 3847">
     <span class='ocr_line' id='line_1_98' title="bbox 1921 3767 3508 3847; baseline -0.003 -23"><span class='ocrx_word' id='word_1_864' title='bbox 1921 3769 2140 3840; x_wconf 89' lang='lat' dir='ltr'><strong>scipulis</strong></span> <span class='ocrx_word' id='word_1_865' title='bbox 2182 3770 2359 3847; x_wconf 80' lang='lat' dir='ltr'><strong>sonuit</strong></span> <span class='ocrx_word' id='word_1_866' title='bbox 2391 3785 2405 3823; x_wconf 89' lang='lat'><strong>:</strong></span> <span class='ocrx_word' id='word_1_867' title='bbox 2438 3769 2526 3825; x_wconf 88' lang='lat' dir='ltr'><strong>Sic</strong></span> <span class='ocrx_word' id='word_1_868' title='bbox 2553 3771 2710 3825; x_wconf 84' lang='lat' dir='ltr'><strong>veniet</strong></span> <span class='ocrx_word' id='word_1_869' title='bbox 2732 3811 2746 3834; x_wconf 92' lang='lat'><strong>,</strong></span> <span class='ocrx_word' id='word_1_870' title='bbox 2779 3768 3198 3840; x_wconf 88' lang='lat' dir='ltr'><strong>quemadmodunt</strong></span> <span class='ocrx_word' id='word_1_871' title='bbox 3240 3784 3352 3822; x_wconf 88' lang='lat' dir='ltr'><strong>eum</strong></span> <span class='ocrx_word' id='word_1_872' title='bbox 3376 3767 3508 3821; x_wconf 80' lang='lat' dir='ltr'><strong>vidi-</strong></span> 
     </span>
    </p>
   </div>
   <div class='ocr_carea' id='block_1_99' title="bbox 1921 3859 3510 3932">
    <p class='ocr_par' dir='ltr' id='par_1_99' title="bbox 1921 3859 3510 3932">
     <span class='ocr_line' id='line_1_99' title="bbox 1921 3859 3510 3932; baseline -0.001 -16"><span class='ocrx_word' id='word_1_873' title='bbox 1921 3862 2011 3917; x_wconf 83' lang='lat' dir='ltr'><strong>stis</strong></span> <span class='ocrx_word' id='word_1_874' title='bbox 2051 3871 2247 3916; x_wconf 86' lang='lat' dir='ltr'><strong>euntem</strong></span> <span class='ocrx_word' id='word_1_875' title='bbox 2269 3862 2322 3916; x_wconf 88' lang='lat' dir='ltr'><strong>in</strong></span> <span class='ocrx_word' id='word_1_876' title='bbox 2361 3863 2541 3916; x_wconf 71' lang='lat' dir='ltr'><strong>caelum</strong></span> <span class='ocrx_word' id='word_1_877' title='bbox 2569 3861 2704 3932; x_wconf 86' lang='lat' dir='ltr'><strong>(Act.</strong></span> <span class='ocrx_word' id='word_1_878' title='bbox 2733 3878 2785 3926; x_wconf 88' lang='grc' dir='ltr'><strong>ι,</strong></span> <span class='ocrx_word' id='word_1_879' title='bbox 2818 3861 2929 3932; x_wconf 84' lang='lat' dir='ltr'><strong>ll).</strong></span> <span class='ocrx_word' id='word_1_880' title='bbox 2958 3859 3089 3916; x_wconf 85' lang='lat' dir='ltr'><strong>Nam</strong></span> <span class='ocrx_word' id='word_1_881' title='bbox 3133 3860 3422 3915; x_wconf 88' lang='lat' dir='ltr'><strong>secundum</strong></span> <span class='ocrx_word' id='word_1_882' title='bbox 3459 3859 3510 3914; x_wconf 92' lang='lat' dir='ltr'><strong>id</strong></span> 
     </span>
    </p>
   </div>
   <div class='ocr_carea' id='block_1_100' title="bbox 1922 3951 3508 4024">
    <p class='ocr_par' dir='ltr' id='par_1_100' title="bbox 1922 3951 3508 4024">
     <span class='ocr_line' id='line_1_100' title="bbox 1922 3951 3508 4024; baseline -0.001 -16"><span class='ocrx_word' id='word_1_883' title='bbox 1922 3954 2064 4024; x_wconf 89' lang='lat' dir='ltr'><strong>quod</strong></span> <span class='ocrx_word' id='word_1_884' title='bbox 2095 3953 2257 4009; x_wconf 88' lang='lat' dir='ltr'><strong>Filius</strong></span> <span class='ocrx_word' id='word_1_885' title='bbox 2281 3954 2376 4009; x_wconf 90' lang='lat' dir='ltr'><strong>Dei</strong></span> <span class='ocrx_word' id='word_1_886' title='bbox 2399 3997 2413 4022; x_wconf 93' lang='lat'><strong>,</strong></span> <span class='ocrx_word' id='word_1_887' title='bbox 2443 3953 2586 4010; x_wconf 90' lang='lat' dir='ltr'><strong>Deus</strong></span> <span class='ocrx_word' id='word_1_888' title='bbox 2612 3954 2830 4024; x_wconf 63' lang='lat' dir='ltr'><strong>aequalis</strong></span> <span class='ocrx_word' id='word_1_889' title='bbox 2857 3964 2937 4008; x_wconf 91' lang='lat' dir='ltr'><strong>cst</strong></span> <span class='ocrx_word' id='word_1_890' title='bbox 2963 3951 3140 4020; x_wconf 85' lang='lat' dir='ltr'><strong>Patri,</strong></span> <span class='ocrx_word' id='word_1_891' title='bbox 3170 3953 3224 4008; x_wconf 82' lang='lat' dir='ltr'><strong>et</strong></span> <span class='ocrx_word' id='word_1_892' title='bbox 3249 3968 3368 4008; x_wconf 90' lang='lat' dir='ltr'><strong>cum</strong></span> <span class='ocrx_word' id='word_1_893' title='bbox 3405 3952 3508 4006; x_wconf 88' lang='lat' dir='ltr'><strong>Pa-</strong></span> 
     </span>
    </p>
   </div>
   <div class='ocr_carea' id='block_1_101' title="bbox 1924 4043 3511 4110">
    <p class='ocr_par' dir='ltr' id='par_1_101' title="bbox 1924 4043 3511 4110">
     <span class='ocr_line' id='line_1_101' title="bbox 1924 4043 3511 4110; baseline -0.003 -8"><span class='ocrx_word' id='word_1_894' title='bbox 1924 4053 2006 4102; x_wconf 90' lang='lat' dir='ltr'><strong>tre</strong></span> <span class='ocrx_word' id='word_1_895' title='bbox 2037 4060 2231 4110; x_wconf 92' lang='lat' dir='ltr'><strong>unum,</strong></span> <span class='ocrx_word' id='word_1_896' title='bbox 2265 4059 2370 4100; x_wconf 91' lang='lat' dir='ltr'><strong>non</strong></span> <span class='ocrx_word' id='word_1_897' title='bbox 2405 4043 2662 4100; x_wconf 75' lang='lat' dir='ltr'><strong>videbitur</strong></span> <span class='ocrx_word' id='word_1_898' title='bbox 2691 4060 2722 4099; x_wconf 93' lang='lat' dir='ltr'><strong>a</strong></span> <span class='ocrx_word' id='word_1_899' title='bbox 2751 4044 2904 4098; x_wconf 87' lang='lat' dir='ltr'><strong>malis</strong></span> <span class='ocrx_word' id='word_1_900' title='bbox 2938 4060 2949 4096; x_wconf 87' lang='lat'>:</span> <span class='ocrx_word' id='word_1_901' title='bbox 2983 4043 3126 4098; x_wconf 80' lang='lat' dir='ltr'><strong>Beati</strong></span> <span class='ocrx_word' id='word_1_902' title='bbox 3154 4043 3296 4099; x_wconf 90' lang='lat' dir='ltr'><strong>enim</strong></span> <span class='ocrx_word' id='word_1_903' title='bbox 3326 4043 3511 4098; x_wconf 84' lang='lat' dir='ltr'><strong>mundo</strong></span> 
     </span>
    </p>
   </div>
   <div class='ocr_carea' id='block_1_102' title="bbox 1924 4135 3513 4209">
    <p class='ocr_par' dir='ltr' id='par_1_102' title="bbox 1924 4135 3513 4209">
     <span class='ocr_line' id='line_1_102' title="bbox 1924 4135 3513 4209; baseline -0.001 -17"><span class='ocrx_word' id='word_1_904' title='bbox 1924 4139 2093 4204; x_wconf 86' lang='lat' dir='ltr'><strong>corde,</strong></span> <span class='ocrx_word' id='word_1_905' title='bbox 2121 4139 2239 4209; x_wconf 84' lang='lat' dir='ltr'><strong>quia</strong></span> <span class='ocrx_word' id='word_1_906' title='bbox 2265 4138 2361 4209; x_wconf 85' lang='lat' dir='ltr'><strong>ipsi</strong></span> <span class='ocrx_word' id='word_1_907' title='bbox 2391 4137 2550 4192; x_wconf 85' lang='lat' dir='ltr'><strong>Deum</strong></span> <span class='ocrx_word' id='word_1_908' title='bbox 2575 4137 2810 4192; x_wconf 86' lang='lat' dir='ltr'><strong>videbunt</strong></span> <span class='ocrx_word' id='word_1_909' title='bbox 2838 4136 3049 4209; x_wconf 80' lang='lat' dir='ltr'><strong>(iIatth.</strong></span> <span class='ocrx_word' id='word_1_910' title='bbox 3079 4153 3131 4203; x_wconf 90' lang='lat' dir='ltr'><strong>v,</strong></span> <span class='ocrx_word' id='word_1_911' title='bbox 3164 4138 3242 4208; x_wconf 91' lang='lat'><strong>8).</strong></span> <span class='ocrx_word' id='word_1_912' title='bbox 3270 4135 3399 4192; x_wconf 91' lang='lat' dir='ltr'><strong>Cum</strong></span> <span class='ocrx_word' id='word_1_913' title='bbox 3428 4153 3513 4191; x_wconf 91' lang='lat' dir='ltr'><strong>er-</strong></span> 
     </span>
    </p>
   </div>
   <div class='ocr_carea' id='block_1_103' title="bbox 1923 4225 3512 4302">
    <p class='ocr_par' dir='ltr' id='par_1_103' title="bbox 1923 4225 3512 4302">
     <span class='ocr_line' id='line_1_103' title="bbox 1923 4225 3512 4302; baseline -0.002 -16"><span class='ocrx_word' id='word_1_914' title='bbox 1923 4244 1992 4302; x_wconf 84' lang='lat' dir='ltr'><strong>go</strong></span> <span class='ocrx_word' id='word_1_915' title='bbox 2022 4229 2360 4286; x_wconf 85' lang='lat' dir='ltr'><strong>credentibus</strong></span> <span class='ocrx_word' id='word_1_916' title='bbox 2405 4230 2456 4284; x_wconf 91' lang='lat' dir='ltr'><strong>in</strong></span> <span class='ocrx_word' id='word_1_917' title='bbox 2483 4245 2542 4285; x_wconf 90' lang='lat' dir='ltr'><strong>se</strong></span> <span class='ocrx_word' id='word_1_918' title='bbox 2574 4230 2843 4299; x_wconf 85' lang='lat' dir='ltr'><strong>promittat</strong></span> <span class='ocrx_word' id='word_1_919' title='bbox 2868 4229 3030 4284; x_wconf 89' lang='lat' dir='ltr'><strong>vitam</strong></span> <span class='ocrx_word' id='word_1_920' title='bbox 3077 4225 3330 4285; x_wconf 80' lang='lat' dir='ltr'><strong>aeternam</strong></span> <span class='ocrx_word' id='word_1_921' title='bbox 3353 4271 3366 4293; x_wconf 95' lang='lat'><strong>,</strong></span> <span class='ocrx_word' id='word_1_922' title='bbox 3414 4243 3512 4284; x_wconf 87' lang='lat' dir='ltr'><strong>nec</strong></span> 
     </span>
    </p>
   </div>
   <div class='ocr_carea' id='block_1_104' title="bbox 1923 4319 3515 4392">
    <p class='ocr_par' dir='ltr' id='par_1_104' title="bbox 1923 4319 3515 4392">
     <span class='ocr_line' id='line_1_104' title="bbox 1923 4319 3515 4392; baseline 0.001 -16"><span class='ocrx_word' id='word_1_923' title='bbox 1923 4321 2069 4377; x_wconf 90' lang='lat' dir='ltr'><strong>aliud</strong></span> <span class='ocrx_word' id='word_1_924' title='bbox 2091 4322 2160 4378; x_wconf 92' lang='lat' dir='ltr'><strong>sit</strong></span> <span class='ocrx_word' id='word_1_925' title='bbox 2175 4321 2395 4378; x_wconf 89' lang='lat' dir='ltr'><strong>credere</strong></span> <span class='ocrx_word' id='word_1_926' title='bbox 2421 4323 2472 4377; x_wconf 91' lang='lat' dir='ltr'><strong>in</strong></span> <span class='ocrx_word' id='word_1_927' title='bbox 2501 4337 2644 4387; x_wconf 90' lang='lat' dir='ltr'><strong>eum,</strong></span> <span class='ocrx_word' id='word_1_928' title='bbox 2664 4338 2822 4392; x_wconf 84' lang='lat' dir='ltr'><strong>quam</strong></span> <span class='ocrx_word' id='word_1_929' title='bbox 2839 4322 3057 4380; x_wconf 89' lang='lat' dir='ltr'><strong>credere</strong></span> <span class='ocrx_word' id='word_1_930' title='bbox 3084 4322 3135 4377; x_wconf 92' lang='lat' dir='ltr'><strong>in</strong></span> <span class='ocrx_word' id='word_1_931' title='bbox 3154 4321 3336 4377; x_wconf 84' lang='lat' dir='ltr'><strong>verum</strong></span> <span class='ocrx_word' id='word_1_932' title='bbox 3359 4319 3515 4392; x_wconf 79' lang='lat' dir='ltr'><strong>Chri-</strong></span> 
     </span>
    </p>
   </div>
   <div class='ocr_carea' id='block_1_105' title="bbox 1925 4415 3514 4487">
    <p class='ocr_par' dir='ltr' id='par_1_105' title="bbox 1925 4415 3514 4487">
     <span class='ocr_line' id='line_1_105' title="bbox 1925 4415 3514 4487; baseline -0.003 -15"><span class='ocrx_word' id='word_1_933' title='bbox 1925 4424 2064 4472; x_wconf 87' lang='lat' dir='ltr'><strong>stum</strong></span> <span class='ocrx_word' id='word_1_934' title='bbox 2083 4458 2097 4482; x_wconf 93' lang='lat'><strong>,</strong></span> <span class='ocrx_word' id='word_1_935' title='bbox 2131 4417 2341 4486; x_wconf 89' lang='lat' dir='ltr'><strong>qualem</strong></span> <span class='ocrx_word' id='word_1_936' title='bbox 2366 4430 2424 4470; x_wconf 90' lang='lat' dir='ltr'><strong>se</strong></span> <span class='ocrx_word' id='word_1_937' title='bbox 2451 4417 2561 4485; x_wconf 90' lang='lat' dir='ltr'><strong>ipse</strong></span> <span class='ocrx_word' id='word_1_938' title='bbox 2588 4415 2873 4487; x_wconf 66' lang='lat' dir='ltr'><strong>praedicat,</strong></span> <span class='ocrx_word' id='word_1_939' title='bbox 2906 4424 2958 4469; x_wconf 87' lang='lat' dir='ltr'><strong>et</strong></span> <span class='ocrx_word' id='word_1_940' title='bbox 2985 4416 3053 4470; x_wconf 88' lang='lat' dir='ltr'><strong>ab</strong></span> <span class='ocrx_word' id='word_1_941' title='bbox 3081 4416 3348 4486; x_wconf 83' lang='lat' dir='ltr'><strong>Apostolis</strong></span> <span class='ocrx_word' id='word_1_942' title='bbox 3380 4431 3514 4485; x_wconf 75' lang='lat' dir='ltr'><strong>prm-</strong></span> 
     </span>
    </p>
   </div>
   <div class='ocr_carea' id='block_1_106' title="bbox 1924 4501 3552 4579">
    <p class='ocr_par' dir='ltr' id='par_1_106' title="bbox 1924 4501 3552 4579">
     <span class='ocr_line' id='line_1_106' title="bbox 1924 4501 3552 4579; baseline -0.002 -17"><span class='ocrx_word' id='word_1_943' title='bbox 1924 4507 2131 4564; x_wconf 83' lang='lat' dir='ltr'><strong>dicatur</strong></span> <span class='ocrx_word' id='word_1_944' title='bbox 2150 4549 2165 4574; x_wconf 96' lang='lat'><strong>,</strong></span> <span class='ocrx_word' id='word_1_945' title='bbox 2196 4506 2299 4562; x_wconf 88' lang='lat' dir='ltr'><strong>hoc</strong></span> <span class='ocrx_word' id='word_1_946' title='bbox 2322 4514 2438 4572; x_wconf 88' lang='lat' dir='ltr'><strong>est,</strong></span> <span class='ocrx_word' id='word_1_947' title='bbox 2471 4513 2524 4562; x_wconf 86' lang='lat' dir='ltr'><strong>ct</strong></span> <span class='ocrx_word' id='word_1_948' title='bbox 2553 4521 2734 4562; x_wconf 86' lang='lat' dir='ltr'><strong>verum</strong></span> <span class='ocrx_word' id='word_1_949' title='bbox 2762 4501 2856 4562; x_wconf 87' lang='lat' dir='ltr'><strong>Dei</strong></span> <span class='ocrx_word' id='word_1_950' title='bbox 2886 4505 3077 4561; x_wconf 86' lang='lat' dir='ltr'><strong>Filium</strong></span> <span class='ocrx_word' id='word_1_951' title='bbox 3108 4509 3162 4561; x_wconf 86' lang='lat' dir='ltr'><strong>et</strong></span> <span class='ocrx_word' id='word_1_952' title='bbox 3186 4523 3368 4562; x_wconf 88' lang='lat' dir='ltr'><strong>verum</strong></span> <span class='ocrx_word' id='word_1_953' title='bbox 3409 4503 3512 4559; x_wconf 85' lang='lat' dir='ltr'><strong>ho-</strong></span> <span class='ocrx_word' id='word_1_954' title='bbox 3546 4574 3552 4579; x_wconf 25' lang='grc' dir='ltr'><em>ι</em></span> 
     </span>
    </p>
   </div>
   <div class='ocr_carea' id='block_1_107' title="bbox 1923 4595 3511 4668">
    <p class='ocr_par' dir='ltr' id='par_1_107' title="bbox 1923 4595 3511 4668">
     <span class='ocr_line' id='line_1_107' title="bbox 1923 4595 3511 4668; baseline -0.002 -15"><span class='ocrx_word' id='word_1_955' title='bbox 1923 4598 2084 4653; x_wconf 90' lang='lat' dir='ltr'><strong>minis</strong></span> <span class='ocrx_word' id='word_1_956' title='bbox 2113 4598 2312 4663; x_wconf 88' lang='lat' dir='ltr'><strong>filium;</strong></span> <span class='ocrx_word' id='word_1_957' title='bbox 2357 4611 2483 4664; x_wconf 88' lang='lat' dir='ltr'><strong>vos,</strong></span> <span class='ocrx_word' id='word_1_958' title='bbox 2509 4595 2820 4665; x_wconf 72' lang='lat' dir='ltr'><strong>Manichmi,</strong></span> <span class='ocrx_word' id='word_1_959' title='bbox 2850 4597 2938 4668; x_wconf 92' lang='lat' dir='ltr'><strong>qui</strong></span> <span class='ocrx_word' id='word_1_960' title='bbox 2983 4597 3199 4653; x_wconf 88' lang='lat' dir='ltr'><strong>creditis</strong></span> <span class='ocrx_word' id='word_1_961' title='bbox 3225 4598 3277 4653; x_wconf 92' lang='lat' dir='ltr'><strong>in</strong></span> <span class='ocrx_word' id='word_1_962' title='bbox 3323 4597 3511 4652; x_wconf 87' lang='lat' dir='ltr'><strong>falsum</strong></span> 
     </span>
    </p>
   </div>
   <div class='ocr_carea' id='block_1_108' title="bbox 1924 4687 3513 4755">
    <p class='ocr_par' dir='ltr' id='par_1_108' title="bbox 1924 4687 3513 4755">
     <span class='ocr_line' id='line_1_108' title="bbox 1924 4687 3513 4755; baseline -0.002 -9"><span class='ocrx_word' id='word_1_963' title='bbox 1924 4699 1979 4746; x_wconf 88' lang='lat' dir='ltr'><strong>et</strong></span> <span class='ocrx_word' id='word_1_964' title='bbox 2009 4687 2246 4744; x_wconf 79' lang='lat' dir='ltr'><strong>fallacem</strong></span> <span class='ocrx_word' id='word_1_965' title='bbox 2266 4729 2281 4755; x_wconf 90' lang='lat'><strong>,</strong></span> <span class='ocrx_word' id='word_1_966' title='bbox 2318 4687 2435 4744; x_wconf 90' lang='lat' dir='ltr'><strong>falsi</strong></span> <span class='ocrx_word' id='word_1_967' title='bbox 2466 4696 2516 4745; x_wconf 85' lang='lat' dir='ltr'><strong>et</strong></span> <span class='ocrx_word' id='word_1_968' title='bbox 2544 4687 2744 4743; x_wconf 85' lang='lat' dir='ltr'><strong>fallacis</strong></span> <span class='ocrx_word' id='word_1_969' title='bbox 2775 4687 3006 4744; x_wconf 90' lang='lat' dir='ltr'><strong>hominis</strong></span> <span class='ocrx_word' id='word_1_970' title='bbox 3032 4689 3197 4745; x_wconf 84' lang='lat' dir='ltr'><strong>ﬁlium</strong></span> <span class='ocrx_word' id='word_1_971' title='bbox 3221 4730 3235 4755; x_wconf 93' lang='lat'><strong>,</strong></span> <span class='ocrx_word' id='word_1_972' title='bbox 3267 4704 3386 4744; x_wconf 91' lang='lat' dir='ltr'><strong>cum</strong></span> <span class='ocrx_word' id='word_1_973' title='bbox 3413 4690 3427 4720; x_wconf 89' lang='grc'>¹</span> <span class='ocrx_word' id='word_1_974' title='bbox 3459 4697 3513 4744; x_wconf 90' lang='lat' dir='ltr'><strong>et</strong></span> 
     </span>
    </p>
   </div>
   <div class='ocr_carea' id='block_1_109' title="bbox 1924 4779 3508 4852">
    <p class='ocr_par' dir='ltr' id='par_1_109' title="bbox 1924 4779 3508 4852">
     <span class='ocr_line' id='line_1_109' title="bbox 1924 4779 3508 4852; baseline -0.001 -18"><span class='ocrx_word' id='word_1_975' title='bbox 1924 4779 2096 4852; x_wconf 82' lang='lat' dir='ltr'><strong>ipsum</strong></span> <span class='ocrx_word' id='word_1_976' title='bbox 2140 4780 2338 4846; x_wconf 92' lang='lat' dir='ltr'><strong>Deum,</strong></span> <span class='ocrx_word' id='word_1_977' title='bbox 2371 4781 2545 4851; x_wconf 88' lang='lat' dir='ltr'><strong>gentis</strong></span> <span class='ocrx_word' id='word_1_978' title='bbox 2573 4779 2811 4836; x_wconf 79' lang='lat' dir='ltr'><strong>adversae</strong></span> <span class='ocrx_word' id='word_1_979' title='bbox 2856 4780 3084 4836; x_wconf 90' lang='lat' dir='ltr'><strong>tumultu</strong></span> <span class='ocrx_word' id='word_1_980' title='bbox 3132 4781 3468 4851; x_wconf 83' lang='lat' dir='ltr'><strong>perterritum</strong></span> <span class='ocrx_word' id='word_1_981' title='bbox 3493 4822 3508 4848; x_wconf 92' lang='lat'><strong>,</strong></span> 
     </span>
    </p>
   </div>
   <div class='ocr_carea' id='block_1_110' title="bbox 1923 4869 3509 4944">
    <p class='ocr_par' dir='ltr' id='par_1_110' title="bbox 1923 4869 3509 4944">
     <span class='ocr_line' id='line_1_110' title="bbox 1923 4869 3509 4944; baseline -0.001 -18"><span class='ocrx_word' id='word_1_982' title='bbox 1923 4869 2162 4926; x_wconf 89' lang='lat' dir='ltr'><strong>membra</strong></span> <span class='ocrx_word' id='word_1_983' title='bbox 2189 4885 2282 4926; x_wconf 90' lang='lat' dir='ltr'><strong>sua</strong></span> <span class='ocrx_word' id='word_1_984' title='bbox 2307 4870 2518 4926; x_wconf 88' lang='lat' dir='ltr'><strong>misisse</strong></span> <span class='ocrx_word' id='word_1_985' title='bbox 2555 4870 2838 4926; x_wconf 79' lang='lat' dir='ltr'><strong>cruciando</strong></span> <span class='ocrx_word' id='word_1_986' title='bbox 2861 4914 2874 4938; x_wconf 94' lang='lat'><strong>,</strong></span> <span class='ocrx_word' id='word_1_987' title='bbox 2905 4887 3003 4928; x_wconf 92' lang='lat' dir='ltr'><strong>nec</strong></span> <span class='ocrx_word' id='word_1_988' title='bbox 3027 4883 3213 4944; x_wconf 87' lang='lat' dir='ltr'><strong>postea</strong></span> <span class='ocrx_word' id='word_1_989' title='bbox 3242 4881 3348 4926; x_wconf 87' lang='lat' dir='ltr'><strong>tota</strong></span> <span class='ocrx_word' id='word_1_990' title='bbox 3384 4887 3509 4941; x_wconf 89' lang='lat' dir='ltr'><strong>pur-</strong></span> 
     </span>
    </p>
   </div>
   <div class='ocr_carea' id='block_1_111' title="bbox 1922 4962 3506 5034">
    <p class='ocr_par' dir='ltr' id='par_1_111' title="bbox 1922 4962 3506 5034">
     <span class='ocr_line' id='line_1_111' title="bbox 1922 4962 3506 5034; baseline -0.001 -16"><span class='ocrx_word' id='word_1_991' title='bbox 1922 4962 2094 5034; x_wconf 78' lang='lat' dir='ltr'><strong>ganda</strong></span> <span class='ocrx_word' id='word_1_992' title='bbox 2121 4963 2345 5031; x_wconf 90' lang='lat' dir='ltr'><strong>docetis,</strong></span> <span class='ocrx_word' id='word_1_993' title='bbox 2368 4963 2559 5018; x_wconf 87' lang='lat' dir='ltr'><strong>videtis</strong></span> <span class='ocrx_word' id='word_1_994' title='bbox 2583 4971 2740 5034; x_wconf 87' lang='lat' dir='ltr'><strong>quam</strong></span> <span class='ocrx_word' id='word_1_995' title='bbox 2769 4963 2886 5018; x_wconf 88' lang='lat' dir='ltr'><strong>sitis</strong></span> <span class='ocrx_word' id='word_1_996' title='bbox 2909 4964 3066 5020; x_wconf 90' lang='lat' dir='ltr'><strong>alieni</strong></span> <span class='ocrx_word' id='word_1_997' title='bbox 3096 4979 3127 5018; x_wconf 89' lang='lat' dir='ltr'><strong>a</strong></span> <span class='ocrx_word' id='word_1_998' title='bbox 3156 4965 3262 5020; x_wconf 89' lang='lat' dir='ltr'><strong>vita</strong></span> <span class='ocrx_word' id='word_1_999' title='bbox 3289 4971 3506 5030; x_wconf 86' lang='lat' dir='ltr'><strong>aeterna,</strong></span> 
     </span>
    </p>
   </div>
   <div class='ocr_carea' id='block_1_112' title="bbox 1922 5055 3513 5129">
    <p class='ocr_par' dir='ltr' id='par_1_112' title="bbox 1922 5055 3513 5129">
     <span class='ocr_line' id='line_1_112' title="bbox 1922 5055 3513 5129; baseline 0 -17"><span class='ocrx_word' id='word_1_1000' title='bbox 1922 5070 2080 5127; x_wconf 90' lang='lat' dir='ltr'><strong>quam</strong></span> <span class='ocrx_word' id='word_1_1001' title='bbox 2123 5057 2385 5128; x_wconf 90' lang='lat' dir='ltr'><strong>promittit</strong></span> <span class='ocrx_word' id='word_1_1002' title='bbox 2412 5055 2656 5122; x_wconf 85' lang='lat' dir='ltr'><strong>Christus</strong></span> <span class='ocrx_word' id='word_1_1003' title='bbox 2682 5057 2787 5112; x_wconf 90' lang='lat' dir='ltr'><strong>illis</strong></span> <span class='ocrx_word' id='word_1_1004' title='bbox 2813 5059 2900 5129; x_wconf 89' lang='lat' dir='ltr'><strong>qui</strong></span> <span class='ocrx_word' id='word_1_1005' title='bbox 2930 5058 3153 5114; x_wconf 90' lang='lat' dir='ltr'><strong>credunt</strong></span> <span class='ocrx_word' id='word_1_1006' title='bbox 3179 5059 3229 5112; x_wconf 92' lang='lat' dir='ltr'><strong>in</strong></span> <span class='ocrx_word' id='word_1_1007' title='bbox 3257 5073 3398 5114; x_wconf 91' lang='lat' dir='ltr'><strong>eum.</strong></span> <span class='ocrx_word' id='word_1_1008' title='bbox 3443 5058 3513 5112; x_wconf 86' lang='lat' dir='ltr'><strong>At</strong></span> 
     </span>
    </p>
   </div>
   <div class='ocr_carea' id='block_1_113' title="bbox 1923 5148 3511 5209">
    <p class='ocr_par' dir='ltr' id='par_1_113' title="bbox 1923 5148 3511 5209">
     <span class='ocr_line' id='line_1_113' title="bbox 1923 5148 3511 5209; baseline -0.001 -3"><span class='ocrx_word' id='word_1_1009' title='bbox 1923 5151 2063 5206; x_wconf 90' lang='lat' dir='ltr'><strong>enim</strong></span> <span class='ocrx_word' id='word_1_1010' title='bbox 2095 5150 2227 5205; x_wconf 80' lang='lat' dir='ltr'><strong>dixit</strong></span> <span class='ocrx_word' id='word_1_1011' title='bbox 2266 5149 2426 5206; x_wconf 89' lang='lat' dir='ltr'><strong>Petro</strong></span> <span class='ocrx_word' id='word_1_1012' title='bbox 2450 5148 2723 5209; x_wconf 86' lang='lat' dir='ltr'><strong>confitenti</strong></span> <span class='ocrx_word' id='word_1_1013' title='bbox 2769 5166 2890 5205; x_wconf 89' lang='lat' dir='ltr'><strong>eum</strong></span> <span class='ocrx_word' id='word_1_1014' title='bbox 2921 5151 3116 5206; x_wconf 89' lang='lat' dir='ltr'><strong>Filium</strong></span> <span class='ocrx_word' id='word_1_1015' title='bbox 3151 5150 3243 5204; x_wconf 87' lang='lat' dir='ltr'><strong>Dei</strong></span> <span class='ocrx_word' id='word_1_1016' title='bbox 3278 5168 3290 5202; x_wconf 90' lang='lat'><strong>:</strong></span> <span class='ocrx_word' id='word_1_1017' title='bbox 3321 5149 3511 5205; x_wconf 90' lang='lat' dir='ltr'><strong>Beatus</strong></span> 
     </span>
    </p>
   </div>
   <div class='ocr_carea' id='block_1_114' title="bbox 1924 5241 3511 5322">
    <p class='ocr_par' dir='ltr' id='par_1_114' title="bbox 1924 5241 3511 5322">
     <span class='ocr_line' id='line_1_114' title="bbox 1924 5241 3511 5322; baseline 0.001 -23"><span class='ocrx_word' id='word_1_1018' title='bbox 1924 5259 1974 5299; x_wconf 86' lang='lat' dir='ltr'><strong>es</strong></span> <span class='ocrx_word' id='word_1_1019' title='bbox 1994 5286 2006 5310; x_wconf 95' lang='lat'><strong>,</strong></span> <span class='ocrx_word' id='word_1_1020' title='bbox 2041 5244 2220 5300; x_wconf 88' lang='lat' dir='ltr'><strong>Simon</strong></span> <span class='ocrx_word' id='word_1_1021' title='bbox 2245 5242 2519 5299; x_wconf 84' lang='lat' dir='ltr'><strong>Bar—Jona</strong></span> <span class='ocrx_word' id='word_1_1022' title='bbox 2551 5241 2660 5317; x_wconf 91' lang='lat' dir='ltr'><strong>(Id.</strong></span> <span class='ocrx_word' id='word_1_1023' title='bbox 2695 5259 2782 5299; x_wconf 76' lang='lat' dir='ltr'><strong>xvr</strong></span> <span class='ocrx_word' id='word_1_1024' title='bbox 2802 5287 2816 5312; x_wconf 93' lang='lat'><strong>,</strong></span> <span class='ocrx_word' id='word_1_1025' title='bbox 2848 5245 2960 5322; x_wconf 86' lang='lat' dir='ltr'><strong>l7).</strong></span> <span class='ocrx_word' id='word_1_1026' title='bbox 2992 5243 3255 5314; x_wconf 84' lang='lat' dir='ltr'><strong>Numquid</strong></span> <span class='ocrx_word' id='word_1_1027' title='bbox 3283 5243 3402 5300; x_wconf 89' lang='lat' dir='ltr'><strong>ideo</strong></span> <span class='ocrx_word' id='word_1_1028' title='bbox 3427 5248 3511 5300; x_wconf 84' lang='lat' dir='ltr'><strong>ni-</strong></span> 
     </span>
    </p>
   </div>
   <div class='ocr_carea' id='block_1_115' title="bbox 1923 5334 3508 5407">
    <p class='ocr_par' dir='ltr' id='par_1_115' title="bbox 1923 5334 3508 5407">
     <span class='ocr_line' id='line_1_115' title="bbox 1923 5334 3508 5407; baseline 0.001 -17"><span class='ocrx_word' id='word_1_1029' title='bbox 1923 5334 1998 5390; x_wconf 91' lang='lat' dir='ltr'><strong>hil</strong></span> <span class='ocrx_word' id='word_1_1030' title='bbox 2027 5335 2283 5405; x_wconf 90' lang='lat' dir='ltr'><strong>promittit</strong></span> <span class='ocrx_word' id='word_1_1031' title='bbox 2308 5335 2385 5390; x_wconf 92' lang='lat' dir='ltr'><strong>eis</strong></span> <span class='ocrx_word' id='word_1_1032' title='bbox 2413 5334 2503 5407; x_wconf 90' lang='lat' dir='ltr'><strong>qui</strong></span> <span class='ocrx_word' id='word_1_1033' title='bbox 2530 5335 2582 5390; x_wconf 91' lang='lat' dir='ltr'><strong>in</strong></span> <span class='ocrx_word' id='word_1_1034' title='bbox 2607 5349 2727 5391; x_wconf 90' lang='lat' dir='ltr'><strong>eum</strong></span> <span class='ocrx_word' id='word_1_1035' title='bbox 2756 5334 2920 5394; x_wconf 85' lang='lat' dir='ltr'><strong>tilium</strong></span> <span class='ocrx_word' id='word_1_1036' title='bbox 2952 5334 3180 5389; x_wconf 91' lang='lat' dir='ltr'><strong>hominis</strong></span> <span class='ocrx_word' id='word_1_1037' title='bbox 3206 5336 3508 5407; x_wconf 88' lang='lat' dir='ltr'><strong>crederent,</strong></span> 
     </span>
    </p>
   </div>
   <div class='ocr_carea' id='block_1_116' title="bbox 1922 5425 3512 5497">
    <p class='ocr_par' dir='ltr' id='par_1_116' title="bbox 1922 5425 3512 5497">
     <span class='ocr_line' id='line_1_116' title="bbox 1922 5425 3512 5497; baseline 0.001 -15"><span class='ocrx_word' id='word_1_1038' title='bbox 1922 5441 2042 5482; x_wconf 92' lang='lat' dir='ltr'><strong>cum</strong></span> <span class='ocrx_word' id='word_1_1039' title='bbox 2069 5426 2207 5482; x_wconf 91' lang='lat' dir='ltr'><strong>idem</strong></span> <span class='ocrx_word' id='word_1_1040' title='bbox 2235 5426 2348 5497; x_wconf 88' lang='lat' dir='ltr'><strong>ipse</strong></span> <span class='ocrx_word' id='word_1_1041' title='bbox 2376 5427 2444 5481; x_wconf 90' lang='lat' dir='ltr'><strong>sit</strong></span> <span class='ocrx_word' id='word_1_1042' title='bbox 2471 5436 2524 5483; x_wconf 91' lang='lat' dir='ltr'><strong>et</strong></span> <span class='ocrx_word' id='word_1_1043' title='bbox 2554 5426 2718 5482; x_wconf 86' lang='lat' dir='ltr'><strong>Filius</strong></span> <span class='ocrx_word' id='word_1_1044' title='bbox 2744 5427 2836 5482; x_wconf 92' lang='lat' dir='ltr'><strong>Dei</strong></span> <span class='ocrx_word' id='word_1_1045' title='bbox 2867 5438 2919 5482; x_wconf 88' lang='lat' dir='ltr'><strong>et</strong></span> <span class='ocrx_word' id='word_1_1046' title='bbox 2948 5425 3088 5482; x_wconf 84' lang='lat' dir='ltr'><strong>ﬁlius</strong></span> <span class='ocrx_word' id='word_1_1047' title='bbox 3115 5426 3383 5483; x_wconf 87' lang='lat' dir='ltr'><strong>hominis?</strong></span> <span class='ocrx_word' id='word_1_1048' title='bbox 3411 5430 3512 5484; x_wconf 87' lang='lat' dir='ltr'><strong>lla-</strong></span> 
     </span>
    </p>
   </div>
   <div class='ocr_carea' id='block_1_117' title="bbox 1921 5519 3508 5590">
    <p class='ocr_par' dir='ltr' id='par_1_117' title="bbox 1921 5519 3508 5590">
     <span class='ocr_line' id='line_1_117' title="bbox 1921 5519 3508 5590; baseline 0 -14"><span class='ocrx_word' id='word_1_1049' title='bbox 1921 5519 2017 5576; x_wconf 89' lang='lat' dir='ltr'><strong>bes</strong></span> <span class='ocrx_word' id='word_1_1050' title='bbox 2043 5521 2199 5575; x_wconf 86' lang='lat' dir='ltr'><strong>etiam</strong></span> <span class='ocrx_word' id='word_1_1051' title='bbox 2239 5528 2422 5590; x_wconf 90' lang='lat' dir='ltr'><strong>aperte</strong></span> <span class='ocrx_word' id='word_1_1052' title='bbox 2445 5520 2608 5576; x_wconf 89' lang='lat' dir='ltr'><strong>vitam</strong></span> <span class='ocrx_word' id='word_1_1053' title='bbox 2636 5528 2890 5575; x_wconf 84' lang='lat' dir='ltr'><strong>aeternam</strong></span> <span class='ocrx_word' id='word_1_1054' title='bbox 2917 5522 3234 5590; x_wconf 90' lang='lat' dir='ltr'><strong>promissam</strong></span> <span class='ocrx_word' id='word_1_1055' title='bbox 3278 5521 3508 5578; x_wconf 88' lang='lat' dir='ltr'><strong>creden-</strong></span> 
     </span>
    </p>
   </div>
   <div class='ocr_carea' id='block_1_118' title="bbox 1923 5609 3510 5684">
    <p class='ocr_par' dir='ltr' id='par_1_118' title="bbox 1923 5609 3510 5684">
     <span class='ocr_line' id='line_1_118' title="bbox 1923 5609 3510 5684; baseline -0.001 -18"><span class='ocrx_word' id='word_1_1056' title='bbox 1923 5612 2062 5667; x_wconf 89' lang='lat' dir='ltr'><strong>tibus</strong></span> <span class='ocrx_word' id='word_1_1057' title='bbox 2091 5612 2142 5666; x_wconf 91' lang='lat' dir='ltr'><strong>in</strong></span> <span class='ocrx_word' id='word_1_1058' title='bbox 2169 5610 2333 5668; x_wconf 82' lang='lat' dir='ltr'><strong>(ilium</strong></span> <span class='ocrx_word' id='word_1_1059' title='bbox 2361 5612 2611 5668; x_wconf 90' lang='lat' dir='ltr'><strong>hominis.</strong></span> <span class='ocrx_word' id='word_1_1060' title='bbox 2644 5609 2788 5667; x_wconf 83' lang='lat' dir='ltr'><strong>Sicut</strong></span> <span class='ocrx_word' id='word_1_1061' title='bbox 2810 5611 3068 5678; x_wconf 68' lang='lat' dir='ltr'><strong>exultavit,</strong></span> <span class='ocrx_word' id='word_1_1062' title='bbox 3091 5613 3276 5684; x_wconf 89' lang='lat' dir='ltr'><strong>inquit,</strong></span> <span class='ocrx_word' id='word_1_1063' title='bbox 3305 5612 3510 5684; x_wconf 75' lang='lat' dir='ltr'><strong>Moyses</strong></span> 
     </span>
    </p>
   </div>
   <div class='ocr_carea' id='block_1_119' title="bbox 1921 5703 3504 5773">
    <p class='ocr_par' dir='ltr' id='par_1_119' title="bbox 1921 5703 3504 5773">
     <span class='ocr_line' id='line_1_119' title="bbox 1921 5703 3504 5773; baseline 0 -17"><span class='ocrx_word' id='word_1_1064' title='bbox 1921 5712 2197 5773; x_wconf 81' lang='lat' dir='ltr'><strong>serpentem</strong></span> <span class='ocrx_word' id='word_1_1065' title='bbox 2218 5703 2272 5756; x_wconf 88' lang='lat' dir='ltr'><strong>in</strong></span> <span class='ocrx_word' id='word_1_1066' title='bbox 2296 5719 2480 5769; x_wconf 85' lang='lat' dir='ltr'><strong>eremo,</strong></span> <span class='ocrx_word' id='word_1_1067' title='bbox 2500 5703 2570 5756; x_wconf 90' lang='lat' dir='ltr'><strong>sic</strong></span> <span class='ocrx_word' id='word_1_1068' title='bbox 2596 5709 2790 5772; x_wconf 79' lang='lat' dir='ltr'><strong>Oportet</strong></span> <span class='ocrx_word' id='word_1_1069' title='bbox 2810 5703 3026 5757; x_wconf 73' lang='lat' dir='ltr'><strong>exaltari</strong></span> <span class='ocrx_word' id='word_1_1070' title='bbox 3053 5703 3244 5758; x_wconf 76' lang='lat' dir='ltr'><strong>Filium</strong></span> <span class='ocrx_word' id='word_1_1071' title='bbox 3267 5705 3504 5768; x_wconf 72' lang='lat' dir='ltr'><strong>hominis,</strong></span> 
     </span>
    </p>
   </div>
   <div class='ocr_carea' id='block_1_120' title="bbox 1986 5879 3504 5945">
    <p class='ocr_par' dir='ltr' id='par_1_120' title="bbox 1986 5879 3504 5945">
     <span class='ocr_line' id='line_1_120' title="bbox 1986 5879 3504 5945; baseline 0.004 -18"><span class='ocrx_word' id='word_1_1072' title='bbox 1986 5880 1999 5910; x_wconf 83' lang='grc'>¹</span> <span class='ocrx_word' id='word_1_1073' title='bbox 2039 5879 2201 5945; x_wconf 77' lang='lat' dir='ltr'><strong>Plures</strong></span> <span class='ocrx_word' id='word_1_1074' title='bbox 2223 5887 2326 5945; x_wconf 80' lang='lat' dir='ltr'><strong>Mss.</strong></span> <span class='ocrx_word' id='word_1_1075' title='bbox 2353 5880 2577 5931; x_wconf 86' lang='lat' dir='ltr'><strong>omittunt</strong></span> <span class='ocrx_word' id='word_1_1076' title='bbox 2601 5887 2652 5931; x_wconf 87' lang='lat' dir='ltr'><strong>et</strong></span> <span class='ocrx_word' id='word_1_1077' title='bbox 2684 5879 2985 5944; x_wconf 84' lang='lat' dir='ltr'><strong>particulam,</strong></span> <span class='ocrx_word' id='word_1_1078' title='bbox 3003 5892 3130 5943; x_wconf 80' lang='lat' dir='ltr'><strong>ctan,</strong></span> <span class='ocrx_word' id='word_1_1079' title='bbox 3167 5888 3218 5932; x_wconf 90' lang='lat' dir='ltr'><strong>et</strong></span> <span class='ocrx_word' id='word_1_1080' title='bbox 3238 5880 3365 5945; x_wconf 85' lang='lat' dir='ltr'><strong>quod</strong></span> <span class='ocrx_word' id='word_1_1081' title='bbox 3383 5879 3504 5933; x_wconf 71' lang='lat' dir='ltr'><strong>infn</strong></span> 
     </span>
    </p>
   </div>
   <div class='ocr_carea' id='block_1_121' title="bbox 1924 5941 3503 6004">
    <p class='ocr_par' dir='ltr' id='par_1_121' title="bbox 1924 5941 3503 6004">
     <span class='ocr_line' id='line_1_121' title="bbox 1924 5941 3503 6004; baseline 0 -14"><span class='ocrx_word' id='word_1_1082' title='bbox 1924 5947 2001 5990; x_wconf 85' lang='lat' dir='ltr'><strong>est</strong></span> <span class='ocrx_word' id='word_1_1083' title='bbox 2022 5943 2242 6004; x_wconf 85' lang='lat' dir='ltr'><strong>verbum,</strong></span> <span class='ocrx_word' id='word_1_1084' title='bbox 2270 5941 2465 5992; x_wconf 74' lang='lat' dir='ltr'><strong>doceas.</strong></span> <span class='ocrx_word' id='word_1_1085' title='bbox 2684 5941 2698 5944; x_wconf 82' lang='grc'><strong><em>“</em></strong></span> <span class='ocrx_word' id='word_1_1086' title='bbox 3117 5941 3122 5943; x_wconf 80' lang='grc'><em>’</em></span> <span class='ocrx_word' id='word_1_1087' title='bbox 3255 5941 3271 5945; x_wconf 66' lang='grc'><em>⁷</em></span> <span class='ocrx_word' id='word_1_1088' title='bbox 3492 5949 3503 5956; x_wconf 84' lang='lat'><strong><em>&#39;</em></strong></span> 
     </span>
    </p>
   </div>
   <div class='ocr_carea' id='block_1_122' title="bbox 3286 6045 3342 6080">
    <p class='ocr_par' dir='ltr' id='par_1_122' title="bbox 3286 6045 3342 6080">
     <span class='ocr_line' id='line_1_122' title="bbox 3286 6045 3342 6080; baseline 0 -4"><span class='ocrx_word' id='word_1_1089' title='bbox 3286 6045 3342 6080; x_wconf 25' lang='grc' dir='ltr'><strong>,γε</strong></span> 
     </span>
    </p>
   </div>
   <div class='ocr_carea' id='block_1_123' title="bbox 3540 6061 3569 6094">
    <p class='ocr_par' dir='ltr' id='par_1_123' title="bbox 3540 6061 3569 6094">
     <span class='ocr_line' id='line_1_123' title="bbox 3540 6061 3569 6094; baseline 0 -8"><span class='ocrx_word' id='word_1_1090' title='bbox 3540 6061 3569 6094; x_wconf 51' lang='grc' dir='ltr'>κ</span> 
     </span>
    </p>
   </div>
  </div>
