4052 6476
562 386 672 442 225

559 512 619 557 ut
645 499 807 555 omnis
824 499 911 569 qui
936 498 1203 553 crediderit
1223 498 1275 551 in
1301 511 1413 549 eum
1433 511 1535 547 non
1560 500 1749 562 pereat,
1767 489 1853 543 sed
1880 489 2054 541 habent
2075 486 2149 539 vi-

561 605 667 650 tam
685 604 923 648 teternam
950 592 1125 662 (Joan.
1156 607 1235 656 tu,
1264 589 1353 652 14,
1386 588 1498 657 15).
1531 576 1667 652 Quid
1699 582 1857 637 vultis
1877 579 2148 650 amplius?

561 684 775 741 Credite
790 699 917 755 ergo
945 685 995 738 in
1015 684 1176 738 ﬁlium
1203 679 1454 745 hominis,
1475 686 1531 731 ut
1558 676 1795 731 habeatis
1815 675 1975 727 vitam
1995 682 2146 725 arter-

560 792 716 844 nam;
739 776 859 846 quia
886 775 997 844 ipse
1022 783 1104 829 est
1131 782 1183 828 et
1212 770 1378 825 Filius
1407 769 1497 823 Dei
1518 769 1607 838 qui
1637 774 1810 837 potest
1829 766 1956 820 dare
1982 763 2143 817 vitam

559 877 813 923 aeternam
838 883 851 931 ;
880 866 999 936 quia
1024 866 1129 935 ipse
1151 872 1223 917 est
1246 878 1388 915 verus
1414 860 1555 915 Deus
1581 869 1625 913 et
1650 862 1750 913 vita
1769 867 1976 921 aeterna,
2010 856 2146 908 sicut

562 960 704 1014 idem
733 960 961 1013 Joannes
980 958 1051 1011 ait
1080 957 1130 1011 in
1151 955 1385 1025 Epistola
1411 969 1525 1009 sua.
1549 953 1648 1009 Ubi
1673 953 1831 1007 etiam
1854 949 1981 1005 dicit
2007 949 2144 1003 anti-

559 1050 815 1104 christum
843 1064 982 1113 esse,
1005 1048 1092 1118 qui
1120 1056 1278 1117 negat
1295 1046 1563 1102 Christum
1590 1045 1643 1101 in
1668 1059 1830 1101 carne
1860 1043 2073 1098 venisse
2100 1039 2142 1111 (ι

557 1139 713 1195 Jaan.
746 1156 795 1203 ν,
819 1140 904 1204 20,
932 1150 976 1193 et
1006 1155 1075 1203 tv,
1098 1140 1176 1208 ⁸5).
1741 1135 1745 1138 ’

634 1232 855 1285 CAPUT
886 1230 1183 1299 \'.—-Quid
1206 1244 1333 1301 ergo
1352 1244 1447 1285 vos
1482 1237 1731 1299 tanquam
1758 1227 1826 1283 de
1858 1226 2135 1282 mandato-

560 1342 677 1379 rum
701 1326 814 1394 ejus
845 1324 1169 1394 perfectione
1207 1324 1419 1393 jactatis
1440 1366 1454 1388 ,
1478 1323 1619 1392 quod
1648 1338 1710 1377 ea
1740 1336 1857 1391 qum
1887 1321 1937 1374 in
1968 1320 2138 1373 Evan-

553 1418 694 1487 gelio
722 1427 981 1488 praecepta
1011 1426 1135 1471 sunt
1162 1416 1495 1485 Oper-amitti?
1518 1414 1651 1480 Quid
1679 1414 1820 1468 enim
1849 1412 1935 1465 illa
1978 1410 2137 1480 prod-

558 1520 778 1573 essent,
806 1510 895 1565 ubi
948 1525 1052 1564 non
1084 1519 1165 1563 est
1211 1508 1342 1563 ﬁdes
1371 1523 1492 1563 vera
1512 1548 1527 1574 ,
1554 1506 1762 1562 etiamsi
1792 1521 1917 1559 vere
1948 1504 2136 1573 imple—

553 1612 740 1657 rentur
763 1619 791 1656 a
814 1603 961 1657 vobis
982 1603 1004 1655 ?
1022 1602 1207 1656 Nonne
1234 1600 1456 1655 audistis
1489 1598 1799 1667 Apostolum
1825 1596 2088 1651 dicentem
2122 1612 2134 1647 :

554 1694 616 1749 Si
634 1694 927 1748 distribuant
951 1694 1119 1747 omnia
1140 1709 1247 1746 mea
1274 1689 1579 1760 pauperibus
1598 1731 1611 1755 ,
1644 1697 1689 1742 et
1726 1687 1922 1742 tradant
1956 1702 2138 1753 corpus

552 1802 717 1839 meum
746 1796 800 1839 ut
821 1787 1026 1840 ardeam
1048 1827 1061 1849 ,
1088 1785 1387 1838 charitatem
1409 1792 1573 1835 autem
1602 1797 1701 1834 non
1738 1780 1977 1844 habeant,
2008 1776 2138 1831 nihil

553 1878 680 1931 mihi
705 1879 905 1947 prodest
936 1877 977 1949 (Ι
1009 1876 1125 1931 Cor.
1156 1892 1247 1930 xm
1271 1919 1283 1940 ,
1318 1874 1371 1945 5)
1397 1875 1418 1927 ?
1445 1873 1581 1942 Quid
1607 1888 1733 1943 ergo
1769 1888 1865 1925 vos
1887 1881 2133 1941 tanquam

553 1970 621 2024 de
649 1970 934 2024 christiana
958 1975 1266 2038 paupertate
1287 1967 1496 2037 jactatis
1516 2008 1529 2032 ,
1553 1980 1673 2020 cum
1694 1965 1979 2019 christiana
2010 1961 2139 2016 cha-

472 2050 477 2055 ’
555 2062 714 2116 ritate
740 2062 1005 2116 eareatis?
1034 2062 1240 2115 Habent
1268 2061 1409 2113 enim
1436 2060 1575 2113 inter
1596 2072 1684 2120 se,
1720 2072 1877 2127 quam
1905 2055 2137 2111 Charita-

556 2163 662 2208 tem
689 2164 913 2217 vocant,
947 2154 1105 2208 ctiam
1144 2154 1377 2207 latrones
1400 2195 1413 2215 ,
1448 2152 1546 2207 sibi
1577 2150 1833 2205 debentes
1873 2149 2137 2203 facinoro-

549 2261 664 2301 sam
693 2248 1108 2317 ﬁagitiosamque
1128 2247 1507 2302 conscientiam
1528 2288 1543 2312 ,
1571 2246 1666 2301 sed
1695 2260 1798 2300 non
1820 2245 2133 2299 eharitatem

549 2353 709 2409 quam
734 2338 1071 2393 commendat
1092 2339 1393 2407 Apostolus.
1428 2337 1495 2392 Et
1516 2348 1573 2391 ut
1597 2353 1712 2392 eam
1740 2352 1770 2391 a
1795 2336 2004 2391 cwleris
2036 2334 2136 2388 im-

554 2430 843 2499 probandis
886 2429 1331 2500 repudiandisque
1357 2439 1661 2485 secerneret
1683 2470 1696 2491 .
1730 2430 1805 2483 ait
1833 2428 1938 2482 alio
1969 2429 2086 2481 loco
2114 2444 2127 2479 :

550 2518 702 2574 Finis
717 2531 881 2573 autem
909 2522 1144 2591 praecepti
1164 2531 1235 2575 est
1262 2521 1483 2575 charitas
1503 2522 1564 2573 de
1592 2522 1743 2574 corde
1770 2536 1897 2589 puro
1916 2562 1930 2585 ,
1954 2528 1999 2572 et
2023 2534 2136 2573 con-

548 2613 756 2667 scientia
778 2614 936 2679 bona,
965 2622 1009 2666 et
1029 2614 1131 2682 ﬁde
1158 2630 1257 2667 non
1277 2615 1395 2682 ﬁcta
1416 2613 1456 2685 (I
1490 2612 1626 2667 Tim.
1654 2629 1692 2679 ι,
1718 2614 1795 2681 5')-
1829 2611 1981 2667 Unde
2006 2627 2133 2681 ergo

549 2704 747 2760 habere
770 2706 987 2775 potestis
1008 2721 1188 2761 veram
1215 2706 1527 2761 eharitatem
1545 2721 1619 2758 ex
1645 2704 1747 2759 ﬁde
1774 2704 1892 2758 ﬁcta
1914 2719 2136 2775 surgen-

550 2806 658 2853 tem
688 2797 745 2849 ‘?
772 2800 879 2852 Aut
903 2798 1115 2869 quando
1136 2813 1229 2853 vos
1270 2797 1467 2868 pigebit
1504 2796 1662 2851 ﬁdem
1698 2805 1925 2851 vestram
1958 2797 2136 2851 fucare

551 2889 842 2945 mendaciis
863 2892 883 2922 ³
911 2932 924 2955 ,
957 2890 1171 2960 quando
1201 2899 1255 2944 et
1293 2890 1518 2959 primum
1551 2888 1819 2942 hominem
1850 2895 2086 2941 vestrum
2118 2927 2133 2952 ,

552 2997 675 3038 cum
707 2984 818 3037 suis
845 2983 1083 3038 hostibus
1109 2984 1160 3037 in
1187 2998 1297 3037 suze
1314 2991 1514 3036 naturae
1534 2986 1756 3035 veritate
1776 2980 2133 3046 manentibus,

557 3073 798 3128 mutabili
821 3072 1023 3127 fallacia
1044 3073 1329 3128 dimicasse
1370 3072 1703 3142 praedicatis;
1727 3071 1962 3141 etipsum
1989 3069 2140 3125 Chri-

552 3172 694 3219 stum
725 3164 815 3233 qui
840 3164 988 3231 dicit,
1023 3163 1134 3234 Ego
1157 3180 1270 3217 sum
1293 3165 1473 3217 veritas
1517 3161 1696 3231 (Joau.
1738 3178 1859 3227 xw,
1895 3163 1985 3229 6),
2017 3174 2139 3230 Spe-

554 3257 691 3312 ciem
720 3256 895 3312 carnis
916 3297 929 3321 ,
971 3266 1198 3311 mortem
1240 3256 1412 3311 crucis
1432 3299 1446 3323 ,
1480 3256 1694 3310 vulnera
1732 3254 2024 3326 passionis,
2056 3255 2137 3309 ci-

555 3347 781 3402 catrices
824 3347 1231 3417 resurrectionis
1261 3388 1277 3413 ,
1338 3346 1617 3400 mentitum
1674 3360 1794 3400 esse
1860 3344 2139 3399 suadetis?

552 3439 786 3495 Proinde
816 3454 911 3494 vos
948 3438 1159 3494 Christo
1211 3448 1389 3494 vestro
1433 3438 1682 3508 anteponi
1733 3437 1920 3502 vultis,
1976 3437 2018 3490 si
2048 3437 2138 3492 illo

551 3531 863 3597 mentiente,
888 3545 985 3586 vos
1011 3531 1335 3586 annuntiatis
1362 3531 1659 3585 veritatem.
1683 3528 1738 3584 Si
1759 3537 1937 3583 autem
1958 3528 2140 3583 Chris-

549 3630 659 3677 tum
692 3632 927 3677 vestrum
951 3622 1147 3677 sectari
1177 3622 1338 3676 vultis
1357 3663 1371 3689 ,
1404 3621 1522 3691 quis
1547 3635 1652 3675 non
1686 3621 1738 3674 in
1773 3621 1923 3675 vobis
1950 3630 2138 3675 caveat

548 3712 830 3767 falsitatem
852 3754 867 3778 ,
909 3721 966 3768 ut
995 3713 1048 3767 in
1089 3712 1172 3767 his
1196 3726 1407 3783 quoque
1454 3712 1719 3767 mandatis
1748 3728 1867 3782 quae
1908 3727 2002 3766 vos
2038 3712 2137 3764 im-

547 3803 697 3873 plere
726 3803 901 3857 dicitis
920 3844 935 3869 ,
970 3819 1073 3857 non
1115 3805 1183 3858 sit
1212 3804 1311 3857 nisi
1361 3803 1473 3857 sola
1501 3802 1748 3858 fallacia?
1774 3803 1981 3873 Quippe
2011 3818 2132 3857 cum

550 3906 712 3946 ausus
738 3893 806 3946 sit
828 3892 1054 3948 Faustus
1074 3893 1253 3948 dicere
1281 3893 1422 3964 quod
1448 3909 1522 3948 tes
1563 3894 1613 3948 in
1642 3894 1789 3949 zonis
1816 3910 1919 3947 non
1950 3904 2132 3963 porte-

557 3983 625 4037 tis
651 4000 663 4036 :
697 3984 794 4037 nisi
819 3982 952 4038 forte
974 3983 1092 4038 ideo
1114 3999 1295 4039 verum
1321 3984 1484 4051 dixit,
1509 3986 1629 4055 quia
1654 4001 1757 4041 non
1785 4001 1857 4039 tes
1882 3986 1931 4039 in
1962 3985 2132 4052 zonis,

554 4076 649 4131 sed
683 4086 731 4131 et
760 4092 945 4130 aurum
977 4077 1029 4131 in
1059 4078 1271 4132 arcellis
1298 4088 1353 4133 et
1378 4080 1427 4133 in
1458 4080 1946 4136 sacculishabeatis
1980 4101 1992 4136 :
2036 4096 2135 4136 nec

555 4168 1075 4237 reprehenderentur
1104 4170 1202 4223 ista
1233 4169 1284 4223 in
1316 4170 1501 4237 vobis,
1535 4172 1633 4225 nisi
1663 4173 1782 4240 quia
1814 4173 2134 4242 profitemini

553 4258 727 4325 aliud,
750 4267 805 4314 et
840 4258 995 4313 aliter
1015 4261 1208 4314 vivitis.
1242 4252 1441 4315 Adhuc
1479 4265 1529 4315 in
1581 4262 1739 4316 rebus
1771 4263 2014 4318 humanis
2053 4276 2136 4320 est

552 4349 648 4405 ille
674 4349 1016 4407 Constantius
1039 4395 1052 4419 ,
1087 4353 1247 4407 modo
1284 4354 1394 4423 jam
1425 4354 1589 4409 frater
1616 4363 1797 4409 noster
1843 4357 2134 4412 catholicus

553 4441 875 4498 Christianus
900 4485 914 4510 ,
968 4444 1062 4513 qui,
1110 4444 1307 4499 multos
1331 4455 1567 4499 vestrum
1610 4446 1794 4501 lloma:
1824 4447 1875 4500 in
1915 4447 2131 4501 domutn

551 4547 701 4589 suam
728 4546 1169 4605 congregaverat,
1202 4544 1416 4604 propter
1444 4536 1711 4607 implenda
1744 4549 2003 4608 praecepta
2024 4538 2136 4593 Ma-

550 4626 741 4681 nichaci
761 4666 776 4693 ,
808 4629 936 4682 satis
961 4628 1177 4698 quidem
1210 4644 1340 4683 vana
1367 4638 1423 4684 et
1444 4630 1621 4699 inepta
1642 4673 1657 4697 ,
1688 4631 1782 4687 sed
1807 4643 1980 4687 tamen
2011 4648 2130 4702 quae

550 4735 739 4791 magna
770 4721 1083 4776 existimatis
1113 4739 1126 4776 :
1166 4723 1355 4792 quibus
1383 4738 1505 4778 cum
1530 4732 1705 4779 vestra
1740 4724 2019 4779 inﬁrmitas
2040 4740 2131 4780 ce-

551 4811 734 4877 deret,
761 4811 985 4881 dispersi
1016 4813 1145 4867 estis
1166 4814 1390 4884 quisque
1433 4814 1484 4869 in
1513 4815 1650 4870 viam
1681 4830 1851 4870 suam.
1876 4815 2027 4872 Unde
2055 4817 2133 4872 illi

551 4905 643 4974 qui
690 4905 743 4959 in
774 4903 853 4959 eis
896 4904 1182 4973 perdurare
1220 4906 1534 4974 voluerunt,
1574 4923 1603 4961 a
1654 4917 1826 4963 vestra
1870 4909 2127 4965 societate

555 4995 784 5051 schisma
819 4995 1081 5061 fecerunt;
1106 5005 1161 5051 et
1184 4997 1304 5066 quia
1329 4997 1380 5051 in
1411 4999 1590 5053 mattis
1609 5000 1881 5055 dormiunt
1904 5043 1917 5062 ,
1941 5001 2129 5055 Matta-

554 5088 617 5142 rii
641 5088 1009 5157 appellantur:
1041 5103 1068 5141 a
1097 5104 1322 5159 quorum
1339 5091 1519 5145 stratis
1539 5090 1697 5161 longe
1716 5091 2003 5148 dissimiles
2028 5093 2136 5149 fue-

555 5190 679 5235 runt
707 5181 897 5249 plumae
922 5179 1137 5247 Fausti,
1170 5192 1220 5235 et
1247 5184 1479 5251 caprina:
1506 5182 1707 5237 lodices
1731 5225 1745 5250 ,
1784 5200 1888 5254 qua
1916 5185 2132 5240 delicia-

554 5288 671 5328 rum
696 5274 962 5329 aflluentia
1008 5289 1112 5328 non
1142 5275 1313 5328 solum
1351 5274 1622 5330 Mattarios
1650 5275 1953 5331 fastidiebat
1980 5320 1994 5343 ,
2026 5280 2123 5334 sed

557 5364 717 5418 etiam
747 5363 963 5419 domum
989 5365 1154 5434 patris
1182 5365 1261 5421 sui
1294 5365 1524 5421 hominis
1548 5368 1794 5437 pauperis
1818 5368 2129 5424 Milevitani.

617 5601 635 5670 ξ
669 5602 1110 5670 ltrntanuscriptis,
1149 5617 1212 5654 ex
1247 5603 1345 5667 ﬁde
1388 5618 1481 5670 non
1511 5604 1625 5667 ﬁcta
1647 5612 1933 5670 surgentem.

616 5663 636 5693 ²
673 5662 859 5725 Aliquot
874 5662 1009 5733 tussi,
1028 5664 1175 5727 ﬁdem
1191 5662 1400 5733 vestram
1414 5662 1605 5733 fuscare
1620 5662 1903 5719 mendaciis.
1932 5670 2011 5720 alii
2029 5674 2133 5733 qui-

551 5723 660 5772 dam
688 5723 802 5794 cum
827 5726 969 5794 editis
997 5723 1104 5794 'A'm.
1148 5737 1200 5778 et
1234 5735 1330 5794 _Er.,
1367 5723 1514 5794 ﬁdem
1549 5737 1752 5794 vestram
1787 5744 2001 5792 pugnare
2024 5723 2135 5783 cum

553 5786 833 5835 mendaciis.
852 5789 1197 5857 Cistcrcienses
1217 5786 1544 5853 duo'eodices,
1570 5791 1628 5842 ob
1644 5786 1796 5854 ﬁdem
1815 5786 2020 5845 vestram
2048 5809 2133 5859 pu-

553 5857 701 5897 tmare
720 5850 1001 5897 mandastis.

551 5857 701 5910 gnere
720 5857 1001 5900 meuaacus.

1381 380 1654 440 CONTRA
1694 371 2016 433 FAUSTUM
2054 368 2503 437 MANICHXEUM,
2548 377 2600 433 S.
2646 379 3010 439 AUGUSTINI

2233 496 2451 553 Auferte
2484 513 2612 568 ergo
2646 500 2904 567 perditam
2942 503 3355 574 simulationem,
3394 508 3441 564 si
3489 509 3556 566 de
3583 512 3822 573 moribus

2234 604 2342 645 non
2368 591 2545 659 vultis,
2568 595 2754 649 saltem
2777 594 2844 649 de
2866 596 3055 651 litteris
3076 601 3265 654 vestris
3296 619 3309 654 :
3336 616 3403 657 ne
3450 602 3626 674 lingua
3649 617 3823 665 vestra

2235 697 2356 760 cum
2399 687 2505 739 vita
2557 694 2766 753 vestra,
2813 695 3063 758 tanquam
3108 689 3196 745 ille
3245 693 3447 761 primus
3492 695 3653 752 homo
3698 714 3823 754 cum

2238 784 2396 847 gente
2437 778 2796 842 tenebrarum,
2829 779 3192 847 mendacibus,
3238 797 3342 838 non
3380 785 3679 855 elementis,
3725 790 3823 846 sed

2239 868 2417 924 verbis
2448 885 2683 939 pugnare
2713 870 2975 926 videatur.

2307 959 2533 1015 CAPUT
2578 960 2875 1017 Vl.—Sed
2914 979 2979 1017 ne
3018 965 3069 1018 in
3109 964 3352 1023 homines
3393 968 3567 1037 potius
3592 984 3696 1025 non
3728 969 3832 1025 im-

2237 1048 2445 1120 plentes
2487 1065 2549 1105 ea
2599 1066 2717 1119 qua:
2761 1053 2861 1107 sibi
2912 1056 3307 1126 praecipiuntur,
3354 1074 3513 1128 quam
3559 1060 3612 1114 in
3656 1062 3831 1131 ipsam

2237 1149 2440 1197 sectam
2469 1141 2745 1197 vanissimi
2771 1146 2971 1201 erroris
2999 1161 3087 1202 me
3111 1148 3210 1202 ista
3233 1147 3409 1205 dicere
3433 1149 3713 1221 quisquam
3733 1165 3830 1207 re-

2245 1224 2575 1294 prehendat,
2611 1226 2710 1279 hoc
2735 1226 2855 1282 dico
2885 1245 2897 1281 :
2931 1227 3078 1281 Talia
3114 1236 3238 1282 sunt
3265 1230 3376 1296 ipsa
3420 1237 3683 1297 praecepta
3714 1227 3828 1281 Ma-

2244 1319 2434 1373 nichtei
2456 1361 2470 1385 ,
2500 1327 2557 1372 ut
2586 1320 2626 1373 si
2657 1335 2719 1374 ea
2750 1336 2854 1374 non
2884 1320 3088 1375 faciatis
3109 1361 3122 1383 ,
3164 1321 3509 1389 deceptores;
3554 1322 3598 1373 si
3644 1330 3827 1374 autem

2241 1410 2467 1477 faciatis,
2491 1413 2697 1482 decepti
2723 1414 2857 1467 sitis.
2882 1413 3063 1483 Neque
3082 1414 3223 1468 enim
3247 1412 3492 1468 Christus
3514 1412 3665 1467 vobis
3686 1428 3831 1482 pra»

2241 1504 2383 1573 cepit
2403 1512 2459 1557 ιιι
2479 1502 2696 1559 herbam
2725 1519 2829 1558 non
2856 1505 3095 1559 evellatis
3116 1547 3131 1571 ,
3161 1519 3227 1558 ne
3258 1504 3599 1560 homicidium
3626 1518 3824 1573 perpe-

2241 1596 2422 1663 tretis,
2459 1597 2547 1666 qui
2583 1585 2876 1666 discipulos
2909 1611 3034 1653 suos
3076 1612 3172 1667 per
3199 1606 3436 1667 segetem
3483 1602 3827 1651 transeuntes

2239 1700 2293 1744 et
2317 1690 2648 1756 esurientes,
2691 1690 2887 1744 vellere
2933 1691 3108 1760 spicas
3152 1691 3371 1745 sabbato
3410 1707 3515 1744 non
3554 1688 3832 1759 prohibuit

2244 1779 2457 1854 (Matth.
2482 1799 2553 1837 xu
2576 1825 2589 1848 ,
2638 1783 2726 1848 1),
2757 1783 2901 1838 unde
2945 1784 3283 1851 convinceret
3311 1792 3363 1837 et
3408 1791 3699 1853 praesentes
3724 1782 3826 1835 Ju-

2237 1873 2413 1937 daeos,
2459 1884 2512 1928 et
2556 1876 2762 1929 futuros
2811 1876 3176 1929 Maniehzeos:
3230 1876 3379 1940 illos,
3426 1876 3546 1945 quia
3598 1874 3830 1931 sabbato

2238 1965 2435 2032 ﬁebat;
2467 1967 2597 2021 istos
2618 1982 2764 2031 vero,
2794 1967 2916 2036 quia
2953 1968 3131 2022 fiebat.
3160 1966 3266 2022 Sed
3298 1967 3459 2036 plane
3497 1965 3828 2020 Manichzeus

2239 2060 2489 2130 prmcepit
2512 2068 2568 2113 ut
2592 2059 2777 2114 otiosis
2810 2060 3051 2115 manibus
3073 2060 3286 2127 vestris,
3315 2058 3382 2114 de
3413 2058 3714 2113 homicidiis
3745 2059 3831 2112 vi-

2238 2153 2375 2207 vatis
2403 2153 2589 2207 alienis
2625 2171 2637 2206 :
2670 2161 2725 2207 et
2754 2152 2841 2207 illa
2862 2152 3074 2221 quidem
3101 2152 3231 2207 falsa
3256 2160 3381 2207 sunt
3404 2150 3709 2215 homicidia,
3730 2151 3831 2206 sed

2237 2253 2416 2299 vestra
2441 2252 2564 2299 sunt
2589 2259 2748 2309 vera,
2779 2259 2902 2299 cum
2927 2245 3019 2299 tali
3044 2244 3431 2301 daemoniorum
3449 2244 3689 2300 doctrina
3724 2245 3829 2299 mi-

2236 2349 2384 2389 seras
2408 2336 2613 2390 animas
2641 2335 2937 2390 trucidatis.

2308 2425 2537 2482 CAPUT
2568 2426 2751 2481 Vll.—
2775 2427 2918 2483 lnest
2943 2436 3117 2482 tamen
3152 2428 3240 2483 ille
3268 2429 3551 2484 hatretieus
3579 2428 3774 2500 typhus
3810 2471 3827 2494 ,

2237 2520 2690 2590 intolerabilisque
2718 2520 2986 2589 superbia.
3021 2518 3169 2575 Vides
3188 2563 3203 2586 ,
3235 2522 3438 2590 inquit,
3464 2523 3610 2575 inme
3637 2520 3833 2575 Christi

2238 2610 2579 2666 beatitudines
2595 2611 2711 2665 illas
2736 2626 2850 2681 qua:
2870 2610 3200 2681 Evangelium
3224 2612 3451 2682 faciunt;
3473 2622 3519 2666 et
3546 2612 3834 2682 interrogas

2237 2710 2407 2756 utrum
2429 2702 2559 2756 illud
2599 2702 2890 2772 accipiant?
2920 2700 3071 2756 Vides
3096 2719 3364 2773 pauperem
3389 2745 3403 2769 ,
3440 2704 3574 2757 vides
3619 2704 3791 2757 mitem
3812 2745 3830 2770 ,

2237 2792 2375 2847 vides
2413 2793 2718 2863 paciﬁcum,
2767 2809 2893 2863 puro
2932 2793 3117 2861 corde,
3163 2794 3414 2865 lugentem
3438 2837 3451 2858 ,
3484 2796 3784 2849 esurientem
3811 2834 3831 2862 ,

2238 2888 2486 2942 sitientem
2505 2928 2518 2952 ,
2544 2889 2910 2959 persecutiones
2930 2898 2977 2943 et
3002 2888 3121 2941 odia
3140 2889 3469 2942 sustinentem
3514 2897 3719 2959 prepter
3728 2887 3833 2955 ju-

2238 2979 2461 3043 stitiam;
2482 2989 2528 3032 et
2549 2979 2749 3034 dubitas
2769 2989 2941 3034 utrunt
2963 2980 3209 3048 accipiam
3247 2978 3583 3050 Evangetium
3599 2978 3624 3031 ἶ)
3643 2977 3698 3033 Si
3725 2976 3837 3033 hoc

2240 3079 2383 3126 esset
2415 3070 2615 3139 justum
2646 3086 2766 3126 esse
2790 3112 2805 3137 ,
2846 3070 3143 3141 justiﬁcare
3184 3072 3449 3141 seipsum,
3494 3070 3668 3126 verbis
3712 3071 3839 3125 suis

2238 3160 2472 3215 volasset
2509 3162 2563 3215 in
2586 3161 2784 3217 cmlum
2830 3161 2991 3217 homo
3032 3163 3130 3217 iste
3155 3204 3170 3229 ,
3203 3177 3325 3217 eum
3356 3162 3470 3217 haec
3498 3163 3834 3232 loqueretur.

2240 3251 2347 3307 Sed
2369 3267 2469 3321 ego
2486 3252 2537 3306 in
2559 3253 2776 3307 delicias
2819 3253 2993 3307 Famti
3026 3270 3130 3307 non
3163 3253 3388 3309 invehor
3410 3295 3426 3321 ,
3460 3262 3612 3308 notas
3654 3255 3838 3308 omni-

2241 3342 2339 3397 bus
2379 3342 2728 3399 Auditoribus
2768 3344 3212 3410 Manichaeorum,
3256 3354 3309 3399 et
3345 3344 3422 3399 eis
3468 3344 3697 3398 maxime
3734 3346 3837 3414 qui

2241 3444 2365 3491 sunt
2414 3435 2597 3491 Romae
2630 3437 2829 3491 :talem
2884 3451 3123 3507 propono
3174 3436 3556 3504 manichanum,
3605 3438 3831 3506 qualem

2239 3529 2582 3583 Constantius
2607 3530 2950 3599 requirebat,
2983 3546 3104 3584 eum
3147 3531 3233 3586 illa
3277 3540 3539 3600 praecepta
3583 3532 3839 3600 exigebat

2241 3621 2486 3690 impleri,
2521 3637 2626 3676 non
2658 3623 2868 3692 qualem
2898 3623 3067 3679 videri
3102 3624 3336 3679 nolebat.
3367 3624 3431 3677 Et
3473 3622 3617 3677 illum
3650 3632 3838 3678 tamen

2239 3712 2509 3783 quomodo
2536 3713 2689 3768 video
2717 3728 3003 3783 pauperem
3035 3715 3221 3783 spiritu
3245 3755 3260 3781 ,
3291 3714 3378 3783 qui
3421 3724 3525 3768 tam
3566 3714 3840 3783 superbus

2238 3814 2352 3871 est,
2383 3814 2442 3859 ut
2492 3806 2724 3860 animam
2760 3821 2911 3861 suam
2956 3807 3120 3861 Deum
3174 3807 3390 3874 credat,
3424 3823 3522 3862 nec
3560 3807 3838 3877 captivum

2237 3896 2520 3952 erubescat
2549 3898 2564 3928 ¹
2588 3898 2610 3951 ?
2636 3898 2914 3964 Quomodo
2941 3899 3123 3954 mitem
3148 3941 3163 3965 ,
3196 3901 3284 3969 qui
3322 3909 3481 3953 tantae
3523 3900 3841 3954 auctoritati

2238 3988 2559 4058 evangelica:
2576 3989 2777 4043 mavult
2798 3989 3073 4055 insultare,
3098 4006 3255 4059 quam
3273 3990 3529 4045 credere?
3546 3990 3840 4057 Quomodo

2239 4080 2520 4149 paciﬁcum
2544 4121 2557 4143 ,
2580 4080 2668 4149 qui
2692 4088 2934 4135 naturam
2961 4081 3130 4151 ipsam
3156 4081 3388 4135 divinam
3415 4122 3430 4147 ,
3458 4096 3560 4151 qua
3587 4081 3731 4137 Deus
3747 4091 3843 4138 est

2238 4170 2494 4240 quidquid
2521 4180 2605 4226 est
2626 4213 2642 4237 ,
2674 4171 2765 4241 qui
2805 4172 2948 4225 solus
2979 4186 3102 4226 vere
3139 4181 3252 4237 est,
3302 4180 3608 4240 perpetuam
3640 4186 3844 4241 pacem

2242 4261 2437 4316 habere
2466 4277 2571 4316 nou
2602 4263 2838 4330 potuisse
2859 4263 3043 4331 putat?
3074 4262 3349 4329 Quomodo
3381 4277 3514 4331 puro
3541 4264 3706 4317 corde
3726 4305 3739 4328 ,
3774 4265 3841 4318 in

2238 4370 2344 4423 quo
2365 4355 2753 4408 tumultuantur
2770 4362 2873 4407 tam
2891 4353 3145 4422 sacrilega
3169 4362 3224 4408 et
3242 4362 3344 4408 tam
3363 4354 3525 4407 multa
3541 4354 3801 4423 ﬁgmenta
3820 4357 3844 4407 ?

2236 4445 2514 4511 Quomodo
2534 4445 2923 4516 lugentem,nisi
2941 4445 3107 4499 Deum
3123 4460 3275 4499 suum
3292 4455 3502 4515 captum
3516 4456 3569 4500 et
3586 4445 3842 4515 ligatum;

2241 4536 2413 4591 donec
2452 4536 2688 4591 solvatur
2719 4546 2771 4593 et
2810 4537 3033 4614 evadat,
3063 4552 3125 4591 ex
3171 4536 3396 4605 quadam
3447 4547 3621 4593 tamen
3678 4548 3846 4606 parte

2237 4626 2576 4693 decurtatus,
2604 4643 2721 4697 quae
2747 4628 2798 4681 in
2832 4627 2991 4698 globo
3018 4628 3356 4683 tenebrarum
3379 4644 3407 4680 a
3440 4629 3594 4684 Patre
3634 4630 3839 4699 ligabi-

2240 4727 2325 4773 tur
2345 4761 2359 4782 ,
2392 4728 2572 4773 etnon
2598 4719 2894 4790 lugebitur?
2922 4718 3203 4785 Quomodo
3224 4720 3543 4774 esurientem
3569 4729 3624 4776 et
3642 4720 3844 4776 sitien-

2239 4820 2346 4866 tem
2363 4810 2620 4881 justitiam
2642 4852 2656 4876 ,
2689 4825 2843 4880 quam
2872 4809 3098 4864 Faustus
3135 4811 3184 4863 iu
3213 4810 3425 4880 scriptis
3448 4811 3557 4866 suis
3588 4826 3693 4865 non
3721 4812 3835 4867 ad—

2239 4901 2400 4967 didit,
2428 4901 2588 4955 credo
2608 4916 2675 4956 ne
2692 4901 2789 4955 sibi
2812 4901 3001 4956 deesse
3022 4901 3320 4967 videretur,
3353 4902 3395 4956 si
3423 4917 3540 4957 eam
3569 4917 3627 4957 se
3652 4903 3841 4961 adhuc

2238 4994 2447 5049 esurire
2472 5008 2535 5048 ac
2582 4994 2731 5048 sitire
2774 4992 3067 5048 fateretur?
3097 4992 3204 5048 Sed
3248 5009 3404 5062 quam
3442 4994 3700 5063 justitiam
3746 4996 3845 5053 isti

2240 5086 2766 5149 esuriuntetsitiunt,
2786 5087 2978 5156 quibus
2996 5085 3224 5155 perfecta
3248 5085 3449 5156 justitia
3468 5088 3587 5153 erit,
3610 5087 3844 5143 damna-

2240 5176 2308 5230 tis
2356 5176 2408 5229 in
2455 5176 2613 5246 globo
2656 5176 2908 5231 fratribus
2926 5177 3015 5245 qui
3036 5176 3167 5229 nihil
3193 5190 3289 5230 suo
3309 5177 3437 5230 vitio
3456 5190 3839 5247 peccaverunt,

2239 5265 2335 5321 sed
2360 5265 2536 5319 hostili
2563 5266 2713 5330 tabe,
2742 5274 2927 5319 contra
2957 5280 3113 5335 quam
3142 5280 3235 5319 eos
3261 5265 3420 5320 Pater
3440 5267 3584 5321 misit
3610 5269 3652 5334 ’,
3682 5269 3842 5322 iuex-

2239 5359 2503 5428 piabiliter
2524 5357 2703 5413 infecti
2725 5369 2849 5413 sunt
2873 5401 2888 5425 ,
2917 5359 3130 5427 insuper
3162 5360 3522 5428 triumphare?

2313 5452 2537 5508 CAPUT
2568 5452 2776 5506 Vlll.—
2791 5452 3068 5518 Quomodo
3088 5454 3481 5523 persecutiones
3502 5465 3554 5509 et
3574 5455 3692 5509 odia
3717 5471 3844 5511 sus~

2244 5543 2424 5598 tinetis
2460 5554 2679 5614 propter
2700 5544 2981 5611 justitiam,
3024 5543 3214 5613 quibus
3240 5544 3355 5599 haec
3388 5546 3662 5615 sacrilegia
3693 5563 3841 5615 pne.

2241 5636 2419 5691 dicare
2438 5644 2491 5689 et
2519 5634 3052 5704 persuaderejustitia
3079 5637 3198 5689 est?
3226 5635 3330 5690 Pro
3356 5652 3459 5708 qua
3491 5637 3654 5707 impia
3700 5651 3839 5708 per-

2304 5794 2320 5824 ι
2358 5800 2454 5839 Am.
2480 5796 2552 5839 Er.
2576 5798 2626 5839 et
2643 5789 2869 5855 plerique
2894 5798 3020 5850 Mss,
3045 5802 3132 5840 nec
3161 5790 3373 5855 captivus
3405 5792 3672 5844 erubescat.

2304 5856 2323 5886 ²
2360 5862 2459 5903 Am.
2485 5858 2555 5901 Er.
2580 5860 2632 5903 et
2653 5852 2895 5917 Mss.,'quo
2910 5866 2989 5907 eos
3011 5859 3153 5905 Pater
