4052 6456
211 505 464 560 versitate
483 542 499 571 ,
525 503 748 573 propter
775 493 1187 555 christianorum
1218 496 1516 559 temporum
1551 498 1804 539 mansne-

213 596 672 664 tudinem,quam
697 603 859 660 parva
885 594 941 643 et
978 597 1143 655 prope
1179 580 1325 636 nulla
1363 575 1670 649 patiamini,
1708 589 1806 631 cur

213 705 316 746 non
341 684 632 757 cogitatis?
655 681 762 739 Sed
785 722 800 747 ,
827 689 1078 748 tanquam
1106 674 1263 730 caecis
1298 669 1563 739 fatuisque
1611 667 1806 757 loqua-

215 778 344 835 mini
370 779 390 810 ¹
405 755 433 843 ξ
446 774 672 847 iustitia:
691 781 883 828 veStra:
902 768 1051 824 velut
1075 777 1327 835 magnum
1353 775 1472 816 esse
1493 757 1650 813 vultis
1666 755 1807 812 indi-

215 874 353 928 tium
373 911 392 937 ,
423 866 573 940 quod
600 862 885 935 opprobria
916 857 1190 916 sustinetis
1210 897 1227 923 ,
1271 850 1809 925 persecutionemque

218 963 485 1037 patimini.
511 960 682 1016 Porro
710 957 756 1012 si
783 964 928 1010 tanto
955 960 1038 1007 est
1079 949 1304 1020 quisque
1338 945 1532 1017 justior
1553 983 1568 1007 ,
1610 949 1810 1011 quanto

217 1033 467 1131 graviora
522 1052 820 1126 perpetitur
852 1090 868 1116 ,
919 1046 1109 1102 omitto
1157 1042 1372 1105 dicere,
1433 1035 1574 1109 quod
1628 1033 1812 1088 videre

219 1127 533 1206 facillimum
557 1153 642 1200 est
661 1184 675 1207 ,
705 1155 865 1213 quam
895 1138 1064 1193 multo
1086 1133 1329 1206 graviora
1358 1129 1513 1187 vobis
1539 1127 1812 1197 patiantur

221 1242 338 1297 aliis
391 1249 556 1310 atque
602 1236 719 1291 aliis
769 1233 1066 1305 quibusque
1114 1225 1438 1284 facinoribus
1499 1220 1814 1293 ﬂagitiisque

220 1333 430 1406 polluti.
466 1329 602 1387 Illud
630 1329 790 1394 dico,
840 1326 882 1380 si
941 1339 1036 1395 pro
1091 1321 1306 1377 nomine
1346 1317 1546 1374 Christi
1600 1327 1814 1384 quoquo

221 1427 383 1483 modo
409 1431 670 1495 usurpato
691 1427 850 1491 atque
878 1424 1155 1485 suscepto,
1197 1410 1440 1483 quisquis
1463 1408 1660 1479 patitur
1689 1420 1812 1476 per-

223 1519 556 1576 secutionem
582 1558 599 1584 ,
627 1513 736 1585 jam
767 1512 928 1568 etiam
955 1521 1139 1564 veram
1161 1505 1318 1561 ﬁdem
1344 1502 1709 1572 iustitiamque
1735 1505 1816 1552 te-

222 1627 352 1669 nere
377 1607 642 1666 dicendus
661 1613 780 1672 est;
804 1601 1084 1659 concedite
1112 1608 1170 1654 ut
1199 1598 1288 1653 ille
1315 1597 1384 1651 sit
1407 1593 1528 1648 ﬁdei
1550 1590 1774 1646 verioris
1796 1629 1812 1656 ,

226 1702 556 1775 maiorisque
574 1697 798 1771 iustitiae
815 1738 831 1763 ,
860 1709 1020 1766 quem
1057 1690 1226 1748 multo
1246 1687 1400 1744 vobis
1431 1685 1675 1756 graviora
1697 1697 1817 1775 per-

223 1773 439 1870 pessum
468 1790 807 1864 potuerimus
847 1784 1174 1843 ostendere:
1222 1789 1278 1837 et
1314 1777 1480 1834 millia
1509 1777 1619 1848 jam
1667 1773 1818 1870 vobis

226 1867 530 1946 nostrorum
561 1891 856 1956 martyrum
876 1883 1185 1940 occurrant,
1217 1882 1376 1944 atque
1401 1872 1513 1942 ipse
1541 1867 1810 1939 praecipue

229 1980 562 2053 Cyprianus,
609 1975 763 2045 cujus
809 1972 969 2028 etiam
1027 1968 1215 2024 litteris
1258 1965 1510 2020 educetur
1557 1958 1699 2030 quod
1764 1957 1820 2012 in

232 2049 499 2128 Christum
521 2065 812 2124 crediderit
836 2073 1020 2119 natum
1043 2077 1108 2114 ex
1137 2058 1340 2129 virgine
1368 2053 1552 2110 Maria.
1585 2052 1690 2106 Pro
1722 2049 1822 2104 hac

231 2165 315 2220 ille
353 2162 496 2227 ﬁde,
549 2174 710 2231 quam
758 2171 854 2211 vos
878 2151 1248 2216 delestamini,
1279 2163 1447 2218 usque
1473 2145 1540 2200 ad
1587 2143 1820 2216 gladium

230 2264 568 2325 mortemque
615 2250 897 2324 pervenit,
940 2262 1062 2303 cum
1111 2243 1361 2317 gregibus
1405 2239 1862 2295 christianorum.-~

233 2359 349 2403 tunc
373 2347 449 2400 ita
477 2343 848 2405 credentibus,
875 2347 1035 2409 atque
1087 2336 1157 2390 ita
1197 2334 1513 2405 graviusque
1547 2327 1825 2384 morienti-

232 2438 345 2494 bus.
366 2436 605 2492 Faustus
626 2441 804 2488 autem
827 2429 1104 2487 convictus
1129 2425 1214 2481 vel
1241 2423 1519 2479 confessus
1543 2419 1686 2492 quod
1715 2435 1828 2473 ma-

242 2529 484 2585 nicbaeus
509 2534 675 2591 esset,
696 2539 819 2580 cum
844 2522 962 2580 aliis
983 2518 1254 2576 nonnullis
1267 2530 1448 2573 secum
1478 2514 1542 2569 ad
1569 2513 1828 2584 judicium

233 2619 615 2694 proconsulare
646 2616 915 2688 perductis
934 2656 948 2681 ,
977 2614 1055 2668 eis
1085 2611 1214 2682 ipsis
1235 2607 1544 2665 christianis
1569 2620 1597 2659 a
1638 2605 1830 2675 quibus

233 2713 473 2787 perducti
499 2721 628 2768 sunt
653 2704 1412 2771 intercedentibus,levissima
1442 2715 1620 2770 paena,
1670 2699 1713 2752 si
1744 2708 1828 2752 ta-

232 2822 353 2864 men
373 2805 470 2860 illa
492 2817 653 2874 paena
674 2800 896 2857 dicenda
923 2805 1036 2866 est,
1072 2797 1125 2852 in
1155 2794 1381 2851 insulam
1410 2792 1678 2862 relegatus
1703 2796 1786 2845 est
1814 2805 1827 2842 :

234 2898 377 2972 quod
404 2914 502 2954 sua
525 2906 720 2967 sponte
741 2893 979 2965 quotidie
1013 2891 1157 2948 servi
1194 2889 1288 2945 Dei
1315 2887 1548 2953 faciunt,
1577 2900 1636 2940 se
1663 2900 1693 2939 a
1717 2893 1831 2938 tur-

236 2989 455 3047 bulento
477 2987 708 3058 strepitu
736 2985 1054 3057 populorum
1096 2993 1375 3037 removere
1418 2978 1726 3048 cupientes;
1781 2982 1836 3030 et

235 3081 372 3137 unde
396 3078 619 3151 publica
647 3087 982 3133 terrenorum
1015 3073 1312 3145 principum
1359 3077 1481 3125 vota
1530 3083 1624 3139 per
1654 3066 1832 3122 indul-

235 3171 472 3244 gentiam
487 3171 672 3226 solent
696 3168 939 3222 relaxare
955 3165 1255 3221 damnatos.
1276 3162 1514 3232 Denique
1532 3175 1637 3215 non
1671 3159 1837 3214 multo

235 3271 357 3336 post
394 3263 526 3318 inde
555 3277 747 3318 omnes
791 3259 979 3316 eadem
1015 3257 1242 3314 solemni
1269 3262 1413 3318 sorte
1457 3253 1660 3308 dimissi
1691 3261 1835 3306 sunt.

236 3357 508 3413 Fatemini
534 3369 668 3428 ergo
697 3353 816 3408 illos
848 3352 1004 3407 ﬁdem
1036 3350 1274 3406 tenuisse
1291 3348 1553 3402 veriorem
1579 3387 1594 3412 ,
1645 3345 1838 3413 juslio-

239 3466 470 3522 remque
490 3449 659 3504 vitam
677 3491 694 3516 ,
726 3447 817 3518 qui
849 3463 945 3516 pro
971 3459 1032 3500 ea
1058 3444 1227 3498 multo
1255 3456 1416 3512 quam
1453 3454 1548 3494 vos
1577 3437 1841 3492 atrociora

241 3536 513 3592 sustinere
547 3539 886 3596 meruerunt;
915 3537 1007 3584 aut
1034 3527 1263 3584 desinite
1289 3540 1384 3580 vos
1431 3523 1556 3578 inde
1587 3522 1793 3592 jactare
1819 3561 1836 3587 ,

244 3626 388 3699 quod
418 3625 607 3682 multis
633 3620 980 3678 detestabiles
1026 3619 1142 3674 sitis
1177 3635 1189 3671 :
1245 3615 1339 3670 sed
1389 3613 1676 3670 discernitc
1716 3609 1842 3682 quid

247 3719 317 3775 sit
363 3716 796 3789 persecutionem
828 3714 936 3784 pati
966 3726 1066 3784 pro
1102 3709 1435 3781 blasphemia
1458 3749 1474 3775 ,
1505 3716 1559 3762 et
1589 3721 1843 3777 persecu-

250 3808 456 3864 tionem
483 3808 592 3878 pati
621 3804 936 3877 projustitia
956 3821 972 3871 ;
989 3811 1045 3859 et
1070 3817 1166 3873 pro
1184 3816 1285 3872 qua
1304 3801 1524 3855 istarum
1547 3797 1842 3868 patiamini,

251 3898 306 3953 in
334 3898 536 3954 vestris
565 3896 713 3952 libris
737 3894 899 3950 etiam
940 3904 1100 3964 atque
1141 3892 1300 3946 etiam
1329 3889 1611 3960 diligenter
1653 3885 1848 3943 adver-

253 3993 379 4047 tite.

335 4100 574 4159 CAPUT
615 4100 700 4157 IX.
731 4130 806 4144 —-
833 4099 1004 4169 Quam
1023 4097 1177 4153 multi
1203 4104 1383 4152 autem
1411 4095 1464 4151 in
1491 4103 1672 4150 nostra
1703 4107 1851 4148 com-

257 4196 520 4253 munione
549 4197 807 4252 veraciter
834 4193 1039 4249 faciunt
1102 4195 1202 4247 ista
1235 4189 1547 4245 sublimiora
1585 4197 1850 4258 praecepta

260 4287 590 4358 evangelica,
614 4284 683 4342 de
709 4299 938 4356 quorum
956 4282 1134 4352 specie
1155 4280 1334 4336 fallitis
1352 4279 1662 4350 imperitos?
1679 4277 1852 4346 Quam

261 4382 413 4438 multi
461 4380 715 4436 homines
745 4380 1029 4448 utriusque
1072 4390 1231 4430 sexus
1268 4374 1338 4429 ab
1391 4373 1536 4427 omni
1569 4370 1853 4428 concubitu

260 4476 376 4544 puri
440 4481 610 4541 atque
668 4470 896 4541 integri,
949 4481 1108 4537 quam
1134 4465 1285 4520 multi
1311 4464 1551 4534 experti,
1593 4471 1647 4519 et
1670 4471 1854 4533 postea

265 4567 626 4630 continentes,
661 4579 816 4634 quam
875 4559 1028 4616 multi
1067 4572 1248 4613 rerum
1280 4571 1496 4611 suarum
1537 4555 1853 4609 distributo-

264 4672 350 4713 res
373 4667 432 4713 et
466 4657 770 4723 relictores,
797 4669 958 4747 quam
989 4651 1140 4707 multi
1168 4649 1388 4720 jejuniis
1411 4649 1499 4702 vel
1525 4647 1748 4707 crebris,
1773 4646 1856 4700 vel

266 4749 614 4820 quotidianis,
639 4747 722 4803 vel
734 4739 892 4803 etiam
915 4743 1294 4800 incredibiliter
1311 4739 1650 4804 continuatis,
1664 4750 1859 4807 corpus

269 4843 515 4900 servituti
554 4838 939 4911 subjicientes?
987 4836 1158 4905 Quam
1199 4833 1382 4890 multae
1435 4831 1688 4887 fraterna:
1732 4844 1860 4885 con-

270 4936 616 5007 gregationes
669 4931 796 4987 nihil
857 4931 1115 4986 habentes
1165 4927 1480 4998 proprium,
1537 4923 1632 4980 sed
1680 4922 1860 4979 omnia

268 5023 600 5089 communia,
630 5031 686 5079 et
707 5021 824 5078 haec
847 5020 1063 5076 nonnisi
1091 5017 1165 5074 ad
1191 5019 1389 5072 victum
1411 5025 1468 5072 et
1495 5022 1860 5086 tegumentum

273 5115 614 5181 necessaria;
648 5128 806 5170 unam
850 5112 1084 5167 animam
1139 5117 1196 5166 et
1236 5123 1332 5165 cor
1359 5123 1522 5164 unum
1579 5107 1634 5161 in
1663 5107 1860 5173 Deum,

273 5207 553 5275 charitatis
583 5207 706 5276 igne
725 5203 1022 5260 conﬁantes
1039 5204 1062 5254 Ἰ
1083 5205 1260 5272 Atque
1283 5202 1335 5255 in
1358 5198 1441 5254 his
1462 5199 1710 5254 omnibus
1736 5213 1866 5269 pro-

281 5300 610 5358 fessionibus
638 5313 800 5370 quam
829 5296 981 5352 multi
1009 5295 1229 5350 fallaces
1253 5303 1307 5350 et
1346 5293 1538 5364 perditi
1571 5292 1869 5363 deprehen-

276 5395 496 5459 duntur,
523 5408 685 5464 quam
713 5390 863 5446 multi
908 5390 1071 5445 etiam
1101 5388 1284 5452 latent,
1319 5402 1478 5457 quam
1510 5386 1662 5440 multi
1696 5386 1870 5456 primo

280 5497 425 5543 recte
453 5485 792 5541 ambulantes
811 5524 826 5549 ,
852 5495 1108 5552 perversa
1130 5479 1412 5534 voluntate
1440 5477 1550 5532 cito
1575 5476 1865 5541 deﬁciunt;

281 5596 442 5651 quam
475 5579 631 5635 multi
666 5578 721 5633 in
761 5573 1144 5632 tentationibus
1173 5573 1548 5640 inveniuntur,
1589 5571 1730 5642 quod
1766 5571 1874 5626 alio

285 5672 464 5726 animo
494 5670 658 5725 talem
685 5669 847 5722 vitam
894 5665 1210 5721 adumbrata
1247 5663 1428 5734 specie
1474 5671 1869 5732 susceperunt,

288 5772 347 5821 et
364 5778 527 5835 quam
570 5762 724 5817 multi
779 5758 1050 5815 humiliter
1080 5765 1136 5813 et
1171 5755 1399 5812 ﬁdeliter
1424 5762 1666 5810 sanctum
1708 5763 1878 5810 custo-

354 5911 373 5943 ι
407 5907 544 5976 Διπιὰ
557 5913 634 5961 Er.
657 5907 803 5974 ωεώ
833 5916 885 5960 et
907 5915 1048 5967 γεω,
1402 5909 1458 5952 u.

1580 385 1786 446 LIBER
1821 383 2138 455 QUINTUS.

3385 383 3494 442 226

1916 473 2126 536 dientes
2152 485 2480 551 propositum
2515 492 2686 550 usque
2723 477 2792 535 ad
2831 477 2994 535 ﬁnem
3020 489 3401 550 perseverant,
3441 475 3507 536 et

1916 571 2050 626 salvi
2092 570 2270 626 ﬁunt?
2300 570 2356 626 In
2399 586 2624 642 quorum
2671 571 2927 627 societate
2953 571 3104 641 quasi
3129 570 3372 641 dispares
3399 587 3500 642 ap-

1917 674 2134 736 parent;
2176 664 2272 721 sed
2308 674 2483 721 tamen
2511 664 2696 720 eadem
2727 665 2989 720 charitate
3032 664 3372 734 copulantur,
3399 665 3490 734 qui

1915 767 2134 828 propter
2159 757 2388 827 aliquam
2415 757 2861 812 necessitudinem
2882 799 2897 824 ,
2925 755 3218 813 secundum
3259 754 3504 826 Apostoli

1916 849 2340 905 exhortationem
2374 849 2570 904 habent
2599 865 2794 905 uxores
2822 859 3070 921 tanquam
3091 865 3194 906 non
3217 849 3503 920 habentes,

1917 951 1974 997 et
2029 949 2213 997 emunt
2265 951 2517 1012 tanquam
2562 956 2669 996 non
2720 950 2964 997 tenentes
2992 982 3008 1009 ,
3056 951 3111 998 et
3149 949 3370 997 utuntur
3398 941 3506 998 hoe
3560 993 3562 995 .

1916 1032 2118 1088 mundo
2147 1041 2396 1103 tanquam
2445 1047 2550 1086 non
2602 1040 2830 1088 utentes.
2877 1033 2970 1089 His
2995 1033 3386 1104 subiunguntur
3412 1048 3504 1090 se-

1918 1122 2152 1178 cundum
2182 1122 2514 1178 abundantes
2545 1121 2754 1177 divitias
2782 1123 3164 1180 misericordia:
3190 1124 3307 1192 Dei,
3340 1124 3505 1180 etiam

1919 1212 1996 1268 illi
2025 1213 2217 1284 quibus
2259 1213 2494 1269 dicitur:
2527 1213 2700 1269 Nolite
2728 1207 2967 1284 fraudare
3003 1216 3214 1271 invicem
3241 1257 3258 1284 ,
3299 1217 3398 1271 nisi
3443 1231 3509 1272 ea:

1921 1305 2168 1360 consensu
2209 1306 2277 1359 ad
2304 1314 2521 1375 tempus,
2551 1315 2610 1360 ut
2656 1309 2836 1361 vacetis
2883 1308 3133 1374 orationi;
3158 1318 3203 1362 et
3227 1311 3412 1366 iterum
3439 1307 3510 1364 ad

1920 1395 2147 1466 idipsum
2171 1405 2322 1451 estote
2341 1439 2354 1463 ,
2389 1413 2450 1450 ne
2476 1413 2561 1452 vos
2594 1405 2743 1453 tentet
2768 1397 2990 1453 Satanas
3033 1409 3237 1471 propter
3262 1402 3510 1472 intempe-

1919 1487 2143 1541 rantiam
2161 1497 2374 1542 vestram
2398 1504 2416 1542 :
2437 1489 2530 1543 hoc
2546 1499 2717 1544 autent
2742 1491 2852 1544 dico
2877 1493 3152 1546 secundum
3171 1493 3385 1559 veniam,
3407 1510 3513 1550 non

1920 1578 2197 1633 secundum
2224 1580 2492 1648 imperium
2516 1580 2558 1652 (Ι
2581 1579 2697 1635 Cor.
2724 1597 2820 1648 vn,
2853 1582 2944 1649 29,
2969 1581 3059 1651 50,
3086 1583 3176 1652 5i,
3197 1584 3252 1652 5,
3271 1585 3352 1656 6).
3370 1584 3512 1652 Qua-

1921 1667 2060 1724 libus
2088 1669 2248 1725 etiam
2278 1671 2419 1726 idem
2448 1673 2719 1742 aposmlus
2749 1672 2880 1728 dicit
2909 1691 2921 1726 :
2957 1673 3078 1727 lam
3114 1675 3314 1745 quidem
3343 1676 3515 1731 omni-

1923 1775 1989 1815 no
2014 1761 2250 1814 delictum
2275 1763 2419 1817 estin
2455 1763 2612 1832 vobis,
2653 1765 2769 1834 quia
2789 1764 2989 1835 judicia
3017 1766 3214 1820 habetis
3237 1766 3510 1822 vobiscum.

1923 1852 1991 1907 Et
2027 1867 2212 1908 eorum
2267 1864 2485 1924 portans
2519 1855 2881 1912 inﬁrmitatem
2904 1897 2920 1924 ,
2977 1858 3132 1927 paulo
3176 1867 3296 1928 post
3338 1859 3516 1916 dicit:

1927 1941 2214 2000 Stecularia
2260 1946 2415 2016 igitur
2447 1947 2648 2018 judicia
2675 1949 2718 2002 si
2745 1948 3038 2015 habueritis,
3075 1966 3160 2004 eos
3179 1951 3264 2020 qui
3291 1959 3516 2005 contem-

1927 2035 2126 2107 ptibiles
2164 2046 2282 2091 sunt
2333 2038 2386 2091 in
2414 2038 2662 2105 Ecclesia,
2691 2041 2783 2094 hos
2830 2040 3072 2095 collocate
3101 2039 3213 2114 (Id.
3238 2057 3312 2108 Vl,
3341 2043 3394 2108 7,
3432 2042 3518 2113 4).

1925 2127 2110 2199 Neque
2139 2131 2281 2184 enim
2337 2131 2413 2186 illi
2462 2132 2583 2197 soli,
2625 2133 2714 2203 qui
2761 2141 2818 2188 ut
2848 2135 2956 2189 sint
2994 2132 3239 2204 perfecti,
3272 2134 3522 2192 vendunt

1928 2221 2016 2277 vel
2069 2221 2344 2278 dimittunt
2387 2225 2566 2278 omnia
2612 2239 2741 2292 sua,
2789 2233 2844 2279 et
2885 2234 3180 2295 sequuntur
3208 2225 3516 2294 Dominum,

1929 2312 2202 2382 pertinent
2251 2313 2316 2366 ad
2364 2329 2586 2385 regnum
2639 2314 2939 2382 cmlorum;
2993 2315 3087 2370 sed
3141 2314 3262 2370 huic
3315 2316 3521 2372 militiae

1931 2405 2236 2462 christiana:
2279 2417 2494 2477 propter
2512 2406 2778 2477 quoddam
2808 2408 2958 2478 quasi
2983 2408 3362 2464 commercium
3389 2408 3522 2465 cha-

1932 2501 2104 2556 ritatis
2131 2501 2464 2571 subjungitur
2492 2502 2651 2556 etiam
2680 2501 2924 2572 quaedam
2969 2502 3314 2572 stipendiaria
3337 2503 3523 2558 multi-

1934 2591 2096 2658 tudo,
2127 2591 2212 2646 cui
2264 2592 2472 2646 dicetur
2520 2593 2572 2646 iu
2629 2593 2732 2647 ﬁne
2780 2592 3046 2658 :Esurivi,
3081 2602 3126 2645 et
3153 2592 3359 2648 dedistis
3397 2592 3529 2646 mihi

1934 2687 2242 2741 manducare
2267 2686 2480 2757 (Matth.
2508 2703 2638 2750 xxv,
2665 2687 2776 2756 55),
2827 2697 2879 2741 et
2905 2697 3120 2742 caetera.
3153 2686 3401 2757 Alioquin
3430 2686 3527 2741 da-

1937 2779 2154 2834 mnandi
2195 2789 2348 2832 erunt
2390 2779 2501 2843 illi,
2549 2793 2776 2848 quorum
2827 2777 3016 2832 domos
3047 2787 3151 2834 tam
3199 2777 3436 2848 diligenti
3470 2785 3530 2834 et

1937 2867 2166 2922 sollicita
2206 2883 2330 2921 cura
2363 2869 2639 2934 componit
2683 2860 2991 2937 Apostolus,
3020 2883 3245 2923 monens
3276 2867 3528 2924 mulieres

1939 2959 2180 3016 subditas
2206 2978 2326 3016 esse
2349 2962 2478 3016 viris
2506 2961 2636 3026 suis,
2689 2962 2834 3017 viros
2883 2961 3103 3032 diligere
3147 2977 3341 3019 uxores
3367 2977 3526 3029 suas;

1940 3052 2080 3108 ﬁlios
2101 3053 2476 3123 obtemperare
2504 3053 2831 3124 parentibus,
2878 3063 3127 3124 parentes
3157 3054 3293 3110 ﬁlios
3323 3055 3530 3110 nutrire

1941 3149 1996 3205 in
2025 3147 2304 3218 disciplina
2333 3155 2387 3202 et
2427 3149 2764 3218 correptione
2820 3147 3063 3212 Domini;
3094 3162 3280 3202 servos
3310 3147 3531 3203 obedire

1942 3256 2062 3296 cum
2091 3248 2234 3294 metu
2262 3239 2490 3294 dominis
2517 3240 2841 3306 carnalibus,
2869 3239 3116 3294 dominos
3148 3237 3291 3312 quod
3322 3239 3526 3309 justum

1944 3341 2028 3389 est
2051 3342 2104 3388 et
2131 3347 2340 3402 aequum
2386 3332 2553 3387 servis
2580 3342 2837 3402 praestare
2861 3331 2879 3403 (
2901 3329 3094 3386 Coloss.
3125 3347 3203 3396 ιιι,
3237 3331 3392 3387 18-ιν
3413 3373 3428 3398 ,
3453 3329 3530 3405 1).

1944 3423 2051 3480 Sed
2080 3423 2216 3479 absit
2246 3432 2302 3477 ut
2330 3424 2458 3478 istos
2484 3437 2514 3476 a
2539 3424 2800 3477 mandatis
2821 3423 3141 3493 evangelicis
3169 3423 3396 3488 alienos,
3425 3431 3480 3478 et
3503 3437 3534 3479 a

1947 3518 2052 3572 vita
2084 3525 2286 3572 acterna
2319 3515 2647 3585 separandos
2673 3515 2878 3584 judicet
2929 3515 3221 3583 Apostolus
3251 3532 3265 3570 :
3293 3515 3416 3584 quia
3444 3513 3537 3570 ubi

1953 3608 2026 3664 ait
2053 3608 2310 3663 Dominus
2334 3647 2349 3672 ,
2387 3605 2447 3660 Si
2474 3607 2584 3674 quis
2626 3623 2725 3660 non
2767 3606 2938 3659 tulerit
2964 3614 3162 3659 crucem
3197 3621 3362 3671 suam,
3385 3615 3433 3659 et
3459 3622 3540 3660 se-

1949 3709 2096 3756 cutus
2139 3715 2218 3753 me
2254 3703 2424 3770 fuerit,
2458 3715 2558 3751 non
2585 3706 2749 3768 potest
2780 3713 2887 3751 esse
2911 3697 3191 3767 discipulus
3225 3712 3365 3750 meus
3388 3735 3404 3762 ,
3435 3712 3536 3752 ex-

1951 3794 2173 3851 hortans
2203 3791 2464 3846 ﬁrmiores
2483 3789 2548 3844 ad
2577 3787 2958 3859 perfectionem
2983 3807 2996 3854 ;
3021 3789 3089 3843 ibi
3117 3789 3295 3843 statim
3325 3797 3380 3844 et
3408 3789 3541 3844 istos

1952 3887 2259 3945 consolatus
2287 3895 2371 3940 est
2406 3883 2611 3947 dicens,
2646 3883 2745 3949 Qui
2771 3883 3010 3952 receperit
3029 3882 3229 3952 justum
3254 3881 3306 3935 in
3337 3882 3539 3936 nomine

1944 3980 2094 4051 justi,
2119 3976 2394 4033 mercedem
2410 3977 2543 4046 justi
2565 3976 2775 4045 accipiet
2803 3991 2822 4027 :
2849 3984 2895 4028 et
2919 3974 3004 4044 qui
3031 3974 3276 4045 receperit
3320 3974 3541 4045 praphe-

1955 4072 2137 4126 tamin
2163 4071 2363 4123 nomine
2398 4069 2677 4138 prapltette,
2709 4065 2984 4120 mercedem
3009 4065 3266 4136 prapliette
3313 4067 3545 4137 accipiet.

1955 4162 2110 4220 Unde
2135 4178 2240 4216 non
2261 4169 2464 4216 tantum
2481 4159 2571 4228 qui
2597 4159 2864 4214 modicum
2892 4157 2998 4211 vini
3029 4157 3312 4211 Timotheo
3340 4155 3548 4212 dederit

1959 4263 2176 4324 pmpter
2215 4253 2551 4306 stomachum
2605 4258 2660 4304 et
2704 4249 3008 4319 frequentes
3053 4248 3385 4303 inﬁrmitates
3434 4247 3550 4318 ejus

1961 4347 2022 4420 (ι
2048 4345 2184 4400 Tim.
2213 4361 2265 4408 v,
2293 4344 2365 4400 25
2397 4344 2437 4412 ),
2467 4342 2561 4397 sed
2602 4342 2762 4397 etiam
2811 4341 2901 4412 qui
2932 4340 3130 4396 saniori
3157 4327 3315 4411 atque
3345 4339 3552 4396 fortiori

1959 4438 2165 4492 calicem
2193 4451 2339 4504 aqua:
2364 4434 2566 4507 frigida:
2583 4434 2857 4505 porrexerit
2882 4442 3077 4486 tantum
3101 4433 3154 4485 in
3175 4431 3375 4486 nomine
3395 4431 3523 4487 disci
3531 4463 3550 4475 ο

1967 4529 2096 4600 puli,
2145 4527 2281 4582 sicut
2332 4526 2400 4578 ibi
2449 4528 2707 4596 sequitur,
2739 4541 2836 4579 non
2889 4526 3059 4595 perdet
3108 4525 3384 4579 mercedem
3407 4542 3553 4580 suam

1964 4617 2178 4690 (Matth.
2205 4634 2260 4682 χ,
2290 4615 2502 4688 58-42).

2033 4707 2256 4765 CAPUT
2278 4708 2346 4764 Χ.
2369 4739 2440 4750 -
2461 4707 2598 4774 Quid
2622 4715 2797 4763 autem
2815 4706 2993 4763 fallitis
3017 4708 3302 4764 Auditores
3323 4715 3550 4776 vestros,

1965 4802 2052 4873 qui
2080 4817 2199 4856 cum
2213 4801 2324 4856 suis
2345 4800 2618 4867 uxoribus,
2641 4799 2851 4866 etﬁliis,‘
2865 4810 2916 4855 et
2954 4801 3164 4857 laitniliis
3180 4843 3195 4869 ,
3214 4811 3266 4857 et
3286 4801 3549 4867 domibus,

1966 4903 2020 4952 et
2036 4895 2340 4966 agrisvobis
2355 4894 2616 4960 serviunt,
2634 4894 2678 4948 si
2701 4894 2938 4964 quisquis
2958 4896 3054 4949 ista
3082 4895 3258 4950 omnia
3281 4909 3381 4948 non
3401 4893 3558 4948 dimi-

1975 4988 2126 5054 serit,
2147 5003 2250 5041 non
2281 4985 2471 5056 accipit
2514 4984 2898 5055 Evangelium?
2923 4984 3026 5041 Sed
3068 4986 3188 5055 quia
3218 4985 3296 5040 eis
3323 4999 3430 5039 non
3474 4999 3561 5040 re-

1969 5077 2378 5142 surrectionem,
2395 5075 2489 5132 sed
2510 5075 2892 5132 revolutionem
2919 5075 2984 5132 ad
3003 5075 3155 5130 istam
3182 5074 3558 5130 mortalitatem

1974 5169 2316 5241 promittitis,
2365 5177 2425 5222 ut
2475 5183 2658 5223 rursus
2689 5176 2995 5232 nascantur,
3027 5176 3081 5223 et
3108 5168 3211 5220 vita
3248 5167 3558 5223 Eleetorum

1975 5270 2277 5318 vestrorum
2307 5259 2505 5325 vivant,
2535 5269 2640 5313 tam
2670 5273 2826 5323 vana,
2858 5267 2914 5313 et
2949 5259 3146 5327 inepta,
3176 5265 3232 5313 et
3264 5259 3518 5330 sacrilega
3543 5299 3562 5328 ,

1976 5367 2135 5422 quam
2163 5367 2260 5405 vos
2287 5350 2484 5413 vivitis,
2517 5350 2727 5420 quando
2784 5348 2936 5404 valde
2983 5347 3274 5410 laudamini
3296 5350 3348 5414 ¹;
3381 5359 3471 5405 aut
3517 5351 3566 5406 si

1979 5443 2215 5498 melioris
2246 5441 2420 5517 meriti
2449 5451 2606 5507 sunt,
2639 5441 2690 5494 in
2720 5441 2957 5494 melones
3001 5449 3056 5495 et
3083 5455 3397 5498 cucumeres
3422 5485 3439 5511 ,
3479 5442 3566 5498 vel

1983 5533 2037 5587 in
2070 5534 2205 5588 alios
2251 5533 2462 5603 aliquos
2492 5532 2642 5588 cibos
2665 5531 2914 5594 veniant,
2966 5546 3098 5602 quos
3133 5548 3228 5588 vos
3276 5532 3569 5589 manduca-

1985 5625 2088 5679 turi
2118 5625 2270 5691 estis,
2295 5635 2350 5678 ut
2369 5625 2557 5680 vestris
2578 5623 2870 5678 ructatibus
2897 5625 3005 5679 cito
3027 5635 3354 5697 purgentur:
3379 5628 3574 5683 merito

1989 5730 2084 5772 eos
2112 5731 2140 5768 a
2165 5715 2428 5770 mandatis
2454 5714 2776 5785 evangelicis
2796 5715 3072 5783 alienatis;
3103 5718 3194 5773 sed
3227 5727 3277 5772 et
3300 5732 3395 5773 vos
3423 5717 3570 5788 ipsos

1988 5809 2112 5864 talia
2141 5808 2431 5863 sentientes
2470 5816 2628 5878 atque
2655 5809 2960 5878 suadentes,
3003 5813 3232 5868 maxime
3259 5811 3384 5867 inde
3417 5827 3575 5882 sepa-

2056 5923 2075 5953 ι
2108 5918 2276 5971 Plures
2290 5927 2420 5985 Mss,
2439 5932 2536 5985 qua
2551 5935 2630 5973 vos
2651 5922 2824 5985 vitatis,
2848 5936 2944 5987 qua
2965 5923 3105 5975 valde
3137 5921 3420 5975 laudantini.
