4016 6448
510 443 617 508 29.7

516 578 637 620 rare
661 562 888 618 debetis.
915 559 970 617 Si
1000 561 1143 617 enim
1165 559 1282 614 inec
1309 559 1512 612 vanitas
1536 557 1604 612 ad
1644 556 1802 613 ﬁdem
1830 557 2096 629 evangeli-

515 668 632 712 cam
655 657 967 726 pertineret,
995 669 1100 708 non
1131 653 1313 708 debuit
1333 651 1511 706 dicere
1539 651 1814 718 Dominus,
1849 651 2052 706 Esurivi
2079 693 2093 719 ,

515 756 562 802 et
588 746 794 802 dedistis
819 744 944 799 mihi
967 744 1315 798 manducare:
1337 741 1454 809 sed,
1484 741 1756 808 Esuristis,
1790 751 1845 798 et
1872 743 2096 798 mandu-

515 839 678 895 castis
705 852 825 904 me;
845 845 955 904 aut,
975 835 1179 892 Esurivi
1199 877 1213 902 ,
1233 833 1608 890 etmanducavi
1629 849 1744 888 vos.
1761 833 1944 906 Neque
1955 835 2095 890 enim

515 944 580 986 ex
605 931 697 985 illo
725 930 832 1000 jam
883 929 1287 985 ministrationis
1327 928 1546 996 merito,
1576 929 1865 984 secundum
1920 937 2095 984 vestra

510 1021 877 1089 deliramenta,
933 1017 1210 1091 quisquam
1263 1020 1548 1090 recipiatur
1587 1019 1638 1073 in
1678 1034 1899 1090 regnum
1950 1019 2090 1088 Dei,

508 1112 630 1182 quia
659 1111 977 1166 manducare
1004 1111 1204 1164 sanctis
1230 1109 1403 1176 dedit;
1434 1109 1528 1164 sed
1555 1109 1677 1178 quia
1725 1109 1808 1164 vel
1859 1108 2090 1163 mandu-

511 1205 649 1259 cavit
673 1217 806 1273 quos
850 1202 1126 1258 anhelarct
1151 1245 1166 1269 ,
1200 1202 1281 1258 vel
1339 1201 1685 1257 manducatus
1713 1211 1796 1258 est
1825 1217 1854 1256 a
1893 1193 2091 1272 quibus

507 1295 854 1350 anlielaretur
900 1296 956 1351 in
1007 1297 1225 1351 cretum.
1274 1295 1383 1351 Nec
1409 1297 1482 1350 illi
1511 1297 1774 1364 dicerent,
1809 1295 2024 1350 Domine
2052 1339 2067 1365 ,

503 1388 705 1457 quando
733 1398 780 1442 te
802 1389 1018 1444 vidimus
1057 1390 1373 1454 esun'entem,
1401 1398 1449 1443 et
1477 1389 1704 1444 dedimus
1731 1390 1817 1443 tibi
1867 1389 2086 1444 mandu-

505 1483 660 1536 care?
701 1482 804 1537 Sed
841 1482 1101 1547 dicerent,
1128 1482 1350 1548 Quando
1377 1492 1428 1538 te
1454 1481 1680 1538 vidimus
1721 1482 2044 1538 esurientem
2068 1523 2083 1549 ,

507 1583 561 1628 et
592 1572 921 1630 manducasti
966 1573 1104 1628 nos?
1153 1573 1344 1644 quibus
1397 1573 1485 1630 ille
1535 1585 1664 1634 non.
1695 1573 2086 1644 responderet,

505 1663 634 1718 Cum
653 1667 743 1719 uni
758 1679 819 1720 ex
839 1667 1063 1720 minimis
1086 1667 1206 1720 meis
1232 1666 1462 1734 dedistis,
1495 1669 1618 1722 mihi
1642 1667 1850 1722 dedistis
1872 1666 2085 1740 (Matth.

510 1771 636 1822 xxv,
689 1757 885 1830 ὅτιὸ-40)
919 1777 932 1814 :
965 1759 1081 1828 sed,
1110 1757 1248 1814 Cum
1303 1775 1440 1815 unus
1465 1775 1531 1816 ex
1571 1761 1807 1818 minimis
1833 1760 1966 1817 meis
1994 1771 2090 1816 vos

501 1847 858 1914 manducavit,
892 1864 991 1920 ego
1017 1865 1116 1906 vos
1144 1849 1479 1906 manducavi.

571 1941 797 1998 CAPUT
817 1942 909 1998 Xl.
937 1971 1008 1984 --
1031 1943 1158 1998 Haec
1174 1953 1415 2014 portenta
1441 1945 1730 2001 sentientes
1741 1944 2084 2013 etdocentes,

501 2041 557 2088 et
577 2033 871 2089 secundum
897 2034 1014 2090 haec
1043 2036 1304 2103 viventes,
1336 2035 1542 2092 audetis
1579 2051 1673 2092 vos
1698 2037 1878 2094 dicere
1903 2050 2073 2093 evan-

1327 437 1596 503 CONTRA
1623 437 1941 503 FAUSTUM
1978 436 2425 517 MANlClIEUM,
2465 449 2522 508 S.
2566 442 2932 511 AUGUSTINI

3680 456 3789 518 εἶθ

2204 562 2370 631 gelica
2402 574 2661 636 praecepta
2689 581 2933 632 servare,
2961 574 3016 622 et
3043 561 3321 627 catholicae
3347 569 3602 630 Ecclesia:
3628 575 3791 631 dero-

2201 667 2346 722 gare,
2383 653 2436 706 in
2474 671 2576 725 qua
2603 665 2727 710 sunt
2753 666 2858 712 tam
2878 658 3028 714 multi
3054 660 3226 729 pusilli
3256 669 3376 716 cum
3401 665 3632 735 magnis,
3652 682 3793 738 quos

2203 743 2456 816 utrosque
2484 747 2737 804 Dominus
2765 750 3052 820 benedicit,
3082 766 3179 822 pro
3201 755 3313 809 suis
3339 756 3591 826 gradibus
3617 773 3787 816 evan-

2201 838 2369 909 geliea
2421 841 2666 896 mandata
2711 853 2988 900 servantes
3016 886 3030 908 ,
3089 855 3145 901 et
3191 849 3493 920 evangelica
3521 855 3791 921 promissa

2200 939 2496 998 sperantes.
2538 933 2643 989 Sed
2692 945 2930 991 vestrum
2954 937 3167 993 oculum
3205 940 3501 997 malevolus
3528 957 3684 998 error
3728 944 3786 1001 in

2200 1023 2368 1078 solam
2395 1025 2601 1093 paleam
2634 1036 2831 1083 nostrm
2859 1029 3056 1099 segetis
3083 1029 3231 1086 ducit
3263 1049 3278 1087 :
3312 1047 3434 1087 nam
3464 1042 3518 1089 et
3543 1035 3783 1091 triticum

2202 1116 2272 1170 ibi
2296 1118 2402 1171 cito
2430 1117 2680 1174 videretis
2698 1160 2713 1186 ,
2743 1122 2786 1175 si
2817 1129 2872 1175 et
2891 1136 3011 1177 esse
3039 1123 3264 1179 velletis.
3292 1122 3352 1178 ln
3381 1125 3532 1180 vobis
3571 1135 3782 1194 autem,

2197 1216 2252 1263 et
2279 1208 2367 1279 qui
2390 1210 2666 1265 manicliari
2695 1211 2800 1267 licti
2825 1222 2982 1280 sunt,
3011 1215 3132 1268 mali
3156 1223 3308 1282 sunt;
3341 1223 3395 1271 et
3416 1217 3505 1287 qui
3533 1217 3641 1273 ﬁcti
3673 1233 3783 1274 non

2197 1309 2340 1366 sunt,
2379 1300 2498 1356 vani
2526 1311 2667 1356 sunt.
2693 1303 2792 1359 Ubi
2819 1305 2960 1359 enim
2987 1305 3116 1362 ﬁdes
3142 1307 3252 1376 ipsa
3281 1307 3400 1364 ﬁcta
3427 1320 3509 1364 est
3529 1350 3543 1374 ,
3597 1319 3653 1365 et
3692 1313 3787 1382 qui

2197 1406 2258 1448 ea
2286 1392 2535 1450 simulate
2559 1395 2746 1464 utitur,
2790 1395 2962 1464 fallit;
2995 1409 3049 1453 et
3081 1399 3168 1468 qui
3195 1414 3312 1454 eam
3358 1415 3540 1457 veram
3582 1404 3772 1458 existi-

2195 1493 2324 1551 mat,
2353 1485 2551 1541 l‘allitur
2579 1505 2594 1540 :
2628 1503 2726 1542 nec
2774 1505 2840 1544 ex
2868 1504 2931 1545 ea
2980 1497 3157 1560 potest
3180 1493 3410 1548 existere
3435 1493 3575 1548 bona
3617 1494 3728 1550 vita
3759 1513 3774 1560 ;

2196 1577 2321 1648 quia
2351 1593 2416 1633 ex
2464 1594 2647 1635 amore
2671 1595 2770 1636 suo
2805 1583 3031 1652 quisque
3055 1583 3204 1649 vivit,
3233 1584 3317 1640 vel
3338 1584 3472 1640 bene
3497 1585 3582 1641 vel
3610 1587 3781 1643 male.

2195 1667 2304 1724 Vos
2335 1679 2511 1725 autem
2557 1672 2602 1728 si
2629 1673 2919 1742 splritualis
2943 1683 3102 1744 atque
3127 1674 3468 1745 intelligibilis
3493 1677 3619 1733 boni
3649 1677 3784 1732 eba-

2194 1761 2370 1828 ritate,
2403 1776 2469 1816 ac
2496 1777 2601 1818 non
2626 1766 2983 1835 corporalium
3016 1766 3446 1836 phantasmatum
3486 1769 3785 1840 cupiditate

2194 1852 2477 1922 arderetis,
2512 1864 2569 1909 ut
2617 1856 2723 1910 cito
2773 1856 2947 1912 dicam
2979 1857 3121 1929 quod
3166 1858 3235 1913 de
3257 1859 3409 1915 vobis
3435 1861 3782 1918 notissimum

2195 1953 2298 2013 eet,
2327 1946 2494 2002 solem
2527 1948 2684 2002 istum
2705 1964 3041 2020 corporeum,
3072 1967 3179 2006 non
3206 1967 3304 2022 pro
3323 1953 3502 2009 divina
3527 1955 3787 2011 substan-

2195 2039 2286 2103 tia,
2321 2047 2377 2095 et
2404 2041 2502 2109 pro
2529 2042 2802 2111 sapientiae
2838 2043 2955 2098 luce
2976 2044 3242 2100 coleretis.

499 2161 3788 2194 mm

1524 2241 2002 2356 LIBER
2095 2237 2724 2357 SEXTUS.

567 2517 796 2581 CAPUT
863 2513 1145 2580 PRIMUM.
1183 2553 1255 2564 —
1328 2519 1569 2580 Fausrus
1631 2520 1764 2579 dixit
1814 2541 1828 2578 :
1875 2519 2085 2594 Accipis

494 2607 662 2673 Vetus
691 2615 1140 2672 Testamentum?
1175 2615 1474 2683 Quomodo,
1498 2617 1650 2686 cujus
1680 2627 1946 2687 praecepta
1975 2630 2084 2669 non

497 2707 702 2768 servo?
752 2707 887 2763 Puto
934 2707 1149 2779 quidem
1204 2708 1327 2778 quia
1375 2722 1476 2763 nec
1504 2714 1560 2762 tu
1594 2723 1756 2762 :nam
1783 2706 2082 2778 peritomen

497 2817 597 2874 ego
624 2811 680 2857 ut
717 2800 1014 2874 pudendam
1047 2801 1269 2873 despui;
1311 2815 1408 2869 ac,
1457 2801 1502 2855 si
1551 2815 1678 2854 non‘
1707 2799 1890 2867 fallor,
1922 2807 1974 2854 et
2004 2807 2078 2854 tu.

499 2894 865 2951 Cessationem
914 2893 1293 2960 sabbatorum,
1349 2899 1407 2948 ut
1446 2907 1863 2963 supervacuam;
1920 2883 2082 2947 credo

494 2979 637 3058 quod
686 2994 739 3040 et
768 2993 842 3040 tu.
883 2983 1186 3052 Sacriﬁcia,
1236 2981 1295 3038 ut
1323 2979 1715 3049 idololatriam;
1748 2997 1855 3037 non
1898 2980 2081 3038 dubito

493 3077 636 3150 quod
663 3087 716 3134 et
742 3087 816 3132 tu.
841 3069 1065 3156 ~Porcina
1095 3085 1242 3132 certe
1277 3092 1383 3131 non
1413 3091 1513 3146 ego
1553 3073 1665 3130 sola
1695 3075 1977 3140 abstineo;
2021 3083 2081 3129 tu

493 3171 622 3230 item
655 3186 758 3226 non
788 3171 954 3225 solam
981 3167 1239 3225 comedis.
1274 3169 1386 3238 Ego
1427 3165 1640 3238 quidem
1661 3209 1676 3234 ,
1715 3167 1837 3238 quia
1865 3178 2078 3220 omnem

491 3277 708 3320 carnem
747 3247 1074 3318 immundam
1104 3262 1443 3326 existimem;
1484 3269 1540 3315 tu
1579 3272 1741 3325 vero,
1785 3258 1906 3328 quia
1947 3255 2078 3319 nihil

492 3357 825 3414 immundum
851 3375 863 3412 :
893 3371 999 3427 quo
1020 3364 1262 3427 utroque,
1293 3355 1359 3413 ab
1385 3361 1613 3426 utroque
1631 3362 1891 3417 nostrum,
1916 3351 2078 3407 Vetus

492 3445 780 3507 dcstruitur
797 3445 1214 3505 Testamentum.
1245 3446 1638 3518 Azimopbagia:
1659 3441 2018 3500 hebdomadas
2035 3445 2074 3513 ί,

491 3542 862 3612 scenopegiam
885 3581 900 3607 ,
933 3547 1157 3610 uterque
1213 3547 1454 3594 nostrum
1490 3546 1738 3610 tanquam
1771 3537 1976 3592 inutilia
2025 3544 2079 3592 et

492 3650 629 3690 vana
660 3633 1000 3704 contempsit.
1034 3630 1214 3686 Lineis
1244 3630 1482 3686 vestibus
1527 3644 1632 3684 non
1663 3630 1898 3684 inserere
1945 3643 2073 3698 pur-

489 3742 670 3801 puras.
700 3725 755 3780 ln
785 3723 1060 3782 adulteriis
1091 3738 1288 3795 ponere
1321 3731 1522 3778 vestem
1556 3721 1878 3777 linostimam
1903 3723 1944 3774 ².
1977 3719 2076 3776 Bo-

489 3835 614 3876 vem
640 3827 694 3874 et
720 3818 926 3882 asinum
959 3817 1201 3890 jungere,
1225 3815 1270 3871 si
1298 3828 1516 3870 necesse
1536 3813 1607 3870 sit
1634 3855 1649 3880 ,
1699 3814 1754 3868 in
1779 3810 2072 3884 sacrilegiis

487 3927 786 3970 numerare.
817 3910 1040 3966 Calvum
1070 3924 1133 3965 ac
1160 3909 1464 3978 reburrum,
1495 3917 1550 3964 et
1578 3905 1766 3964 similis
1802 3916 1940 3961 notze
1973 3903 2074 3961 lto~

497 4006 696 4060 minem
726 4018 829 4058 non
853 4002 1177 4058 constituere
1202 4001 1559 4069 sacerdotem,
1586 4001 1706 4074 quia
1730 4008 1854 4055 sunt
1881 3998 2070 4070 hujus-

487 4094 632 4153 modi
668 4092 807 4165 apud
849 4085 1014 4149 Deum
1074 4089 1349 4158 immundi,
1380 4099 1603 4163 uterque
1631 4091 2069 4162 contempsimus,

487 4189 724 4256 risimus,
759 4203 859 4243 nec
884 4187 936 4242 in
969 4185 1218 4242 secundis
1256 4183 1577 4251 habuimus,
1606 4200 1707 4240 nec
1750 4184 1802 4239 in
1834 4185 2018 4255 primis
2053 4201 2067 4238 :

488 4297 609 4352 quae
639 4281 816 4336 omnia
867 4289 1132 4351 praecepta
1171 4285 1296 4332 sunt
1342 4288 1393 4332 et
1419 4276 1828 4350 iustificationes
1861 4274 2070 4332 Veteris

488 4355 841 4430 Tcstamen‘ti.
865 4371 1017 4442 Quod
1048 4386 1176 4442 ergo
1204 4369 1412 4440 objicis,
1442 4366 1540 4424 tibi
1561 4384 1768 4424 mecum
1786 4382 2070 4423 commune

484 4474 584 4531 est,
618 4465 730 4520 sive
752 4465 951 4519 crimen
981 4461 1296 4534 putandum,
1325 4463 1436 4518 sive
1465 4469 1613 4517 recte
1652 4460 1847 4516 laetum
1875 4479 1887 4516 :
1920 4469 2068 4515 uter-

486 4574 589 4629 que
617 4559 759 4613 enim
786 4567 1025 4613 nostrum
1056 4557 1218 4612 Vetus
1246 4555 1450 4627 rcSpuit
1474 4554 1891 4612 Teslamentum.
1924 4553 2068 4625 Ergo

483 4651 530 4707 si
571 4649 696 4722 quid
746 4649 952 4706 intersit
995 4649 1134 4705 inter
1155 4664 1329 4704 meam
1359 4647 1515 4704 (idem
1545 4647 1740 4719 qumris
1778 4657 1831 4705 et
1871 4657 2055 4713 tuam;

482 4737 607 4811 hoc,
639 4743 760 4815 quia
791 4743 883 4798 tibi
910 4742 1122 4798 mentiri
1153 4741 1307 4812 libet,
1337 4751 1390 4798 et
1429 4740 1756 4808 illiberaliter
1795 4755 1951 4811 agere
1972 4782 1987 4808 ,
2013 4747 2068 4795 ut

483 4833 626 4905 quod
653 4843 828 4888 mente
853 4832 1050 4900 oderis,
1076 4835 1241 4889 verbo
1269 4832 1544 4891 collaudes
1578 4850 1590 4888 :
1618 4848 1717 4904 ego
1748 4830 1930 4887 fallere
1957 4845 2065 4886 non

486 4919 669 4994 didici,
709 4922 850 4996 quod
879 4924 1051 4979 sentio
1102 4923 1310 4994 loquor,
1358 4932 1464 4979 tam
1497 4924 1728 4994 turpium
1761 4921 1935 4980 odisse
1975 4937 2063 4980 me

481 5003 650 5074 lateor
693 5026 1071 5090 prmceptores,
1104 5032 1260 5087 quam
1288 5017 1397 5087 ipsa
1426 5026 1706 5088 prmccpta.

548 5094 774 5166 CAPUT
812 5099 877 5165 ll.
904 5140 975 5152 —
1004 5110 1338 5166 Aucusrmus
1364 5110 1636 5182 respondit
1668 5127 1681 5162 :
1709 5107 2065 5177 Quemadmo-

480 5199 606 5264 dum
630 5209 686 5256 et
730 5215 896 5272 quare
920 5200 1212 5276 accipiatur
1237 5199 1631 5256 Testamentum
1662 5198 1822 5254 Vetus
1846 5201 1913 5254 ab
1948 5198 2059 5256 bae-

475 5287 698 5354 ,rcdibus
719 5290 1044 5358 Testamenti
1079 5291 1231 5360 Novi,
1249 5291 1358 5363 jam
1386 5305 1545 5362 supra
1578 5291 1807 5348 diximus
1835 5290 1972 5364 (Lib.
2000 5293 2057 5361 4,

473 5368 596 5456 bap.
621 5383 702 5456 2).
730 5384 833 5448 Sed
856 5370 978 5460 quia
997 5382 1152 5457 paulo
1177 5394 1298 5442 ante
1313 5384 1380 5441 de
1396 5385 1671 5455 promissis
1695 5386 1810 5455 ejus
1833 5385 2060 5444 Faustus

479 5475 611 5546 egit,
635 5489 778 5540 nunc
822 5485 1000 5542 autem
1025 5475 1093 5532 de
1125 5475 1402 5548 praeceptis
1421 5491 1579 5546 agere
1609 5476 1810 5541 voluit;
1838 5493 2060 5548 respon-

541 5631 559 5662 ί
580 5628 745 5695 ⁸ιῇῑιὶιὶο
797 5634 889 5680 ιον
915 5665 948 5691 .,
977 5626 1266 5695 azimornm
1283 5631 1442 5695 festa,
1472 5627 1814 5695 hebdomadas.
1856 5637 1956 5695 Αῃι.
1983 5638 2057 5685 Er.

469 5691 737 5762 οιξιιίίιιιρι
758 5697 884 5762 tu»
905 5688 1070 5762 λβίιηεὲ
1102 5692 1247 5762 [πεῖραν
1269 5688 1716 5762 penam-Am
1737 5697 1846 5762 ἕως
1871 5692 2057 5762 plures.

871 5751 956 5804 aut
976 5751 1326 5818 animum
1365 5752 1705 5806 hebdomadas.
1751 5751 2060 5810 Παιόνωοὲ

505 5879 562 5944 ,³
599 5885 894 5948 ametur,
939 5874 1244 5933 Mm.
1286 5876 1739 5944 ων..
1783 5881 2057 5946 Muttines,

2192 2521 2296 2582 deo
2336 2525 2464 2584 istos
2494 2526 2714 2584 omnino
2745 2526 2953 2584 nescire
2982 2524 3105 2598 quid
3155 2524 3363 2583 intersit
3391 2527 3530 2584 inter
3563 2543 3772 2600 pnece-

2189 2626 2279 2690 pta
2318 2618 2440 2673 vita:
2488 2618 2744 2690 agenda},
2789 2628 2844 2674 et
2894 2629 3159 2690 prmcepta
3207 2620 3332 2674 vit-.e
3379 2620 3771 2690 signilieandai.

2189 2708 2437 2781 Exempli
2487 2711 2657 2782 gratia
2689 2728 2702 2766 :
2741 2709 2860 2765 Non
2898 2712 3217 2783 concupisces
3255 2711 3275 2782 (
3303 2709 3467 2766 Exod.
3507 2722 3596 2776 xx,
3627 2711 3761 2784 Π),

2189 2807 2513 2875 praeceptum
2541 2812 2624 2860 est
2652 2802 2870 2876 agenda:
2895 2804 3045 2872 vitaz;
3075 2803 3409 2859 Circumcides
3437 2822 3634 2860 omnem
3662 2823 3783 2861 ma-

2189 2895 2386 2951 sculum
2416 2905 2588 2952 octavo
2617 2897 2699 2951 die
2743 2893 2894 2970 (Gen.
2929 2911 3058 2964 xvii,
3089 2894 3302 2967 l0-12),
3329 2903 3652 2967 praeceptum
3683 2907 3774 2953 est

2187 2985 2550 3059 signiﬁcanda:
2571 2988 2712 3042 vitae.
2741 2985 2817 3043 Ex
2841 2985 2939 3043 bac
2955 2987 3151 3060 quippe
3181 2987 3441 3058 imperitia
3471 2977 3775 3058 Manichmi,

2185 3087 2240 3134 et
2268 3094 2455 3134 omnes
2481 3079 2672 3150 quibus
2697 3079 2980 3151 displicent
3003 3079 3197 3134 littera:
3228 3077 3439 3136 Veteris
3460 3079 3778 3136 Testamen-

2188 3171 2248 3239 li,
2272 3170 2526 3242 'tjuidquid
2554 3172 2696 3228 Deus
2712 3172 2980 3227 mandavit
2997 3170 3162 3243 priori
3193 3172 3391 3242 populo
3413 3170 3476 3227 ad
3489 3169 3777 3229 celebratio

2182 3263 2332 3330 dum,
2383 3263 2625 3318 umbram
2683 3263 2979 3319 futurarum
3019 3262 3125 3318 non
3165 3263 3549 3335 intelligentes,
3596 3273 3649 3319 et
3704 3278 3773 3319 ca

2181 3356 2344 3412 modo
2365 3373 2470 3412 non
2499 3357 2768 3413 observari
2804 3357 3322 3425 animadvertentes,
3355 3373 3422 3412 ex
3451 3372 3600 3413 more
3625 3369 3773 3427 prae-

2189 3448 2356 3505 sentis
2395 3449 2649 3520 temporis
2699 3449 2786 3504 illa
2836 3449 3270 3520 reprehendunt,
3306 3463 3425 3521 quae
3473 3450 3651 3520 utique
3685 3448 3778 3506 illi

2181 3539 2408 3611 tempori
2439 3539 2843 3611 congruebant,
2875 3556 2980 3612 quo
3007 3542 3104 3596 ista
3151 3557 3269 3612 qua:
3300 3542 3441 3596 nunc
3481 3535 3771 3597 manifesta

2179 3639 2323 3697 sunt,
2354 3641 2573 3688 ventura
2613 3630 3057 3703 signiﬁcarentur.
3109 3629 3217 3688 Sed
3247 3629 3373 3703 quid
3418 3631 3608 3687 dicturi
3638 3625 3772 3688 sunt

2179 3727 2434 3782 adversus
2465 3726 2798 3798 Apostolum,
2843 3725 2931 3796 qui
2972 3724 3088 3780 ait:
3119 3723 3242 3780 Haec
3293 3725 3464 3780 omnia
3505 3725 3556 3779 in
3594 3725 3772 3795 ﬁgura

2177 3818 2528 3892 contingebant
2555 3816 2696 3884 illis;
2735 3817 2924 3888 scripta
2965 3825 3079 3872 sunt
3121 3825 3290 3870 autem
3328 3823 3532 3888 propter
3552 3831 3668 3884 nos,
3709 3816 3770 3872 in

2177 3932 2302 3986 quos
2341 3914 2459 3984 ﬁnis
2496 3915 2798 3969 swculorum
2843 3911 3036 3966 obvenit
3073 3911 3116 3983 (l
3147 3911 3264 3966 Cor.
3309 3927 3363 3980 Χ,
3389 3911 3442 3976 6,
3467 3907 3596 3983 ll)?
3623 3911 3768 3967 Ecce

2177 4005 2291 4077 ipse
2337 4006 2546 4076 aperuit
2573 4021 2667 4060 cur
2694 4004 2798 4059 illa:
2822 4004 3034 4059 Litterae
3075 4003 3406 4074 accipiantur
3429 4018 3459 4058 a
3486 4003 3676 4070 nobis,
3706 4010 3768 4059 et

2175 4112 2272 4153 cur
2292 4097 2380 4152 illa
2409 4109 2587 4152 rerum
2608 4098 2756 4168 signa
2778 4095 2885 4167 jam
2917 4105 3135 4152 necesse
3160 4111 3264 4151 non
3293 4097 3362 4151 sit
3381 4105 3440 4151 ut
3462 4093 3765 4151 observen-

2176 4198 2261 4246 tur
2291 4205 2322 4245 a
2368 4189 2541 4245 nobis.
2578 4188 2713 4244 Cum
2761 4187 2901 4243 enim
2952 4187 3096 4254 dicit,
3133 4186 3340 4257 Scripta
3387 4196 3502 4243 sunt
3553 4196 3768 4257 propter

2174 4299 2286 4350 nos,
2329 4279 2698 4353 proculdubio
2728 4279 3061 4334 demonstrat
3101 4287 3295 4349 quanta
3323 4278 3478 4334 nobis
3503 4293 3626 4332 cura
3673 4278 3763 4333 le-

2171 4375 2342 4448 genda
2373 4383 2427 4430 et
2468 4371 2844 4444 intelligenda,
2888 4372 3022 4428 etin
3065 4381 3262 4442 quanta
3312 4372 3626 4427 auctoritate
3653 4367 3763 4426 ha-

2171 4469 2344 4525 benda
2368 4467 2494 4533 sint,
2517 4467 2638 4537 quia
2655 4473 2874 4538 propter
2900 4479 2996 4520 nos
3015 4464 3194 4534 utique
3221 4465 3418 4534 scripta
3447 4470 3570 4518 sunt
3591 4479 3604 4516 :
3623 4475 3758 4520 cum

2171 4577 2298 4617 vero
2318 4561 2466 4636 dicit,
2495 4559 2706 4630 Figura:
2731 4567 2918 4612 nostra:
2946 4560 3189 4629 fuerunt;
3231 4565 3318 4621 et,
3347 4554 3413 4609 In
3447 4555 3611 4627 ﬁgura
3631 4569 3764 4609 con-

2170 4655 2423 4726 tingebant
2447 4653 2550 4709 illis
2577 4649 2617 4720 ¹,
2648 4651 2879 4708 ostendit
2913 4651 3022 4722 jam
3066 4665 3170 4705 non
3191 4660 3360 4724 .opus
3383 4663 3502 4704 esse
3528 4656 3584 4703 ut
3625 4661 3763 4704 cum

2169 4755 2260 4802 res
2287 4745 2429 4816 ipsas
2450 4742 2813 4799 manifestatas
2832 4743 3057 4813 agimus,
3082 4741 3366 4812 ﬁgurarum
3394 4738 3765 4811 praenuntiam

2170 4839 2300 4894 tium
2343 4835 2687 4894 celebrationi
2733 4837 3046 4891 serviamus.
3077 4831 3230 4891 Unde
3277 4834 3404 4889 dicit
3441 4834 3544 4889 alio
3579 4832 3702 4888 loco
3735 4851 3754 4892 :

2172 4929 2335 4986 Nemo
2356 4945 2472 5001 ergo
2497 4945 2583 4984 vos
2598 4928 2792 4999 judicet
2817 4928 2872 4982 in
2893 4926 3022 4993 cibo,
3055 4935 3142 4981 aut
3163 4927 3216 4980 in
3245 4936 3386 4996 potu,
3410 4934 3497 4978 aut
3521 4925 3574 4978 in
3605 4935 3761 4995 parte

2167 5023 2268 5079 diei
2309 5024 2452 5096 festi,
2487 5031 2573 5076 aut
2601 5021 2894 5090 neomeniaz,
2940 5030 3027 5075 aut
3081 5019 3444 5085 sabbatorum;
3489 5033 3600 5091 quae
3627 5026 3760 5071 sunt

2164 5116 2342 5172 umbra
2371 5115 2659 5186 futurorum
2690 5113 2908 5186 (Coloss.
2939 5127 2997 5180 tt,
3026 5111 3114 5181 16,
3151 5110 3262 5183 17).
3283 5111 3417 5165 Hinc
3441 5111 3597 5166 etiam
3623 5123 3756 5164 cum

2165 5209 2312 5275 dicit,
2343 5207 2508 5264 Nemo
2532 5225 2616 5264 vos
2643 5207 2694 5264 in
2726 5209 2804 5264 eis
2834 5206 3052 5278 judicet,
3086 5205 3318 5261 declarat
3347 5219 3505 5275 quam
3534 5218 3638 5258 non
3678 5201 3759 5260 sit

2166 5317 2388 5360 necesse
2416 5312 2474 5358 ut
2494 5302 2603 5374 jam
2638 5299 2751 5357 haec
2774 5294 3162 5356 observentur:
3189 5309 3309 5354 cum
3346 5304 3524 5352 autem
3573 5294 3748 5361 dicit,

2167 5395 2295 5464 Qua:
2322 5403 2438 5452 sunt
2461 5393 2638 5452 umbra
2665 5393 2973 5465 futurorum,
3003 5392 3236 5448 ostendit
3260 5403 3418 5462 quam
3448 5391 3753 5460 oportuerit

2164 5498 2223 5548 ut
2251 5489 2344 5546 illo
2383 5497 2622 5559 tempore
2651 5485 3081 5552 observarentur,
3129 5499 3235 5557 quo
3286 5485 3382 5540 ista
3417 5495 3538 5554 quae
3589 5481 3752 5544 nobis

2161 5583 2270 5656 jam
2294 5581 2629 5640 manifestata
2673 5577 2974 5644 eluxerunt,
3006 5585 3104 5650 per
3130 5577 3263 5633 tales
3309 5574 3524 5632 umbras
3547 5574 3756 5646 ﬁgura-

2163 5687 2280 5732 rum
2308 5675 2478 5729 futura
2497 5669 2941 5741 praedicebantur.

2233 5764 2456 5826 CAPUT
2500 5761 2585 5820 lll.
2616 5793 2684 5802 —-
2717 5757 2948 5819 Proinde
2975 5761 3021 5817 si
3049 5758 3323 5817 Maniclmi
3352 5755 3758 5818 resurrectione

2232 5946 2250 5978 ί
2288 5942 2454 5994 Plures
2474 5948 2780 6004 manuscnpu
2803 5951 2998 6003 passum,
3018 5935 3345 6001 mitigabant
3364 5934 3417 5988 in
3436 5931 3550 5989 illis.
