4052 6432
202 620 405 680 Domini
439 614 887 690 justiﬁearentur,
920 611 1071 688 cujus
1098 612 1505 672 resurrectionis
1529 611 1645 668 dies
1667 649 1682 678 ,
1713 625 1782 665 ex

202 715 283 771 die
321 711 536 784 quidem
578 710 842 783 passionis
875 709 1092 775 tertius,
1135 716 1257 780 post
1293 706 1434 762 diem
1461 713 1638 760 tamen
1667 701 1788 757 sab-

201 806 303 860 bati
322 845 339 868 ,
379 803 485 858 hoc
520 810 606 858 est
642 811 764 874 post
787 801 1075 873 septimum
1093 839 1110 869 ,
1137 808 1359 856 octavus
1382 797 1479 852 fuit
1508 813 1523 852 :
1554 793 1790 866 proiecto

201 898 560 967 spatiaremur
591 895 792 952 «mali
829 895 1134 951 velamento
1161 891 1465 949 mortalium
1491 889 1784 946 desiderio-

201 1002 315 1045 nim
347 1006 365 1044 τ
387 997 444 1044 et
470 986 651 1044 cordis
673 987 1078 1044 circumcisione
1105 984 1396 1056 gaudentes
1413 1023 1428 1050 ,
1455 997 1560 1039 non
1588 997 1705 1038 eam
1737 981 1790 1036 in

203 1096 369 1137 carne
407 1081 780 1137 adumbratam
817 1079 1199 1151 ﬁguratamque
1221 1076 1530 1133 deriderent
1557 1084 1793 1144 tempore

200 1173 412 1230 Veteris
432 1174 783 1242 Testamenti,
805 1173 1048 1245 quamvis
1063 1172 1173 1243 jam
1195 1181 1434 1240 tempore
1457 1168 1586 1224 Novi
1608 1168 1795 1224 Testa—

203 1269 368 1323 menti
409 1267 526 1322 fieri
571 1267 947 1338 observarique
986 1279 1097 1321 non
1133 1271 1408 1336 emerent.
1437 1263 1492 1318 in
1523 1277 1628 1332 quo
1654 1261 1795 1317 enim

202 1358 450 1416 membro
479 1359 858 1430 congruentius
887 1356 1204 1428 exspoliatio
1229 1354 1459 1410 caruaiis
1485 1361 1540 1409 et
1558 1352 1796 1408 mortalis

203 1453 653 1523 concupiscentia
679 1452 964 1522 ﬁguratur,
988 1465 1146 1522 quam
1174 1449 1315 1504 unde
1333 1446 1560 1502 carnalis
1578 1454 1632 1501 et
1656 1461 1799 1500 mor-

203 1545 323 1599 talis
379 1544 522 1599 fetus
569 1543 860 1599 exoritur?
905 1541 1055 1607 Sed,
1107 1541 1245 1596 sicut
1289 1539 1420 1594 dicit
1466 1538 1752 1609 Apostolus
1779 1577 1794 1602 ,

207 1634 392 1690 Omnia
427 1636 623 1690 munda
662 1634 908 1702 mundis;
942 1633 1216 1688 immundis
1249 1639 1416 1687 autent
1443 1639 1490 1685 et
1512 1629 1799 1699 inﬁdelibus

205 1727 332 1780 nihil
373 1735 445 1781 est
485 1727 765 1795 mundum,
807 1725 896 1781 sed
928 1724 1123 1796 polluta
1162 1732 1280 1779 sunt
1317 1739 1491 1778 eorum
1513 1730 1563 1778 et
1587 1737 1727 1776 mene
1753 1729 1800 1775 et

206 1819 509 1872 conscientia
551 1816 676 1889 (Tit.
718 1834 771 1885 ι,
803 1816 916 1888 l5).
947 1815 1127 1887 Itaque
1156 1814 1282 1880 isti,
1312 1813 1402 1884 qui
1429 1813 1586 1868 nimis
1614 1811 1799 1870 mundi

207 1908 303 1964 sibi
353 1908 638 1973 videntur,
675 1907 796 1979 quia
835 1907 922 1963 illa
961 1906 1202 1963 membra
1244 1913 1495 1974 tanquam
1523 1901 1797 1958 immunda

207 2010 516 2057 aversantur
537 2039 556 2069 ,
583 2009 674 2055 aut
696 2000 930 2056 aversari
949 2014 1009 2056 se
1030 2001 1231 2071 lingunt
1248 2038 1264 2067 ,
1287 1998 1343 2052 in
1364 2011 1454 2053 eas
1473 1996 1798 2052 infidelitatis

210 2103 263 2150 et
303 2093 507 2149 erroris
535 2091 899 2149 immunditias
926 2091 1264 2158 inciderunt,
1294 2097 1354 2146 ut
1379 2103 1502 2144 cum
1530 2089 1801 2144 detesten-

209 2196 290 2244 tur
327 2187 793 2244 circumcisionem
839 2187 1015 2244 carnis
1048 2227 1064 2255 ,
1111 2201 1274 2258 quam
1323 2185 1459 2264 dixit
1502 2185 1793 2256 Apostolus

207 2280 520 2352 signaculum
555 2281 770 2352 justitice
815 2280 936 2350 ﬁdei
977 2278 1150 2352 (Rom.
1193 2293 1284 2347 iv,
1333 2276 1456 2351 ll),
1484 2278 1540 2334 in
1565 2277 1694 2348 ipsis
1719 2285 1797 2333 ta-

209 2385 321 2428 men
344 2373 655 2430 carnalibus
685 2373 944 2430 membris
973 2371 1150 2428 divina
1180 2372 1274 2426 Dei
1305 2371 1385 2427 sui
1414 2370 1653 2426 membra
1673 2384 1796 2426 cre-

209 2465 325 2520 dant
355 2465 606 2537 colligata
639 2473 695 2521 et
741 2466 1014 2537 inquinata
1043 2463 1269 2520 detineri
1301 2480 1314 2519 :
1343 2473 1403 2520 ut
1429 2478 1550 2519 cum
1578 2478 1794 2520 carnem

206 2555 530 2614 inmundam
575 2557 792 2626 dicunt,
834 2566 887 2614 et
927 2558 1094 2613 Deum
1139 2557 1251 2613 illic
1275 2572 1341 2612 ex
1373 2565 1523 2628 parte
1546 2598 1560 2624 ,
1591 2559 1694 2626 qua
1721 2556 1794 2612 ibi

205 2655 412 2708 tenetur
441 2693 460 2720 ,
517 2652 850 2708 immundum
897 2650 1094 2707 factum
1140 2651 1322 2707 dicere
1365 2651 1791 2720 compellantur;

205 2747 393 2820 quippe
414 2761 576 2818 quem
600 2746 844 2801 mundari
869 2754 1119 2816 oportere
1137 2751 1384 2801 asserunt
1415 2760 1426 2796 :
1461 2743 1600 2815 quod
1621 2743 1794 2800 donec

205 2839 322 2906 ﬁat,
363 2847 624 2909 quantum
657 2837 769 2894 fieri
800 2838 1066 2909 potuerit,
1095 2837 1309 2892 interim
1342 2841 1483 2891 nunc
1516 2849 1634 2892 eum
1663 2851 1791 2908 per-

204 2931 314 3002 peti
351 2931 526 2985 omnia
571 2945 690 3000 quze
717 2937 908 2986 carnes
933 2929 1201 3000 patiuntur
1222 2971 1236 2996 ,
1268 2935 1374 2984 non
1407 2935 1606 2982 tantum
1635 2929 1686 2984 in
1718 2929 1794 2982 Ia-

203 3019 329 3077 bore
376 3029 432 3076 et
471 3020 659 3077 dolore
701 3020 1081 3088 aﬂllcticnum,
1122 3019 1215 3075 sed
1257 3020 1414 3076 etiam
1442 3020 1492 3073 in
1522 3020 1792 3089 voluptate

204 3113 643 3184 corruptelarum.
693 3113 756 3168 Ei
797 3121 1025 3184 namque
1066 3128 1125 3168 se
1162 3112 1344 3168 dicunt
1372 3127 1621 3184 parcere,
1651 3112 1790 3184 quod

203 3213 300 3260 non
333 3205 737 3271 concumbunt,
780 3217 850 3260 ne
889 3203 1043 3259 nodis
1083 3204 1290 3260 carneis
1319 3204 1517 3260 arctius
1549 3204 1790 3275 implice-

200 3305 281 3356 tur
299 3341 314 3367 ,
344 3310 400 3358 et
433 3298 702 3356 sordidius
731 3299 1056 3369 inquinetur.
1087 3296 1223 3353 Cum
1248 3305 1375 3367 ergo
1403 3297 1688 3367 Apostolus
1712 3296 1792 3352 di-

198 3398 315 3458 tat,
364 3389 559 3445 Omnia
596 3388 791 3444 munda
833 3389 1060 3455 mundis,
1124 3388 1305 3459 utiqUe
1343 3388 1649 3444 hominibus
1701 3389 1790 3460 qui

196 3489 419 3552 possunt
457 3481 512 3535 in
557 3480 792 3535 deterius
835 3479 1122 3536 volumutis
1173 3478 1521 3549 perversitate
1560 3480 1787 3546 mutari;

197 3581 389 3642 quanto
417 3572 589 3642 magis
616 3571 792 3627 omnia
821 3569 1016 3626 munda
1044 3575 1169 3626 sunt
1195 3569 1302 3625 Deo
1323 3612 1335 3636 ,
1363 3569 1451 3640 qui
1474 3583 1685 3640 semper
1704 3570 1786 3625 in-

195 3663 591 3719 cummutabilis
627 3669 682 3718 et
719 3660 1199 3718 incontaminabilis
1241 3661 1552 3732 permanet?
1589 3662 1665 3717 De
1692 3677 1789 3718 cu-

193 3753 275 3827 ius
301 3756 565 3827 sapientia
592 3755 767 3811 divina
789 3755 986 3811 dictum
1014 3763 1096 3810 est
1121 3754 1176 3808 in
1204 3753 1280 3810 eis
1304 3751 1476 3809 Libris
1500 3796 1514 3820 ,
1541 3765 1677 3826 quos
1704 3770 1790 3811 re-

193 3849 578 3922 prehendendo
597 3849 962 3907 vehementius
997 3849 1364 3921 inquinamini,
1394 3849 1534 3920 quod
1563 3848 1692 3904 nihil
1712 3850 1792 3905 in-

193 3943 465 4013 quinatum
507 3943 560 3997 in
613 3953 719 3997 eam
761 3942 1006 4008 incurrit,
1054 3949 1106 3995 et
1137 3941 1335 4012 attingit
1379 3939 1558 4009 ubique
1586 3949 1791 4011 propter

192 4041 351 4092 Suam
390 4035 682 4091 munditiam
719 4035 872 4107 (Sap.
917 4052 1021 4102 vn,
1063 4035 1168 4104 25,
1209 4036 1323 4107 24).
1364 4034 1731 4106 Quapropter,
1756 4050 1791 4091 ο

191 4127 628 4184 immundissima
655 4129 856 4184 vanitas
877 4170 890 4194 ,
924 4129 1065 4184 itane
1091 4128 1336 4198 displicet
1356 4127 1446 4182 tibi
1469 4128 1519 4183 in
1549 4127 1789 4184 membro

196 4221 463 4286 humano,
495 4220 632 4277 unde
655 4220 887 4276 humana
915 4221 1185 4292 generatio
1213 4229 1557 4292 propagatur,
1581 4221 1788 4292 signum

197 4312 614 4382 regenerationis
642 4314 886 4369 humana:
905 4356 919 4381 ,
943 4312 1094 4367 illum
1121 4312 1206 4367 cui
1236 4310 1429 4367 munda
1462 4317 1583 4368 sunt
1609 4314 1786 4371 omnia

197 4403 357 4461 Deum
387 4405 623 4476 jussissc
645 4407 894 4462 constitui
919 4423 932 4472 ;
961 4413 1014 4461 et
1039 4405 1212 4476 placet
1239 4405 1331 4459 tibi
1361 4406 1519 4460 etiam
1551 4404 1603 4460 in
1634 4403 1784 4476 flagi-

199 4493 282 4552 tiis
304 4539 319 4564 ,
347 4509 469 4568 quae
493 4497 589 4552 illo
617 4496 857 4554 membro
878 4496 944 4553 ab
969 4496 1248 4567 impudicis
1273 4491 1577 4551 heminibus
1596 4511 1790 4568 perpe-

199 4583 436 4655 trantur,
485 4590 663 4661 ipsum
703 4589 871 4646 Deum
909 4595 1178 4656 vestrum,
1219 4590 1303 4644 cui
1346 4587 1477 4644 nihil
1518 4597 1598 4644 est
1628 4605 1786 4645 mun-

200 4677 352 4750 dum,
397 4698 467 4738 ex
506 4689 660 4754 parte
698 4699 808 4740 suae
833 4692 1034 4739 naturae
1072 4682 1447 4739 commaculari
1478 4689 1636 4754 atque
1662 4697 1786 4739 cor-

201 4773 408 4846 rumpi?
429 4774 567 4842 Quid
596 4775 737 4830 enim
766 4778 961 4846 patitur
987 4775 1039 4830 in
1063 4775 1227 4830 variis
1250 4774 1489 4844 turpibus
1512 4781 1787 4845 corrupte-

203 4861 293 4934 lis,
340 4883 502 4938 quem
534 4866 796 4940 coniugali
823 4880 1031 4940 qucque
1053 4867 1337 4924 concubitu
1363 4867 1578 4924 creditis
1609 4868 1787 4941 inqui-

206 4964 354 5019 nari?
380 4963 465 5019 Ad
498 4960 551 5019 id
575 4965 734 5020 etiam
760 4961 900 5035 quod
927 4961 1104 5020 dicere
1132 4961 1314 5020 soletis
1335 4965 1352 4996 ί
1373 5006 1387 5031 ,
1417 4964 1632 5036 Ergone
1661 4962 1789 5021 dee-

208 5053 281 5111 rat
297 5098 313 5123 ,
353 5055 449 5114 ubi
477 5055 618 5112 Dens
643 5056 1006 5128 praefiguraret
1033 5056 1358 5128 signaculum
1381 5055 1598 5128 justitise
1621 5053 1746 5114 fidei
1767 5096 1783 5123 ,

207 5143 298 5204 nisi
341 5149 395 5204 in
441 5145 537 5203 illo
581 5145 864 5204 membro?
892 5147 1274 5220 respondetur,
1302 5147 1408 5204 Cu'r
1434 5148 1575 5204 enim
1601 5165 1707 5204 non
1733 5155 1788 5206 et

205 5223 314 5294 ibi?
345 5233 558 5308 Primo,
595 5240 716 5310 quia
740 5241 917 5296 omnia
946 5239 1139 5296 munda
1172 5239 1382 5296 mundis
1402 5283 1416 5309 ,
1446 5248 1644 5312 quanto
1673 5256 1787 5296 ma-

205 5330 278 5402 gis
318 5319 471 5388 Deo?
508 5327 712 5390 Deinde
750 5334 871 5404 quia
899 5329 998 5388 hoc
1029 5332 1316 5404 Apostolus
1342 5332 1503 5401 dixit,
1538 5334 1784 5406 signacu-

204 5415 304 5479 lum
342 5421 528 5482 datum
574 5424 800 5482 Abrahae
830 5423 1049 5498 iustitiae
1087 5425 1241 5492 fidei,
1280 5423 1332 5481 in
1373 5426 1463 5482 tali
1506 5427 1786 5484 circumci-

204 5515 366 5573 sio‘ne.
402 5513 516 5573 Vos
539 5521 717 5575 autem
748 5511 912 5575 nolite
938 5518 1255 5576 erubescere
1275 5560 1289 5587 ,
1320 5519 1364 5574 si
1392 5521 1636 5590 potestis,
1663 5535 1785 5576 cum

204 5599 347 5665 vobis
372 5601 572 5666 dicitur
596 5628 609 5664 :
639 5607 848 5682 Ergone
871 5609 1056 5666 deerat
1085 5610 1193 5666 Deo
1225 5618 1402 5666 vestro
1427 5607 1553 5682 quid
1579 5619 1782 5682 ageret,

204 5705 266 5758 ite
285 5711 397 5782 sua:
423 5707 631 5759 natura:
650 5701 855 5774 partem
878 5703 990 5759 istis
1011 5703 1264 5759 membris
1288 5745 1302 5769 ,
1331 5719 1449 5774 quae
1474 5702 1551 5758 sic
1571 5699 1785 5774 deSpui-

204 5785 295 5866 tis,
318 5785 662 5869 implicaret?
688 5791 942 5853 Pudenda
970 5793 1183 5868 quidem
1212 5795 1310 5852 ista
1339 5795 1584 5860 dicuntur
1606 5795 1783 5851 homi-

264 5934 283 5966 ⁸
314 5934 641 5988 (iudicastis.
675 5945 772 5984 non
805 5933 978 5998 pauci,
1017 5932 1326 5997 Audetejam
1361 5910 1673 6000 dicerequoa
1705 5945 1783 5987 εο-

1577 483 1782 554 LlBER
1817 481 2106 552 SEXTUS.

3365 499 3470 566 930

1892 609 2049 666 nibus
2067 619 2284 682 propter
2309 621 2505 670 nostrae
2525 611 2859 672 mortalitatis
2877 601 3270 687 corruptibilem
3290 635 3470 689 pinna-

1893 700 2101 773 lemque
2127 705 2509 775 propaginem,
2537 722 2656 779 quae
2675 707 2797 765 inde
2815 709 3054 766 subsistit
3082 730 3095 764 :
3123 711 3313 782 quibus
3327 715 3477 770 'casti

1895 793 2150 850 adhibent
2185 798 2590 867 verecundiam,
2634 799 2886 872 impudici
2924 802 3267 872 petulantiam
3289 846 3304 872 ,
3335 804 3476 862 Deus

1891 887 2170 959 justitiam.

1967 980 2190 1038 CAPUT
2227 980 2315 1037 Ν.
2359 1012 2432 1024 -
2465 982 2822 1041 Cessationem
2851 1001 2978 1042 vero
3005 986 3343 1044 sabbatorum
3365 989 3476 1061 jam

1897 1077 2110 1150 quidem
2159 1093 2537 1148 supervacuam
2579 1077 2820 1135 ducimus
2863 1080 2928 1136 ad
2978 1080 3390 1153 observandum,
3413 1100 3480 1141 ex

1897 1189 2003 1245 quo
2027 1188 2150 1244 spes
2187 1173 2417 1228 revelata
2440 1179 2524 1228 est
2553 1183 2748 1228 nostra:
2773 1174 2965 1243 quietis
2983 1183 3196 1232 aeterna
3221 1193 3234 1242 ;
3265 1192 3371 1231 non
3403 1187 3480 1232 ta-

1900 1281 2023 1324 men
2051 1267 2116 1322 ad
2146 1266 2428 1338 legendum
2455 1274 2507 1322 et
2533 1266 2929 1338 intelligendum
2957 1286 2970 1322 :
3003 1269 3127 1339 quia
3158 1271 3481 1341 propheticis

1901 1360 2231 1430 temporibus
2274 1375 2395 1415 eum
2436 1366 2615 1415 essent
2653 1359 2750 1414 ista
2791 1375 2909 1428 qua:
2939 1360 3216 1417 nobishoc
3242 1369 3478 1432 tempore

1901 1451 2161 1523 patefacta
2189 1461 2351 1518 sunt,
2388 1466 2493 1506 non
2519 1459 2719 1506 tantum
2742 1451 3096 1518 sermonibus,
3120 1452 3214 1508 sed
3235 1461 3290 1508 et
3309 1454 3477 1508 actio-

1902 1544 2058 1600 nibus
2088 1542 2468 1615 praefiguranda
2498 1553 2552 1598 et
2579 1543 3022 1614 praenuntianda;
3049 1544 3141 1600 illo
3169 1545 3320 1616 signo
3339 1547 3481 1617 quod

1901 1635 2158 1707 legimus,
2211 1650 2299 1690 res
2337 1634 2437 1689 ism
2474 1641 2767 1706 prabnotata
2790 1641 2874 1690 est
2899 1649 3060 1705 quam
3087 1643 3346 1692 tenemus.
3373 1635 3482 1693 Vos

1902 1738 2078 1784 autem
2121 1727 2241 1782 volo
2279 1727 2410 1781 mini
2467 1727 2653 1782 dicatis
2677 1767 2692 1794 ,
2738 1742 2836 1784 cur
2869 1737 3102 1783 vestram
3128 1729 3480 1784 cessationem

1901 1819 2082 1875 nolitis
2111 1818 2379 1888 implere?
2401 1818 2569 1875 Judaei
2601 1819 2797 1890 quippe
2818 1818 3039 1876 sabbato
3062 1834 3160 1876 suo
3183 1861 3198 1887 ,
3229 1819 3368 1891 quod
3387 1821 3482 1876 ad-

1902 1909 2005 1966 huc
2045 1910 2330 1966 carnaliter
2374 1910 2621 1982 sapiunt,
2670 1925 2776 1966 non
2817 1910 2989 1966 solum
3017 1910 3072 1966 in
3098 1927 3226 1982 agro
3255 1909 3482 1968 fructum

1899 2004 2104 2060 nullum
2131 2003 2423 2074 decerpunt
2445 2044 2460 2071 ,
2487 2003 2580 2058 sed
2603 2017 2701 2058 nec
2722 2003 2773 2058 in
2795 2002 2955 2060 domo
2977 2003 3264 2060 concidunt
3283 2013 3375 2060 aut
3393 2019 3484 2062 co-

1899 2113 2087 2175 quunt.
2121 2102 2227 2160 Vos
2267 2111 2446 2159 autem
2483 2111 2754 2158 cessantes
2781 2101 2994 2173 quidem
3021 2105 3343 2174 exspectatis
3363 2105 3485 2175 quis

1900 2201 2215 2258 Auditorum
2243 2207 2539 2257 vestrorum
2576 2209 2793 2271 propter
2817 2215 2910 2256 vos
2947 2200 3241 2272 pascendos
3266 2201 3484 2258 cultello

1897 2303 1984 2359 vel
2027 2299 2270 2358 falcicula
2312 2308 2547 2357 armatus
2586 2300 2638 2355 in
2677 2300 2888 2355 hortum
2916 2300 3188 2371 prosiliat,
3218 2300 3483 2358 homicida

1897 2394 2293 2454 cucurbitarum
2314 2435 2328 2463 ,
2375 2405 2600 2464 quarum
2641 2393 2792 2448 vobis
2819 2391 3006 2448 afferat
3029 2433 3046 2460 ,
3075 2393 3269 2448 mirum
3297 2392 3441 2448 dictu
3460 2431 3478 2462 ,

1896 2487 2014 2544 viva
2057 2486 2337 2542 cadavera.
2384 2485 2514 2539 Nam
2557 2485 2602 2539 si
2643 2497 2751 2540 non
2775 2495 2866 2540 eas
2896 2484 3117 2553 occidit,
3148 2484 3274 2556 quid
3302 2499 3397 2542 vos
3426 2485 3482 2543 in

1895 2580 1988 2636 tali
2025 2579 2165 2635 iacto
2206 2577 2484 2634 metuitis?
2515 2575 2569 2633 Si
2605 2583 2780 2632 autem
2811 2575 3121 2631 occiduntur
3143 2589 3264 2631 eum
3289 2575 3481 2632 decer-

1895 2681 2126 2746 puntur,
2165 2668 2432 2743 quomodo
2461 2669 2539 2726 eis
2569 2669 2706 2724 inest
2733 2669 2866 2738 vita,
2899 2670 2982 2725 cui
3015 2668 3299 2740 purganda:
3324 2677 3482 2740 atque

1894 2765 2199 2823 recreandae
2241 2763 2610 2819 manducando
2645 2771 2802 2833 atque
2843 2763 3100 2819 ructando
3125 2777 3219 2818 vos
3245 2761 3483 2818 asseritis

1896 2856 2221 2915 subvenire?
2250 2855 2502 2926 Accipitis
2527 2869 2654 2926 ergo
2674 2856 2916 2910 viventes
2939 2854 3242 2910 cucurbitas
3263 2897 3276 2921 ,
3309 2870 3440 2926 quas
3461 2897 3478 2922 ,

1894 2956 1940 3012 si
1977 2954 2237 3026 possetis,
2279 2951 2540 3024 deglutire
2572 2949 2839 3006 deberetis
2871 2966 2883 3002 :
2915 2957 2971 3005 ut
3010 2955 3130 3022 post
3159 2949 3285 3005 illud
3317 2965 3478 3005 unum

1895 3049 2121 3114 vulnus,
2166 3048 2220 3103 in
2261 3061 2364 3117 quo
2404 3060 2494 3101 cas
2540 3060 2659 3100 cum
2704 3043 2970 3115 decerpsit
3009 3053 3184 3100 vester
3218 3043 3478 3112 Auditor,

1894 3151 2018 3200 rcus
2044 3141 2214 3198 factus
2241 3149 2323 3198 est
2341 3183 2355 3208 ,
2381 3148 2557 3196 vestra
2588 3138 2908 3210 indulgentia
2930 3138 3231 3194 liberandus
3253 3155 3268 3205 ;
3293 3138 3480 3195 saltem

1894 3233 2144 3305 deinceps
2167 3233 2235 3289 ad
2261 3231 2525 3288 officinam
2556 3230 2835 3303 aqualiculi
2870 3230 3031 3285 vestri
3050 3273 3064 3299 ,
3089 3229 3178 3286 ubi
3205 3231 3370 3287 Deum
3392 3247 3483 3287 vc-

1893 3338 2062 3385 strum
2107 3327 2198 3383 illo
2239 3326 2422 3398 proelio
2469 3323 2833 3391 confractum,
2880 3323 3171 3380 reformare
3214 3327 3478 3396 possetis,

1892 3425 2075 3480 ill-.esa:
2112 3431 2270 3494 atque
2309 3421 2527 3492 integrae
2557 3417 2914 3491 pervenirent.
2942 3416 3094 3475 Nunc
3121 3427 3297 3475 autem
3328 3429 3480 3475 ante-

1895 3532 2053 3589 quam
2082 3517 2161 3573 eis
2184 3511 2525 3570 contereudis
2555 3511 2743 3568 dentes
2769 3509 3111 3578 incumbant,
3144 3511 3440 3566 minutatim
3461 3551 3478 3578 ,

1892 3608 1936 3665 Si
1986 3603 2089 3663 hoc
2116 3606 2289 3678 palato
2315 3603 2610 3678 placuerit,
2639 3602 2990 3660 conciduntur
3014 3617 3044 3658 a
3070 3595 3220 3658 vobis
3247 3621 3260 3658 :
3287 3603 3481 3674 quibus

1892 3709 2000 3758 tam
2050 3700 2250 3758 crebris
2294 3697 2602 3755 vulneribus
2655 3712 2870 3764 carum,
2925 3696 3191 3768 quomodo
3237 3711 3332 3750 vos
3373 3712 3478 3752 non

1893 3795 2024 3852 estis
2070 3793 2188 3850 rei?
2233 3789 2419 3848 Videte
2461 3789 2905 3862 quemadmodum
2945 3789 3094 3844 vobis
3127 3788 3482 3864 expediretut

1892 3887 2033 3960 quod
2073 3901 2179 3940 uno
2203 3884 2260 3940 in
2288 3892 2488 3954 septem
2520 3881 2706 3938 diebus
2733 3880 2931 3937 faciunt
2954 3875 3126 3938 Judmi
3144 3923 3160 3949 ,
3189 3897 3282 3936 vos
3309 3885 3481 3952 quoti-

1892 3979 1978 4037 die
2002 3977 2251 4034 faceretis
2267 4018 2284 4046 ,
2311 3984 2366 4032 et
2391 3991 2421 4032 a
2445 3974 2539 4030 tali
2562 3975 2722 4031 etiam
2744 3972 3035 4030 domestico
3061 3988 3223 4044 opere
3246 3989 3483 4030 cessare-

1893 4073 1980 4129 tis.
2017 4072 2133 4128 iam
2174 4068 2302 4143 quid
2342 4070 2394 4125 in
2433 4069 2555 4140 igne
2586 4065 2872 4124 cucurbitae
2899 4067 3202 4139 patiuntur,
3227 4066 3312 4122 ubi
3337 4078 3482 4122 certe

1891 4182 1997 4222 non
2036 4163 2354 4220 reformatur
2394 4161 2534 4228 vita,
2577 4177 2694 4233 qua:
2734 4158 2786 4216 in
2811 4160 2889 4216 eis
2914 4153 3038 4216 est?
3064 4158 3176 4215 Non
3203 4160 3342 4216 enim
3372 4160 3479 4215 fcr-

1891 4275 2024 4315 vens
2061 4257 2164 4314 olla
2207 4263 2392 4313 sancto
2438 4241 2611 4312 ventri
2650 4253 2946 4326 comparari
2975 4261 3184 4324 potest:
3225 4262 3278 4310 et
3305 4261 3479 4308 tamen

1891 4354 2160 4420 irridetis,
2207 4361 2455 4422 tanquam
2501 4347 2819 4422 superfluam
2867 4347 3074 4406 sabbati
3104 4349 3476 4404 cessationem.

1890 4443 2098 4516 Quanto
2135 4447 2314 4516 utique
2359 4443 2576 4511 sanius,
2623 4457 2729 4496 non
2775 4439 2948 4496 solum
2997 4456 3112 4496 eam
3157 4455 3263 4496 non
3303 4455 3483 4511 reprc-

1890 4537 2194 4597 bendcretis
2238 4540 2290 4593 in
2335 4537 2610 4602 Patribus,
2656 4532 2866 4606 quando
2905 4529 3171 4614 superflua
3203 4549 3308 4588 non
3344 4531 3478 4602 fuit;

1889 4618 1982 4690 sed
2029 4632 2188 4688 etiam
2233 4620 2411 4697 nunc,
2455 4625 2666 4700 quando
2701 4627 2812 4697 jam
2855 4625 3117 4698 superflua
3166 4635 3280 4691 est,
3313 4625 3481 4696 ipsam

1889 4727 2065 4798 potius
2108 4722 2396 4788 teneretis,
2442 4735 2598 4791 quam
2643 4719 2798 4774 istam
2823 4727 3055 4773 vestram
3085 4733 3188 4772 non
3219 4709 3482 4788 significa-

1891 4820 2036 4873 tione
2079 4807 2489 4888 acceptabilem,
2531 4811 2625 4868 sed
2669 4825 2852 4891 errore
2891 4810 3284 4878 damnabilem;
3322 4824 3481 4879 quam

1889 4912 2049 4968 etiam
2092 4924 2198 4967 non
2244 4905 2513 4978 implendo
2556 4904 2633 4960 rei
2677 4905 2806 4966 estis
2845 4902 3133 4984 secundum
3177 4903 3481 4984 opinionem

1889 5010 2083 5058 vestrae
2119 4999 2365 5054 vanitatis
2388 5040 2403 5066 ,
2446 5006 2501 5054 et
2525 4996 2798 5068 implendo
2822 4997 2942 5057 vani
2976 4998 2993 5030 ¹
3023 4995 3313 5052 Secundum
3338 4993 3479 5064 judi-

1890 5075 2028 5151 eium
2052 5090 2328 5150 veritatis?
2357 5089 2529 5146 dicitis
2552 5089 2695 5144 enim
2719 5088 2957 5146 dolorem
2987 5087 3185 5143 sentire
3212 5084 3438 5140 fructum
3460 5124 3477 5154 ,

1891 5203 2009 5244 cum
2060 5187 2125 5246 de
2173 5176 2366 5240 arbore
2415 5183 2682 5254 carpitur,
2728 5181 2928 5238 sentire
2973 5195 3094 5235 cum
3145 5176 3476 5244 conciditur,

1890 5295 2011 5336 cum
2044 5278 2261 5346 teritur,
2284 5291 2406 5332 cum
2434 5275 2710 5348 coquitur,
2738 5288 2862 5334 cum
2887 5270 3175 5332 manditur.
3207 5269 3321 5327 Non
3354 5285 3480 5343 ergo

1889 5372 2147 5432 debuistis
2189 5370 2371 5439 vesci,
2415 5369 2513 5424 nisi
2543 5367 2621 5424 eis
2648 5371 2764 5438 quae
2793 5362 2954 5421 cruda
2984 5369 3038 5419 et
3061 5353 3225 5420 illaesa
3257 5371 3480 5435 possunt

1892 5464 2218 5522 transvorari
2238 5504 2253 5531 ,
2279 5471 2338 5519 ut
2358 5477 2521 5524 unum
2549 5459 2738 5517 saltem
2768 5455 3009 5516 dolorem
3037 5471 3155 5512 cum
3181 5455 3480 5527 decerpun-

1891 5566 2011 5622 tur,
2064 5571 2168 5620 non
2211 5570 2242 5611 a
2284 5554 2469 5622 vobis,
2513 5550 2608 5608 sed
2645 5565 2676 5606 a
2711 5537 2907 5606 vestris
2945 5545 3288 5611 Auditoribus
3335 5556 3480 5618 pate-

1890 5659 2094 5706 rentur.

1961 5741 2067 5800 Sed
2111 5739 2285 5800 dicitis
2326 5756 2340 5794 :
2381 5737 2659 5807 Quomodo
2687 5734 3031 5793 subvenimus
3059 5743 3218 5796 tantae
3241 5732 3400 5803 vitae,
3431 5729 3480 5788 si

1953 5929 1971 5962 ι
2009 5933 2108 5976 am.
2146 5927 2220 5975 Er.
2256 5929 2310 5976 et
2347 5921 2581 5988 plerique
2602 5927 2733 5986 mss,
2757 5929 2802 5975 et
2824 5921 2936 5974 uarii
2953 5932 2972 5985 ;
2998 5921 3174 5972 omisso
3193 5915 3363 5980 verba,
3389 5925 3480 5972 tm-

1861 6011 1866 6015 ·
1891 5990 2084 6059 piendo.
