4052 6428
569 511 669 569 251

572 639 635 681 ea
663 630 866 679 tantum
890 618 1246 685 absumimus,
1269 631 1388 686 qua:
1417 618 1620 671 incocta
1646 625 1701 670 et
1726 615 1905 669 mollia
1932 618 2161 685 possunt

570 713 888 771 absorberi?
912 713 968 768 Si
993 726 1119 783 ergo
1148 712 1246 765 ista
1270 709 1702 781 compensatione
1732 717 1837 761 tam
1866 707 2060 761 multos
2080 704 2160 759 ci-

573 807 656 862 bis
676 806 865 862 vestris
888 806 1100 860 dolores
1121 802 1354 873 intligitis
1377 817 1392 867 ;
1418 816 1513 856 cur
1532 800 1598 857 ab
1622 800 1711 856 illo
1727 800 1843 855 solo
1859 798 2157 863 abstinetis,

569 902 635 957 ad
677 916 830 971 quem
873 899 1100 953 maxime
1141 897 1241 951 ista
1270 895 1558 951 necessitas
1585 893 1765 965 cogit?
1795 893 1925 948 Nam
1958 892 2160 946 fructus

571 1000 746 1063 potest
774 1000 826 1046 et
846 990 1037 1045 crudus
1064 988 1301 1054 comedi,
1328 989 1465 1043 sicut
1490 1002 1548 1042 se
1570 985 1807 1041 nonnulli
1824 984 1986 1040 vestri
2006 998 2161 1039 exer-

571 1091 829 1145 ruerunt,
870 1090 927 1135 ut
966 1080 1066 1134 hoc
1104 1096 1208 1135 non
1238 1088 1437 1134 tantum
1465 1079 1531 1134 de
1559 1079 1973 1149 pomis,~verum
2000 1076 2159 1131 etiam

571 1178 637 1233 de
665 1175 911 1231 omnibus
941 1174 1172 1228 oleribus
1201 1173 1451 1229 facerent.
1480 1172 1536 1228 Si
1561 1182 1738 1227 autem
1769 1186 1873 1225 non
1902 1170 2124 1226 vellatur
2142 1210 2157 1235 ,

571 1279 661 1324 aut
686 1267 960 1323 decidatur
978 1310 992 1334 ,
1022 1275 1112 1321 aut
1135 1282 1345 1337 quoquo
1372 1266 1529 1320 modo
1553 1265 1798 1321 dematur
1822 1279 1886 1319 ex
1912 1274 2054 1319 terra
2075 1262 2161 1317 vel

570 1360 761 1415 arbore
780 1402 793 1426 ,
824 1359 1005 1414 venire
1024 1358 1089 1413 ad
1119 1374 1294 1413 escam
1322 1358 1468 1412 nullo
1498 1366 1651 1428 pacto
1675 1365 1869 1426 potest.
1897 1355 2007 1410 Hoc
2030 1367 2161 1423 ergo

572 1453 728 1509 facile
763 1452 946 1509 debuit
978 1467 1097 1507 esse
1125 1452 1332 1507 veniale
1351 1494 1364 1518 ,
1394 1452 1508 1506 sine
1532 1467 1639 1522 quo
1668 1453 1715 1507 ei
1742 1450 2023 1506 subvenire
2052 1462 2160 1503 non

571 1546 822 1601 valeretis
844 1586 859 1612 ,
891 1560 994 1599 non
1026 1544 1100 1599 illi
1131 1552 1234 1598 tam
1265 1543 1414 1598 multi
1444 1544 1706 1598 cruciatus
1730 1584 1743 1609 ,
1773 1557 1908 1612 quos
1936 1542 1989 1596 in
2020 1556 2159 1611 prae-

570 1638 820 1708 parandis
860 1637 998 1692 escis
1019 1680 1032 1699 ,
1075 1636 1330 1691 membris
1356 1636 1447 1689 Dei
1476 1636 1636 1690 vestri
1665 1649 1769 1689 non
1795 1634 2045 1689 dubitatis
2075 1632 2160 1686 in-

572 1731 731 1785 ferre.
772 1730 843 1783 At
883 1730 1025 1783 enim
1064 1729 1239 1798 plorat
1275 1729 1462 1794 arbor,
1503 1743 1623 1781 cum
1650 1727 1854 1782 ’ructus
1881 1728 2159 1797 carpitur;

573 1822 675 1877 hoc
702 1821 895 1892 quippe
927 1821 1107 1877 dicere
1136 1835 1239 1875 non
1267 1821 1596 1875 erubescitis.
1627 1820 1783 1875 Certe
1809 1822 1957 1874 novit
1983 1820 2159 1875 omnia

571 1914 678 1968 vita
720 1928 839 1982 qua:
882 1912 952 1967 ibi
994 1920 1113 1978 est,
1158 1921 1212 1966 et
1255 1912 1529 1983 praesentit
1570 1912 1689 1982 quis
1725 1911 1791 1966 ad
1817 1926 1932 1965 eam
1961 1911 2157 1966 veniat.

573 2003 917 2060 Venientibus
951 2018 1078 2073 ergo
1104 2002 1298 2058 Electis
1322 2045 1336 2069 ,
1365 2013 1419 2058 et
1446 2017 1601 2071 poma
1629 2003 1969 2072 carpentibus
1993 2042 2007 2067 ,
2035 2017 2164 2072 gau-

573 2094 704 2150 dere
728 2093 929 2160 debuit,
958 2108 1064 2148 non
1093 2094 1298 2163 plorare
1326 2111 1339 2146 :
1370 2093 1517 2148 illum
1541 2093 1898 2148 transitorium
1920 2091 2161 2149 'dolorem

573 2194 717 2241 tanta
761 2184 1013 2240 felicitate
1050 2198 1400 2253 compensans
1422 2224 1436 2250 ,
1483 2193 1532 2238 et
1570 2192 1767 2238 tantam
1797 2184 2027 2239 evadens
2058 2185 2160 2239 mi-

571 2276 765 2332 seriam
793 2315 808 2341 ,
839 2275 885 2328 si
915 2276 966 2328 in
997 2274 1129 2329 alios
1157 2274 1445 2330 incidisset.
1476 2274 1583 2328 Cur
1611 2275 1786 2344 itaque
1814 2288 2028 2343 pomum
2056 2290 2161 2331 non

572 2365 878 2437 decerpitis,
902 2380 1023 2420 cum
1044 2364 1296 2435 decerpto
1316 2374 1420 2419 tam
1443 2364 1637 2418 multas
1656 2364 1835 2434 plagas
1846 2364 2162 2436 doloresque

574 2456 871 2526 ingeratis?
912 2455 1283 2524 Respondete,
1328 2457 1371 2510 si
1418 2456 1657 2524 potestis.
1692 2455 1797 2509 Nec
1828 2455 1936 2524 ipsa
1964 2455 2160 2525 jejunia

570 2550 719 2603 vobis
744 2555 1054 2618 competunt
1080 2563 1096 2601 :
1123 2561 1226 2600 non
1252 2546 1394 2601 enim
1422 2554 1631 2614 oportet
1659 2561 1845 2601 vacare
1871 2547 2157 2614 fornacem,

571 2641 625 2695 in
673 2655 774 2709 qua
821 2637 1095 2708 Spirituale
1140 2652 1325 2691 aurum
1372 2638 1437 2692 de
1489 2638 1740 2692 stercoris
1786 2637 2161 2693 commixtione

570 2739 864 2802 purgatur,
913 2739 968 2785 et
1005 2745 1035 2783 a
1083 2729 1397 2785 miserandis
1441 2730 1663 2785 nexibus
1707 2730 1883 2785 divina
1924 2731 2159 2786 membra

571 2824 869 2880 solvuntur.
927 2823 1262 2895 Quapropter
1320 2823 1411 2877 ille
1457 2831 1537 2877 est
1584 2822 1979 2878 misericordior
2024 2823 2162 2878 inter

569 2928 665 2968 vos
687 2954 703 2980 ,
741 2914 828 2983 qui
867 2928 926 2969 se
959 2914 1189 2983 potuerit
1216 2913 1284 2967 ita
1313 2926 1597 2979 exercere,
1632 2922 1687 2966 ut
1717 2912 1846 2969 nihil
1871 2914 1986 2982 ejus
2011 2913 2157 2989 valea

571 3007 739 3061 tudini
780 3006 953 3072 obsit,
997 3022 1141 3076 szepe
1186 3006 1380 3061 crudos
1417 3005 1563 3061 cibos
1611 3021 1855 3071 sumere,
1902 3015 1955 3059 et
1990 3006 2158 3062 multa

568 3113 902 3157 consumere.
945 3098 1052 3153 Vos
1083 3108 1257 3153 autem
1285 3108 1338 3153 et
1367 3107 1539 3153 tantas
1584 3113 1769 3169 pmnas
1793 3114 1929 3154 esca:
1965 3109 2159 3156 VCSil‘iB

569 3190 851 3261 irrogando
893 3190 1181 3245 crudeliter
1230 3189 1591 3257 manduCatis,
1632 3200 1686 3246 et
1726 3206 1754 3244 a
1798 3192 2157 3249 membrorum

571 3282 867 3337 divinorum
897 3283 1207 3353 purgatione
1235 3283 1494 3339 cessando
1520 3284 1805 3340 crudeliter
1822 3284 2091 3354 jejunatis.

645 3371 869 3428 CAPUT
902 3373 1038 3427 V.—
1056 3373 1121 3428 Et
1141 3374 1348 3429 audetis
1377 3381 1551 3430 tamen
1595 3376 1752 3429 etiam
1777 3377 2033 3431 sacrificia
2049 3376 2156 3433 Te-

567 3463 815 3518 stamenti
835 3462 1043 3518 Veteris
1067 3465 1367 3531 exsecrari,
1395 3474 1449 3520 et
1478 3465 1826 3521 idololatriam
1856 3468 2153 3537 nominare,

571 3563 627 3608 et
656 3554 707 3608 in
737 3552 1039 3623 hujusmodi
1061 3556 1399 3625 sacrilegium
1430 3572 1526 3609 nos
1556 3572 1768 3627 quoque
1791 3559 2014 3614 sociare.
2048 3560 2158 3615 Un-

573 3645 643 3701 de
686 3661 781 3715 pro
833 3645 984 3700 nobis
1016 3647 1159 3715 prius
1204 3648 1586 3716 respondemus
1615 3690 1630 3716 ,
1664 3649 1741 3703 sic
1768 3649 1853 3704 illa
1893 3649 2003 3719 jam
2048 3665 2153 3705 non

569 3751 692 3792 esse
735 3738 787 3791 in
829 3737 1080 3807 operibus
1123 3739 1321 3791 nostris
1346 3780 1361 3805 ,
1396 3748 1451 3792 ut
1486 3754 1548 3794 ea
1586 3745 1761 3795 tamen
1803 3739 1856 3794 in
1887 3742 2156 3813 mysteriis

571 3830 869 3884 divinarum
917 3830 1310 3899 Scripturarum
1339 3872 1353 3896 ,
1400 3831 1465 3884 ad
1519 3830 1857 3901 intelligenda
1907 3848 2025 3904 qua:
2073 3832 2156 3888 his

573 3921 923 3991 przenuntiata
961 3931 1119 3988 sunt,
1149 3922 1532 3992 amplectamur
1558 3940 1570 3976 :
1595 3923 1717 3993 quia
1753 3932 1805 3978 et
1834 3925 1947 3994 ipsa
1974 3924 2155 3995 figura:

574 4022 774 4067 nostra:
803 4012 1046 4077 fuerunt,
1078 4020 1133 4067 et
1160 4015 1335 4067 omnia
1363 4015 1483 4068 talia
1510 4015 1689 4070 multis
1718 4025 1772 4071 ct
1795 4016 1955 4071 variis
1979 4017 2154 4073 modis

573 4118 736 4158 unum
762 4104 1102 4169 sacrificium,
1131 4104 1282 4173 cujus
1305 4120 1445 4160 nunc
1467 4108 1776 4162 memoriam
1798 4108 2153 4176 celebramus,

572 4194 1025 4264 signiticaverunt.
1064 4194 1217 4251 Unde
1266 4196 1368 4250 isto
1402 4198 1666 4265 revelato,
1690 4206 1745 4254 et
1783 4214 1881 4253 suo
1915 4208 2156 4270 tempore

573 4284 753 4338 oblato
777 4325 791 4349 ,
818 4282 907 4339 illa
929 4284 997 4339 de
1022 4285 1212 4354 agendi
1239 4285 1547 4341 celebritate
1576 4289 1777 4343 sublata
1799 4299 1950 4357 sunt,
1981 4289 2074 4344 sed
2103 4291 2156 4345 in

572 4374 903 4445 significandi
932 4377 1246 4432 auctoritate
1271 4388 1599 4434 manserunt.
1632 4378 1838 4451 Scripta
1866 4389 1983 4435 sunt
2010 4382 2156 4435 enim

574 4473 779 4535 prapter
804 4480 894 4520 nos
914 4507 929 4532 ,
960 4466 1013 4519 in
1038 4483 1165 4538 quos
1187 4468 1303 4535 ﬁnis
1330 4469 1631 4522 swculorum
1658 4469 1851 4524 obvenit
1871 4470 1915 4541 (I
1946 4470 2065 4525 Cor.
2097 4486 2152 4538 κ,

575 4555 636 4609 Η
660 4555 699 4624 ).
729 4554 834 4610 Sed
866 4557 916 4609 in
940 4557 1018 4611 eis
1037 4556 1283 4612 videlicet
1310 4558 1604 4615 interfectio
1630 4576 1726 4616 vos
1755 4570 1930 4617 movet
1954 4562 2157 4617 anima-

574 4644 739 4713 lium,
766 4660 886 4701 cum
918 4646 1014 4703 ista
1043 4649 1215 4703 omnis
1245 4660 1483 4705 creatura
1509 4652 1693 4707 usibus
1722 4652 1995 4707 hominum
2026 4668 2157 4724 quo-

575 4735 698 4791 dam
728 4737 888 4793 modo
930 4738 1358 4795 conditionalitcr
1397 4744 1612 4799 serviat.
1644 4743 1752 4800 Sed
1781 4759 1910 4812 vos,
1933 4745 2025 4816 qui
2057 4747 2157 4799 ho-

576 4828 706 4883 mini
736 4829 981 4886 mendico
1010 4833 1268 4887 esurienti
1294 4849 1486 4905 panem
1517 4850 1621 4891 non
1649 4837 1917 4908 porrigitis
1946 4879 1962 4905 ,
1990 4837 2155 4894 mise-

574 4920 812 4977 ricordes
859 4923 987 4979 estis
1035 4924 1090 4977 in
1139 4938 1330 4994 pecora
1366 4967 1379 4993 ,
1414 4928 1603 4996 quibus
1647 4929 1849 4985 animas
1899 4928 2158 4984 humanas

576 5010 755 5067 inesse
784 5012 1019 5068 creditis.
1055 5013 1311 5069 Dominus
1341 5025 1512 5071 autem
1555 5017 1711 5073 Jesus
1751 5018 1804 5073 in
1833 5033 1896 5074 ea
1927 5018 2158 5074 crudelis

573 5106 702 5172 fuit,
735 5122 853 5162 cum
881 5109 1151 5164 dzemones
1178 5110 1230 5163 in
1258 5124 1469 5181 gregem
1499 5126 1778 5181 porcorum
1803 5155 1818 5180 ,
1849 5128 1971 5168 cum
2011 5114 2062 5169 id
2090 5114 2157 5170 ab

574 5212 641 5253 eo
679 5208 942 5269 peterent,
971 5199 1049 5255 ire
1089 5201 1327 5269 permisit
1350 5201 1561 5272 (Matth.
1586 5218 1701 5271 vtn,
1732 5203 1842 5273 3‘2).
1872 5205 1971 5272 Qui
1997 5207 2156 5261 etiam

575 5290 813 5345 nondum
843 5290 1210 5347 demonstrato
1235 5308 1330 5362 per
1351 5294 1652 5364 passionem
1684 5297 1945 5352 sacriﬁcio
1970 5313 2158 5368 corpo-

576 5382 653 5437 ris
699 5384 825 5451 sui,
856 5384 1066 5439 cuidam
1106 5386 1352 5455 leproso,
1406 5400 1561 5454 quem
1609 5385 1955 5442 mundaverat
1983 5430 1997 5455 ,
2035 5390 2109 5444 ait
2140 5406 2155 5444 :

592 5474 756 5543 Vade,
784 5478 989 5532 ostende
1014 5486 1062 5532 te
1084 5479 1361 5542 sacerdoti,
1392 5487 1438 5533 et
1465 5477 1590 5546 offer
1613 5496 1797 5536 munus
1828 5490 1967 5535 tuum
1987 5525 2001 5551 ,
2024 5484 2158 5554 quod

580 5570 817 5640 prwcepit
864 5568 1131 5641 Moyses‘,
1160 5572 1212 5623 in
1265 5571 1601 5626 testimonium
1646 5573 1749 5627 illis
1790 5573 1938 5646 (Luc.
1962 5592 2015 5644 ν,
2044 5576 2154 5650 M).

574 5660 745 5733 Magis
767 5663 906 5718 enim
929 5703 944 5729 ,
972 5662 1095 5731 quia
1121 5671 1175 5716 et
1218 5677 1315 5732 per
1340 5662 1631 5734 Prophetas
1662 5664 1801 5721 Deus
1827 5681 1967 5737 saepe
1995 5676 2160 5725 testa-

581 5761 691 5819 tur,
743 5752 942 5808 nullius
993 5765 1051 5805 se
1092 5751 1208 5805 talis
1249 5753 1485 5808 muneris
1523 5754 1795 5826 indigere,
1822 5766 1877 5813 et
1900 5758 2061 5825 facile
2076 5768 2159 5817 est

574 5886 776 6012 "$38..
794 5898 1064 5950 omnesque
1084 5896 1235 5949 prope
1256 5889 1387 5948 llas,
1408 5893 1455 5938 et
1473 5887 1592 5952 on‘cr
1613 5901 1702 5955 pro
1716 5896 1763 5942 te
1778 5892 1905 5956 quod
1928 5894 2159 5957 precarii:

1342 503 1617 560 CONTRA
1648 500 1968 558 FAUSTUM
2004 487 2452 563 MANICHIEUM,
2493 494 2552 554 S.
2591 491 2958 555 AUGUSTINI

3748 495 3869 558 252

2268 608 2473 663 ratione
2519 608 2821 685 perspicere
2865 605 3007 677 quod
3038 620 3138 662 nec
3165 605 3279 677 ejus
3308 606 3384 661 rei
3411 613 3587 678 egeat,
3618 607 3708 678 qui
3738 610 3867 664 nul-

2269 699 2370 754 lius
2394 707 2534 770 eget;
2567 698 2902 769 compellitur
2926 697 3134 752 animus
3151 697 3414 752 humanus
3434 698 3705 768 inquirere
3729 699 3863 767 quid

2269 807 2366 847 nos
2396 807 2491 861 per
2521 791 2635 846 haec
2658 791 2853 846 docere
2881 789 3110 845 voluerit
3138 829 3154 855 ,
3182 787 3275 859 qui
3301 788 3485 859 utique
3522 804 3631 844 non
3662 789 3862 843 frustra

2268 901 2352 950 ea,
2388 885 2579 956 quibus
2598 898 2706 939 non
2731 883 2950 954 indiget,
2972 881 3296 951 sibijuberet
3320 880 3520 947 offerri,
3537 882 3636 936 nisi
3659 881 3865 953 aliquid

2268 978 2323 1032 in
2354 980 2433 1033 eis
2458 977 2763 1033 ostenderet
2788 1020 2801 1040 ,
2831 975 2971 1047 quod
3003 974 3159 1030 nobis
3185 983 3239 1029 et
3266 989 3425 1029 nosse
3448 973 3769 1045 prodesset,
3806 983 3867 1029 et

2268 1069 2461 1124 talibus
2489 1069 2652 1140 signis
2674 1066 2995 1138 praefigurari
3025 1074 3312 1137 Oporteret.
3327 1065 3436 1121 Vos
3455 1075 3630 1122 autem
3659 1076 3864 1137 quanto

2267 1160 2457 1214 melius
2483 1168 2538 1214 et
2567 1160 2842 1214 honestius
2863 1158 2977 1213 istis
2996 1200 3010 1225 ,
3033 1158 3273 1228 quamvis
3292 1159 3403 1227 jam
3429 1168 3611 1213 nostro
3630 1159 3865 1229 tempori

2269 1264 2373 1303 non
2416 1250 2759 1315 necessariis,
2792 1258 2968 1303 tamen
2995 1248 3416 1320 significantibus
3442 1249 3640 1320 aliquid
3664 1258 3720 1305 et
3756 1250 3863 1306 do-

2267 1342 2541 1409 centibus,
2564 1341 2840 1396 sacriﬁciis
2867 1340 3250 1406 subderemini,
3279 1356 3437 1411 quam
3467 1342 3621 1396 vobis
3646 1341 3716 1397 ab
3744 1342 3866 1397 Au-

2265 1434 2529 1489 ditoribus
2552 1433 2745 1488 vestris
2771 1432 2920 1486 vivas
2945 1446 3189 1487 escarum
3216 1432 3459 1488 victimas
3486 1432 3666 1488 otl‘erri
3692 1433 3863 1504 jube-

2267 1525 2398 1581 retis
2443 1532 2500 1580 et
2541 1523 2870 1580 crederetis?
2892 1522 3026 1579 Nam
3067 1538 3187 1579 cum
3233 1523 3507 1594 apostolus
3547 1524 3746 1579 Paulus
3791 1524 3867 1581 de

2267 1615 2580 1688 quibusdam
2605 1658 2619 1683 ,
2653 1624 2871 1687 propter
2906 1616 3101 1685 epulas
3139 1614 3488 1685 Evangelium
3510 1616 3864 1685 praedicanti-

2268 1709 2368 1765 bus
2395 1750 2410 1774 ,
2438 1708 2915 1780 congruentissime
2954 1707 3189 1773 dixerit,
3235 1706 3463 1775 Quorum
3505 1707 3644 1762 Deus
3690 1714 3867 1763 venter

2267 1808 2340 1854 est
2372 1798 2647 1870 (Philipp.
2690 1814 2743 1852 ill
2763 1839 2778 1863 ,
2812 1797 2879 1853 t9
2901 1796 2957 1869 );
2989 1807 3186 1868 quanto
3211 1813 3307 1853 vos
3346 1800 3712 1867 arrogantiore
3756 1798 3865 1853 im-

2268 1892 2463 1962 pietate
2481 1889 2728 1960 jactatis;
2759 1890 2849 1959 qui
2874 1900 3113 1945 ventrem
3138 1899 3373 1945 vestrum
3408 1905 3512 1943 non
3544 1890 3731 1953 Deum,
3755 1890 3858 1945 sed

2268 1982 2409 2053 quod
2462 1981 2820 2037 sceleratioris
2871 1981 3107 2036 audacia:
3162 1990 3281 2048 est,
3338 1981 3430 2036 Dei
3481 1980 3861 2038 mundatorem

2266 2073 2449 2129 dicere
2475 2089 2578 2128 non
2622 2073 2860 2128 timetis?
2887 2073 3048 2142 Cujus
3078 2086 3236 2142 porro
3263 2072 3549 2129 dementiae
3577 2083 3659 2129 est
3687 2114 3705 2141 ,
3740 2075 3861 2144 pios

2266 2181 2330 2221 se
2375 2165 2545 2220 videri
2602 2166 2776 2233 velle,
2816 2165 2958 2235 quod
3006 2165 3074 2220 ab
3125 2165 3435 2220 animalium
3486 2166 3861 2223 interfectione

2266 2269 2328 2311 se
2353 2263 2671 2325 temperent,
2704 2270 2826 2310 cum
2852 2268 3040 2309 omnes
3065 2268 3187 2310 suas
3217 2269 3369 2310 escas
3397 2255 3612 2311 easdem
3647 2258 3860 2313 animas

2268 2346 2465 2401 habere
2489 2345 2707 2412 dicant;
2739 2346 2930 2415 quibus
2951 2387 2964 2409 ,
2994 2354 3048 2400 ut
3079 2354 3267 2416 putant
3295 2387 3308 2411 ,
3340 2347 3637 2403 viventibus
3663 2388 3679 2412 ,
3708 2355 3859 2403 tanta

2266 2440 2484 2495 vulnera
2515 2452 2569 2495 et
2599 2440 2844 2495 manibus
2872 2448 2926 2494 ct
2950 2439 3197 2494 dentibus
3227 2440 3509 2511 ingerunt?

2334 2530 2559 2587 CAPUT
2584 2531 2745 2586 Vi.-——
2762 2531 2869 2586 Cur
2890 2540 3087 2595 autem,
3109 2531 3155 2585 si
3173 2532 3421 2587 carnibus
3434 2532 3573 2587 vesci
3600 2548 3709 2587 non
3735 2534 3860 2587 vul-

2265 2622 2354 2689 tis,
2383 2637 2489 2678 non
2522 2624 2634 2692 ipsa
2663 2623 2911 2677 animalia
2938 2622 3049 2677 Deo
3074 2632 3252 2678 vestro
3280 2623 3455 2677 oblata
3484 2625 3732 2679 mactatis
3752 2667 3769 2692 ,
3799 2633 3860 2681 ut

2264 2713 2456 2767 anima:
2490 2713 2595 2767 illa:
2615 2754 2632 2780 ,
2659 2728 2791 2783 quas
2834 2727 2940 2767 non
2985 2712 3157 2767 solum
3210 2713 3404 2783 putatis
3437 2713 3734 2781 humanas,
3759 2714 3858 2770 sed

2266 2804 2337 2859 ita
2362 2804 2592 2872 divinas,
2612 2812 2671 2859 ut
2690 2805 2804 2874 ipsa
2822 2803 2915 2858 Dei
2941 2804 3180 2859 membra
3206 2818 3327 2860 esse
3346 2805 3595 2871 credatis,
3618 2820 3647 2860 a
3674 2807 3859 2862 carnis

2264 2912 2481 2954 carcere
2525 2899 2857 2953 dimittantur
2882 2937 2898 2964 ,
2925 2906 2981 2953 et
3020 2914 3085 2953 ne
3136 2898 3330 2953 iterum
3378 2897 3632 2963 redeant,
3660 2899 3858 2955 vestris

2264 2989 2592 3045 orationibus
2617 2988 3058 3044 commendentur
3079 2988 3103 3043 ‘i
3123 2990 3207 3043 An
3225 2988 3453 3059 amplius
3472 3004 3564 3044 eas
3588 2989 3859 3059 adjuvatis

2263 3089 2453 3136 ventre
2486 3095 2645 3150 quam
2676 3089 2854 3135 mente
2876 3119 2893 3147 ,
2925 3088 2980 3134 et
3002 3080 3088 3134 illa
3122 3081 3295 3148 potius
3326 3080 3421 3134 Dei
3452 3090 3644 3135 natura
3673 3081 3860 3135 salva-

2264 3178 2383 3238 tur,
2418 3185 2538 3241 qua:
2581 3170 2775 3226 vestris
2801 3169 3092 3225 visceribus
3132 3168 3366 3224 exhalari
3390 3171 3662 3237 meruerit,
3692 3186 3862 3241 quam

2263 3277 2383 3332 qua:
2408 3262 2601 3317 vestris
2644 3260 2893 3331 precibus
2939 3261 3343 3317 commendari?
3397 3262 3682 3331 Propterea
3725 3277 3864 3333 ergo

2263 3354 2436 3408 ventri
2472 3362 2650 3408 vestro
2696 3365 2888 3422 pecora
2934 3366 3041 3407 non
3085 3350 3429 3419 sacriﬁcatis,
3459 3353 3578 3422 quia
3628 3368 3690 3408 ca
3734 3356 3865 3409 viva

2263 3444 2543 3502 absumere
2607 3459 2714 3500 non
2790 3445 3046 3515 potestis,
3087 3454 3146 3500 ut
3193 3460 3378 3501 eorum
3433 3445 3640 3502 animas
3693 3447 3868 3505 inter-

2263 3536 2507 3593 cessione
2534 3536 2694 3591 vestri
2721 3535 2981 3591 stomachi
3013 3536 3265 3591 liberetis.
3286 3536 3329 3601 Ο
3350 3536 3503 3592 beata
3530 3537 3698 3602 olera,
3736 3538 3865 3607 qui.

2262 3626 2363 3682 bus
2388 3638 2441 3683 et
2461 3643 2620 3682 manu
2646 3626 2863 3693 evulsis,
2893 3635 2949 3682 et
2973 3626 3115 3682 ferro
3134 3627 3383 3694 concisis,
3414 3636 3469 3682 et
3496 3628 3617 3698 igne
3644 3629 3863 3683 crucia—

2263 3718 2333 3773 tis
2354 3760 2372 3786 ,
2403 3726 2458 3773 et
2492 3717 2652 3774 dente
2694 3717 2939 3773 contritis
2967 3757 2983 3783 ,
3010 3732 3323 3774 concessum
3362 3726 3446 3774 est
3489 3727 3663 3774 tamen
3701 3728 3765 3774 ut
3787 3718 3865 3774 ad

2262 3818 2561 3865 vestrorum
2606 3810 2973 3865 intestinorum
3016 3824 3135 3866 aras
3158 3852 3175 3878 ,
3204 3812 3328 3866 viva
3360 3806 3709 3883 perveniant!
3743 3823 3803 3869 et
3829 3828 3865 3870 o

2263 3903 2457 3960 misera
2482 3918 2694 3974 pecora,
2717 3918 2835 3974 quae
2854 3918 2973 3958 cum
2995 3904 3153 3958 citius
3176 3904 3243 3959 de
3262 3919 3490 3975 corpore
3509 3920 3606 3960 suo
3628 3914 3863 3975 exeunt,

2263 3993 2315 4049 in
2344 4001 2521 4050 vestra
2547 4008 2770 4065 corpora
2802 3994 3003 4050 intrare
3032 4010 3137 4051 non
3172 3998 3427 4066 possunt!
3455 3996 3529 4051 ita
3564 3997 3864 4055 delirantes

2262 4084 2436 4141 adhuc
2464 4086 2658 4155 putatis
2682 4086 2824 4156 quod
2852 4086 2972 4143 ideo
3001 4102 3185 4143 sumus
3212 4088 3411 4143 inimici
3435 4089 3642 4145 Veteris
3671 4090 3866 4147 Testa-

2263 4178 2463 4243 menti,
2490 4178 2610 4247 quia
2654 4179 2851 4233 nullam
2895 4194 3109 4235 carnem
3129 4181 3452 4236 immundam
3480 4182 3749 4251 ducimus,
3779 4192 3867 4241 tea

2262 4278 2450 4325 nentes
2487 4270 2728 4340 Apostoli
2773 4272 3087 4328 sententiam
3108 4314 3123 4340 ,
3152 4273 3374 4329 dicentis
3397 4315 3413 4339 ,
3452 4274 3633 4330 Omnia
3664 4279 3867 4332 munda

2261 4362 2463 4416 mundis
2488 4360 2614 4434 (Tit.
2642 4378 2678 4429 ι,
2713 4364 2801 4434 15)
2830 4380 2846 4429 ;
2877 4372 2931 4419 et
2972 4363 3100 4419 illud
3146 4364 3235 4420 ubi
3288 4364 3547 4422 Dominus
3593 4368 3687 4433 ait,
3735 4367 3866 4424 Non

2261 4452 2399 4522 quod
2425 4454 2577 4508 intrat
2601 4455 2655 4508 in
2682 4471 2738 4509 os
2758 4464 2995 4520 vestrum,
3018 4470 3103 4509 vos
3123 4457 3449 4527 coinquinat,
3475 4458 3563 4512 sed
3588 4459 3729 4528 quod
3756 4462 3866 4515 exit

2264 4541 2476 4616 (Matth.
2505 4560 2575 4599 xv
2599 4586 2614 4611 ,
2646 4543 2758 4616 Η).
2786 4544 2939 4613 Quod
2967 4560 3075 4601 non
3115 4546 3181 4601 ad
3219 4547 3361 4603 solas
3388 4548 3569 4603 turbas
3598 4549 3865 4608 Dominus

2262 4634 2422 4704 dixit,
2446 4636 2580 4691 sicut
2603 4646 2779 4692 vester
2808 4636 3141 4704 Adimantus,
3161 4654 3320 4709 quem
3352 4649 3474 4710 post
3501 4641 3863 4698 Manichaeum

2262 4725 2491 4782 Faustus
2538 4727 2798 4797 praecipue
2848 4727 3062 4795 laudat,
3104 4745 3225 4783 cum
3281 4729 3456 4787 Veteri
3512 4731 3863 4790 Testamento

2262 4818 2673 4873 calumniaretur
2696 4860 2711 4881 ,
2741 4817 2904 4873 voluit
2944 4819 3194 4888 intelligi;
3226 4820 3323 4876 sed
3362 4824 3522 4878 etiam
3560 4832 3801 4881 remotus
3828 4840 3862 4884 a

2265 4909 2463 4975 turbis,
2488 4910 2590 4965 hoc
2613 4909 2751 4965 idem
2782 4909 3055 4981 discipulis
3083 4912 3193 4967 suis
3221 4913 3521 4970 evidentius
3548 4924 3603 4971 et
3630 4931 3862 4986 expres-

2262 4999 2374 5055 sius
2398 5000 2640 5055 elocutus
2664 5009 2747 5055 est
2778 4998 2876 5073 (a).
2901 4999 3034 5057 Cum
3068 5004 3211 5058 enim
3240 5003 3375 5061 hanc
3401 5005 3612 5061 Domini
3638 5018 3863 5064 senten-

2264 5093 2389 5147 tiam
2418 5091 2758 5148 Testamento
2787 5092 2971 5150 Veteri
2996 5096 3335 5165 opposuisset
3358 5098 3699 5168 Adimantus,
3730 5105 3861 5172 quia

2265 5182 2317 5237 in
2373 5183 2463 5237 illo
2511 5184 2705 5253 scripta
2757 5193 2881 5239 sunt
2922 5186 3163 5256 quaedam
3210 5188 3479 5244 immunda
3518 5191 3798 5261 carnium,
3828 5208 3862 5249 a

2264 5273 2455 5345 quibus
2496 5274 2585 5330 ille
2632 5276 2858 5345 populus
2899 5276 3079 5346 jussus
3122 5286 3206 5333 est
3244 5278 3542 5348 abstinere,
3575 5282 3754 5337 timuit
3792 5298 3862 5340 ne

2264 5364 2363 5420 sibi
2387 5365 2652 5421 diceretur
2677 5366 2817 5421 :Cur
2831 5382 2959 5438 ergo
2987 5383 3083 5424 vos
3111 5384 3217 5425 non
3247 5370 3525 5441 quasdam,
3552 5372 3649 5428 sed
3670 5387 3861 5431 omnes

2264 5469 2453 5510 carnes
2482 5455 2781 5512 immundas
2806 5459 3145 5527 existimatis,
3164 5468 3323 5531 atque
3350 5461 3420 5518 ab
3439 5461 3661 5518 edendis
3680 5467 3861 5521 omni-

2264 5547 2363 5603 bus
2404 5550 2738 5620 temperatis;
2784 5564 2905 5605 cum
2951 5559 3007 5605 tu
3050 5552 3164 5621 ipse
3204 5550 3446 5622 proferas
3490 5555 3859 5627 evangelicum

2265 5640 2646 5707 testimonium,
2675 5655 2778 5695 non
2804 5641 3139 5711 coinquinari
3167 5642 3438 5701 hominem
3468 5660 3533 5702 ex
3562 5648 3627 5703 iis
3653 5663 3773 5719 qua:
3802 5651 3859 5705 in

2264 5745 2325 5787 os
2351 5729 2733 5802 ingrediuntur,
2756 5740 2811 5786 et
2837 5733 2890 5787 in
2918 5742 3156 5789 ventrem
3187 5735 3405 5807 vadunt,
3433 5730 3595 5809 atque
3630 5740 3684 5794 in
3710 5738 3859 5797 latri-

2262 5839 2384 5880 nam
2411 5824 2765 5880 emittuntur?
2784 5824 2963 5896 Itaque
2990 5825 3084 5883 bas
3100 5829 3422 5888 arctissimas
3439 5870 3456 5901 ,
3495 5839 3552 5889 et
3593 5832 3857 5893 fallaciam

2329 5959 2403 6028 (α)
2425 5966 2596 6013 contra
2616 5960 2930 6019 Adimantum.
2947 5976 3084 6033 capp.
3110 5966 3189 6023 14.
3214 5967 3293 6022 t5.

3859 6062 3907 6121 κζ
