4016 6444
535 330 644 387 235

539 450 592 501 in
644 440 951 499 cmlestibus
1011 436 1222 492 fabricis
1265 436 1577 503 colligatos,
1631 434 1682 486 in
1733 429 1924 500 quibus
1966 438 2122 483 erant

540 538 699 594 etiam
726 535 936 591 femina:
958 532 1149 603 aliqua:
1202 538 1566 598 pragnantt-s:
1610 540 1875 594 quaecum
1927 524 2121 577 (mlunt

537 629 699 683 rotari
726 626 994 695 coepisset,
1045 621 1285 677 eamdem
1341 618 1657 687 vertiginem
1705 615 1846 671 ferre
1890 632 1996 669 non
2023 630 2115 668 va-

539 721 732 783 lentes,
755 726 1041 785 conceptus
1071 728 1196 767 suos
1225 711 1409 766 abortu
1433 708 1768 773 excussisse;
1798 706 2124 775 eosdemque

537 810 808 866 abortivos
823 806 960 861 fetus
981 814 1033 859 et
1058 802 1321 857 masculos
1345 810 1398 854 et
1426 798 1650 854 feminas
1666 798 1733 852 de
1758 797 1896 853 cmlo
1924 798 1976 850 in
2012 805 2122 850 ter-

538 918 654 957 ram
704 898 979 957 cecidisse,
1038 894 1253 957 vixisse,
1310 892 1565 956 crevisse,
1624 889 2123 958 concubuissc,gc-

540 992 741 1046 nuisse.
767 989 902 1043 llinc
925 1001 1045 1041 esse
1071 985 1255 1039 dicunt
1280 984 1536 1051 originem
1567 981 1809 1035 carnium
1847 980 2108 1042 omnium,

538 1099 658 1153 quae
694 1088 971 1135 moventur
999 1077 1235 1141 interra,
1265 1075 1315 1128 in
1353 1089 1515 1142 aqua,
1553 1073 1605 1126 in
1632 1088 1773 1126 aerc.
1806 1073 1946 1141 Ergo
1971 1071 2014 1125 si
2056 1069 2125 1124 de

538 1176 676 1231 coelo
698 1181 779 1229 est
805 1171 955 1241 origo
1000 1168 1265 1233 carnium,
1321 1165 1761 1222 absurdissimum
1788 1172 1869 1219 est
1898 1170 2118 1233 propter

539 1271 641 1322 hoc
670 1280 762 1320 cas
785 1261 1170 1318 inunundiores
1190 1267 1375 1328 putare
1407 1275 1419 1310 :
1453 1258 1747 1325 prarscrtim
1778 1257 1901 1326 quia
1923 1256 1973 1309 in
2008 1256 2121 1323 ipsa

536 1366 803 1413 structura
850 1352 1054 1416 mundi,
1096 1349 1314 1406 eosdem
1364 1348 1630 1418 principes
1661 1349 2021 1411 tenebrarum,
2054 1347 2123 1399 ita

536 1467 632 1521 per
660 1464 848 1505 omnes
872 1446 1239 1503 contestiones
1262 1459 1291 1498 a
1325 1443 1548 1497 summis
1572 1456 1737 1511 usque
1766 1440 1831 1493 ad
1876 1440 1979 1493 ima
2008 1439 2121 1492 col-

536 1544 727 1613 ligatos
745 1542 948 1603 dicunt,
996 1548 1054 1593 ut
1102 1545 1303 1608 quanto
1345 1537 1540 1605 quique
1591 1535 1821 1603 amplius
1864 1532 2123 1586 haberem.

538 1633 812 1693 commixti
831 1632 975 1694 boni,
1008 1628 1446 1684 tautosublimius
1468 1625 1716 1681 collocari
1746 1630 2118 1686 mererentur;

538 1745 601 1783 ac
625 1743 717 1797 per
745 1726 847 1779 hoc
877 1724 1183 1778 mundiores
1213 1736 1403 1775 carnes
1432 1735 1550 1774 esse
1588 1718 1868 1781 deberent,
1895 1730 2118 1785 quarum

537 1820 688 1890 origo
714 1818 781 1874 de
808 1816 946 1873 caalo
976 1824 1077 1882 est,
1109 1830 1267 1884 quam
1310 1813 1489 1881 fruges
1517 1826 1636 1881 qua:
1657 1809 1903 1864 oriuntur
1925 1823 1989 1860 ex
2016 1816 2124 1859 ter-

537 1927 617 1966 ra.
650 1909 868 1974 Deinde,
930 1906 1055 1977 quid
1106 1915 1213 1960 tam
1262 1904 1506 1959 insanum
1556 1902 1658 1956 dici
1708 1908 1901 1970 potest,
1962 1913 2119 1968 quam

536 2010 825 2071 conceptos
888 1998 1026 2052 fetus
1058 1998 1073 2028 ’
1114 1988 1236 2050 ante
1295 1996 1419 2048 vita:
1473 1991 1903 2047 commixtionem
1974 1999 2124 2040 tanto

534 2094 830 2149 vivaciores
871 2092 1033 2145 fuisse
1053 2131 1066 2155 ,
1098 2099 1154 2142 ut
1184 2096 1237 2142 et
1266 2085 1489 2140 abortivi
1515 2093 1567 2137 ct
1588 2083 1654 2135 de
1683 2082 1821 2136 ctelo
1841 2082 1891 2132 in
1921 2088 2117 2132 terrain

534 2194 753 2240 ruentes
782 2183 1057 2245 viverent;
1087 2178 1373 2234 cummixlu
1418 2185 1598 2229 autem
1641 2174 1743 2226 vita
1778 2173 1879 2225 nisi
1911 2180 2121 2238 tenipo-

534 2292 595 2331 re
622 2285 830 2329 maturo
856 2272 1004 2335 editi,
1059 2272 1237 2324 vivere
1286 2284 1389 2322 non
1436 2267 1656 2336 possint,
1688 2274 1742 2318 et
1792 2264 1836 2316 si
1871 2262 1937 2315 de
1966 2261 2123 2330 paulo

533 2368 724 2422 altiore
750 2364 870 2420 loco
910 2362 1122 2425 cadant,
1174 2360 1428 2415 continuo
1478 2353 1817 2410 moriantur?
1849 2352 2040 2420 Utique
2070 2350 2115 2404 si

534 2472 755 2527 regnum
780 2455 899 2510 vita:
915 2462 1099 2510 contra
1139 2465 1361 2520 regnum
1389 2447 1574 2501 mortis
1599 2444 1948 2514 belligeravit,
1976 2457 2123 2495 com-

534 2552 700 2607 mixta
723 2550 826 2603 vita
857 2548 1151 2602 vivaciores
1194 2544 1369 2598 facere
1416 2541 1619 2605 debuit,
1654 2554 1757 2592 non
1794 2535 2118 2605 corruptibi-

532 2644 716 2698 liores.
749 2640 901 2708 Quod
928 2640 970 2693 si
999 2640 1049 2692 in
1078 2653 1171 2691 sua
1202 2644 1387 2689 natura
1406 2646 1632 2702 qumque
1659 2644 1746 2684 res
1770 2627 1938 2697 magis
1967 2640 2117 2679 suam

534 2734 731 2789 retinet
783 2729 1259 2798 incorruptionem,
1289 2741 1395 2779 non
1426 2726 1557 2777 duas
1603 2729 1823 2775 naturas
1853 2719 2044 2771 bonam
2068 2723 2126 2770 et

533 2824 749 2885 malam,
790 2820 885 2875 sed
915 2820 1046 2873 duas
1067 2820 1252 2883 bonas,
1283 2830 1505 2885 quarum
1534 2814 1721 2867 situua
1753 2810 1962 2873 melior,
1982 2824 2111 2877 prmo

534 2916 714 2971 dicare
739 2911 1055 2966 debuerunt.
1084 2908 1236 2963 Unde
1268 2908 1423 2975 igitur
1451 2911 1696 2958 asserunt
1741 2899 2124 2955 immundiores

534 3020 745 3070 carnes,
772 3018 902 3074 quas
927 3001 994 3056 de
1035 3000 1173 3054 ewlo
1201 3012 1371 3069 genus
1424 2996 1620 3049 ducere
1659 2993 1947 3053 affirmant,
1994 2994 2123 3043 istas

534 3099 791 3153 duntaxat
837 3092 1085 3149 omnibus
1142 3090 1336 3145 notas?
1366 3088 1496 3142 Nam
1531 3088 1641 3157 ipsa
1682 3086 1849 3154 prima
1896 3086 2121 3151 corpora

534 3189 834 3262 principum
885 3184 1221 3240 tenebrarum
1258 3222 1270 3245 ,
1316 3194 1379 3233 ex
1420 3177 1700 3232 arboribus
1741 3175 1936 3229 ibidem
1984 3173 2122 3225 natis

532 3292 783 3352 tanquam
812 3276 1132 3334 vermiculos
1172 3272 1456 3342 Opinanlur
1513 3276 1695 3323 exorta
1723 3267 1901 3336 ;ipsas
1942 3274 2121 3318 autem

532 3375 756 3428 arbores
795 3386 859 3425 ex
899 3370 1131 3439 quinque
1166 3366 1267 3419 illis
1312 3361 1611 3417 elementis.
1666 3357 1895 3412 Proinde
1937 3357 1981 3409 si
2008 3356 2121 3409 aui—

533 3466 750 3522 malium
778 3476 1001 3531 corpora
1030 3461 1252 3529 primam
1299 3456 1558 3525 originem
1594 3452 1791 3506 habent
1816 3466 1882 3504 ex
1908 3449 2117 3503 arbori-

531 3556 655 3623 bus,
677 3553 963 3609 secundam
989 3551 1056 3605 de
1085 3550 1224 3604 eteo
1251 3564 1264 3613 ;
1295 3546 1421 3616 quid
1465 3560 1641 3599 causae
1662 3552 1745 3597 est
1784 3551 1843 3594 ut
1886 3541 2119 3593 immun-

532 3651 681 3705 diora
708 3660 864 3719 quam
914 3644 1113 3699 fructus
1156 3641 1405 3695 arborum
1454 3633 1857 3693 existimentur?
1887 3632 1941 3687 Si
1998 3648 2123 3701 pro-

534 3750 723 3813 ptcrca
744 3739 866 3810 quia
896 3752 1014 3792 cum
1044 3734 1363 3795 moriuntur,
1392 3730 1640 3783 amittunt
1667 3726 1920 3787 animam,
1940 3731 1996 3775 ut
2012 3722 2120 3789 jam

535 3812 869 3889 immundum
886 3831 955 3883 sit
979 3825 1232 3897 quidquid
1284 3824 1391 3877 vita
1437 3820 1723 3874 deserente
1756 3812 2113 3876 remanserit;

536 3939 633 3979 cur
652 3921 841 3976 eodem
870 3927 1023 3988 pacto
1050 3934 1154 3971 non
1186 3924 1309 3971 sunt
1350 3910 1623 3967 immunda
1645 3909 1791 3963 olera
1821 3906 1907 3959 vel
1939 3918 2115 3974 poma,

537 4030 657 4084 qua:
676 4013 879 4081 utique,
911 4010 1045 4063 sicut
1070 4022 1227 4076 supra
1264 4006 1463 4059 dictum
1514 4010 1615 4065 est,
1652 4015 1776 4075 cum
1822 3998 2119 4065 decerpun-

538 4114 625 4160 tur
648 4104 733 4157 vel
763 4102 1082 4162 avellantur,
1108 4095 1450 4151 moriuntur?
1489 4094 1686 4145 llorum
1729 4091 1923 4159 quippe
1952 4090 2123 4142 homi-

539 4196 799 4251 cidiorum
828 4192 905 4246 rei
937 4205 1053 4245 esse
1094 4188 1298 4245 nolunt.
1319 4186 1442 4238 dum
1476 4182 1606 4237 nihil
1648 4182 1812 4234 velex
1865 4190 2009 4234 terra
2038 4182 2121 4234 vel

542 4300 610 4341 ex
647 4283 838 4338 arbore
877 4280 1191 4347 decerpunt.
1226 4274 1446 4337 Deinde,
1470 4288 1589 4326 cum
1616 4269 1748 4325 duas
1772 4269 1977 4322 animas
2006 4282 2125 4323 esse

542 4379 597 4432 in
642 4392 750 4429 uno
785 4371 1073 4428 animantis
1133 4381 1358 4435 corpore
1407 4364 1696 4429 aflirnicnt,
1727 4376 1885 4415 unam
1930 4360 2123 4414 bonam

540 4470 609 4524 de
632 4476 785 4537 gente
813 4465 971 4526 lucis,
1001 4446 1219 4513 alteram
1250 4458 1439 4511 malam
1466 4455 1533 4510 de
1551 4466 1705 4525 gente
1736 4454 2072 4508 tenebrarum
2108 4471 2122 4520 ;

543 4553 817 4625 numquid,
846 4568 963 4609 cum
995 4549 1255 4605 occiditur
1297 4547 1514 4611 animal,
1561 4547 1697 4599 bona
1741 4546 1914 4598 anima
1969 4545 2119 4614 fugit,

541 4658 596 4703 et
624 4646 761 4701 mala
791 4643 1067 4699 remanet?
1094 4641 1147 4695 Si
1181 4640 1323 4696 enim
1370 4638 1471 4693 hoc
1492 4645 1655 4701 esset,
1690 4637 1767 4690 sic
1798 4636 1997 4689 viveret
2012 4636 2127 4688 ani-

542 4739 648 4794 mal
673 4736 930 4801 occisum,
957 4731 1225 4804 quomodo
1251 4730 1463 4784 vivebat
1484 4730 1534 4782 in
1573 4737 1728 4797 gente
1766 4726 2123 4791 tenebrarum,

542 4828 755 4902 quando
784 4827 951 4882 solam
969 4840 1079 4879 sua:
1104 4823 1277 4892 gentis
1306 4821 1536 4874 habebat
1554 4819 1806 4883 animam,
1836 4832 1937 4887 qua
1965 4817 2124 4871 etiam

541 4918 1182 4979 rebellaveratadversum
1208 4929 1367 4984 regna
1385 4913 1581 4967 divina.
1608 4911 1739 4965 Cum
1759 4924 1886 4979 ergo
1906 4910 1958 4963 in
1979 4924 2125 4963 mor-

542 5023 597 5070 te
622 5011 903 5081 cujuslibet
929 5007 1193 5071 animalis,
1214 5012 1436 5072 utraque
1462 5002 1635 5054 anima
1659 5009 1714 5053 et
1745 5000 1881 5053 bona
1905 5006 1959 5052 ct
1985 4998 2122 5052 mala

543 5106 756 5159 deserat
788 5115 1039 5163 carnem;
1068 5114 1163 5152 cur
1207 5093 1476 5149 immunda
1504 5106 1631 5146 caro
1679 5090 1893 5154 dicitur,
1922 5089 2073 5156 quasi
2096 5104 2123 5141 a

541 5195 655 5250 sola
688 5194 822 5248 bona
872 5193 1047 5246 anima
1091 5185 1415 5243 deseratur?
1461 5183 1594 5249 Quia
1645 5182 1743 5236 etsi
1778 5181 1969 5248 aliqua:
2006 5179 2127 5233 vita:

542 5285 780 5352 reliquis:
801 5288 1096 5342 remanent,
1121 5294 1186 5333 ex
1217 5286 1438 5345 utraque
1456 5280 1736 5335 remanent
1767 5290 1779 5324 :
1810 5286 1909 5325 nec
1939 5271 2113 5340 ipsum

545 5374 744 5443 quippe
788 5372 970 5424 ﬁmum
1024 5369 1207 5423 dicunt
1248 5381 1531 5421 remanere
1572 5364 1690 5418 sine
1728 5361 1993 5432 aliquibus
2010 5360 2125 5415 exi-

544 5463 662 5533 guis
689 5459 929 5528 reliquiis
959 5459 1319 5513 membrorum
1339 5457 1452 5510 Dei.
1480 5454 1685 5509 Nullam
1725 5453 1885 5522 igitur
1910 5465 2126 5505 causam

546 5553 837 5624 reperiunt,
864 5564 959 5611 cur
988 5556 1295 5603 assevcrent
1319 5561 1507 5602 carnes
1537 5544 1771 5615 frugibus
1807 5541 2129 5597 immundiu-

609 5663 631 5695 ³
662 5660 997 5721 bovanienses
1025 5658 1325 5721 Bclgicorum
1362 5658 1576 5707 codicum
1618 5658 1905 5721 auctoritate
1950 5668 2130 5721 posuej

546 5730 675 5783 runt,
702 5726 950 5782 conceptus
973 5715 1143 5781 factos.
1164 5720 1337 5771 Melius
1359 5728 1458 5769 Am.
1486 5726 1556 5769 Er.
1586 5728 1636 5769 et
1660 5717 1879 5768 nonnulli
1905 5715 2131 5766 Gallicani

548 5792 676 5848 Mss,
701 5786 945 5835 conceptos
970 5783 1108 5841 fetus.

1353 320 1624 377 CONTRA
1670 313 1986 373 FAUSTUM
2028 314 2474 384 MANICIIJEUM,
2515 318 2568 373 S.
2616 316 2976 374 AUCUSTIN!

2232 445 2337 485 res.
2356 430 2459 485 Sed
2493 431 2733 485 iidt-lit-ct
2762 431 3004 486 fallacem
3049 428 3346 483 castitatem
3372 436 3819 503 suamestentare

2228 533 2502 588 conantes,
2534 538 2600 578 eo
2642 531 2827 593 putant
2856 522 3262 577 immundiorem
3293 537 3530 589 carnem,
3567 523 3712 593 quod
3752 522 3821 578 de

2228 616 2511 671 concubitu
2555 617 2783 671 cxistat:
2815 616 2965 685 quasi
3000 630 3104 669 non
3143 624 3290 670 tanto
3325 616 3699 672 vehementius
3724 633 3818 671 co-

2229 717 2420 780 gantur
2444 710 2686 763 membro
2708 710 2779 763 illi
2816 709 2995 762 divino
3044 706 3418 762 manducando
3468 723 3807 775 succurrere,

2230 808 2462 869 equanto
2488 799 2597 854 illic
2622 800 2820 853 arctius
2841 800 3141 868 colligatum
3194 808 3398 867 putant.
3439 798 3745 864 Postremo,
3769 802 3815 855 si

2229 890 2328 944 ista
2355 906 2517 945 causa
2544 889 3228 959 estmajorisiunnunditiee
3261 891 3526 954 carnium,
3576 905 3639 945 ea
3670 904 3795 945 com

2229 981 2356 1035 dant
2372 982 2678 1035 animalium
2694 996 2941 1051 corpora,
2964 996 3082 1049 qua!
3106 995 3209 1034 non
3237 980 3304 1034 de
3326 980 3611 1035 concubitu
3629 982 3792 1035 oriun

2232 1082 2333 1135 tur,
2363 1073 2500 1127 sicut
2548 1083 2673 1127 sunt
2705 1073 3108 1128 innumerabilia
3146 1087 3343 1142 genera
3373 1071 3653 1136 vermium,
3679 1088 3817 1142 quo-

2231 1180 2344 1218 rum
2371 1165 2658 1220 nonnullos
2693 1165 2854 1235 vulgo
2870 1165 3032 1219 edunt
3047 1164 3291 1234 quzcdam
3317 1163 3551 1219 Venetia;
3572 1166 3823 1235 regiones

2229 1269 2293 1308 ex
2321 1254 2601 1310 arboribus
2630 1264 2803 1309 natos.
2828 1256 3004 1311 Ranae
3028 1258 3188 1310 etiam
3210 1271 3341 1325 quas
3370 1266 3590 1325 repente
3617 1271 3687 1310 ex
3708 1271 3813 1309 una

2229 1346 2403 1415 pluvia
2437 1356 2577 1401 terra
2604 1355 2842 1415 generat,
2893 1348 2945 1401 iu
2980 1363 3158 1403 escam
3192 1347 3279 1403 isti
3315 1362 3587 1403 assumere
3615 1347 3823 1403 debue-

2230 1445 2375 1502 runt,
2405 1445 2463 1490 ut
2488 1438 2581 1492 Dei
2608 1439 2690 1491 sui
2723 1438 2959 1493 membra
2990 1438 3182 1493 talibus
3217 1438 3401 1493 formis
3438 1438 3731 1493 commixta
3760 1438 3824 1491 li-

2230 1526 2498 1594 berarent,
2530 1529 2573 1582 si
2604 1543 2724 1583 eam
2747 1544 2963 1585 carnem
3005 1528 3356 1593 detestantur,
3383 1544 3503 1599 qua:
3529 1528 3820 1585 concubitu

2231 1627 2591 1687 propagatur;
2624 1628 2868 1688 etgcnus
2916 1620 3207 1675 humanum
3251 1621 3450 1675 erroris
3503 1630 3817 1691 arguerent,

2232 1708 2375 1776 quod
2394 1710 2605 1779 gallinis
2634 1712 2999 1781 columbisque
3029 1719 3332 1777 vescantur,
3361 1728 3426 1767 ex
3452 1712 3815 1767 masculorum

2229 1802 2652 1875 feminarumque
2707 1805 2851 1859 coitu
2910 1807 3221 1875 procreatis,
3253 1815 3302 1860 et
3336 1806 3645 1862 mundiores
3689 1807 3816 1862 eali

2228 1908 2279 1952 et
2307 1908 2459 1953 terra:
2483 1899 2615 1953 filias
2637 1915 2792 1954 ranas
2816 1900 3085 1969 abjiciant.
3113 1900 3245 1954 Nam
3271 1902 3563 1955 secundum
3590 1901 3822 1956 istorum

2228 1989 2457 2044 fabulam
2476 1992 2783 2045 mundiores
2802 2002 2927 2046 sunt
2953 1993 3108 2061 primi
3142 1992 3409 2062 principes
3452 1990 3820 2060 tenebrarum,

2225 2095 2450 2150 quorum
2497 2091 2744 2151 parentes
2785 2084 3004 2138 arbores
3032 2084 3267 2148 fuerunt,
3314 2100 3470 2153 quam
3508 2084 3623 2154 ipse
3646 2083 3819 2139 Mani-

2225 2173 2425 2239 cureos,
2454 2189 2611 2242 quem
2641 2185 2788 2243 pater
2807 2184 2857 2229 et
2873 2184 3042 2231 mater
3063 2176 3468 2231 concumbcndo
3483 2187 3818 2247 genuerunt:

2228 2264 2539 2318 mundiores
2562 2254 2721 2319 etiam
2756 2265 2985 2335 pediculi
3013 2282 3221 2335 eorum,
3243 2268 3331 2337 qui
3364 2267 3480 2322 sine
3504 2268 3817 2333 concubitu,

2228 2355 2422 2410 sudore
2478 2358 2655 2411 carnis
2684 2359 2766 2413 vel
2818 2360 3059 2430 corporis
3106 2361 3444 2415 exhalatione
3497 2371 3819 2431 nascuntur,

2226 2462 2383 2516 quam
2412 2448 2496 2502 isti
2520 2450 2621 2518 ipsi
2650 2451 2852 2517 miseri,
2898 2451 2989 2522 qui
3018 2452 3085 2507 de
3115 2453 3424 2522 parentibus
3456 2454 3823 2509 conenmben-

2227 2539 2367 2593 tibus
2391 2541 2498 2594 nati
2520 2550 2663 2595 sunt.
2692 2544 2796 2599 Aut
2824 2544 2869 2597 si
2896 2543 3004 2613 jam
3056 2544 3312 2615 quidquid
3357 2560 3419 2599 ex
3451 2560 3616 2600 carne
3652 2546 3822 2600 etiam

2224 2630 2341 2684 sine
2375 2632 2660 2687 concubitu
2695 2635 2931 2689 nascitur
2953 2676 2967 2698 ,
3020 2646 3301 2705 propterea
3340 2645 3531 2707 putant
3583 2636 3826 2692 immun-

2223 2721 2372 2788 dum,
2404 2723 2526 2793 quia
2548 2724 2658 2793 ipsa
2678 2740 2803 2780 caro
2820 2741 2883 2781 cx
2904 2728 3188 2781 concubitu
3212 2738 3294 2782 est
3315 2745 3329 2792 ;
3356 2728 3625 2783 immunda
3654 2739 3825 2784 erunt

2226 2814 2368 2867 olera
2398 2823 2452 2868 et
2477 2815 2674 2885 fruges,
2702 2832 2829 2886 qua!
2858 2818 2924 2871 de
2951 2819 3275 2873 stercoribus
3314 2818 3539 2874 fertilius
3563 2820 3823 2875 uberius-

2223 2921 2329 2975 que
2356 2910 2705 2962 surrexerint.
2759 2908 2859 2964 Ubi
2905 2909 3119 2964 videant
3166 2910 3291 2980 quid
3326 2908 3540 2976 faciant,
3573 2912 3656 2966 vel
3685 2910 3822 2982 quid

2225 2998 2603 3067 respondeant,
2633 3000 2721 3069 qtti
2752 3000 2927 3070 fruges
2966 2999 3149 3055 dieunt
3178 3002 3483 3057 mundiores
3511 3016 3629 3057 esse
3651 3017 3823 3071 (illam

2226 3103 2434 3143 carnes.
2465 3088 2596 3143 Nam
2625 3100 2861 3145 stercore
2887 3091 3012 3160 quid
3033 3092 3356 3146 immundius
3381 3107 3449 3147 ex
3495 3107 3655 3146 carne
3680 3107 3823 3162 pro-

2220 3183 2420 3252 jicitur,
2443 3188 2500 3236 et
2517 3181 2642 3251 quid
2668 3182 2901 3252 l'rugibus
2920 3183 3143 3237 feracius
3167 3184 3447 3239 adhibetur
3472 3186 3495 3238 2
3521 3183 3683 3240 Certe
3704 3185 3817 3253 ipsi

2224 3274 2410 3329 dicunt
2435 3290 2530 3343 per
2575 3274 2872 3329 attritioues
2898 3283 2952 3329 et
2995 3274 3317 3344 digestiones
3344 3276 3603 3342 ciborum,
3630 3275 3827 3347 fugere

2226 3367 2349 3422 inde
2377 3368 2561 3431 vitam,
2594 3376 2647 3421 et
2671 3368 2916 3437 exiguum
2938 3368 3188 3437 quiddam
3214 3368 3264 3422 in
3306 3377 3541 3424 stercore
3563 3384 3796 3425 remane
3815 3398 3827 3411 -

2226 3474 2303 3513 re.
2327 3459 2435 3512 Cur
2462 3474 2589 3528 ergo
2618 3458 2705 3511 ubi
2735 3458 2922 3527 exigua
2948 3459 3052 3512 vita
3073 3468 3333 3527 remanet,
3357 3459 3477 3513 inde
3496 3460 3598 3514 cibi
3627 3460 3829 3531 vestri,

2227 3548 2329 3603 hoc
2342 3560 2423 3603 est
2452 3548 2652 3603 fruetus
2680 3559 2856 3615 terrae,
2904 3549 2970 3603 de
3008 3559 3243 3604 stercore
3266 3559 3319 3605 et
3347 3550 3596 3605 meliores
3623 3560 3677 3605 et
3701 3568 3829 3607 ma-

2222 3638 2367 3708 jores
2392 3646 2448 3693 et
2465 3640 2641 3708 plures
2656 3640 2890 3694 existunt
2913 3640 2938 3693 ?
2961 3640 3100 3695 Caro
3119 3655 3223 3695 non
3249 3642 3612 3711 purgamentis
3631 3652 3827 3709 terra},

2226 3730 2317 3783 sed
2350 3729 2541 3784 fetibus
2569 3731 2801 3800 pascitur
2828 3748 2841 3784 :
2867 3738 3005 3786 terra
3059 3746 3185 3786 vero
3226 3732 3589 3801 purgamentis
3613 3734 3829 3801 carnis,

2227 3838 2331 3876 non
2361 3822 2554 3875 fetibus
2576 3822 2903 3877 fecundatur.
2928 3822 3277 3892 Eligantquid
3305 3824 3375 3877 sit
3407 3823 3690 3879 mundius:
3722 3839 3828 3881 aut

2222 3912 2330 3981 jam
2358 3913 2581 3965 correcti
2607 3911 2853 3966 desinant
2876 3927 2997 3967 esse
3032 3912 3287 3966 immundi
3332 3923 3385 3966 ct
3422 3913 3664 3968 infideles
3695 3918 3828 3985 qui-

2228 4002 2326 4056 bus
2374 4002 2502 4055 nihil
2547 4003 2616 4056 sit
2667 4003 2942 4066 mundum,
2992 4012 3045 4057 et
3096 4003 3373 4058 nobiscum
3425 4006 3834 4074 amplectantur

2228 4094 2539 4163 Apostolttm
2584 4092 2871 4159 dicentem,
2918 4094 3103 4147 Omnia
3150 4097 3340 4148 tmmdn
3368 4098 3569 4150 mundis
3596 4097 3615 4168 (
3640 4096 3751 4152 Tit.
3786 4116 3829 4166 ι,

2229 4186 2298 4241 15
2329 4187 2367 4256 ).
2398 4186 2605 4241 Domini
2632 4196 2713 4239 est
2744 4195 2879 4240 terra
2907 4196 2960 4239 et
2984 4186 3254 4256 plenitudo
3279 4187 3393 4256 ejus
3421 4187 3439 4257 (
3471 4186 3616 4241 Psal.
3651 4204 3832 4257 χχιιι,

2230 4279 2253 4332 l
2294 4279 2333 4349 ).
2388 4278 2574 4333 Omnis
2612 4286 2854 4332 creatura
2901 4278 2994 4332 Dei
3035 4278 3169 4332 bona
3202 4280 3325 4350 est(
3355 4280 3372 4332 Ι
3401 4278 3534 4333 Tim.
3584 4295 3657 4344 tv,
3713 4282 3753 4337 4
3787 4282 3833 4351 ).

2236 4369 2423 4424 Omnia
2454 4370 2652 4439 quippe
2668 4385 2785 4438 quae
2812 4368 3125 4423 naturaliter
3145 4378 3290 4436 sunt,
3320 4370 3371 4422 in
3400 4370 3585 4424 ordine
3601 4386 3705 4424 suo
3730 4372 3839 4426 bo-

2231 4476 2296 4515 na
2340 4470 2463 4515 sunt
2499 4478 2511 4513 :
2541 4470 2593 4513 et
2633 4474 2792 4513 nemo
2838 4460 2890 4512 in
2934 4459 3013 4513 eis
3056 4468 3277 4527 peccat;
3306 4460 3405 4514 nisi
3456 4460 3545 4529 qui
3574 4460 3840 4517 ordinem

2230 4568 2385 4608 suum
2411 4554 2461 4606 in
2504 4553 2593 4607 Dei
2620 4552 2918 4606 obedientia
2974 4565 3078 4605 non
3108 4551 3434 4619 custodiens,
3465 4567 3648 4607 eorum
3682 4569 3806 4624 quo
3835 4590 3841 4596 -

2231 4660 2335 4716 que
2376 4644 2616 4698 ordinem
2648 4643 2785 4697 male
2810 4642 3006 4697 utendo
3025 4642 3316 4712 perturbat.

2301 4735 2523 4792 CAPUT
2564 4733 2655 4788 lx.
2702 4764 2775 4773 —
2826 4734 3011 4788 Patres
3035 4742 3211 4787 autem
3242 4732 3410 4787 nostri
3442 4732 3531 4803 qui
3562 4732 3674 4787 Deo
3709 4736 3845 4804 pla—

2232 4838 2473 4893 cuerunt,
2508 4836 2789 4882 tenuerunt
2817 4826 3057 4881 ordinem
3086 4841 3238 4880 suum
3271 4827 3322 4879 in
3352 4827 3463 4895 ipsa
3488 4826 3843 4895 obedientia,

2234 4931 2292 4976 ut
2315 4920 2568 4992 quidquid
2596 4920 2736 4974 Deus
2758 4919 3088 4988 temporibus
3108 4918 3361 4987 congruis
3386 4917 3621 4987 jubendo
3643 4918 3826 4976 distri

2231 5014 2367 5078 buit,
2396 5013 2473 5067 sic
2500 5012 2865 5077 observarent,
2919 5010 3365 5081 quemadmodum
3413 5010 3503 5064 ille
3527 5009 3848 5070 distribuit.

2234 5104 2412 5175 Itaque
2438 5119 2543 5158 non
2572 5103 2744 5157 solum
2771 5117 2959 5157 carnes
2984 5101 3049 5155 ad
3076 5102 3251 5155 cibum
3279 5100 3451 5168 datas,
3491 5115 3611 5155 cum
3630 5115 3852 5159 omnes

2233 5206 2417 5252 natura
2457 5195 2666 5251 munda:
2716 5203 2915 5259 essent,
2968 5193 3221 5263 quasdam
3258 5202 3432 5247 tamen
3464 5191 3728 5247 nonnulla
3767 5197 3854 5250 si-

2233 5289 2566 5360 gnilicatione
2628 5285 2927 5342 immundx
2974 5285 3066 5339 illo
3129 5294 3368 5354 tempore
3413 5300 3517 5339 non
3572 5283 3855 5355 ederunt,

2235 5397 2342 5453 quo
2369 5396 2461 5436 eas
2485 5382 2503 5412 ¹
2536 5395 2639 5434 non
2669 5379 2755 5434 edi
2786 5386 3109 5448 prteceptnm
3135 5386 3269 5443 erat,
3317 5385 3373 5431 ut
3400 5375 3591 5430 talibus
3619 5376 3858 5446 signiﬁ-

2235 5477 2531 5532 cationibus
2562 5474 2734 5529 futura
2763 5489 2940 5528 rerum
2977 5470 3333 5526 manifestatio
3354 5470 3856 5542 priefiguraretur:

2238 5571 2329 5626 sed
2360 5578 2413 5623 et
2433 5583 2673 5639 azymum
2702 5580 2917 5637 panem,
2950 5574 3003 5620 et
3048 5576 3240 5619 caetera
3259 5563 3582 5633 bujusmodi,
3616 5562 3669 5616 in
3714 5565 3864 5633 qui-

2240 5663 2338 5717 bus
2357 5662 2516 5714 fuisse
2556 5658 2797 5712 umbram
2825 5657 3123 5711 futurorum
3152 5656 3279 5711 dicit
3306 5654 3633 5727 Apostolus(
3657 5650 3863 5711 Hebr.

2310 5773 2326 5804 ι
2361 5777 2435 5820 Er.
2452 5770 2601 5833 Lugd.
2621 5777 2759 5832 ven.,
2779 5767 2907 5833 quod
2923 5780 3023 5819 eas.
3117 5773 3175 5818 It.
