4052 6478
261 499 316 544 x,
346 483 369 536 Ι
399 481 442 552 ),
471 489 578 537 tam
605 479 686 537 rei
709 486 892 535 essent
932 477 1075 534 illius
1120 473 1376 546 temporis
1400 483 1455 530 et
1497 473 1637 529 illius
1664 473 1846 544 populi

256 574 523 636 homines,
553 571 598 626 si
648 571 936 626 observare
963 575 1384 633 contemnerent,
1421 566 1632 637 quando
1653 567 1729 622 sic
1757 565 1849 621 illa

259 661 392 726 fieri,
415 671 469 716 et
495 661 592 714 ista
610 675 731 730 quae
765 674 908 714 nunc
934 658 1161 714 revelata
1189 665 1333 726 sunt,
1363 665 1488 713 tunc
1502 659 1579 714 sic
1599 674 1844 729 praennno

259 753 376 808 tiari
405 753 918 823 oportebat;quam
952 767 1051 807 nos
1107 751 1433 820 desipientes
1481 765 1744 818 essemus,
1797 752 1844 806 si

259 860 398 900 nunc
424 845 540 914 jam
593 844 934 900 manifestato
975 843 1122 898 Novo
1172 843 1534 908 Testamento,
1566 842 1681 896 illas
1710 855 1847 912 prae-

258 936 580 990 nuntiativas
603 935 1026 1000 observationes,
1069 933 1267 1004 aliquid
1295 933 1448 989 nobis
1467 932 1724 1004 prodesse
1741 949 1844 1002 pu-

257 1033 512 1079 taremus.
543 1024 960 1094 Sicutsacrllegi
1002 1033 1056 1079 et
1097 1023 1267 1094 impii,
1297 1023 1340 1078 si
1389 1023 1608 1078 eosdem
1658 1022 1846 1077 Libros

254 1117 339 1185 qui
371 1125 596 1184 propter
619 1131 718 1171 nos
764 1115 948 1184 scripti
999 1123 1142 1182 sunt,
1176 1123 1232 1168 ut
1266 1129 1329 1169 ea
1371 1130 1491 1184 qua:
1522 1114 1632 1184 jam
1692 1114 1848 1170 nobis

247 1207 483 1260 revelata
510 1207 646 1260 etin
694 1206 1118 1261 manifestatione
1166 1205 1476 1259 annuntiata
1516 1213 1660 1271 sunt,
1699 1211 1847 1259 tanto

249 1305 370 1349 ante
398 1296 512 1350 illis
543 1296 727 1366 figuris
782 1296 1137 1366 praenuntiata
1172 1305 1576 1366 cognoscentes,
1610 1294 1839 1350 ﬁdeliter

249 1397 298 1442 et
325 1387 564 1444 firmiter
591 1398 916 1454 teneremus,
959 1387 1081 1442 ideo
1123 1396 1439 1458 putaremus
1488 1386 1842 1456 abjicietidos,

245 1481 369 1550 quia
401 1495 466 1535 ea
488 1495 614 1550 quae
637 1481 707 1535 ibi
736 1481 934 1549 scripta
956 1489 1099 1543 sunt,
1124 1494 1228 1534 nou
1253 1479 1361 1548 jam
1411 1479 1701 1533 observare
1721 1493 1846 1532 cor-

245 1573 532 1642 poraliter,
561 1573 660 1627 sed
701 1572 1003 1642 intelling
1031 1580 1087 1625 et
1132 1570 1307 1626 facere
1361 1569 1706 1640 spiritualiter
1749 1585 1847 1624 nos

250 1663 514 1718 Dominus
541 1663 712 1731 jubet.
743 1662 950 1732 Scripta
977 1671 1094 1716 sunt
1114 1661 1256 1716 enim
1288 1670 1492 1730 propter
1511 1676 1622 1725 nos,
1645 1660 1697 1712 in
1718 1675 1842 1728 quos

243 1755 364 1824 ﬁnis
381 1755 696 1808 secutorum
720 1754 938 1818 obvenit,
961 1753 1098 1808 sicut
1124 1753 1249 1806 item
1279 1750 1409 1805 dicit
1446 1750 1584 1804 idem
1629 1758 1845 1821 aposto-

251 1847 384 1918 lus(
417 1847 436 1902 l
465 1848 590 1902 Cor.
632 1864 690 1913 x,
724 1847 786 1902 il
820 1846 864 1916 ).
916 1844 1104 1901 Omnia
1133 1845 1274 1900 enim
1331 1859 1450 1915 quae
1478 1852 1601 1898 ante
1644 1843 1845 1912 scripta

253 1949 394 2008 sunt,
414 1950 472 1996 ut
515 1956 619 1996 nos
645 1940 958 1996 doceremur
1009 1938 1207 2008 scripta
1255 1944 1379 1992 sunt
1405 1937 1425 2007 (
1457 1935 1610 1990 Rom.
1633 1951 1724 2000 xv,
1744 1935 1779 1990 4
1804 1933 1844 2006 ).

246 2031 612 2102 Quapropter,
637 2046 743 2085 non
766 2029 1086 2085 manducare
1111 2042 1360 2100 azymum
1389 2041 1484 2096 per
1508 2034 1734 2082 statutos
1757 2040 1845 2081 se-

248 2133 398 2194 ptem
421 2123 546 2178 dies
575 2123 594 2192 (
633 2121 799 2177 Exod.
821 2137 920 2187 xu,
951 2120 1079 2192 15),
1109 2129 1351 2189 tempore
1403 2117 1609 2173 Veteris
1650 2116 1839 2172 Testa-

253 2214 416 2270 menti
436 2225 717 2284 peccatum
732 2213 856 2279 fuit;
888 2221 1126 2282 tempore
1145 2221 1324 2266 autem
1363 2209 1493 2266 Novi
1518 2208 1844 2265 Testamenti

256 2315 455 2362 nonest
490 2314 774 2376 peccatum
808 2322 821 2358 :
851 2303 946 2359 sed
971 2303 1022 2357 iu
1049 2319 1145 2374 spe
1171 2301 1330 2357 futuri
1355 2301 1535 2356 surculi
1566 2315 1726 2371 quam
1749 2301 1849 2354 ha-

251 2396 437 2451 bemus
469 2396 530 2451 in
547 2394 778 2461 Christo,
805 2395 896 2466 qui
948 2405 1003 2449 et
1045 2394 1277 2447 animam
1328 2400 1565 2447 nostram
1618 2391 1844 2446 induens

256 2489 476 2559 iustitia,
525 2497 583 2543 et
614 2503 808 2557 corpus
857 2497 1101 2542 nostram
1160 2475 1386 2540 induciis
1425 2483 1846 2547 immortalitate,

258 2587 395 2634 totos
423 2593 531 2634 nos
564 2578 805 2645 innovat,
847 2577 1068 2633 credere
1111 2576 1308 2646 aliquid
1336 2591 1402 2632 ex
1443 2577 1638 2631 veteris
1666 2590 1850 2630 corru-

260 2671 449 2741 ptionis
471 2670 798 2726 necessitate
827 2679 985 2741 atque
1015 2669 1300 2740 indigentia
1347 2683 1446 2724 nos
1472 2683 1724 2738 passuros
1754 2669 1838 2724 vel

249 2770 488 2829 actm-’05,
540 2776 758 2832 semper
800 2769 1077 2832 peccatum
1127 2770 1231 2828 est,
1282 2760 1537 2832 quamdiu
1565 2761 1850 2816 volvuntur

253 2853 342 2909 isti
365 2861 578 2923 septem
627 2852 744 2907 dies
790 2852 982 2922 quibus
1025 2853 1297 2922 peragitur
1341 2850 1717 2922 tempus:st
1749 2849 1852 2906 hoc

260 2943 816 2999 Yeteris'l‘estamenti
843 2942 1168 3012 temporibus
1196 2943 1248 2996 in
1293 2942 1458 3012 figura
1501 2941 1851 3008 occultatum,

259 3050 292 3091 a
319 3037 635 3108 quibusdam
661 3036 862 3091 sanctis
911 3034 1342 3106 intelligebatur;
1379 3043 1620 3104 tempore
1664 3043 1843 3088 autem

259 3129 384 3185 Novi
405 3129 740 3186 Testamenti
773 3129 825 3183 in
845 3118 1272 3182 manifestatione
1301 3126 1615 3190 revelatum,
1643 3127 1852 3194 populis

262 3222 598 3293 prmdicatur.
631 3221 786 3278 Unde
810 3220 1083 3291 Scriptura
1116 3220 1205 3274 illa
1227 3226 1354 3274 tunc
1369 3227 1484 3274 erat
1503 3225 1848 3289 praceptum,

261 3330 397 3370 nunc
411 3312 800 3370 testimOnium.
817 3312 1198 3385 Scenopegiam
1210 3325 1319 3366 non
1333 3309 1606 3366 celebrare
1621 3309 1850 3379 aliquan-

262 3407 328 3464 do
377 3417 662 3478 peccatum
706 3405 991 3478 iuit(Leo.
1027 3421 1183 3472 xxut,
1240 3402 1353 3476 δι)
1388 3421 1402 3470 ;
1443 3418 1586 3458 nunc
1624 3417 1730 3457 non
1771 3411 1854 3457 est

261 3509 538 3570 peccatum
572 3517 587 3552 :
621 3499 962 3553 tabernaculo
999 3505 1178 3551 autem
1202 3495 1294 3551 Dei
1319 3495 1462 3566 quod
1509 3503 1592 3550 est
1613 3494 1852 3550 Ecclesia

257 3605 361 3644 non
399 3588 775 3658 compaginari
802 3628 816 3650 ,
868 3603 1081 3656 semper
1131 3595 1406 3657 peccatum
1451 3584 1683 3648 est;sed
1729 3594 1855 3640 tunc

258 3681 515 3752 agebatur
539 3679 644 3734 sub
674 3687 937 3749 praecepto
966 3677 1207 3748 figurato,
1227 3691 1368 3730 nunc
1398 3676 1591 3745 legitur
1627 3674 1676 3728 in
1704 3674 1854 3728 testi-

261 3774 444 3827 monio
465 3771 728 3826 revelato.
754 3768 886 3824 Nam
915 3776 970 3823 et
1001 3767 1128 3821 illud
1172 3766 1314 3836 quod
1344 3774 1469 3820 tunc
1495 3764 1690 3819 factum
1740 3769 1843 3829 est,

251 3879 363 3918 non
401 3863 676 3917 diceretur
721 3857 1120 3914 tabernaculum
1175 3853 1496 3918 testimonii,
1547 3853 1647 3907 nisi
1695 3852 1853 3906 alicui

257 3953 480 4009 veritati
531 3967 651 4021 quae
688 3966 787 4006 suo
817 3959 1055 4020 tempore
1098 3945 1417 4002 declaranda
1461 3954 1594 4009 erat,
1627 3941 1853 4012 quadam

255 4041 620 4112 congruentia
659 4039 1056 4111 signiﬁcationis
1076 4045 1440 4092 attestaretur.
1473 4033 1655 4088 Lineis
1694 4034 1856 4086 vesti-

253 4137 365 4191 bus
397 4135 630 4190 miscere
666 4148 974 4205 purpuram,
1006 4141 1065 4187 et
1106 4129 1372 4184 linostima
1399 4135 1544 4182 veste
1575 4124 1717 4180 indui
1753 4123 1851 4178 ali-

259 4227 483 4300 quando
502 4236 772 4297 peocatum
800 4225 900 4282 fuit
927 4226 947 4298 (
974 4225 1124 4279 Deut.
1152 4239 1282 4289 χχιι,
1302 4223 1358 4277 ll
1392 4220 1410 4293 )
1440 4238 1456 4286 ;
1487 4236 1628 4274 nunc
1654 4235 1758 4273 non
1776 4227 1858 4274 est

176 4337 182 4344 '
265 4330 542 4394 peccatum
574 4337 588 4374 :
618 4320 713 4376 sed
742 4319 1042 4375 inordinate
1071 4319 1270 4382 vivere,
1297 4325 1351 4370 et
1393 4313 1589 4368 diversi
1645 4311 1857 4382 generis

260 4413 625 4484 professiones
643 4411 784 4467 velle
811 4411 1054 4475 miscere,
1101 4415 1160 4461 ut
1188 4406 1269 4461 vel
1319 4401 1738 4460 sanctimonialis
1767 4403 1859 4455 ha-

263 4507 380 4562 beat
405 4513 730 4560 ornamenta
757 4511 1062 4572 nuptarum,
1095 4499 1178 4554 vel
1200 4513 1260 4552 ea
1288 4512 1405 4566 qua:
1435 4510 1493 4548 se
1536 4509 1641 4547 non
1671 4507 1771 4548 con
1787 4492 1856 4546 ti-

270 4613 397 4654 nens
420 4596 626 4666 nupsit,
659 4595 892 4665 speciem
918 4591 1140 4664 virginis
1166 4597 1334 4662 gerat,
1365 4585 1510 4640 omni
1530 4583 1688 4638 modo
1719 4598 1846 4652 pec-

262 4698 438 4745 catum
463 4696 554 4743 est
578 4704 594 4754 ;
635 4694 689 4742 et
714 4686 758 4741 si
795 4685 919 4757 quid
970 4681 1403 4739 inconvenienter
1426 4693 1492 4733 ex
1513 4675 1726 4730 diverso
1753 4689 1848 4747 ge-

1633 357 1841 417 LIBER
1880 356 2051 416 SEPT
2059 355 2240 414 IIIIS.

3423 357 3534 418 238

1955 487 2084 529 nere
2112 473 2164 527 in
2187 471 2293 526 vita
2316 471 2573 542 cujusque
2615 471 2934 526 contexitur.
2987 471 3185 528 Verum
3234 473 3362 528 illud
3401 487 3526 530 tunc

1959 563 2283 635 ﬁgurabatur
2305 563 2359 618 in
2390 565 2641 631 vestibus,
2674 563 2812 635 quod
2857 580 2996 619 nunc
3025 564 3322 620 declaratur
3337 565 3388 620 in
3411 581 3532 620 mo.

1951 657 2116 712 ribus.
2146 655 2277 712 illud
2303 657 2443 710 enim
2462 664 2575 711 erat
2597 665 2804 726 tempus
2833 657 3182 728 signiﬁcandi,
3235 658 3336 715 hoc
3365 660 3537 713 mani-

1952 747 2202 804 festandi.
2255 748 2400 818 Ergo
2451 748 2562 818 ipsa
2588 746 2882 818 Scriptura,
2912 764 3032 820 quae
3057 760 3182 805 tunc
3229 749 3324 804 fuit
3365 765 3538 806 exac-

1949 839 2056 892 trix
2084 854 2303 908 operum
2343 837 2772 907 significantium,
2810 854 2952 894 nunc
3002 840 3152 894 testis
3197 849 3280 894 est
3333 855 3516 894 rerum

1951 929 2362 999 signiticatarum
2385 945 2399 994 ;
2428 937 2482 982 et
2502 943 2618 998 qua:
2645 938 2768 983 tunc
2790 929 3174 984 observabatur
3195 930 3262 984 ad
3285 946 3533 1000 mnuu-

1953 1020 2244 1086 tiatiouem,
2277 1035 2417 1074 nunc
2447 1021 2698 1075 recitatur
2733 1021 2798 1076 ad
2827 1021 3306 1077 confirmationem.
3337 1021 3535 1078 Bovcnt

1951 1122 2006 1168 et
2047 1113 2252 1167 asinum
2306 1113 2372 1166 ad
2410 1113 2744 1181 operandam
2766 1114 2988 1186 jungere
3015 1124 3142 1171 tunc
3193 1131 3299 1170 non
3342 1115 3538 1172 licebat

1953 1205 1974 1276 (
2005 1203 2156 1259 Deut.
2191 1221 2330 1270 xxn,
2357 1206 2424 1260 lO
2451 1205 2507 1277 );
2537 1220 2675 1260 nunc
2719 1206 2860 1261 licet.
2892 1208 3222 1264 Declaratum
3265 1217 3347 1264 est
3386 1209 3532 1264 enim

1954 1308 2050 1365 per
2076 1296 2410 1365 Apostolum,
2447 1311 2569 1350 cuin
2613 1295 2681 1350 de
2727 1296 2866 1352 bove
2913 1299 3191 1355 triturante
3223 1313 3332 1354 non
3364 1298 3534 1354 infro-

1953 1386 2130 1440 naudo
2159 1386 2486 1457 Scripturam
2539 1388 2814 1455 reeolcret,
2844 1389 3108 1445 dicentem
3139 1409 3155 1447 :
3187 1392 3452 1462 Numquid
3469 1392 3534 1447 de

1950 1476 2107 1531 bobus
2131 1494 2254 1532 cura
2281 1488 2354 1532 est
2371 1477 2480 1532 Deo
2497 1479 2523 1532 ?
2546 1479 2722 1546 Quare
2738 1493 2866 1551 ergo
2887 1495 3029 1536 nunc
3062 1482 3272 1553 legitur,
3319 1485 3534 1555 quando

1953 1569 2008 1625 id
2037 1570 2180 1641 quod
2210 1571 2476 1641 prohibuit
2498 1573 2606 1641 jam
2638 1573 2792 1628 licet?
2822 1572 2955 1642 Quia
2978 1575 3116 1630 idem
3141 1578 3253 1646 ipse
3287 1577 3356 1632 ibi
3373 1591 3532 1634 secu-
3618 1635 3622 1638 .

1955 1671 2040 1718 tus
2079 1663 2366 1732 Apostolus
2393 1665 2464 1718 ait
2497 1683 2510 1718 :
2558 1664 2776 1736 Propter
2797 1683 2887 1720 nos
2910 1667 3178 1738 Scriptura
3214 1669 3333 1723 dicit
3354 1669 3534 1741 (ICor.

1951 1771 2028 1821 ιχ,
2049 1757 2102 1822 9,
2136 1756 2250 1829 10).
2282 1757 2349 1812 Et
2369 1757 2548 1827 utique
2584 1758 2800 1828 impium
2831 1769 2914 1814 est
2944 1769 3002 1814 ut
3027 1777 3134 1815 non
3174 1761 3411 1832 legamus
3437 1777 3539 1821 nos

1957 1849 2099 1919 quod
2123 1849 2379 1920 scriptum
2403 1858 2488 1906 est
2538 1859 2756 1922 propter
2779 1866 2878 1906 nos
2909 1870 2922 1906 :
2955 1853 3123 1924 magis
3151 1854 3294 1908 enim
3321 1863 3541 1925 propter

1956 1957 2074 2009 nos,
2105 1945 2298 2012 quibus
2329 1944 2720 2011 manifestatur,
2753 1962 2910 2016 quam
2937 1957 3156 2017 propter
3177 1949 3298 2004 illos
3339 1949 3392 2003 in
3421 1949 3541 2020 qui-

1952 2035 2056 2091 bus
2087 2034 2436 2106 ﬁgurabatur.
2461 2037 2658 2091 Bovem
2682 2038 2878 2107 quippe
2898 2047 2952 2093 et
2981 2038 3209 2106 asinum,
3240 2041 3285 2095 si
3315 2055 3541 2096 necesse

1953 2127 2043 2194 sit,
2071 2127 2436 2198 unusquisque
2482 2129 2598 2183 sine
2647 2127 2969 2184 detrimento
3010 2131 3188 2200 operis
3220 2131 3426 2200 jungit:
3453 2146 3540 2186 sa-

1953 2218 2186 2288 pientem
2215 2229 2343 2272 vero
2363 2226 2416 2272 et
2443 2218 2682 2285 stultum,
2737 2233 2844 2273 non
2885 2227 2942 2273 ut
2990 2235 3122 2274 unus
3169 2221 3459 2290 praecipiat,
3485 2228 3544 2276 et

1953 2311 2092 2366 alter
2118 2310 2470 2381 obtemperet,
2493 2311 2584 2366 sed
2615 2312 2811 2381 pariter
2830 2326 2896 2366 ex
2941 2313 3132 2382 aequali
3167 2320 3450 2382 potestate,
3478 2325 3538 2368 ut

1951 2403 2270 2456 annuntient
2296 2401 2515 2456 verbum
2534 2402 2646 2467 Dei,
2679 2416 2784 2456 non
2812 2402 2927 2456 sine
2952 2402 3203 2457 seandalo
3251 2404 3532 2474 quisquam

1953 2493 2177 2548 comites
2204 2491 2345 2546 facit.
2399 2492 2580 2562 Itaque
2625 2491 2868 2548 eamdem
2905 2491 3230 2563 Scripturam
3273 2503 3538 2559 tenemus,

1953 2593 2010 2639 et
2062 2591 2187 2637 tunc
2228 2590 2493 2652 potestate
2538 2583 2930 2652 prmcipientem
2967 2583 3169 2638 umbris
3223 2582 3539 2654 tegendum,

1953 2675 2093 2747 quod
2121 2690 2262 2730 nunc
2287 2675 2586 2744 aperiretur
2610 2692 2625 2741 ;
2653 2683 2707 2730 et
2757 2690 2897 2728 nunc
2925 2675 3240 2731 auctoritate
3281 2684 3542 2731 attestan-

1957 2779 2060 2826 tem
2091 2770 2208 2824 luce
2233 2777 2497 2840 apertum,
2521 2767 2661 2840 quod
2689 2777 2813 2824 tunc
2834 2767 3126 2839 tegebatur.

2026 2863 2102 2916 De
2129 2862 2282 2916 calvo
2312 2868 2488 2916 autem
2519 2869 2574 2916 et
2599 2861 2823 2915 reburro
2849 2861 2867 2930 (
2901 2859 3059 2914 Leuit.
3083 2875 3197 2927 xm,
3228 2859 3298 2916 '40
3325 2859 3367 2932 ),
3395 2844 3565 2930 quon

1955 2968 2049 3009 eos
2071 2953 2373 3008 immundos
2392 2951 2502 3008 Lex
2525 2952 2741 3018 dixerit,
2765 2967 2948 3022 parum
2965 2952 3195 3008 Faustus
3221 2952 3540 3020 attendunt,

1954 3045 2118 3100 autin
2150 3045 2462 3100 mendosum
2490 3043 2728 3099 codicem
2763 3044 3037 3100 inciderat.
3070 3043 3174 3100 Sed
3197 3045 3399 3100 utinam
3431 3045 3545 3115 ipse

1956 3137 2159 3192 calvam
2186 3135 2416 3192 frontem
2449 3135 2649 3190 habere
2679 3135 2939 3190 voluisset
2966 3137 3014 3202 ί,
3057 3145 3216 3207 atque
3247 3137 3302 3190 in
3330 3150 3392 3190 ea
3421 3150 3546 3191 cru-

1956 3244 2074 3286 cem
2101 3229 2297 3285 Christi
2321 3229 2481 3299 ﬁgere
2511 3243 2614 3284 non
2642 3228 2943 3284 erubuisset
2967 3245 2984 3282 :
3009 3230 3248 3299 profecto
3272 3227 3542 3284 Christum

1958 3323 2296 3386 clamantem,
2333 3321 2441 3392 Ego
2471 3337 2583 3375 sum
2611 3321 2792 3375 veritas
2816 3319 3012 3393 (Joan.
3035 3337 3143 3387 xuv,
3166 3321 3198 3377 6
3221 3322 3262 3390 ),
3293 3337 3393 3379 nec
3420 3337 3542 3377 cunt

1957 3415 2102 3470 falsis
2151 3413 2457 3469 vulneribus
2504 3413 2837 3478 occubuisse,
2888 3427 2987 3468 nec
3027 3426 3152 3468 cum
3201 3413 3347 3468 falsis
3399 3415 3543 3468 cica-

1968 3506 2193 3562 tricibus
2232 3505 2588 3560 resurrexisse
2621 3505 2952 3573 credidisset.
2996 3503 3131 3571 Quin
3179 3504 3336 3558 etiam
3364 3504 3491 3559 dicit
3522 3520 3536 3557 :

1961 3598 2072 3668 Ego
2135 3599 2312 3668 fallere
2361 3612 2462 3650 non
2514 3595 2706 3662 didici;
2750 3595 2886 3664 quod
2950 3595 3109 3648 sentio
3142 3595 3370 3665 oloquor.
3425 3594 3543 3650 Non

1959 3701 2044 3745 est
2073 3706 2201 3758 ergo
2229 3688 2523 3758 discipulus
2543 3687 2738 3742 Christi
2765 3685 2869 3752 sui,
2887 3701 3046 3756 quem
3075 3685 3237 3740 falsas
3266 3686 3544 3742 cicatrices

1959 3780 2326 3836 dubitantibus
2375 3778 2651 3849 discipulis
2697 3777 3093 3832 demonstrasse
3139 3779 3354 3831 insanus
3418 3777 3540 3847 opi-

1961 3882 2137 3938 natur,
2165 3881 2218 3926 et
2255 3885 2359 3926 non
2407 3869 2578 3925 solum
2603 3868 2670 3923 de
2695 3867 2906 3922 caeteris
2929 3867 3250 3922 vanitatibus
3281 3867 3411 3934 suis,
3449 3868 3545 3923 sed

1961 3964 2119 4019 etiam
2145 3962 2214 4017 de
2247 3961 2358 4030 ipsa
2389 3959 2587 4015 Christi
2636 3959 2842 4012 fallacia
2888 3957 2988 4014 sibi
3021 3968 3268 4026 tauquam
3311 3973 3416 4013 non
3450 3959 3549 4013 fal-

1962 4057 2089 4111 lenti
2121 4055 2231 4108 vnlt
2249 4052 2396 4108 credi
2428 4069 2441 4105 :
2472 4059 2648 4106 utrum
2681 4049 2892 4105 Christo
2916 4048 3103 4103 melior
3130 4051 3172 4116 ³,
3201 4064 3308 4118 quo
3335 4049 3548 4105 fallente

1962 4147 2077 4218 ipse
2105 4161 2208 4200 non
2237 4144 2404 4209 fallit;
2433 4159 2502 4196 an
2527 4157 2593 4197 eo
2636 4141 2752 4212 ipso
2792 4155 2899 4194 non
2942 4139 3147 4194 veracis
3190 4139 3412 4207 Christi,
3451 4141 3548 4197 sed

1962 4237 2164 4294 fallacis
2184 4234 2460 4291 Maniehmi
2478 4233 2794 4303 discipulus,
2833 4246 2954 4287 cum
2993 4239 3052 4286 et
3089 4232 3140 4285 in
3173 4231 3277 4288 hoc
3314 4231 3468 4301 fallit,
3494 4234 3546 4290 in

1963 4347 2070 4402 quo
2095 4345 2154 4385 se
2181 4344 2284 4383 non
2311 4327 2561 4382 didicisse
2589 4325 2773 4380 fallere
2785 4324 3045 4395 gloriatur
3065 4324 3087 4377 ?

2027 4495 2044 4525 ί
2080 4492 2199 4553 Editi
2221 4488 2369 4553 vulgo
2382 4490 2453 4538 sic
2475 4486 2654 4553 ferunt.
2680 4485 2847 4553 Plures
2879 4490 3278 4553 tamen_veteres
3301 4491 3428 4546 Mss,
3453 4485 3546 4536 Sed

1965 4553 2150 4604 utinam
2168 4551 2271 4615 ipse
2294 4545 2480 4601 Ealvam
2499 4549 2707 4615 frontem
2728 4546 2905 4596 habere
2933 4545 3175 4615 noluisset.

2026 4619 2048 4648 ³
2079 4618 2153 4663 sic
2175 4605 2276 4662 itm.
2293 4616 2445 4677 tinet
2464 4605 2688 4677 plerique
2704 4615 2810 4657 Mss.
2832 4615 2888 4657 At.
2908 4615 3039 4659 ιον..
3062 4605 3160 4658 vult
3179 4607 3337 4659 credi.
3363 4607 3552 4659 fiderit

1957 4677 2063 4746 quis
2084 4682 2247 4726 utrum
2268 4671 2453 4724 Christo
2466 4668 2536 4721 sit
2557 4668 2742 4720 melior.

331 4773 3552 4820 __________________.____________________.__.

1190 4840 1669 4954 LIBER
1658 4831 2378 5000 Mm
2398 4829 2596 4937 US.

331 5086 564 5145 CAPUT
604 5080 895 5141 PRIMUM.
940 5107 1013 5120 ~—
1049 5077 1289 5133 FAUS’I'US
1328 5073 1505 5130 dixit:
1534 5072 1710 5141 Quare
1747 5086 1854 5127 non

277 5181 442 5236 credis
490 5180 550 5234 in
595 5172 962 5248 genealogiam
1013 5167 1178 5225 Iesu?
1229 5166 1408 5222 Multae
1457 5163 1672 5235 quidem
1735 5173 1858 5218 sunt

275 5285 462 5336 causa,
518 5267 615 5324 sed
667 5263 925 5336 palmaris
975 5259 1090 5325 illa,
1145 5257 1269 5327 quia
1319 5270 1422 5310 nec
1472 5254 1588 5324 ipse
1631 5269 1727 5308 ore
1759 5268 1859 5308 suo

282 5378 500 5433 nsquam
526 5376 588 5416 se
608 5359 807 5414 fatetur
828 5363 1031 5426 patrem
1059 5350 1278 5413 habere,
1309 5357 1400 5402 aut
1418 5361 1585 5417 genus
1609 5345 1858 5400 interra:

277 5454 366 5508 sed
389 5463 647 5516 econtra,
676 5448 797 5519 quia
821 5461 926 5502 non
955 5444 1023 5500 sit
1047 5443 1115 5498 de
1140 5440 1244 5496 hoc
1267 5436 1487 5502 mundo,
1514 5437 1636 5507 quia
1659 5452 1686 5489 a
1705 5436 1862 5490 Patre

282 5546 388 5602 Deo
415 5543 764 5616 processerit,
795 5539 918 5610 quia
940 5532 1280 5592 descenderit
1317 5531 1386 5588 de
1414 5529 1572 5596 cudo,
1603 5528 1726 5598 quia
1753 5541 1862 5582 non

283 5637 380 5692 sibi
404 5637 512 5692 sint
536 5643 711 5690 mater
736 5640 790 5686 et
807 5630 1019 5694 fratres,
1043 5625 1142 5680 nisi
1172 5623 1260 5694 qui
1288 5621 1512 5679 fecerint
1534 5619 1862 5675 voluntatem

284 5729 451 5784 Patris
472 5727 577 5793 sui,
595 5725 690 5796 qui
711 5724 763 5778 in
790 5721 939 5777 cmlis
965 5725 1069 5773 est.
1098 5714 1179 5771 Ad
1207 5713 1343 5780 haec,
1372 5712 1444 5766 illi
1464 5710 1563 5780 ipsi
1584 5712 1672 5780 qui
1701 5707 1794 5762 has
1813 5708 1864 5763 ei

282 5820 618 5894 genealogias
636 5815 930 5883 ascribunt,
969 5825 1074 5870 non
1100 5824 1224 5867 eum
1272 5819 1396 5866 ante
1424 5805 1868 5890 nativiuitemco.

1962 5064 2214 5138 gnovisse
2241 5057 2484 5118 videntur
2509 5073 2521 5109 :
2546 5054 2638 5110 sed
2661 5069 2835 5126 neque
2860 5054 3039 5108 statim
3066 5061 3124 5108 ut
3144 5059 3298 5106 natus
3317 5059 3420 5117 est,
3443 5068 3553 5121 quo

1963 5153 2310 5212 crederentur
2334 5163 2396 5208 ea
2441 5145 2741 5216 scripsisse,
2785 5160 2904 5214 qua:
2927 5159 3050 5214 erga
3076 5157 3199 5199 eum
3226 5141 3396 5197 oculis
3438 5146 3552 5198 suis

1965 5245 2198 5302 viderint
2221 5250 2398 5313 gesta;
2427 5238 2521 5294 sed
2553 5237 2734 5308 juveni
2782 5237 2892 5306 jam
2935 5243 2988 5290 et
3029 5241 3238 5290 maturo
3277 5234 3550 5304 conjuncti

1967 5346 2092 5395 sunt
2117 5336 2190 5400 ei,
2214 5333 2263 5387 id
2288 5340 2392 5394 est,
2424 5344 2686 5386 annorum
2729 5327 2897 5383 ferme
2923 5326 3133 5396 triginta
3167 5342 3180 5378 :
3204 5325 3465 5397 siquidem
3489 5337 3545 5384 et

1969 5438 2099 5484 aetas
2135 5422 2332 5480 ascribi
2362 5421 2555 5476 divinis
2594 5428 2766 5490 potest
2794 5419 2809 5450 ¹
2834 5418 2949 5472 sine
2992 5417 3340 5488 blasphemia.
3371 5419 3552 5486 Quare

1969 5534 2091 5576 cum
2137 5517 2189 5571 in
2219 5513 2362 5569 omni
2403 5510 2706 5566 testimonio
2739 5507 2977 5572 veritatis
3001 5507 3104 5563 hoc
3141 5523 3356 5582 semper
3382 5511 3554 5580 quaeri

1972 5609 2161 5675 soleat,
2189 5616 2438 5661 utrumne
2479 5601 2597 5671 quis
2636 5597 2880 5665 audierit,
2915 5613 2983 5654 an
3026 5599 3250 5669 viderit;
3303 5603 3386 5656 isti
3422 5616 3550 5656 vero

2040 5809 2056 5840 ί
2078 5803 2195 5879 Sola
2221 5815 2284 5852 ex
2307 5798 2532 5874 omnibus
2552 5797 2926 5851 Amerbacbiana
2958 5800 3126 5864 editio,
3147 5813 3240 5852 non
3260 5803 3427 5875 potest.
