4016 6444
500 349 609 405 939

505 479 605 519 nec
652 460 864 518 audisse
908 474 965 515 se
1020 459 1283 515 fateantur
1324 459 1394 514 ab
1420 459 1534 527 ipso
1560 454 1918 527 generationis
1944 453 2087 507 hunc

501 553 768 619 ordinem,
795 559 887 606 aut
909 550 1030 621 quia
1058 548 1277 605 omnino
1300 547 1369 602 sit
1393 555 1577 611 natus;
1610 558 1710 600 nec
1736 543 1936 599 vidisse
1957 558 2085 597 ocu-

504 648 588 711 lis,
618 647 738 718 quia
772 646 929 715 longo
956 651 1079 714 post
1104 649 1361 711 tempore,
1392 638 1442 693 id
1469 647 1580 702 est,
1615 648 1733 709 post
1754 637 2086 707 Baptismum

501 737 850 809 cognoverint
871 750 992 790 eum
1026 752 1038 787 :
1073 731 1201 786 mihi
1222 738 1276 785 et
1308 728 1451 783 omni
1479 738 1626 783 recte
1663 726 1944 797 judicanti,
1977 734 2083 780 tam

504 830 725 884 stultum
771 826 980 880 videtur
1007 823 1109 877 hoc
1133 820 1375 886 credere,
1406 834 1564 889 quam
1591 818 1636 873 si
1662 819 1782 889 quis
1805 833 2004 872 caecum
2034 824 2087 871 et

507 919 728 975 surdum
752 926 940 973 testem
970 914 1023 970 in
1046 912 1301 983 judicium
1329 921 1503 966 vocet.

573 1008 797 1065 CAPUT
826 1006 889 1061 ll.
920 1004 1342 1060 -—Aucus'rt.vus
1385 1000 1658 1072 respondit
1699 1016 1714 1052 :
1751 999 1917 1067 Quam
1958 998 2088 1053 dicit

505 1102 793 1169 palmarem
846 1109 1086 1161 causam,
1132 1108 1229 1149 cur
1280 1108 1387 1148 non
1440 1092 1670 1163 accipiat
1722 1091 2084 1161 genealogiam

502 1194 625 1248 .lesu
677 1188 898 1254 Christi,
941 1187 1013 1242 ibi
1057 1185 1393 1257 apertissime
1433 1185 1605 1239 victus
1646 1182 1963 1248 ostenditur,
2006 1183 2087 1238 le-

503 1283 744 1351 gentibus
767 1294 887 1351 quae
908 1292 1067 1348 supra
1105 1277 1338 1332 diximus
1375 1276 1443 1331 de
1472 1276 1609 1330 Filio
1637 1275 1900 1340 hominis,
1945 1273 2086 1344 quod

501 1385 603 1427 tam
631 1371 824 1427 crebro
844 1385 904 1427 se
927 1368 1174 1425 Christus
1199 1382 1321 1424 esse
1352 1375 1574 1422 testatur
1594 1365 1805 1440 (Matth.
1831 1382 1943 1431 vm,
1965 1366 2084 1434 20),

498 1472 554 1520 et
578 1463 642 1517 de
667 1462 804 1517 Filio
828 1461 943 1527 Dei,
970 1459 1238 1531 quomodo
1268 1458 1408 1513 idem
1438 1458 1551 1527 ipse
1573 1458 1643 1512 sit
1668 1468 1720 1512 et
1745 1457 1885 1511 ﬁlius
1914 1457 2088 1512 homi-

501 1556 582 1608 nis
612 1552 723 1625 (Id.
752 1569 826 1618 ix,
854 1552 945 1623 6);
972 1550 1240 1622 quomodo
1267 1549 1561 1606 secundum
1606 1548 1941 1603 divinitatem
1979 1565 2084 1604 non

500 1647 695 1704 habeat
736 1660 904 1717 genus
934 1645 987 1699 iu
1016 1654 1154 1699 terra
1176 1684 1190 1709 ,
1222 1643 1512 1698 secundum
1558 1657 1772 1697 carnem
1819 1651 1992 1696 autent
2020 1642 2090 1696 sit

501 1758 565 1796 ex
593 1740 799 1795 semine
830 1737 1014 1802 David,
1064 1737 1203 1791 sicut
1248 1736 1538 1805 apostolica
1584 1736 1825 1791 doctrina
1866 1744 2090 1791 testatur

502 1833 680 1904 (Rom.
710 1848 748 1895 ι,
780 1833 831 1897 5,
857 1841 901 1885 et
930 1831 969 1885 ll
997 1831 1133 1885 Tim.
1162 1846 1221 1897 tt,
1249 1828 1326 1901 8).
1359 1829 1511 1885 Unde
1540 1837 1750 1899 oportet
1778 1845 1898 1884 eum
1942 1829 2088 1883 credi

505 1934 559 1979 et
581 1922 822 1994 intelligi,
867 1933 922 1978 et
964 1938 993 1976 a
1038 1922 1196 1977 Patre
1225 1921 1398 1976 exisse
1424 1919 1602 1978 (Joan.
1629 1936 1739 1986 xvt,
1767 1919 1838 1975 28
1863 1918 1914 1992 ),
1943 1928 1998 1975 et
2021 1919 2090 1975 de

503 2015 643 2071 caelo
665 2014 873 2069 venisse
902 2013 1010 2085 (Id.
1040 2028 1114 2078 vi,
1140 2011 1265 2083 4t),
1310 2021 1364 2065 et
1394 2010 1478 2065 hic
1501 2020 1676 2065 tamen
1708 2010 1942 2066 Verbum
1974 2025 2091 2065 car-

505 2122 625 2163 uem
650 2106 842 2160 factum
871 2105 1007 2158 inter
1036 2103 1282 2158 homines
1305 2102 1571 2157 habitasse
1599 2100 1711 2173 (Id.
1735 2118 1773 2168 t,
1798 2099 1908 2173 14).
1938 2101 2090 2171 Quod

501 2198 546 2254 si
577 2205 855 2267 propterea
886 2202 1074 2265 putant
1099 2210 1220 2249 eum
1272 2209 1377 2249 non
1426 2193 1678 2249 habuisse
1716 2194 1768 2247 in
1792 2201 1936 2249 terra
1980 2209 2090 2248 ma-

503 2299 638 2344 trem
667 2286 753 2343 vel
793 2301 981 2357 genus,
1011 2286 1133 2357 quia
1160 2284 1314 2351 dixit,
1362 2285 1492 2350 Qua:
1524 2285 1649 2339 mihi
1688 2294 1867 2352 mater,
1899 2285 1974 2339 vel
1999 2286 2090 2352 qui

501 2385 686 2452 fratres
712 2377 922 2449 (Matth.
952 2394 1048 2445 xu,
1079 2377 1217 2448 48)?
1251 2387 1495 2447 superest
1521 2386 1576 2431 ut
1614 2378 1774 2432 etiam
1802 2376 2091 2445 discipulos

500 2476 639 2545 ejus,
693 2474 886 2544 quibus
934 2471 1037 2527 hoc
1073 2470 1376 2540 exemplum
1407 2470 1459 2524 in
1507 2485 1565 2525 se
1608 2470 1723 2540 ipse
1757 2469 2002 2539 prmbuit,
2037 2478 2093 2524 ut

503 2567 697 2633 terreni
723 2564 942 2636 generis
969 2560 1419 2620 necessitudinem
1464 2568 1681 2631 prepter
1716 2575 1940 2631 regnum
1976 2575 2091 2616 etn-

501 2660 671 2714 lorum
702 2662 1127 2721 contemnerent,
1156 2652 1424 2707 afﬁrmem
1466 2667 1571 2706 non
1601 2652 1857 2708 habuisse
1888 2660 2086 2722 patres,

500 2751 622 2820 quia
643 2749 777 2804 dixit
806 2748 905 2812 eis,
954 2745 1039 2800 Ne
1082 2745 1220 2800 vobis
1248 2744 1432 2799 dicatis
1454 2752 1649 2815 patrem
1671 2744 1723 2797 in
1749 2754 1882 2798 terra
1906 2760 1925 2809 ;
1956 2761 2090 2798 unus

448 2900 451 2901 ν
501 2841 633 2894 enim
659 2849 731 2893 est
761 2838 919 2893 Pater
941 2846 1098 2891 vester
1136 2834 1276 2890 Deus
1308 2833 1328 2908 (
1356 2834 1440 2887 Id.
1468 2850 1625 2901 χχιιι,
1654 2833 1752 2906 9).
1786 2833 1934 2903 Quod
1962 2850 2091 2905 ergo

500 2934 631 2988 istos
659 2932 724 2987 de
749 2931 989 3001 patribus
1017 2929 1217 2996 docuit,
1243 2929 1345 2983 hoc
1371 2929 1482 2999 ipse
1509 2928 1577 2983 de
1608 2937 1776 2983 matre
1820 2937 1873 2983 et
1903 2929 2082 2983 fratri-

500 3025 602 3080 bus
648 3024 793 3093 prior
835 3021 1003 3076 fecit:
1037 3021 1173 3076 sicut
1211 3030 1266 3076 et
1318 3020 1416 3073 alia
1466 3019 1652 3083 multa,
1702 3020 1756 3074 in
1803 3020 1992 3090 quibus
2031 3035 2091 3076 se

504 3118 677 3184 nobis,
708 3128 767 3171 ut
805 3130 927 3170 eum
958 3114 1308 3181 imitaremur,
1331 3113 1594 3183 praebere,
1625 3121 1700 3179 et,
1732 3121 1789 3167 ut
1832 3129 2089 3184 sequere-

502 3224 641 3274 mur,
666 3207 854 3278 prazire
882 3206 1127 3277 dignatus
1170 3215 1271 3261 est.
1301 3206 1634 3275 Quapropter
1673 3205 1771 3259 iste
1794 3205 1882 3274 qui
1930 3206 1981 3258 in
2024 3220 2090 3260 eo

504 3301 645 3371 quod
692 3309 860 3370 putat,
891 3300 1123 3370 palmare
1150 3298 1227 3353 sic
1254 3297 1503 3364 vincitur,
1534 3312 1692 3366 quam
1727 3296 1900 3366 jaceat
1922 3305 1977 3351 et
2004 3297 2089 3350 itt-

502 3391 744 3445 volvatur
799 3389 851 3445 itt
908 3387 1116 3445 caeteris
1159 3386 1685 3442 animadvertendum
1727 3392 1828 3441 est.
1884 3385 2090 3456 Quippe

502 3483 589 3551 qui
637 3489 915 3551 propterea
961 3478 1091 3533 dicit
1134 3476 1600 3555 non_credendum
1630 3491 1750 3531 esse
1794 3477 2086 3547 Apostolis,

501 3572 590 3642 qui
639 3571 754 3641 ejus
800 3586 905 3624 non
947 3569 1122 3624 solum
1166 3568 1421 3633 divinam,
1471 3567 1565 3623 sed
1608 3567 1767 3622 etiam
1798 3566 2085 3623 humanam

1332 344 1601 401 CONTRA
1644 339 1969 398 FAUSTUM
2013 337 2460 407 MANICIUEUM,
2501 339 2557 395 S.
2594 339 2962 396 AUGUSTINI

3676 336 3784 396 2M

2197 452 2522 507 nativitatem
2566 454 3029 520 annuntiaverunt,
3073 454 3193 524 quia
3233 462 3411 523 postea
3457 451 3637 523 juveni
3684 451 3787 507 ad-

2194 544 2484 611 hmseruut,
2500 554 2554 600 et
2579 561 2678 600 uec
2705 545 2952 601 viderunt
2979 561 3101 601 eum
3134 554 3334 609 natum,
3369 560 3466 601 nec
3495 560 3557 601 se
3594 545 3699 600 hoc
3722 544 3793 599 ab

2194 638 2283 692 illo
2312 637 2525 693 audisse
2566 638 2833 693 dixerunt.
2876 637 2982 692 Cur
3023 652 3150 708 ergo
3196 636 3420 693 credunt
3464 636 3655 692 Joauni
3701 636 3791 690 di-

2190 730 2353 797 centi,
2386 728 2447 783 In
2475 730 2722 801 principio
2761 739 2866 783 erat
2909 727 3139 793 Verbum,
3173 740 3218 784 et
3258 727 3470 783 Verbum
3507 738 3616 783 erat
3645 730 3790 799 apud

2192 821 2377 889 Deum,
2420 831 2465 876 et
2514 822 2649 877 Deus
2696 834 2803 876 erat
2856 821 3111 888 Verbum;
3159 823 3252 876 hoc
3280 831 3385 876 erat
3433 823 3488 876 in
3535 822 3791 894 principio

2190 916 2329 985 apud
2358 916 2555 981 Deum;
2585 917 2753 970 omnia
2802 933 2893 987 per
2931 917 3095 987 ipsum
3127 920 3261 986 facta
3286 924 3425 981 sunt,
3455 924 3500 968 et
3528 914 3635 968 sine
3674 914 3790 982 ipso

2192 1009 2381 1078 factum
2427 1018 2502 1062 est
2548 1008 2676 1062 nihil
2711 1008 2730 1078 (
2756 1007 2912 1061 Joan.
2946 1024 2983 1070 ι,
3019 1009 3117 1063 1-5
3142 1007 3181 1077 ),
3209 1015 3264 1061 et
3305 1016 3498 1061 caetera
3527 1020 3647 1075 qua:
3680 1004 3790 1057 iliis

2190 1101 2432 1172 quamvis
2480 1117 2586 1155 non
2628 1100 3047 1171 intelligentibus
3087 1109 3262 1155 tamen
3301 1098 3550 1169 placent?
3595 1097 3792 1152 Dicant

2192 1190 2281 1245 ubi
2315 1190 2418 1246 hoc
2447 1190 2679 1246 Joannes
2708 1191 2915 1255 viderit,
2946 1199 3038 1246 aut
3068 1190 3158 1245 ubi
3196 1205 3255 1246 se
3281 1190 3383 1244 hoc
3419 1189 3485 1244 ab
3529 1189 3646 1258 ipso
3684 1188 3793 1242 Do-

2193 1282 2338 1337 mino
2365 1281 2575 1337 audisse
2622 1282 2835 1337 dixerit.
2881 1282 3146 1352 Quidquid
3187 1282 3330 1336 enim
3358 1279 3609 1345 dixerint,
3644 1279 3791 1334 unde

2193 1373 2296 1430 hoc
2345 1374 2773 1429 Joannesscire
2811 1376 3075 1445 potuerit,
3128 1373 3251 1428 inde
3304 1372 3572 1427 credimus
3624 1371 3790 1425 ctiam

2192 1481 2380 1521 omnes
2418 1465 2825 1520 annuntiatores
2854 1465 3148 1519 nativitatis
3174 1463 3394 1529 Christi,
3443 1462 3494 1517 id
3515 1461 3656 1533 quod
3685 1476 3789 1516 an-

2192 1556 2567 1612 nuntiaverunt
2590 1556 2727 1611 scire
2749 1557 3000 1626 potuisse.
3033 1554 3236 1610 Deinde
3270 1570 3471 1624 quiem,
3502 1552 3642 1607 unde
3661 1566 3791 1607 cre-

2192 1653 2321 1708 dant
2364 1652 2562 1707 dixisse
2588 1651 2894 1717 Dominum,
2922 1650 3050 1717 Qum
3076 1649 3199 1703 milii
3224 1659 3401 1713 mater,
3432 1656 3519 1701 aut
3558 1647 3648 1717 qui
3676 1645 3790 1715 fras

2194 1755 2291 1799 tres
2315 1745 2341 1799 ?
2365 1744 2421 1799 Si
2462 1743 2583 1814 quia
2620 1745 2720 1798 hoc
2772 1741 3113 1812 Evangelista
3156 1740 3426 1807 narravit,
3456 1754 3555 1793 cur
3581 1738 3631 1792 ei
3676 1749 3790 1792 non

2192 1837 2423 1894 credunt
2446 1847 2501 1892 et
2542 1836 2691 1904 illud,
2717 1837 2849 1903 Quia
2901 1846 3074 1891 mater
3101 1836 3215 1903 ejus
3252 1843 3306 1889 et
3353 1833 3543 1889 fratres
3578 1847 3791 1902 qutureh

2192 1929 2320 1985 bant
2339 1944 2462 1985 eum
2490 1928 2705 1999 (Matth.
2728 1931 2824 1993 xii,
2854 1928 2944 1994 A8,
2968 1927 3097 1998 66)?
3118 1926 3172 1982 Si
3203 1936 3379 1980 autem
3408 1924 3509 1979 hoc
3528 1922 3792 1979 mentitus

2194 2029 2276 2075 est
2315 2018 2456 2090 quod
2494 2019 2682 2074 nolunt
2724 2018 2965 2081 credere,
2996 2017 3264 2088 quomodo
3298 2017 3345 2071 ei
3374 2014 3599 2071 credunt
3626 2013 3787 2067 Chri-

2194 2120 2334 2165 stum
2356 2108 2557 2164 dixisse
2586 2107 2727 2179 quod
2758 2108 2949 2162 nolunt
2974 2106 3308 2177 intelligere?
3335 2104 3533 2161 Deinde
3557 2104 3602 2159 si
3627 2102 3795 2159 Chri-

2196 2209 2335 2257 stum
2365 2211 2569 2268 natum,
2614 2202 2734 2271 quia
2754 2200 2865 2270 jatn
2902 2199 3083 2271 juveni
3131 2198 3448 2263 adltzcserat,
3481 2210 3583 2250 non
3614 2194 3795 2265 potuit

2197 2307 2357 2349 nesse
2384 2293 2682 2358 Matthaeus,
2712 2292 2855 2348 unde
2903 2292 3073 2362 potuit
3111 2291 3382 2346 Christum
3422 2303 3527 2344 non
3573 2298 3788 2352 natum,

2195 2395 2318 2458 post
2344 2396 2420 2442 tot
2446 2401 2615 2442 annos
2640 2394 2795 2440 natus
2824 2399 2984 2440 nosse
3009 2381 3369 2438 Manichacus?
3394 2379 3591 2436 Dicturi
3619 2388 3745 2434 sunt
3771 2396 3790 2432 :

2192 2478 2419 2550 Spiritus
2461 2488 2676 2533 sanctus
2724 2477 2826 2532 hoc
2860 2477 3062 2532 sciebat
3105 2475 3193 2546 qui
3232 2485 3345 2529 erat
3374 2474 3425 2529 in
3470 2471 3790 2527 Manichato.

2194 2570 2285 2626 llle
2313 2584 2442 2626 sane
2475 2572 2519 2625 si
2548 2570 2774 2639 Spiritus
2801 2576 3015 2624 sanctus
3039 2576 3214 2631 esset,
3243 2580 3366 2620 vera
3408 2564 3645 2618 dixisset.
3678 2561 3793 2617 Sed

2194 2677 2290 2717 cur
2333 2676 2441 2717 non
2487 2661 2659 2732 potius
2686 2659 2751 2715 de
2771 2659 2985 2715 Christo
3028 2656 3299 2727 discipulis
3336 2655 3471 2727 ejus,
3498 2654 3587 2724 qui
3622 2652 3792 2707 etiam

2194 2753 2541 2824 corporaliter
2562 2753 2611 2808 ei
2638 2751 2997 2817 adhmserunt,
3030 2748 3330 2816 credimus;
3360 2746 3449 2816 qui
3480 2759 3584 2800 non
3610 2744 3792 2800 solum

2194 2859 2291 2916 per
2329 2844 2584 2915 Spiritum
2615 2852 2857 2899 sanctum
2898 2842 2967 2897 ab
3008 2842 3121 2911 ipso
3160 2840 3482 2909 impertitum
3518 2838 3653 2892 scire
3685 2850 3795 2905 po-

2195 2947 2428 3005 tuerunt,
2458 2938 2503 2992 si
2547 2936 2672 3006 quid
2717 2937 2904 2992 lateret
2952 2935 3003 2989 in
3046 2934 3206 2990 rebus
3238 2934 3508 2999 humanis,
3551 2930 3645 2985 sed
3676 2940 3794 2985 tam

2194 3031 2395 3086 recenti
2436 3038 2489 3085 et
2539 3029 2788 3099 pra-senti
2836 3027 3115 3094 memoria,
3165 3027 3326 3082 etiam
3380 3024 3494 3079 solo
3551 3023 3795 3078 humano

2193 3136 2375 3184 sensu,
2406 3136 2574 3191 genus
2599 3120 2799 3175 Christi
2827 3118 3120 3175 secundum
3152 3132 3367 3173 carnem
3396 3126 3448 3171 et
3479 3124 3641 3169 totam
3670 3113 3795 3168 ori-

2191 3212 2369 3283 ginem
2394 3202 2759 3281 collegerunt?
2782 3212 2846 3265 Et
2887 3219 3065 3265 tamen
3091 3207 3219 3264 cmci
3247 3218 3298 3263 et
3329 3206 3475 3262 surdi
3511 3213 3674 3259 testes
3699 3203 3795 3258 di-

2193 3313 2388 3359 euutur
2412 3303 2674 3374 Apostoli.
2712 3303 2919 3359 Utinam
2953 3312 3005 3357 tu
3032 3318 3136 3357 non
3170 3309 3371 3355 tantum
3393 3313 3564 3354 caecus
3580 3308 3634 3353 ct
3662 3310 3793 3350 sur-

2193 3397 2293 3453 dus
2323 3397 2534 3464 fuisses,
2583 3413 2651 3453 ne
2699 3406 2804 3451 tam
2827 3412 2959 3451 vana
2988 3406 3039 3451 et
3084 3396 3340 3465 sacrilega
3387 3392 3655 3458 discercs;
3689 3389 3793 3445 sed

2193 3490 2355 3545 etiam
2386 3498 2583 3555 mutus,
2613 3504 2681 3544 ne
2710 3489 2831 3543 talia
2853 3487 3091 3543 diceres!

1482 3773 1956 3901 LIBER
2036 3775 2811 3886 OCTAVUS.

582 4052 810 4111 CAPUT
852 4048 1136 4107 PRIMUM.
1177 4078 1247 4090 —
1290 4048 1532 4103 Fausrus
1552 4046 1682 4101 dixit
1721 4064 1733 4099 :
1767 4047 1941 4113 Quare
1985 4065 2091 4103 non

506 4144 702 4215 accipis
751 4142 1154 4199 Testamentum
1205 4137 1403 4192 Vetus?
1447 4136 1580 4202 Quia
1640 4136 1747 4205 jam
1790 4150 2095 4208 praeventus

505 4252 625 4291 sum
666 4235 814 4291 Novo
856 4253 869 4289 :
901 4232 1066 4288 veteri
1109 4239 1283 4284 autem
1311 4237 1366 4284 et
1405 4243 1546 4282 novo
1583 4243 1690 4284 non
1734 4231 2001 4297 convenit,
2038 4239 2096 4285 ut

506 4329 780 4399 Scriptura
832 4335 1077 4384 testatur.
1133 4323 1289 4388 Nam,
1339 4321 1601 4387 Parmam,
1654 4321 1857 4391 inquit,
1913 4338 2095 4376 novum

508 4438 654 4476 nemo
678 4421 833 4475 assuit
876 4418 1167 4473 vestimento
1195 4415 1367 4481 veteri,
1415 4414 1638 4483 alioquin
1677 4414 1842 4483 major
1878 4414 2097 4468 scissura

509 4514 594 4583 ﬁet
623 4509 830 4584 (Matth.
854 4526 930 4577 ιι,
950 4511 1039 4575 16,
1070 4518 1114 4562 ει
1143 4505 1272 4562 Luc.
1303 4520 1357 4570 v,
1376 4500 1489 4573 56).
1514 4502 1646 4571 Quia
1672 4518 1798 4572 ergo
1815 4506 2091 4574 majorem,

508 4603 665 4659 sicuti
690 4615 805 4667 vos,
830 4600 1115 4655 scissuram
1142 4596 1315 4650 facere
1332 4609 1525 4660 caveo,
1552 4592 1909 4648 Christianam
1941 4594 2095 4649 novi-

505 4703 674 4749 tatem
715 4690 993 4746 Hebraicaa
1040 4688 1289 4743 vetustati
1341 4702 1445 4741 non
1482 4685 1683 4741 misceo
1714 4687 1753 4739 ί.
1785 4685 1917 4753 Quis
1954 4687 2099 4741 enim

512 4802 619 4842 non
647 4784 807 4839 etiam
854 4780 1125 4837 sordidum
1152 4777 1375 4851 judicet,
1415 4778 1566 4833 novis
1606 4778 1842 4832 vestibus
1878 4777 2094 4847 indutis,

508 4892 618 4933 non
667 4875 869 4930 donare
912 4871 1249 4928 inferioribus
1291 4880 1471 4925 vetera
1501 4868 1562 4923 '?
1592 4870 1953 4941 Quapropter,
2000 4885 2099 4941 ego

511 4966 723 5023 etiamsi
739 4973 897 5020 natus
917 4977 1090 5019 essem
1130 4961 1368 5025 Iudaeus,
1398 4967 1457 5014 ut
1486 4958 1697 5014 fuerunt
1723 4958 1985 5028 Apostoli,
2018 4958 2099 5014 di-

510 5073 676 5130 gnum
723 5069 899 5112 tamen
948 5061 1064 5109 erat
1108 5068 1216 5119 me,
1253 5050 1408 5106 Novo
1454 5057 1673 5119 accepto
1718 5047 2095 5118 Testamento,

511 5148 682 5205 Vetus
700 5145 1004 5217 repudiare,
1024 5153 1080 5198 ut
1099 5141 1336 5197 fecerunt
1365 5140 1486 5210 ipsi.
1513 5139 1664 5195 Nunc
1674 5154 1802 5194 vero
1816 5148 1869 5195 et
1896 5149 2100 5196 natura;

515 5234 782 5292 beneﬁcio
808 5242 1127 5290 consecutus
1174 5240 1233 5286 ut
1270 5231 1370 5285 sub
1413 5230 1682 5285 servitutis
1706 5230 1835 5301 jugo
1862 5245 1965 5285 non
2005 5246 2099 5285 na-

509 5342 712 5392 scerer,
765 5335 820 5381 et
867 5324 1080 5379 Christo
1130 5321 1260 5377 mihi
1321 5320 1563 5392 protinus
1614 5331 1931 5377 occurrente
1976 5337 2099 5377 cum

512 5416 675 5476 Dleno
697 5429 918 5470 munere
948 5415 1242 5479 libertatis;
1270 5428 1427 5482 quam
1448 5413 1610 5467 miser
1636 5422 1689 5468 ct
1719 5414 1908 5468 stultus
1935 5422 1989 5468 et
2014 5415 2097 5468 in-

512 5524 676 5580 super
716 5508 953 5578 ingratus
988 5522 1101 5573 ero,
1151 5506 1198 5563 si
1251 5522 1339 5562 me
1365 5506 1503 5561 ultra
1535 5506 1790 5561 addixero
1819 5506 2099 5563 servituti?

581 5620 599 5651 ί
636 5616 742 5668 Sola
765 5614 873 5685 fere
897 5614 1045 5685 editio
1067 5623 1199 5676 Lov.,
1220 5618 1362 5685 sicuti
1399 5631 1477 5668 vos
1506 5616 1655 5685 scitis.
1686 5615 1951 5685 scissuram
1968 5618 2099 5681 face-

514 5685 605 5750 ret,
628 5690 770 5729 caveo
803 5674 1128 5728 Christianam
1158 5674 1412 5731 novitatem
1440 5674 1692 5733 Hebratcw
1735 5681 1951 5733 vetustati
1968 5674 2100 5731 'com-

515 5752 735 5791 noscere.

581 5806 601 5835 ί
636 5801 764 5867 Apud
782 5806 855 5851 Er.
878 5799 1045 5864 Lugd.,
1068 5806 1260 5853 veteres.
1359 5808 1415 5852 at.

2199 4050 2405 4121 Quippe
2424 4050 2619 4105 Paulus
2650 4049 2769 4105 inde
2790 4047 3003 4105 Galatas
3029 4043 3224 4117 arguit,
3255 4044 3396 4117 quod
3433 4046 3484 4099 in
3508 4038 3799 4100 circumci-

2199 4144 2403 4198 sionem
2433 4142 2754 4209 relabentes,
2793 4138 2858 4196 ad
2911 4143 3117 4196 inlirtua
3167 4139 3484 4210 repedareut
3519 4148 3571 4193 et
3620 4152 3797 4207 egena

2198 4233 2482 4300 elementa,
2505 4232 2695 4302 quibus
2715 4232 2888 4287 denuo
2908 4231 3109 4287 servire
3134 4230 3329 4284 vellent
3354 4227 3545 4301 (Galat.
3581 4244 3629 4281 tv
3645 4238 3691 4280 et
3712 4225 3797 4296 v).

2201 4323 2478 4392 Quomodo
2505 4339 2632 4393 ergo
2653 4323 2705 4378 id
2735 4339 2832 4393 ego
2848 4323 3145 4385 admittant,
3184 4322 3235 4375 in
3263 4336 3367 4391 quo
3392 4320 3553 4373 alium
3579 4317 3802 4372 videam

2201 4415 2557 4486 reprehendi?
2583 4416 2763 4487 Turpe
2790 4424 2872 4471 est
2896 4415 3070 4471 redire
3104 4414 3157 4469 in
3184 4412 3517 4478 servitutem,
3545 4409 3639 4465 sed
3670 4419 3800 4463 tur-

2201 4507 2319 4578 pius
2344 4508 2441 4562 ire.

2272 4597 2498 4656 CAPUT
2537 4598 2601 4654 ll.
2629 4628 2702 4639 -—
2724 4599 3058 4655 Ancusrnvus
3079 4596 3354 4667 respondit
3378 4613 3389 4649 :
3418 4595 3535 4650 Jam
3562 4592 3792 4663 quidem

2202 4692 2332 4748 satis
2360 4691 2601 4761 superius
2635 4690 2968 4746 ostendimus
2987 4732 3002 4758 ,
3020 4704 3185 4759 quare
3207 4695 3262 4743 et
3304 4686 3573 4758 quomodo
3602 4697 3805 4742 tenea—

2203 4799 2324 4839 mus
2359 4782 2725 4838 auctoritatem
2770 4780 2979 4836 Veteris
3043 4780 3370 4836 Testamenti
3397 4822 3412 4847 ,
3455 4795 3560 4833 non
3596 4776 3660 4832 ad
3690 4773 3807 4833 Ju-

2205 4875 2370 4930 daica:
2410 4873 2685 4930 servitutis
2710 4872 3094 4939 imitationem,
3141 4871 3236 4926 sed
3277 4870 3343 4925 ad
3372 4870 3689 4926 Christianae
3730 4868 3807 4921 li-

2203 4966 2425 5024 bertatis
2453 4965 2900 5021 testificationem.
2928 4964 3111 5033 Neque
3144 4964 3286 5017 enim
3328 4977 3442 5017 mea
3469 5003 3485 5027 ,
3518 4960 3612 5016 sed
3639 4961 3804 5027 Apo-

2205 5058 2328 5115 stoli
2353 5073 2454 5112 vox
2486 5065 2603 5121 est,
2648 5056 2781 5124 Quia
2811 5055 2979 5109 omnia
3017 5055 3123 5108 lucc
3148 5054 3199 5107 in
3227 5054 3396 5125 ﬁgura
3435 5052 3807 5121 contingebant

2203 5152 2346 5217 illis;
2371 5149 2561 5219 scripta
2586 5156 2753 5203 autem
2782 5155 2899 5202 sunt
2924 5155 3128 5216 propter
3155 5162 3247 5199 nos
3267 5185 3283 5211 ,
3320 5145 3374 5197 in
3400 5160 3525 5213 quos
3552 5142 3670 5211 ﬁnis
3700 5155 3807 5194 sae-

2201 5244 2435 5297 culorum
2458 5240 2653 5295 obvenit
2682 5240 2724 5310 (Ι
2754 5239 2873 5295 Cor.
2917 5255 2991 5302 ι,
3042 5237 3156 5309 ll).
3203 5238 3540 5307 Quapropter
3583 5249 3689 5288 non
3734 5234 3806 5289 in

2208 5334 2463 5390 servitute
2492 5333 2715 5389 facimus
2741 5348 2860 5402 quae
2882 5331 3031 5400 jussa
3061 5339 3185 5385 sunt
3213 5330 3277 5384 ad
3306 5344 3403 5383 nos
3430 5327 3806 5398 praenuntian-

2201 5428 2321 5493 dos,
2348 5427 2442 5483 sed
2468 5426 2521 5481 in
2553 5426 2798 5481 libertate
2824 5424 3049 5493 legimus
3076 5438 3193 5493 qua:
3221 5423 3417 5491 scripta
3449 5427 3573 5475 sunt
3597 5417 3663 5473 ad
3692 5433 3806 5474 nos

2202 5516 2617 5575 conﬁrmandos.
2665 5516 2794 5584 Quis
2835 5515 3011 5585 itaque
3036 5515 3145 5584 jam
3176 5528 3279 5567 non
3307 5512 3603 5581 intelligat,
3646 5510 3805 5567 unde

2203 5610 2418 5667 Galatas
2443 5616 2659 5663 revocat
2685 5606 2972 5677 Apostolus
2991 5648 3006 5672 ,
3038 5622 3145 5660 non
3183 5603 3432 5675 religiose
3455 5602 3798 5672 Scripturam

2203 5699 2629 5758 circumcisionis
2673 5698 2927 5766 legentes,
2976 5695 3071 5752 sed
3108 5696 3217 5767 jam
3263 5693 3631 5764 superstitiose
3680 5695 3799 5748 circ

2206 5790 2436 5849 cumcidi
2476 5790 2714 5847 volentes
2737 5786 2934 5861 (Galat.
2963 5802 3015 5845 tv
3043 5797 3089 5846 et
3120 5788 3215 5860 v)?
3241 5785 3397 5847 Unde
3422 5800 3527 5843 non
3554 5800 3800 5856 pannum
