4016 6444
229 377 336 434 ιιι

241 504 422 550 novum
448 487 974 545 vestimentoveteri
1011 484 1314 548 assuimus;
1345 480 1437 538 sed
1468 479 1741 537 erudimur
1767 484 1820 535 in

243 595 394 654 regno
411 579 705 644 caelorum,
729 579 800 633 ad
818 575 1224 634 similitudinem
1247 574 1388 629 illius
1410 572 1826 644 patrisfamilias,

241 687 388 745 quem
430 677 836 726 commemorat
884 667 1141 723 Dominus
1187 664 1547 736 proferentem
1591 662 1660 717 de
1719 662 1834 717 the-

242 779 390 822 sauro
419 778 521 820 suo
550 778 692 818 nova
723 771 781 818 et
808 771 988 818 vetera
1009 759 1222 832 (Matth.
1245 775 1360 825 xm,
1389 757 1501 827 5'2).
1531 757 1626 812 llle
1654 765 1831 812 autem

241 853 402 920 δεδιιῇ
431 867 674 924 pannum
705 866 902 908 novum
942 851 1263 907 vestimento
1290 849 1496 916 veteri,
1527 847 1617 918 qui
1657 846 1835 900 conti-

241 945 471 1000 nentiam
497 944 616 998 vult
648 943 849 998 habere
867 942 1216 1012 spiritualem,
1249 938 1564 1014 etinondum
1589 937 1837 1008 deposuit

239 1053 380 1107 spem
419 1036 720 1092 carnalem.
761 1034 897 1090 Nam
925 1035 1086 1105 legite
1115 1020 1432 1104 diligenter,
1465 1041 1520 1088 et
1551 1031 1726 1086 videte
1767 1029 1836 1086 dc

238 1128 440 1200 jejunio
468 1127 761 1184 Dominum
805 1127 1188 1197 interrogatum
1208 1168 1224 1194 ,
1255 1124 1599 1196 respondisse
1622 1164 1638 1190 ,
1671 1121 1834 1181 Nemo.

237 1223 393 1275 assuit
439 1237 672 1292 pannum
709 1235 897 1275 novum
937 1221 1230 1274 vestimento
1268 1219 1423 1274 veteri
1455 1217 1565 1293 (1d.
1600 1234 1682 1284 Ix,
1717 1217 1833 1287 l6).

239 1313 427 1370 Adhuc
455 1314 604 1369 enim
634 1313 882 1384 discipuli
905 1313 1189 1368 Dominum
1209 1312 1493 1372 camaliter
1518 1310 1831 1382 diligebant,

240 1405 684 1476 quandoquidem
713 1406 874 1462 etiam
914 1405 1248 1467 neoccisum
1278 1405 1616 1471 amitterent,
1652 1403 1836 1458 formi-

238 1496 459 1550 dabant.
491 1495 650 1552 Unde
680 1496 898 1558 Petrunt
923 1505 1266 1559 revocantem
1297 1511 1356 1554 se
1382 1511 1412 1549 a
1443 1495 1711 1566 passione.
1743 1509 1832 1549 sa-

237 1599 413 1643 tanam
442 1587 702 1658 appellat,
726 1587 869 1666 quod
898 1605 1000 1644 non
1029 1596 1244 1659 saperet
1269 1603 1388 1658 qua:
1415 1588 1508 1643 Dei
1544 1595 1705 1652 sunt,
1734 1586 1829 1641 scd

238 1693 352 1748 quzc
377 1678 663 1741 hominum
692 1678 804 1749 (Id.
833 1695 940 1745 xvr,
971 1677 1086 1751 23),.
1121 1677 1350 1743 Proinde
1377 1677 1635 1738 attendite
1661 1678 1714 1732 in
1744 1677 1838 1739 illa

244 1769 522 1845 phantasia
547 1777 727 1825 vestra
754 1770 822 1827 de
847 1785 1012 1842 regno
1041 1771 1154 1838 Dei,
1185 1770 1327 1826 unde
1357 1771 1510 1826 istam
1543 1771 1717 1833 lucem
1747 1785 1834 1825 so-

241 1863 306 1917 lis
350 1863 500 1918 carni
547 1865 899 1935 conspicuam
943 1873 1194 1935 tanquam
1231 1863 1298 1920 ad
1339 1863 1641 1934 exemplum
1681 1863 1835 1919 vobis

241 1954 570 2033 propositam
601 1956 823 2028 diligitis
849 1965 904 2012 et
927 1956 1183 2022 adoratis,
1208 1972 1365 2028 quam
1392 1957 1660 2018 carnalem
1681 1971 1832 2027 spem

1539 403 1544 408 -
1625 364 1826 422 LIBER
1873 364 2117 424 NONUS.

3428 369 3540 422 2H.
3551 407 3568 418 .

1931 478 2126 551 geratis
2165 498 2179 536 :
2213 488 2267 537 et
2296 480 2577 539 invenietis
2617 481 2820 554 jejunia
2855 488 3033 538 vestra
3079 482 3353 562 quomodo
3398 500 3528 555 prn-

1937 571 2134 628 d‘entiaa
2158 573 2360 640 carnis,
2386 583 2636 644 tanquam
2669 574 2992 630 vestimento
3019 574 3188 628 veteri
3215 582 3522 630 assuantur.

1941 662 2322 720 Verumtamen
2353 681 2474 720 cum
2521 680 2726 735 pannus
2772 680 2943 720 novus
2985 666 3310 722 vestimento
3353 667 3526 722 veteri

1943 769 2050 808 non
2075 755 2387 821 conveniat,
2419 755 2560 810 unde
2593 763 2881 826 potuerunt
2910 756 3242 827 principibus
3279 757 3524 812 tenebra-

1943 860 2059 899 rum
2083 845 2319 901 membra
2349 847 2440 900 Dei
2471 849 2655 915 vestri,
2688 863 2792 902 non
2822 848 3071 918 adjuncta
3096 857 3258 919 atque
3282 858 3528 917 eonsuta,

1944 936 2058 1002 sed,
2079 935 2218 1007 quod
2269 945 2352 992 est
2397 937 2798 1004 vehementius,
2850 939 3136 994 commixta
3186 949 3239 995 et
3282 950 3533 996 concreta

1941 1028 2256 1085 coltzerere?
2295 1031 2376 1084 An
2417 1039 2703 1100 utrumque
2741 1040 2896 1088 vetus
2943 1042 3062 1100 est,
3093 1033 3215 1104 quia
3248 1043 3536 1103 utrumque

1943 1119 2132 1183 falsum
2155 1161 2170 1186 ,
2211 1129 2266 1177 et
2299 1131 2584 1192 utrumque
2624 1121 2691 1178 de
2730 1123 3010 1193 prudentia
3051 1125 3226 1180 carnis
3255 1126 3381 1180 est?
3419 1124 3536 1181 Nisi

1941 1211 2078 1270 forte
2106 1211 2229 1273 inde
2249 1206 2412 1268 vultis
2431 1214 2662 1284 probare
2683 1231 2845 1271 unum
2867 1215 3031 1272 fuisse
3051 1233 3270 1282 novum,
3296 1218 3530 1274 alterum

1945 1314 2135 1371 vetus,
2172 1306 2295 1376 quia
2325 1306 2497 1376 major
2522 1307 2754 1362 scissura
2784 1307 2924 1363 facta
2952 1319 3034 1364 est
3059 1327 3073 1375 ;
3117 1319 3174 1365 ut
3214 1309 3534 1366 miserabilis

1943 1413 2151 1466 pannus
2175 1397 2243 1453 de
2271 1413 2440 1468 regno
2468 1398 2603 1454 lucis
2640 1399 3067 1465 abscinderetur,
3105 1410 3160 1455 et
3197 1401 3356 1471 globo
3386 1411 3523 1455 tene-

1943 1487 2162 1542 brarum
2203 1496 2403 1544 aeterna
2437 1503 2595 1559 pceua
2623 1488 3002 1561 configeretur.
3036 1491 3103 1545 Et
3130 1502 3305 1546 tamen
3345 1501 3536 1562 argute

1940 1579 2040 1634 sibi
2071 1578 2278 1640 videtur
2299 1579 2442 1641 velut
2468 1594 2564 1635 acu
2592 1580 2786 1650 lingua:
2816 1581 3114 1635 divinarum
3138 1582 3534 1653 Scripturarum

1941 1668 2278 1728 firmamenta
2305 1684 2669 1742 compungere
2701 1671 2718 1702 ¹
2747 1714 2762 1738 ,
2807 1672 2992 1726 talium
3028 1670 3327 1730 fabularum
3361 1671 3535 1728 sordi-

1941 1760 2042 1817 bus
2065 1771 2273 1830 sartor,
2301 1771 2394 1817 aut
2421 1762 2699 1826 mendicus
2728 1763 2965 1825 indutor.
3039 1795 3042 1798 ~

2007 1963 2024 1995 ⁸
2050 1962 2124 2012 Sic
2141 1969 2246 2016 Am.
2267 1969 2322 2014 et
2339 1967 2448 2013 Mss.
2476 1967 2534 2014 At.
2551 1967 2626 2012 Er.
2652 1970 2705 2015 et
2725 1969 2858 2026 Lov.,
2895 1975 3220 2030 compingare.

1270 2108 1280 2114 ’
1341 2162 1818 2272 LIBER
1893 2160 2456 2273 NONUS.

1654 2365 2132 2390 *ρ’-*ψ’*

303 2459 544 2518 GAPBT
580 2459 866 2518 PRIMUM.
893 2491 965 2502 —
990 2461 1241 2518 Fsusrus
1281 2459 1414 2517 dixit
1456 2479 1469 2514 :
1509 2461 1685 2528 Quare
1724 2477 1830 2516 non

240 2556 436 2627 accipis
477 2554 649 2612 Vetus
676 2541 1120 2612 Testamentum?
1147 2554 1203 2612 Si
1235 2555 1506 2626 Apostolis
1546 2554 1694 2610 licuit
1734 2554 1834 2608 sub

239 2648 428 2706 eodem
455 2648 603 2704 natis
633 2648 701 2703 ab
729 2663 796 2704 eo
824 2648 1104 2704 discedere
1128 2690 1143 2715 ,
1173 2647 1304 2702 mihi
1335 2662 1502 2719 quare
1541 2663 1647 2702 non
1677 2646 1834 2702 liceat

241 2738 293 2793 id
316 2739 366 2793 in
388 2753 498 2809 quo
520 2745 679 2793 natus
700 2753 806 2795 non
827 2753 968 2805 sum,
990 2753 1096 2793 non
1119 2738 1414 2810 usurpare?
1433 2752 1623 2794 omnes
1640 2737 1834 2809 quippe

241 2829 481 2885 Gentiles
524 2830 817 2895 nascimur,
865 2844 972 2886 non
1012 2828 1204 2895 Judazi,
1256 2845 1362 2884 non
1406 2829 1639 2900 denique
1682 2827 1835 2884 Chri-

242 2920 399 2974 stiani
431 2937 446 2975 :
477 2920 576 2976 sed
614 2918 748 2976 alios
785 2919 871 2976 ad--
893 2935 953 2976 se
985 2935 1054 2976 es
1081 2921 1267 2976 eadem
1307 2920 1617 2976 Gentilitate
1644 2919 1833 2976 Testa-

246 3019 480 3064 mentum
526 3010 694 3066 Vetus
720 3009 974 3077 adducit,
1022 3009 1250 3080 facitque
1284 3010 1527 3093 Judzros;
1571 3010 1705 3065 alios
1729 3009 1834 3065 No-

248 3117 394 3166 vum,
419 3101 680 3156 et-initiat
705 3101 1040 3157 Christianos
1066 3119 1078 3155 :
1109 3110 1357 3170 tanquam
1379 3101 1424 3155 si
1449 3099 1568 3156 dua:
1589 3100 1829 3166 arbores,

243 3194 415 3249 dulcis
459 3203 516 3248 et
563 3209 768 3259 amara,
816 3193 1084 3249 radicibus
1123 3193 1233 3248 suis
1276 3194 1435 3247 unius
1475 3201 1631 3248 terra:
1677 3191 1730 3246 in
1775 3205 1836 3246 se

240 3285 352 3338 vim
387 3284 735 3351 transierant,
765 3283 1146 3338 immutandam
1174 3282 1519 3353 qualitatibus
1540 3283 1668 3339 suis.
1694 3283 1838 3354 Apo-

241 3377 400 3433 ssolis
422 3391 554 3448 ergo
583 3377 636 3431 in
663 3375 874 3431 dulcem
903 3375 1301 3430 transeuntibus
1329 3390 1397 3431 ex
1425 3389 1610 3429 amaro
1629 3417 1644 3438 ,
1675 3390 1836 3445 quam

242 3467 472 3522 demens
536 3481 631 3521 cro
689 3480 829 3536 ego,
891 3465 936 3520 si
1007 3465 1061 3520 in
1123 3479 1359 3519 amaram
1423 3474 1706 3521 convertar
1769 3480 1836 3520 ex

241 3557 388 3613 dulci
415 3559 440 3609 τ
1510 3622 1512 3624 ν

318 3649 548 3706 CAPUT
587 3648 650 3704 ll.
691 3679 765 3690 —
805 3649 1144 3706 Aucusrntus
1181 3649 1460 3720 respondit
1503 3666 1517 3702 :
1561 3647 1670 3705 Cur
1707 3665 1838 3720 ergo

243 3744 572 3813 Apostolus,
613 3759 774 3814 quem
802 3743 936 3799 dicis
976 3744 1164 3799 relicto
1189 3743 1463 3799 Judaismo
1489 3758 1552 3799 ex
1580 3745 1839 3798 amaritu-

242 3836 376 3891 dine
402 3835 661 3889 transisse
697 3834 750 3888 in
777 3833 1138 3898 dulcedinem,
1171 3834 1338 3903 magis
1369 3833 1491 3888 inde
1526 3832 1722 3888 fractos
1749 3849 1839 3890 ra-

244 3940 367 3982 mos
386 3925 535 3990 dicit,
561 3925 653 3996 qui
679 3939 744 3981 ex
769 3925 884 3993 ipso
910 3925 1104 3996 populo
1131 3925 1181 3979 in
1201 3925 1471 3981 Christum
1500 3924 1719 3981 credere
1747 3939 1842 3979 no-

245 4018 463 4074 luerunt
485 4033 502 4083 ;
525 4026 579 4072 et
609 4017 660 4071 in
687 4017 801 4088 ipsa
820 4016 954 4071 olea:
981 4016 1179 4081 radice,
1212 4017 1373 4072 idest
1401 4017 1604 4087 origine
1629 4026 1840 4071 sancto-

244 4125 364 4165 rum
395 4109 767 4174 llcbrmorum,
799 4115 1048 4178 tanquam
1070 4109 1358 4164 oleastrum
1378 4115 1565 4178 gentes
1586 4107 1837 4172 insertas,

245 4209 300 4253 ut
334 4201 533 4255 tierent
558 4199 845 4269 participes
871 4199 1205 4270 pinguedinis
1233 4200 1409 4256 olea)?
1448 4199 1579 4256 Nam
1607 4216 1726 4256 cum
1767 4200 1835 4257 de

245 4290 558 4348 Judmorum
589 4290 741 4361 lapsu
767 4289 1083 4346 admoneret
1115 4290 1314 4347 Gentes
1351 4307 1420 4348 ne
1460 4293 1800 4362 superbirent
1824 4335 1840 4360 ,

247 4381 317 4437 ita
351 4382 564 4437 locutus
591 4393 674 4437 est
705 4400 720 4437 :
757 4379 909 4436 Vobis
946 4383 1121 4449 enim,
1152 4383 1358 4454 inquit,
1403 4383 1516 4439 dico
1557 4383 1832 4449 Gentibus,

246 4474 498 4543 quamdiu
523 4473 725 4544 quidem
750 4489 841 4544 ego
866 4490 982 4528 sum
1012 4471 1248 4529 Gentium
1283 4474 1556 4538 Apostolus
1579 4518 1595 4542 ,
1626 4477 1841 4531 ministe-

247 4567 383 4618 rium
411 4581 581 4619 meum
605 4563 858 4636 glori/ica,
887 4566 931 4620 si
948 4581 1048 4636 quo
1066 4565 1215 4620 modo
1235 4565 1304 4619 ad
1321 4567 1694 4622 temulationem
1718 4584 1842 4638 pro-

247 4675 429 4713 vocare
459 4666 638 4726 potero
661 4674 866 4712 carnem
889 4674 1074 4725 meam,
1097 4667 1154 4712 ut
1172 4659 1338 4714 salvos
1364 4659 1548 4730 faciant
1568 4659 1764 4728 aliquos
1784 4677 1846 4716 ea:

246 4752 375 4805 illis.
406 4749 470 4806 Si
492 4750 694 4820 rejectio
711 4749 914 4804 illorum
937 4751 1274 4806 reconciliatio
1301 4761 1374 4806 est
1400 4752 1592 4818 mundi,
1619 4767 1733 4824 qna:
1753 4755 1845 4807 erit

245 4843 556 4913 assumptio,
581 4843 680 4898 nisi
702 4843 798 4897 vita
823 4861 886 4898 ea:
907 4844 1158 4898 mortuis?
1179 4843 1238 4900 Si
1259 4854 1424 4898 autent
1465 4845 1701 4900 delibatio
1729 4863 1848 4901 san-

246 4945 328 4990 eta
358 4945 435 4989 cst
455 4977 471 5000 ,
501 4947 546 4988 et
579 4935 867 5005 conspersio
884 4953 904 5001 ;
929 4945 977 4990 et
1001 4937 1045 4990 si
1067 4937 1217 4990 radix
1240 4946 1414 4991 sancta
1453 4947 1524 4992 est
1548 4981 1562 5004 ,
1585 4947 1631 4992 et
1669 4939 1799 4992 rami
1827 4955 1846 4993 :

249 5027 392 5095 quod
420 5027 465 5081 si
494 5027 652 5100 aliqui
680 5043 744 5081 ea:
767 5027 921 5082 ramis
945 5029 1096 5100 fracti
1119 5039 1254 5094 sunt,
1293 5039 1347 5083 tu
1376 5039 1540 5084 autem
1574 5047 1688 5085 cum
1717 5048 1848 5087 esses

250 5103 496 5185 oleaster,
525 5119 746 5172 insertus
782 5134 834 5174 es
860 5119 914 5174 in
939 5120 1043 5175 illis
1066 5161 1080 5186 ,
1122 5130 1168 5176 et
1194 5121 1358 5176 socius
1383 5123 1567 5176 radicis
1601 5123 1766 5193 {actus
1796 5140 1848 5178 es

249 5229 296 5271 et
323 5217 653 5289 pingueainis
679 5217 822 5282 oletc,
854 5217 959 5273 noli
982 5217 1192 5287 gloriari
1217 5218 1458 5276 adversus
1483 5235 1669 5277 ramos.
1702 5219 1850 5284 Quod

249 5311 292 5364 si
328 5310 597 5382 gloriaris,
626 5326 727 5364 non
759 5319 812 5364 tu
850 5309 1070 5364 radicem
1101 5317 1292 5380 portas,
1321 5310 1410 5365 sed
1438 5311 1588 5365 radix
1611 5321 1676 5364 te.
1706 5310 1848 5368 Dicis

251 5419 374 5473 ergo
401 5420 422 5458 :
455 5403 636 5458 Fracti
661 5413 780 5457 runt
805 5404 934 5456 rami
963 5413 1016 5456 ut
1041 5419 1132 5472 ego
1163 5402 1378 5457 inserar.
1410 5403 1564 5458 Bene.
1606 5402 1850 5458 Incredu-

252 5496 397 5549 litate
419 5495 573 5565 fracti
597 5503 735 5549 sunt.
760 5493 840 5548 Tn
866 5504 1033 5548 autem
1059 5493 1160 5563 fide
1182 5503 1307 5558 stas,
1334 5493 1619 5548 noli'altum
1646 5511 1845 5562 sapere,

253 5587 344 5641 sed
363 5586 491 5640 time
517 5601 536 5640 :
564 5601 686 5639 nam
710 5584 754 5639 si
784 5583 919 5638 Deus
944 5570 1254 5639 naiuralibus
1283 5586 1438 5638 ramis
1468 5601 1568 5639 non
1594 5586 1814 5656 pepercit
1832 5626 1856 5666 ,ο

253 5692 418 5746 neque
457 5677 552 5732 tibi
589 5685 779 5747 parcet.
831 5675 867 5728 ι’
873 5677 956 5730 ide
991 5691 1110 5746 ergo
1149 5675 1417 5728 bonitatem
1452 5685 1499 5729 et
1539 5677 1852 5730 severitatem

256 5764 357 5822 Des
384 5783 404 5822 :
426 5769 482 5822 in
508 5783 596 5822 eos
619 5767 822 5834 quidem
845 5767 931 5838 qui
959 5765 1244 5820 ceciderunt
1264 5807 1280 5830 ,
1328 5767 1671 5833 severitatem;
1712 5768 1763 5821 in
1803 5777 1850 5822 te

254 5866 424 5912 autem
453 5857 728 5916 bonitatem
749 5894 778 5924 ,ρ
796 5857 836 5910 si
870 5857 1214 5927 perinanscris
1241 5856 1292 5910 in
1330 5855 1548 5917 bonitate
1580 5874 1596 5911 :
1625 5859 1848 5915 alioanin

1939 2465 2075 2512 et-tu
2117 2454 2378 2510 excideris.
2413 2452 2476 2508 Et
2518 2453 2594 2509 illi
2637 2455 2684 2508 si
2735 2470 2837 2509 non
2867 2455 3253 2526 permanserint
3278 2455 3332 2509 in
3365 2454 3532 2510 incre-

1941 2549 2189 2615 dulitate,
2253 2549 2535 2602 inserentur
2570 2564 2590 2601 :
2633 2555 2807 2617 potens
2855 2556 2927 2601 est
2979 2547 3111 2601 enim
3153 2545 3290 2600 Deus
3349 2547 3534 2600 iterum

1941 2643 2160 2696 inserere
2185 2638 2321 2694 illos.
2346 2637 2487 2693 Nam
2527 2640 2570 2694 si
2614 2650 2668 2694 tu
2712 2657 2776 2694 ea:
2815 2641 3037 2695 naturali
3076 2642 3272 2696 excisus
3313 2642 3532 2696 oleastro

1941 2743 1989 2789 et
2013 2742 2189 2789 contra
2216 2742 2450 2787 naturam
2478 2733 2694 2787 insertus
2719 2749 2770 2787 es
2795 2733 2849 2788 in
2873 2733 3055 2788 bonam
3083 2734 3307 2801 olivam;
3341 2743 3528 2803 quanto

1944 2827 2104 2898 magis
2133 2826 2211 2880 illi
2235 2825 2320 2896 qni
2346 2825 2617 2880 secundum
2655 2833 2889 2879 naturam
2912 2834 3028 2880 sunt
3048 2867 3066 2894 ,
3109 2827 3387 2881 inserentur
3425 2840 3533 2880 sna!

1944 2917 2132 2973 oliva?
2158 2915 2298 2971 Nolo
2327 2918 2460 2971 enim
2491 2931 2578 2970 vos
2607 2917 2844 2988 ignorare
2861 2959 2877 2985 ,
2904 2921 3088 2989 fratres
3109 2958 3125 2980 ,
3164 2925 3536 2972 sacramentum

1946 3012 2042 3065 hoc
2059 3053 2076 3079 ,
2103 3020 2158 3064 ut
2183 3027 2284 3064 non
2312 3011 2421 3065 sitis
2445 3011 2583 3064 vobis
2610 3011 2861 3082 sapientes
2883 3051 2898 3078 ,
2929 3011 3049 3082 quia
3071 3013 3271 3066 ctecitas
3306 3027 3369 3066 ea:
3394 3020 3539 3082 parte

1943 3103 2113 3160 Israel
2141 3107 2276 3176 facta
2313 3113 2384 3159 est
2404 3146 2419 3168 ,
2451 3104 2610 3158 donec
2645 3102 2905 3174 plenitudo
2949 3101 3188 3158 Gentium
3218 3104 3460 3170 intraret,
3491 3113 3538 3157 et

1943 3199 2017 3254 sic
2043 3197 2205 3254 omnis
2235 3195 2400 3251 Israel
2425 3197 2592 3250 salvus
2619 3196 2763 3265 ﬁeret
2788 3195 2966 3265 (Rom.
2996 3211 3055 3250 Xl
3075 3237 3090 3261 ,
3123 3194 3340 3264 13-26).
3372 3193 3537 3249 Vide-

1943 3293 2014 3348 tis
2040 3307 2170 3364 ergo
2197 3307 2313 3359 vos,
2341 3291 2429 3362 qui
2470 3291 2522 3345 in
2559 3291 2658 3346 ista
2685 3290 2849 3346 inseri
2877 3290 3057 3346 radice
3084 3307 3190 3356 non
3219 3291 3399 3356 vultis,
3428 3307 3537 3346 non

1944 3385 2159 3456 quidem
2188 3384 2370 3440 fractis
2399 3384 2561 3439 ramis
2601 3399 2720 3438 esse
2745 3384 2948 3440 similes
2968 3425 2984 3447 ,
3025 3383 3164 3439 sicut
3201 3394 3284 3439 est
3307 3383 3539 3440 carnalis

1943 3485 2000 3532 et
2029 3476 2220 3546 impius
2254 3475 2478 3545 populus
2506 3473 2846 3541 Judazorum,
2884 3474 2978 3529 sed
3009 3473 3060 3528 in
3089 3475 3304 3530 oleastri
3336 3473 3535 3528 amari-

1945 3568 2129 3624 tudine
2157 3568 2495 3622 remansisse.
2517 3566 2648 3621 Nam
2673 3565 2821 3636 quid,
2843 3566 2946 3620 nisi
2973 3566 3260 3620 oleastrum
3283 3565 3536 3622 Gentium

1946 3661 2102 3729 sapit,
2133 3658 2355 3713 adorare
2387 3658 2555 3712 solem
2596 3666 2650 3712 et
2676 3658 2897 3712 lunam?
2924 3657 3034 3712 Nisi
3076 3657 3212 3714 forte
3254 3668 3538 3729 prOpterra

1946 3768 2042 3808 vos
2064 3753 2174 3823 jam
2205 3768 2312 3808 non
2344 3754 2542 3822 putatis
2579 3767 2699 3808 esse
2737 3754 2788 3806 in
2830 3753 3062 3808 oleastro
3090 3750 3337 3828 Gentium
3362 3789 3378 3812 ,
3406 3749 3537 3819 quis

1947 3848 2128 3917 spinas
2159 3847 2280 3900 novi
2307 3846 2520 3918 generis
2549 3845 2860 3906 addidistis.
2907 3853 2962 3899 et
3003 3843 3195 3899 falsum
3225 3841 3538 3910 Christum.
3591 3859 3596 3865 ι

1947 3953 2106 4008 quem
2133 3953 2254 3992 cum
2279 3938 2392 3994 sole
2418 3945 2474 3993 et
2497 3938 2622 3992 luna
2648 3935 2932 4003 coleretis,
2976 3950 3083 3990 non
3120 3948 3281 3988 manu
3325 3931 3540 4001 fabrili.

1947 4029 2046 4087 sed
2069 4045 2331 4101 perverso
2350 4029 2514 4086 corde
2542 4027 2809 4085 tinxistis?
2835 4027 3132 4084 lnserimini
3156 4041 3284 4101 ergo
3309 4026 3362 4081 in
3393 4025 3542 4082 radi-

1949 4138 2066 4178 cem
2097 4124 2229 4178 olcaa
2254 4166 2269 4192 ,
2300 4139 2407 4195 quo
2443 4138 2503 4180 se
2542 4121 2808 4178 redditum
2853 4121 3048 4193 gaudet
3085 4120 3372 4191 Apostolus
3398 4160 3411 4184 ,
3447 4117 3540 4189 qui

1949 4215 2091 4272 inter
2126 4216 2320 4272 fractos
2360 4231 2538 4271 ramos
2581 4231 2677 4286 per
2706 4215 3130 4271 incredulitatem
3161 4214 3277 4268 fuit.
3324 4212 3450 4268 Inde
3478 4227 3539 4268 se

1950 4307 2145 4378 quippe
2174 4307 2453 4362 liberatum
2481 4307 2646 4374 dicit,
2689 4322 2809 4362 cum
2835 4322 2893 4362 se
2921 4323 2951 4362 a
2981 4307 3255 4363 Judaismo
3283 4306 3348 4361 ad
3377 4305 3539 4360 Chri-

1951 4405 2090 4452 stum
2122 4399 2378 4454 transisse
2419 4399 2665 4466 ltetatur,
2689 4400 2811 4470 quia
2844 4398 3086 4456 Christus
3117 4416 3326 4470 semper
3356 4400 3406 4454 in
3447 4398 3538 4454 illa

1949 4488 2149 4556 radice,
2178 4499 2338 4560 atque
2369 4491 2419 4544 in
2450 4491 2539 4545 illa
2568 4491 2780 4556 arbore,
2810 4491 3125 4562 praedicatus
3146 4502 3228 4548 est
3254 4511 3265 4546 :
3300 4493 3350 4546 in
3378 4507 3536 4562 quem

1951 4579 2257 4634 venientem
2286 4581 2520 4650 qui-non
2547 4583 2922 4644 crediderunt,
2956 4583 3105 4638 fracti
3133 4591 3257 4638 sunt
3285 4583 3405 4638 inde
3431 4601 3444 4648 ;
3485 4591 3542 4641 et

1952 4669 2042 4738 qui
2079 4668 2424 4727 crediderunt
2450 4715 2466 4739 ,
2499 4673 2684 4728 inserti
2710 4682 2829 4729 sunt
2864 4672 2938 4729 ibi
2969 4692 2982 4728 :
3015 4674 3206 4746 quibus
3247 4690 3324 4738 ne,
3354 4689 3540 4743 super-

1952 4763 2119 4831 biant,
2157 4764 2369 4831 dicitur,
2413 4763 2537 4820 Noli
2579 4767 2736 4820 altum
2772 4783 2983 4838 sapere,
3031 4767 3121 4821 sed
3161 4769 3279 4830 time
3307 4783 3327 4821 :
3357 4783 3475 4821 nam
3501 4768 3546 4821 si

1956 4853 2094 4909 Dens
2120 4855 2437 4910 naturalibus
2467 4858 2621 4911 ramis
2651 4874 2750 4912 non
2783 4859 3020 4930 pepercit,
3051 4874 3206 4928 neque
3231 4857 3318 4911 tibi
3348 4867 3540 4924 parcet.

1954 4945 2061 5002 Sed
2091 4963 2158 5002 ne
2188 4946 2255 5003 de
2294 4947 2422 5017 ipsis
2447 4947 2628 5004 fractis
2653 4950 2996 5020 despcretur,
3031 4948 3189 5020 paulo
3220 4956 3340 5018 pest
3366 4947 3494 5002 dicit
3522 4966 3538 5003 :

1953 5038 2024 5094 Et
2049 5040 2145 5110 ipsi
2167 5040 2211 5094 si
2237 5057 2336 5094 non
2367 5044 2731 5112 permanserint
2750 5042 2802 5096 in
2822 5042 3190 5102 incredulitate,
3222 5040 3503 5094 inserentur
3528 5057 3546 5095 :
3626 5079 3632 5084 ι

1957 5140 2132 5191 potens
2160 5141 2232 5185 est
2261 5133 2404 5192 enim,
2441 5133 2580 5191 Deus
2591 5134 2801 5194 -iterum
2829 5134 3044 5189 inserere
3070 5132 3206 5186 illos.
3255 5129 3392 5186 Nam
3419 5132 3463 5186 si
3489 5143 3543 5186 tn

1955 5241 2020 5281 ea:
2047 5225 2269 5279 naturali
2291 5228 2488 5280 excisus
2525 5227 2762 5293 oleastro,
2794 5237 2841 5280 et
2864 5236 3038 5280 contra
3067 5234 3303 5279 naturam
3329 5226 3544 5281 insertas

1956 5332 2009 5370 es
2034 5317 2084 5370 in
2116 5315 2296 5372 bonam
2321 5317 2506 5372 olivam
2523 5332 2542 5382 ,'
2562 5326 2748 5389 quanto
2770 5317 2929 5385 magis
2951 5317 3028 5369 illi
3047 5315 3131 5385 qui
3156 5319 3428 5372 secundum
3447 5335 3543 5370 na-

1957 5417 2121 5460 turam
2147 5416 2264 5462 sunt
2285 5449 2301 5476 ,
2342 5408 2625 5475 inserentur
2664 5423 2771 5464 sua:
2803 5408 2948 5469 oliva:
2961 5408 2990 5468 ,?
3025 5406 3166 5466 Ecce
3206 5409 3349 5469 unde
3384 5411 3546 5466 etiam

1959 5498 2072 5566 ipse
2095 5498 2374 5568 gloriatur,
2400 5517 2430 5554 a
2465 5501 2692 5556 fractura
2717 5499 2990 5564 liberatus,
3021 5508 3073 5553 ct
3101 5501 3294 5556 radicis
3322 5501 3542 5571 pingue-

1956 5589 2068 5644 dini
2097 5590 2353 5646 redditus.
2381 5592 2478 5660 Qui
2509 5608 2637 5662 ergo
2664 5591 2717 5657 in
2748 5589 2900 5645 vobis
2928 5601 3083 5658 sunt,
3111 5608 3245 5662 quos
3282 5593 3403 5646 inde
3431 5592 3536 5645 irin.

1957 5679 2032 5748 git
2059 5679 2324 5750 impietas,
2349 5683 2586 5748 redeant,
2607 5689 2660 5736 et
2691 5695 2873 5747 rursus
2903 5683 3222 5738 inserantur.
3242 5683 3339 5750 Qui
3365 5689 3502 5734 ante
3522 5703 3540 5734 κ

1961 5787 2229 5826 nunuuam
2274 5774 2342 5827 ibi
2386 5773 2630 5838 fuerunt,
2675 5772 2893 5828 veniant
2929 5791 2959 5829 a
3001 5774 3225 5830 naturali
3271 5771 3548 5832 sterilitate

1967 5863 2193 5931 pramisi,
2227 5867 2507 5936 participes
2538 5869 2878 5934 fecunditatis
2905 5870 3085 5926 futuri-
