4052 6434
535 860 765 919 CAPUT
802 856 1081 915 PRIMUM.
1114 884 1185 898 --
1212 854 1458 910 Ἑλυετυε
1484 854 1621 909 dixit
1655 873 1667 909 :
1699 853 1807 910 Cur
1827 870 1932 910 non
1964 870 2051 910 ac-

465 954 600 1027 cipis
629 953 1026 1009 Testamentum
1070 946 1278 1002 Vetus?
1313 946 1446 1014 Quia
1486 955 1539 1001 et
1580 946 1647 1001 ab
1676 946 1791 1017 ipso
1830 946 1953 1012 hoc,
2000 955 2055 1001 et

466 1062 537 1103 ex
578 1044 727 1101 Novo
769 1041 1086 1106 didicimus,
1135 1038 1303 1093 aliena
1342 1051 1448 1091 non
1488 1046 1884 1116 concupiscere.
1916 1035 2053 1104 Quid

468 1145 689 1203 autem,
738 1132 951 1204 inquis,
1006 1130 1238 1186 alienum
1291 1129 1451 1183 habet
1498 1126 1894 1182 Testamentum
1950 1127 2055 1181 Ve-

468 1228 597 1283 tus?
638 1226 750 1281 lmo
777 1222 903 1295 quid
940 1222 1101 1278 habet
1128 1236 1233 1276 non
1268 1219 1548 1275 alienum?
1588 1219 1807 1273 Divitias
1836 1218 2057 1289 promit-

467 1321 551 1385 tit,
577 1326 632 1375 et
663 1317 866 1373 ventris
888 1315 1238 1378 saturitatem,
1271 1320 1325 1368 et
1352 1310 1489 1367 ﬁlios
1514 1319 1566 1365 et
1594 1319 1834 1381 nepotes,
1867 1310 2057 1364 vitam-

467 1427 573 1484 que
613 1411 822 1481 longam
845 1451 860 1477 ,
904 1419 958 1464 et
995 1422 1115 1463 cum
1148 1405 1229 1460 his
1255 1402 1623 1461 Chananitidis
1656 1417 1878 1473 regnum
1914 1417 1927 1454 :
1962 1399 2056 1455 sed

468 1505 648 1562 omnia
675 1504 791 1560 haec
818 1502 1147 1558 circumcisis
1186 1508 1238 1554 et
1269 1498 1682 1554 observantibus
1708 1497 1921 1552 sabbata
1943 1538 1957 1561 ,
2003 1504 2058 1550 et

469 1597 869 1654 immolantibus
896 1594 1023 1661 sibi,
1058 1602 1110 1649 et
1134 1591 1524 1647 abstinentibus
1548 1606 1575 1643 a
1609 1590 1847 1659 porcina,
1880 1596 1933 1644 et
1962 1588 2053 1641 hu-

466 1689 702 1763 jusmodi
731 1687 937 1744 caeteris
970 1704 982 1741 :
1015 1702 1133 1757 qua:
1164 1686 1285 1757 quia
1315 1699 1414 1755 ego
1441 1683 1681 1753 neglige,
1708 1692 1760 1735 et
1794 1681 2058 1735 Christia—

471 1799 574 1839 nus
617 1781 825 1845 omnis,
867 1789 925 1834 ut
958 1778 1136 1848 inepta
1175 1775 1415 1842 scilicet,
1455 1783 1509 1830 ct
1544 1773 1610 1828 ad
1639 1774 1860 1827 salutem
1896 1772 2056 1825 animi

468 1876 691 1931 minime
712 1871 1052 1944 pertinentia,
1083 1870 1285 1924 idcirco
1310 1883 1408 1922 nec
1432 1882 1550 1937 qua:
1575 1865 1856 1936 promittit,
1879 1863 1942 1917 ad
1973 1878 2059 1917 me

378 1990 410 2008 «η
471 1966 579 2036 jam
615 1974 859 2035 spectare
897 1975 1167 2033 cognosco
1201 1974 1553 2028 :memorque
1590 1958 1711 2027 quia
1743 1956 1810 2011 sit
1840 1952 2061 2009 manda-

477 2068 612 2124 tum,
640 2055 761 2111 Non
788 2055 1110 2126 concupisces
1130 2053 1299 2108 aliena
1325 2051 1517 2121 (Exod.
1542 2066 1639 2116 xx,
1662 2050 1763 2114 l7;
1792 2048 1940 2103 Rom.
1967 2062 2056 2111 vui,

474 2148 529 2220 7)
560 2189 575 2215 ,
606 2146 803 2203 Judmis
838 2147 976 2201 bona
1007 2159 1101 2199 sua
1131 2143 1330 2197 habere
1352 2184 1366 2207 ,
1411 2142 1581 2196 libens
1611 2140 1905 2210 volensque
1943 2154 2062 2207 per-

472 2238 618 2307 misi,
646 2237 761 2292 solo
791 2235 993 2290 scilicet
1022 2232 1315 2304 Evangelio
1341 2242 1396 2287 et
1423 2229 1573 2301 regni
1600 2230 1857 2285 caelorum
1884 2229 2064 2299 splen-

476 2329 599 2387 dida
641 2327 954 2384 haereditate
991 2334 1293 2383 contentus.
1338 2324 1471 2380 Nam
1509 2334 1567 2379 ut
1606 2323 1793 2379 Judaeo
1817 2366 1831 2389 ,
1879 2324 1923 2377 si
1961 2324 2060 2378 sibi

474 2420 824 2493 Evangelium
874 2428 1190 2490 usurparet,
1235 2418 1361 2491 jure
1408 2417 1738 2488 increpitans
1790 2417 2063 2482 dicerem,

474 2512 757 2584 Intprobe,
788 2510 914 2583 quid
944 2511 1038 2566 tibi
1072 2526 1191 2571 cum
1221 2527 1286 2567 eo
1314 2518 1397 2568 est
1419 2551 1434 2579 ,
1471 2509 1622 2580 cujus
1652 2520 1915 2579 prtecepta
1958 2525 2063 2564 non

477 2605 699 2665 servas?
725 2605 803 2661 sic
830 2619 1019 2660 vereor
1048 2619 1116 2659 ne
1136 2602 1286 2658 mihi
1326 2600 1514 2658 eadem
1566 2600 1782 2656 Judzeus
1843 2600 2068 2671 increpio

478 2706 577 2766 tet,
606 2697 810 2754 tenenti
834 2696 1233 2754 Testamentum
1269 2693 1457 2762 Vetus,
1480 2693 1633 2764 cujus
1662 2692 1910 2749 mandata
1934 2708 2073 2748 con-

479 2798 739 2848 temnam.
1283 2808 1319 2849 I

550 2879 776 2937 CAPUT
814 2879 880 2936 ll.
907 2910 980 2920 —
1009 2881 1342 2937 AUGUSTINUS
1362 2878 1637 2951 respondit
1661 2898 1676 2939 :
1701 2877 1901 2933 Eadem
1925 2892 2068 2948 smpe

480 2986 616 3028 vana
645 2979 891 3042 repetere
921 2970 1082 3029 istum
1120 2986 1225 3025 non
1272 2971 1477 3043 pudet,
1519 2970 1612 3026 sed
1653 2970 1841 3025 eadem
1881 2984 2023 3037 saepe
2049 3009 2064 3036 ,

483 3063 725 3135 quamvis
753 3077 879 3118 vera
900 3104 916 3131 ,
944 3062 1269 3132 respondere
1309 3077 1397 3118 me
1422 3063 1581 3133 piget.
1613 3061 1862 3132 Quisquis
1893 3061 2069 3130 itaque

485 3160 645 3213 etiam
680 3155 936 3211 adversus
966 3155 1066 3211 ista
1093 3155 1499 3225 responsionem
1522 3156 1734 3225 quaerit,
1764 3170 1882 3223 quae
1908 3168 2072 3221 supe-

482 3247 596 3303 rius
618 3262 647 3302 a
678 3247 831 3302 nobis
851 3246 992 3302 dicta
1018 3254 1160 3312 sunt,
1190 3247 1327 3316 legat
1358 3244 1494 3317 (Lib.
1525 3246 1557 3300 6
1577 3286 1592 3309 ,
1620 3263 1735 3315 cap.
1766 3244 1842 3316 9.).
1884 3243 2072 3299 ,ιυάωο

484 3350 662 3396 autem
701 3339 897 3395 dicenti
924 3339 1084 3405 mihi,
1113 3337 1221 3394 Cur
1254 3348 1402 3394 tenes
1429 3336 1592 3394 Vetus
1625 3337 2025 3393 Testamentum
2051 3378 2068 3405 ,

483 3432 636 3502 cujus
682 3439 948 3502 praecepta
996 3446 1104 3487 non
1148 3430 1370 3485 servas?
1420 3429 1737 3500 respondeo,
1790 3431 1992 3485 servari
2040 3445 2070 3484 a

484 3522 803 3579 Christianis
832 3523 991 3579 etiam
1017 3538 1081 3579 ex
1114 3523 1243 3597 ipsis
1269 3522 1445 3578 Libris
1476 3531 1738 3593 prtecepta
1769 3524 1892 3578 vitae
1918 3540 2074 3595 agen-

488 3614 605 3682 dae;
639 3624 905 3689 praecepta
933 3631 1062 3671 vero
1088 3617 1213 3670 vita:
1244 3616 1604 3687 signiﬁcanda:
1644 3626 1767 3672 tunc
1806 3627 1949 3672 recte
1986 3619 2075 3673 ob-

486 3718 716 3777 servata,
747 3725 867 3766 cum
899 3710 1396 3781 prtenuntiabantur
1432 3710 1556 3777 ista,
1596 3727 1715 3780 qua:
1756 3726 1898 3766 nunc
1922 3726 2075 3767 rcvco

488 3802 595 3858 lata
623 3814 763 3859 sunt.
805 3805 1139 3873 Quapropter
1167 3804 1327 3858 etiam
1358 3803 1471 3873 ipsa
1497 3803 1575 3859 sic
1602 3820 1705 3857 nun
1738 3803 1969 3858 observo
2006 3803 2073 3860 ad

488 3895 844 3966 religionem,
892 3904 950 3953 ut
1003 3904 1213 3951 teneam
1258 3904 1432 3949 tamen
1482 3895 1546 3950 ad
1602 3896 2069 3952 testiﬁcationem:

492 3987 632 4044 sicut
654 3995 708 4044 et
738 3987 996 4060 promissa
1026 3988 1278 4055 carnalia,
1306 4003 1425 4059 quae
1450 3988 1521 4044 ibi
1541 3989 1901 4056 continentur,
1933 3991 2074 4045 unde

490 4079 711 4153 proprie
749 4078 915 4135 Vetus
952 4079 1145 4135 dicitur
1186 4080 1607 4136 Testamentum.
1640 4080 1893 4149 Quamvis
1931 4081 2072 4136 enim

489 4172 625 4230 mihi
662 4180 862 4231 aeterna
910 4173 1170 4243 speranda
1214 4174 1446 4228 revelata
1497 4174 1631 4239 sint;
1672 4183 1726 4229 et
1766 4174 1849 4227 illa
1896 4183 2072 4229 tamen

490 4266 795 4321 attestantia
821 4265 961 4335 lego,
992 4281 1109 4335 qua:
1136 4266 1187 4321 in
1216 4265 1379 4337 ﬁgura
1407 4265 1757 4336 contingebant
1783 4265 1886 4320 illis
1909 4283 1926 4331 ;
1951 4267 2077 4320 scri-

490 4364 582 4428 pta
611 4365 725 4409 sunt
766 4364 931 4409 autem
967 4365 1169 4427 prapter
1209 4372 1332 4424 nos,
1370 4356 1421 4409 in
1459 4372 1585 4425 quos
1619 4357 1734 4425 ﬁnis
1776 4357 2075 4411 stcculorum

490 4447 685 4502 obvenit
719 4447 761 4518 (Ι
791 4444 908 4503 Cor.
940 4463 998 4512 x,
1026 4447 1135 4517 ll).
1164 4446 1345 4517 itaque
1380 4448 1424 4502 si
1458 4448 1680 4502 audistis
1706 4447 1830 4518 quid
1860 4464 2080 4518 respon-

490 4537 714 4593 deamus
759 4537 991 4606 .ludceis,
1037 4538 1217 4595 audite
1275 4546 1329 4593 et
1380 4538 1506 4610 quid
1560 4539 1876 4609 objiciamus
1920 4541 2080 4598 Mani-

489 4627 675 4684 chmis.

560 4717 788 4775 CAPUT
818 4718 1144 4775 [IL—Certe
1158 4719 1545 4785 Faustusdixit,
1564 4722 1763 4777 turbari
1778 4736 1875 4777 nos
1900 4738 2077 4795 posse,

490 4811 535 4866 si
566 4810 723 4866 nobis
750 4810 921 4867 Judzei
963 4811 1232 4867 dixerint:
1265 4811 1440 4882 Quare
1480 4814 1673 4869 tenetis
1708 4813 1874 4869 Vetus
1904 4815 2084 4872 Testa-

489 4910 750 4967 mentum,
774 4903 926 4973 cujus
949 4911 1210 4975 praecepta
1235 4918 1341 4960 non
1363 4902 1698 4960 observatis?
1725 4895 1928 4970 Quibus
1956 4921 2078 4973 nos,

1272 369 1546 430 CONTRA
1584 350 1913 428 FAUSTUM
1948 360 2398 431 ΜᾹΝῙΟΗᾹΞῙΜ,
2431 361 2491 420 S.
2533 361 2905 420 AUGUSTINI

1444 510 1918 692 iii—ER
1975 575 2191 685 DE
2205 575 2504 687 01M
2518 573 2722 683 ms.

2161 855 2403 927 ejusdem
2428 854 2718 927 Scriptura:
2745 863 2993 910 venerata
3018 865 3176 927 atque
3201 866 3408 912 servata
3436 858 3753 913 auctoritate

2161 945 2574 1017 respondemus.
2600 945 2709 1001 Vos
2746 946 2870 1017 quid
2902 947 3239 1017 respondetis
3258 991 3272 1015 ,
3303 964 3421 1003 cum
3448 948 3601 1003 vobis
3629 948 3755 1001 dicio

2157 1044 2247 1091 tur
2275 1054 2289 1087 ε
2320 1037 2495 1104 Quare
2538 1038 2729 1092 tenetis
2768 1038 3105 1109 evangelitfos
3136 1039 3325 1095 Libros
3350 1082 3365 1107 ,
3398 1056 3623 1110 quorum
3655 1056 3761 1097 vos

2160 1129 2225 1184 ad
2268 1129 2613 1201 decipiendos
2659 1131 2935 1201 imperitos
2973 1133 3272 1202 conﬁngitis
3315 1144 3647 1200 sectatores;
3696 1145 3753 1189 et

2162 1237 2279 1290 qua:
2313 1221 2383 1275 ibi
2415 1222 2612 1293 scripta
2641 1231 2806 1290 sunt,
2851 1239 2954 1277 non
3003 1224 3175 1279 solum
3219 1240 3321 1280 non
3370 1227 3585 1281 creditis
3608 1269 3623 1290 ,
3657 1227 3751 1282 sed

2160 1313 2320 1367 etiam
2370 1313 2582 1383 quantis
2648 1315 2867 1383 potestis
2931 1314 3133 1370 viribus
3193 1317 3553 1388 oppugnatis?
3595 1318 3759 1374 Certo

2161 1402 2353 1457 videtis
2383 1419 2477 1456 vos
2508 1405 2681 1473 potius
2712 1405 2780 1459 de
2808 1405 2955 1459 Novo
2984 1405 3349 1471 Testamento,
3379 1424 3535 1479 quam
3562 1423 3659 1463 nos
3685 1410 3753 1464 dc

2166 1498 2358 1551 Vetere
2391 1498 2616 1565 objectis
2663 1499 2993 1568 respondere
3027 1516 3131 1554 non
3180 1516 3359 1571 posse.
3391 1500 3578 1558 Omnia
3610 1502 3753 1557 enim

2164 1604 2281 1655 quae
2312 1589 2363 1642 in
2391 1589 2583 1644 Vetere
2615 1590 2813 1661 scripta
2840 1600 2984 1660 sunt,
3010 1606 3107 1645 nos
3130 1602 3178 1647 et
3208 1608 3331 1647 vera
3358 1608 3477 1648 esse
3503 1592 3761 1662 dicimus,

2164 1689 2217 1735 et
2247 1680 2503 1735 divinitus
2529 1681 2776 1737 mandata
2803 1725 2817 1747 ,
2851 1692 2903 1738 et
2930 1685 3182 1754 congruis
3213 1685 3541 1754 temporibus
3570 1685 3761 1741 distri-

2163 1770 2308 1825 bula.
2338 1771 2449 1827 Vos
2477 1781 2657 1843 autem
2688 1788 2806 1827 cum
2847 1774 3001 1830 vobis
3036 1775 3244 1846 objecta
3289 1774 3488 1832 fuerint
3510 1820 3525 1844 ,
3555 1794 3673 1847 qua:
3702 1778 3757 1835 in

2166 1863 2314 1918 libris
2344 1864 2475 1919 Novi
2504 1864 2832 1921 Testamenti
2862 1868 3059 1937 scripta
3085 1877 3204 1922 sunt
3229 1909 3243 1933 ,
3285 1882 3386 1923 nec
3424 1869 3759 1940 accipiuntur

2170 1971 2199 2010 a
2231 1957 2419 2025 vobis,
2467 1958 2777 2015 deﬁcientes
2826 1961 2877 2014 in
2923 1960 3331 2031 reSpondendo,
3379 1972 3433 2017 et
3477 1960 3759 2018 manifesta

2170 2048 2395 2103 veritate
2427 2048 2665 2103 faucibus
2693 2051 2892 2120 pressis
2916 2093 2931 2119 ,
2962 2050 3199 2105 anhelitu
3227 2052 3410 2107 saucio
3436 2052 3613 2107 dicitis
3636 2066 3761 2108 esse

2168 2140 2372 2194 falsata.
2401 2139 2538 2209 Quid
2581 2140 2723 2215 aliud
2769 2150 2983 2211 possent
3029 2142 3301 2212 exspirare
3341 2142 3623 2213 prmfocata
3653 2158 3753 2198 ora

2170 2230 2430 2286 fallacium
2452 2232 2476 2285 ?
2502 2232 2587 2287 vel
2620 2233 2796 2302 potius
2821 2232 2946 2303 quid
2976 2232 3121 2287 aliud
3164 2243 3381 2303 possent
3413 2243 3598 2304 putere
3624 2248 3759 2288 con-

2169 2320 2310 2376 l‘ussa
2356 2322 2614 2379 cadavera
2662 2323 3039 2379 mortuorum?
3086 2324 3150 2378 Et
3176 2332 3352 2379 tamen
3376 2323 3653 2380 confessus
3677 2333 3761 2380 est

2170 2414 2399 2471 Faustus
2423 2457 2437 2481 ,
2467 2432 2573 2471 non
2600 2417 2980 2489 concupiscere
3005 2417 3180 2472 aliena
3207 2461 3222 2485 ,
3264 2433 3371 2475 non
3402 2418 3575 2477 solum
3607 2433 3665 2475 se
3691 2435 3762 2474 ex

2170 2506 2317 2561 Novo
2342 2508 2723 2577 Testamento,
2772 2508 2865 2563 scd
2908 2509 3069 2563 etiam
3112 2525 3183 2564 ex
3214 2508 3410 2566 Vetere
3458 2509 3712 2566 didicisse
3740 2526 3769 2566 τ

2170 2598 2310 2669 quod
2337 2606 2483 2653 certe
2509 2613 2539 2653 a
2572 2613 2671 2654 suo
2697 2601 2802 2654 Deu
2824 2617 2930 2655 non
2958 2608 3141 2670 posset
3163 2600 3394 2657 discere.
3424 2600 3516 2656 Ille
3539 2601 3765 2671 quippe,

2173 2690 2219 2746 si
2253 2707 2355 2745 non
2387 2691 2687 2761 concupivit
2713 2692 2943 2747 alienum
2961 2734 2976 2758 ,
3005 2708 3172 2762 quare
3200 2708 3361 2763 super
3386 2702 3581 2751 terram
3611 2704 3764 2749 tene‘

2174 2782 2388 2839 brarum
2418 2824 2434 2849 ,
2477 2782 2569 2839 ubi
2615 2800 2882 2854 nunquam
2930 2786 3179 2853 fuerunt,
3224 2801 3360 2842 nova
3400 2786 3594 2841 sa‘cula
3632 2801 3766 2842 con-

2171 2877 2405 2931 struxit?
2431 2878 2514 2931 An
2538 2876 2779 2933 dicturus
2799 2887 2881 2933 est
2906 2896 2919 2931 :
2950 2879 3102 2934 Prior
3126 2878 3239 2950 ipsa
3259 2894 3393 2950 gens
3418 2878 3766 2935 tenebrarqu

2173 2984 2398 3038 regnum
2428 2985 2607 3025 meum
2635 2970 2960 3041 concupivit,
2986 2970 3127 3041 quod
3155 2972 3221 3027 ab
3243 2972 3329 3027 illa
3356 2981 3470 3028 erat
3495 2971 3764 3027 alienum?

2173 3062 2313 3132 Ergo
2342 3063 2575 3119 imitatus
2598 3072 2679 3118 est
2703 3072 2917 3134 gentem
2947 3065 3308 3131 tenebrarum,
3332 3070 3465 3120 utet
3490 3066 3603 3135 ipse
3629 3080 3762 3121 con-

2175 3152 2479 3221 cupisceret
2503 3154 2720 3211 aliena?
2747 3156 2828 3210 An
2852 3166 3138 3227 angustum
3166 3164 3324 3214 antea
3349 3156 3522 3213 fuerat
3541 3173 3763 3229 regnum

2174 3245 2355 3300 lucis?
2384 3245 2686 3316 Optandum
2715 3248 2875 3318 igitur
2899 3258 3014 3305 erat
3045 3248 3251 3316 bellum
3274 3292 3291 3317 ,
3320 3260 3378 3305 ut
3401 3251 3767 3321 acquireretur

2174 3339 2242 3395 de
2272 3339 2495 3396 victoria
2524 3341 2749 3397 latitudo
2780 3342 3059 3411 regnandi.
3090 3342 3244 3409 Quod
3269 3343 3313 3398 si
3340 3342 3538 3405 bonum
3564 3350 3680 3409 est,
3711 3352 3767 3397 et

2176 3441 2299 3486 ante
2345 3432 2517 3502 potuit
2559 3433 2866 3504 concupisci
2902 3451 2915 3488 :
2949 3434 3045 3489 sed
3087 3434 3495 3505 exspectabatur
3539 3445 3597 3489 ut
3633 3448 3767 3505 gens

2177 3521 2388 3578 hostilis
2414 3524 2464 3579 iu
2494 3525 2690 3580 bellum
2721 3526 2867 3596 prior
2892 3535 3227 3597 erumperet,
3259 3543 3365 3597 quo
3395 3526 3545 3597 quasi
3570 3525 3777 3595 iustius

2176 3626 2593 3688 expugnaretur.
2624 3617 2680 3673 Si
2722 3629 2901 3675 autem
2935 3634 3041 3674 non
3068 3629 3155 3675 est
3180 3619 3379 3674 bonum
3405 3659 3425 3685 ,
3461 3633 3625 3689 quare
3660 3616 3772 3672 ini—

2177 3709 2318 3763 mico
2356 3709 2535 3777 vieto,
2586 3723 2747 3779 super
2790 3710 3019 3766 alienam
3068 3718 3263 3766 terram
3311 3724 3557 3765 crescere
3599 3707 3773 3763 voluit

2178 3815 2402 3869 regnum
2423 3814 2598 3864 suum,
2622 3815 2744 3856 cum
2770 3802 2916 3869 prius
2936 3810 3221 3857 contentus
3240 3801 3351 3856 suis
3377 3800 3588 3865 ﬁnibus,
3611 3798 3768 3870 plena

2179 3890 2428 3949 felicitate
2470 3893 2734 3949 vixisset?
2783 3893 2889 3949 Sed
2934 3894 3134 3949 utinam
3184 3908 3310 3949 vere
3352 3893 3441 3950 isti
3490 3891 3606 3948 htcc
3654 3892 3769 3963 ipsa

2182 3992 2445 4053 praecepta
2475 3985 2598 4039 vitm
2630 3984 2870 4056 agendae,
2904 4000 3133 4056 quorum
3158 3993 3247 4041 est
3268 4000 3452 4048 unum,
3480 3999 3547 4038 ne
3571 3997 3776 4038 concu-

2182 4077 2449 4147 piscamus
2478 4077 2714 4133 alienum
2737 4119 2752 4144 ,
2782 4078 2981 4133 vellent
3019 4093 3086 4133 ex
3125 4077 3227 4133 illis
3270 4077 3486 4132 Litteris
3512 4075 3722 4131 discere
3752 4093 3777 4132 :

2179 4169 2422 4240 profecto
2448 4180 2887 4227 mansuescerent
2910 4212 2932 4238 ,
2960 4180 3015 4226 et
3042 4171 3200 4227 mites
3225 4171 3581 4241 intelligerent
3608 4168 3778 4224 etiam

2183 4262 2270 4321 illa
2305 4271 2571 4331 przrcepta
2602 4263 2724 4317 vitae
2752 4262 3111 4333 signiﬁcanda:
3132 4304 3145 4328 ,
3173 4262 3362 4332 quibus
3399 4276 3584 4317 eorum
3617 4258 3774 4313 obla-

2186 4362 2287 4407 trat
2335 4353 2560 4407 ullensiu
2586 4395 2602 4416 ,
2649 4362 2704 4409 et
2748 4354 2823 4409 illi
2860 4362 2987 4410 tunc
3019 4353 3243 4424 tempori
3273 4351 3603 4409 observanda
3641 4366 3778 4406 con-

2183 4447 2412 4515 gruisse.
2461 4446 2570 4502 Nos
2618 4456 2796 4502 autem
2850 4448 3122 4518 quomodo
3165 4448 3330 4523 Vetus
3371 4448 3772 4503 Testamentum

2188 4546 2439 4607 tanquam
2484 4537 2717 4593 alienum
2766 4540 3229 4609 concupiscimus,
3274 4554 3398 4593 cum
3434 4554 3497 4594 ea
3537 4538 3783 4607 legamus

2184 4644 2305 4699 qua:
2348 4630 2401 4683 in
2450 4631 2619 4701 ﬁgura
2650 4632 3005 4704 contingebant
3052 4632 3156 4687 iliis
3177 4650 3201 4699 ;
3233 4632 3421 4703 σιδήρια
3452 4640 3569 4686 sunt
3604 4640 3776 4684 autem

2186 4731 2391 4792 propter
2420 4738 2544 4791 nos,
2576 4723 2629 4778 in
2669 4740 2795 4792 quos
2836 4725 2955 4795 [iiiis
3000 4724 3300 4779 seculorum
3349 4722 3588 4778 obuenit?
3638 4722 3784 4777 Puto

2186 4816 2328 4889 quod
2372 4832 2479 4873 non
2524 4818 2854 4887 concupiscit
2893 4818 3159 4885 alienum,
3206 4817 3297 4889 qui
3338 4815 3442 4872 hoc
3478 4816 3609 4887 legit
3633 4814 3783 4887 quod

2188 4911 2442 4981 scriptum
2473 4920 2554 4966 est
2578 4919 2798 4982 propter
2822 4910 3021 4981 ipsum.

1314 5260 1319 5263 λ
1379 5159 1855 5268 LIBER
1920 5159 2885 5273 UNDECIJVIUS.

564 5450 794 5507 CAPUT
820 5450 1175 5507 PRIMUM.—
1193 5448 1439 5508 FAUSTUS
1467 5453 1599 5509 dixit
1621 5457 1965 5524 :Apostolum
1993 5472 2085 5511 ac—

497 5544 662 5619 cipis?
692 5544 759 5600 Et
787 5546 1035 5600 maxime.
1060 5540 1166 5600 Cur
1192 5560 1321 5617 ergo
1343 5561 1447 5602 non
1474 5548 1647 5604 credis
1673 5550 1868 5604 Filium
1900 5549 1989 5604 Dei
2020 5564 2085 5603 ex

499 5638 704 5693 semine
727 5638 890 5693 David
922 5646 1102 5692 natum
1137 5638 1428 5695 secundum
1457 5656 1672 5698 carnem
1706 5644 1879 5714 (Rom.
1910 5658 1960 5709 ι,
1990 5642 2088 5713 5)?

497 5727 614 5783 Non
663 5728 908 5798 equidem
951 5727 1268 5787 crediderim
1315 5731 1631 5800 Apostolum
1679 5733 1770 5789 Dei
1822 5732 2089 5789 contraria

501 5822 601 5878 sibi
632 5822 862 5881 scribere
892 5821 1127 5894 potuisse
1146 5866 1161 5895 ,
1191 5831 1244 5881 et
1271 5825 1429 5883 modo
1459 5826 1592 5882 lianc
1610 5868 1625 5896 ,
1657 5826 1818 5885 modo
1850 5826 1995 5884 illam
2021 5826 2091 5885 de

2194 5457 2421 5513 Domino
2449 5465 2639 5513 nostro
2666 5456 2915 5513 habuisse
2952 5454 3293 5512 sententiam.
3338 5452 3445 5510 Sed
3487 5452 3611 5523 quia
3637 5450 3789 5508 vobis

2193 5550 2262 5608 ita
2296 5550 2488 5620 placet,
2516 5550 2606 5621 qui
2630 5564 2903 5619 nunquam
2929 5548 3047 5604 sine
3072 5546 3349 5604 stmnaeho
3376 5544 3571 5601 auditis
3590 5542 3789 5614 aliquid

2192 5658 2314 5700 esse
2343 5643 2395 5699 in
2428 5643 2684 5714 Apostolo
2711 5651 3065 5711 eauptuiatum
3090 5681 3109 5707 ,
3148 5653 3215 5694 ne
3254 5638 3357 5694 hoc
3392 5636 3606 5708 quidem
3635 5633 3793 5693 nobis

2193 5734 2374 5791 sciatis
2402 5750 2522 5790 esse
2546 5734 2875 5790 contrarium
2941 5731 3000 5788 Si
3038 5729 3254 5801 quidem
3292 5728 3409 5785 hznc
3432 5737 3584 5785 vetus
3612 5725 3793 5782 videa-

2198 5834 2282 5885 tur
2308 5840 2427 5885 esse
2456 5835 2510 5884 ct
2541 5825 2759 5898 antiqua
2784 5823 2965 5898 opinio
2988 5822 3139 5881 Pauli
3164 5821 3232 5881 de
3256 5821 3418 5892 Iesu,
3443 5833 3569 5879 cum
3591 5832 3715 5877 cum
3740 5824 3796 5876 ει
