4052 6432
281 344 396 402 ἢεί.

281 464 389 531 ipse
414 459 578 515 David
606 459 770 515 lilium
802 466 1030 530 putaret,
1059 466 1117 514 ιιι
1141 457 1325 515 caueri-
1355 477 1366 511 :
1401 455 1542 528 quod
1568 465 1742 510 tamen
1771 455 1861 509 ubi

282 554 462 606 falsum
492 551 677 605 didicit
696 590 711 614 ,
741 550 1024 621 interpolat
1045 557 1101 604 et
1129 547 1362 604 inﬁrmat
1380 589 1395 614 ,
1422 546 1766 614 scribensque
1796 545 1864 600 ad

279 641 580 698 Corinthios
607 659 621 697 :
649 641 795 706 Nos,
828 642 1030 712 inquit,
1060 641 1305 696 neminem
1341 640 1565 694 novimus
1589 639 1864 693 secundum

279 749 472 786 carnem
502 749 522 787 :
560 742 610 788 et
641 734 686 788 si
712 733 1032 804 cognovimus
1052 731 1326 787 secundum
1361 746 1562 784 carnem
1589 730 1860 795 Christum,

278 829 360 879 mi
380 843 515 879 nunc
526 827 642 897 jam
667 821 1048 969 nW.
1082 825 1259 891 Quare
1291 823 1595 879 consideres
1632 831 1858 892 oportet,

278 925 530 969 auaritum
555 915 764 969 intersit
781 917 919 969 inter
1005 931 1047 969 rc
1061 916 1167 969 duo
1181 914 1431 969 capitula.
1445 929 1474 967 e
1489 913 1680 969 auibus
1697 929 1858 967 unum

277 925 530 984 quantum
555 915 764 970 intersit
781 913 1047 971 intMaac
1061 916 1167 970 duo
1181 914 1431 984 capitula,
1445 929 1474 967 e
1489 913 1680 983 quibus
1697 929 1861 967 unum

278 1005 520 1074 perhibet
542 1005 727 1061 Jesum
759 1005 925 1060 lilium
959 1006 1120 1060 David
1149 1005 1438 1061 secundum
1461 1018 1700 1070 carnem,
1725 1003 1860 1058 alte-

275 1114 386 1151 rum
429 1112 562 1152 vero
601 1099 712 1169 jam
737 1113 800 1154 se
824 1098 1092 1153 neminem
1121 1113 1278 1152 nosse
1306 1095 1594 1153 secundum
1623 1110 1856 1150 carnem.

275 1191 399 1256 Quae
425 1191 471 1244 si
505 1199 732 1261 utraque
760 1199 883 1245 sunt
907 1189 1076 1253 Pauli,
1103 1200 1192 1245 aut
1217 1189 1314 1246 hac
1339 1189 1539 1244 ratione
1559 1196 1736 1251 erunt,
1758 1202 1859 1258 qua

274 1280 419 1346 dixi;
451 1292 545 1336 aut
577 1297 737 1335 unum
770 1283 1002 1351 ipsorum
1031 1297 1138 1336 non
1176 1282 1277 1335 erit
1315 1281 1484 1335 Pauli.
1518 1279 1860 1348 Prosequitur

272 1375 502 1444 denique
532 1393 547 1428 :
575 1373 757 1443 Itaque
778 1417 795 1439 ,
828 1374 997 1444 inquit
1020 1416 1033 1438 ,
1060 1375 1104 1428 si
1142 1390 1242 1444 qua
1281 1383 1353 1426 est
1394 1373 1446 1425 in
1491 1361 1689 1425 Christo
1731 1386 1858 1423 nova

275 1477 504 1520 uentura
528 1507 544 1532 ,
590 1477 756 1522 vetera
805 1469 1108 1524 transierunt
1134 1483 1154 1520 :
1196 1481 1307 1519 ecce
1353 1469 1488 1536 facta
1529 1473 1645 1518 sunt
1689 1465 1858 1517 omnia

274 1573 396 1611 novo
415 1557 484 1628 (ll
499 1557 620 1613 Cor.
641 1575 693 1625 ν,
714 1557 801 1624 16,
824 1557 934 1629 17).
957 1557 1118 1612 Vides
1137 1571 1264 1626 ergo
1285 1571 1405 1610 eum
1423 1565 1653 1610 veterem
1670 1555 1856 1623 appel-

274 1650 381 1704 lare
399 1659 455 1703 et
479 1650 838 1706 transitoriam
859 1650 1015 1705 fidem
1038 1650 1178 1704 illam
1201 1649 1452 1719 priorem,
1477 1647 1528 1702 id
1552 1657 1654 1713 est,
1675 1646 1855 1702 Jesum

271 1740 564 1797 credidisse
599 1757 662 1797 ex
693 1741 896 1796 semine
923 1741 1088 1796 David
1128 1739 1418 1796 secundum
1463 1754 1675 1794 carnem
1712 1755 1725 1791 :
1759 1753 1856 1792 no-

272 1847 387 1886 vam
414 1849 547 1887 vero
573 1833 711 1888 hanc
736 1831 1020 1887 secundam
1047 1840 1102 1886 et
1121 1841 1535 1902 permanentem,
1563 1845 1665 1900 qua
1692 1830 1858 1884 nemi-

271 1939 388 1976 nem
422 1923 540 1992 jain
581 1924 792 1979 noverit
835 1922 1123 1978 secundum
1165 1937 1402 1978 carnem.
1446 1922 1776 1990 Quapropter
1805 1928 1857 1974 et

269 2013 392 2067 alibi
424 2033 437 2066 :
483 2013 614 2068 Cum
643 2032 818 2080 essent,
847 2014 1038 2084 inquit,
1065 2015 1320 2084 parvulus,
1352 2023 1405 2066 ut
1425 2013 1664 2084 parvulus
1685 2013 1854 2083 loque-

270 2106 375 2169 bar,
401 2115 459 2158 ut
481 2105 727 2175 parvulus
747 2107 1021 2177 sepiebant,
1044 2115 1096 2161 ut
1127 2107 1365 2176 parvulus
1389 2105 1667 2176 cogitabant
1695 2121 1713 2158 :
1744 2121 1856 2158 cum

266 2207 431 2251 autem
489 2204 654 2269 facta;
703 2217 814 2254 sum
868 2201 963 2264 vir,
1014 2213 1128 2269 qtae
1177 2197 1374 2271 parvuli
1419 2209 1562 2252 cram
1608 2197 1816 2268 deposui
1837 2197 1851 2227 ί

271 2287 311 2352 μ
341 2285 465 2343 Cor.
497 2304 614 2355 xm,
642 2290 753 2359 ll).
786 2289 937 2357 Quod
964 2290 1012 2344 si
1038 2290 1109 2345 ita
1137 2300 1218 2345 est
1237 2331 1250 2352 ,
1277 2289 1403 2360 quid
1425 2305 1552 2360 ergo
1576 2299 1630 2344 et
1652 2304 1750 2342 nos
1780 2289 1858 2342 in-

264 2377 490 2447 dignum
524 2379 781 2442 facimus.
809 2381 853 2434 si
883 2396 1074 2434 novam
1101 2388 1155 2434 et
1184 2380 1455 2434 meliorem
1497 2380 1646 2434 Pauli
1674 2389 1860 2434 tenen-

267 2482 345 2523 trs
374 2469 800 2536 confessionem,
829 2481 1060 2527 veterem
1090 2471 1231 2526 illam
1259 2487 1322 2526 ac
1351 2471 1668 2526 deteriorem
1692 2471 1858 2541 proji-

266 2562 484 2616 eimus?
527 2563 640 2618 Aut
681 2564 725 2618 si
775 2565 925 2619 vobis
966 2565 1255 2618 secundum
1299 2565 1440 2633 quod
1479 2564 1546 2618 ad
1592 2565 1859 2621 Romanos

265 2653 455 2706 scribit
479 2695 494 2718 ,
523 2653 747 2708 credere
783 2654 930 2708 cordi
974 2663 1090 2715 est;
1138 2655 1290 2708 nobis
1318 2669 1484 2724 quare
1521 2655 1720 2710 licitum
1753 2673 1856 2710 non

267 2745 373 2809 ait,
428 2745 727 2799 Secundum
779 2745 920 2815 quod
975 2746 1040 2800 ad
1088 2746 1392 2800 Corinthios
1445 2746 1861 2816 dogmatizare?

270 2833 526 2900 Quamvis
545 2847 600 2890 et
623 2835 724 2890 hoc
745 2837 811 2890 ad
835 2837 1080 2891 duritiam
1111 2847 1337 2890 vestram
1369 2838 1438 2890 ita
1472 2837 1856 2906 reSpondcrim.

272 2926 520 2996 Alioquin
566 2927 704 2981 absit
733 2929 1046 2998 Apostolnm
1079 2929 1168 2982 Dei
1195 2970 1211 2994 ,
1240 2928 1379 2997 quod
1411 2928 1722 2992 :rditicavit,
1759 2944 1859 2981 un-

272 3035 429 3087 quam
459 3020 741 3076 destruere
763 3063 782 3088 ,
822 3037 888 3076 ne
925 3037 984 3076 se
1015 3021 1126 3090 ipse
1167 3021 1624 3090 pravariCatorem
1665 3021 1863 3074 consti-

273 3120 404 3175 tuat,
439 3123 496 3166 ut
520 3122 850 3168 cuntr5tatus
875 3123 957 3168 est
989 3113 1194 3185 (Colat.
1224 3129 1260 3166 ιι
1285 3155 1299 3179 ,
1340 3113 1444 3183 l8).
1483 3113 1860 3167 Verumtamen

270 3203 317 3255 si
345 3203 465 3270 ejus
489 3214 572 3257 est
598 3213 653 3258 et
682 3204 824 3273 prior
851 3205 936 3258 illa
963 3205 1248 3268 sententia,
1276 3219 1414 3257 nunc
1441 3203 1716 3257 emendata
1741 3215 1822 3257 est
1845 3221 1859 3256 :

272 3295 356 3346 sia
388 3293 468 3347 fas
498 3311 608 3349 non
636 3305 720 3350 est
751 3295 970 3349 Paulum
1000 3295 1396 3351 iuemeudatum
1438 3293 1640 3350 dixisse
1665 3296 1862 3367 aliquid

275 3399 546 3453 unquam,
584 3385 752 3453 ipsius
781 3401 885 3440 non
917 3395 1018 3440 est.

345 3477 572 3532 CAPUT
603 3477 667 3532 11.
687 3509 759 3519 —-
786 3479 1124 3534 Aususrnvvs
1149 3478 1458 3546 respondit:
1493 3477 1602 3533 lloc
1623 3485 1705 3533 est
1724 3478 1862 3548 quod

276 3568 434 3637 paulo
458 3577 587 3622 ante
610 3568 757 3634 dixi,
803 3570 924 3638 quia
967 3568 1052 3624 tibi
1101 3569 1180 3624 sic
1223 3569 1504 3624 manifesta
1535 3571 1755 3625 veritate
1781 3571 1864 3623 isti

276 3658 679 3727 przel’ocantur,
721 3670 779 3714 ut
816 3660 1019 3715 obsessi
1062 3659 1307 3715 dilucidis
1351 3661 1523 3714 verbis
1563 3671 1864 3716 sanctarum

277 3749 697 3820 Scripturarum,
721 3751 921 3806 exitum
947 3752 997 3805 in
1019 3753 1097 3806 eis
1121 3751 1341 3806 fallacia:
1367 3767 1478 3806 sua:
1506 3757 1738 3822 reperire
1762 3770 1865 3806 Illlll

276 3842 527 3910 possint,
555 3841 606 3895 id
639 3843 1000 3897 testimonium
1044 3843 1184 3913 quod
1225 3843 1487 3913 prolatum
1527 3852 1610 3897 est
1633 3884 1647 3907 ,
1683 3844 1866 3897 falsum

277 3948 407 3987 esse
437 3933 780 4002 respondent.
828 3933 873 3989 0
920 3949 1103 3989 vocem
1155 3949 1184 3988 a
1234 3935 1456 3990 veritate
1503 3933 1778 4003 fugacem,
1814 3935 1864 3987 in

284 4024 529 4078 amentia
571 4026 886 4092 pertinacem
912 4027 926 4080 !
972 4025 1150 4095 Usque
1178 4025 1312 4081 adeo
1341 4025 1532 4079 invicta
1562 4036 1682 4078 sunt
1707 4066 1724 4089 ,
1753 4041 1868 4094 qua:

279 4115 550 4171 adversus
580 4132 668 4171 vos
691 4118 756 4172 de
783 4116 978 4173 divinis
999 4118 1270 4172 codicibus
1295 4116 1652 4187 proferuntur,
1679 4126 1733 4170 ut
1765 4133 1868 4170 null

279 4208 353 4262 sit
379 4207 524 4262 aliud
553 4208 694 4278 quod
721 4209 930 4274 dicatis,
965 4209 1062 4264 nisi
1090 4224 1186 4264 eos
1212 4224 1332 4264 esse
1355 4209 1590 4263 lalsatos.
1613 4209 1741 4276 Qua:
1761 4209 1868 4277 jam

278 4300 571 4355 auctoritas
597 4301 892 4356 litterarum
921 4300 1153 4370 aperiri,
1189 4301 1307 4370 quis
1335 4315 1486 4356 sacer
1514 4301 1646 4355 liber
1675 4300 1868 4366 CVolvi,

279 4393 423 4462 quod
443 4392 826 4448 documentum
848 4393 1130 4464 cujuslibet
1157 4395 1432 4462 scripturae
1453 4393 1519 4448 ad
1547 4395 1868 4448 convincen-

283 4483 381 4538 dos
409 4499 629 4540 errores
656 4495 862 4540 vestros
891 4486 1063 4540 ελδετὶ
1099 4495 1305 4556 potest,
1339 4487 1381 4540 si
1414 4485 1526 4540 haec
1560 4502 1659 4541 vox
1686 4486 1874 4540 admit-

287 4577 414 4631 titur
436 4619 452 4643 ,
485 4578 532 4632 si
565 4578 792 4649 alicujus
810 4579 1059 4648 ponderis
1083 4579 1376 4633 mstimatur
1398 4579 1422 4632 ?
1447 4578 1600 4632 Aliud
1628 4588 1710 4633 est
1734 4580 1876 4649 ipsos

292 4669 458 4726 libros
487 4686 595 4725 non
627 4672 870 4740 accipere
895 4713 908 4735 ,
935 4682 988 4726 et
1009 4672 1156 4725 nullo
1181 4686 1368 4726 eorum
1395 4671 1604 4724 vinculo
1628 4671 1870 4735 detineri,

287 4761 432 4831 quod
461 4762 656 4832 Pagani
686 4763 752 4817 de
777 4763 1025 4817 omnibus
1049 4762 1223 4817 Libris
1252 4762 1480 4828 nostris,
1524 4762 1664 4832 quod
1707 4762 1876 4816 Juda'i

289 4855 357 4908 de
385 4852 538 4908 Novo
564 4854 908 4909 Testamento
934 4853 1172 4917 faciunt,
1200 4853 1340 4923 quod
1377 4853 1606 4923 denique
1643 4870 1740 4907 nos
1780 4853 1877 4922 ipsi

287 4945 360 5000 de
393 4946 592 5000 vestris
631 4954 688 5002 et
725 4946 950 5000 aliorum
981 4944 1351 4999 hereticorum
1374 4986 1390 5009 ,
1422 4945 1470 4997 si
1499 4959 1633 5013 quos
1672 4958 1798 4998 suos
1827 4954 1881 4998 et

291 5038 541 5107 proprios
571 5037 803 5103 habent,
835 5039 918 5092 vel
948 5038 1013 5092 de
1055 5038 1118 5091 iis
1156 5038 1244 5107 qui
1280 5037 1616 5106 appellantur
1653 5051 1879 5107 apocry-

288 5129 433 5200 phi:
482 5145 588 5184 non
635 5130 780 5200 quod
829 5129 1056 5184 habendi
1101 5130 1208 5183 sint
1254 5130 1305 5183 in
1351 5130 1524 5197 aliqua
1569 5129 1882 5182 auctoritate

291 5230 505 5276 secreta
524 5262 542 5288 ,
571 5222 664 5277 scd
695 5222 816 5292 quia
845 5223 986 5276 milla
1016 5221 1398 5275 testilicationis
1435 5221 1550 5275 luce
1591 5218 1842 5275 declarati
1867 5262 1880 5284 ,

291 5312 364 5369 de
391 5314 572 5368 nescio
608 5329 712 5384 quo
741 5323 948 5369 secreto
971 5353 988 5378 ,
1016 5313 1194 5368 nescio
1219 5327 1444 5382 quorum
1476 5313 1885 5382 pra-sumptione

291 5407 490 5477 prolati
519 5417 648 5462 sunt
674 5423 690 5460 :
719 5405 860 5461 aliud
887 5415 968 5462 est
996 5422 1122 5478 ergo
1143 5405 1455 5461 auctoritate
1479 5406 1775 5476 aliquorum
1805 5407 1884 5459 vel

293 5500 558 5555 librorum
584 5501 666 5554 vel
697 5499 969 5554 hominum
996 5514 1102 5554 non
1133 5499 1322 5574 teneri,
1348 5508 1400 5554 ct
1421 5498 1563 5553 aliud
1585 5496 1884 5561 estdicere,

299 5589 410 5647 Iste
448 5591 672 5663 quidem
703 5591 787 5646 vir
819 5599 1034 5646 sanctus
1061 5591 1240 5646 omnia
1265 5605 1388 5646 vera
1423 5589 1676 5660 scripsit,
1709 5599 1765 5644 et
1791 5590 1888 5644 ista

363 5752 384 5787 ι
422 5752 552 5817 Apud
595 5759 671 5802 Fr.
699 5758 904 5817 ettov.,
943 5723 1184 5806 ct'aeitavi.
1211 5750 1381 5816 Lugd,
1407 5763 1516 5814 quia
1538 5745 1736 5812 parvuli
1752 5754 1892 5800 erant

296 5811 527 5879 [demitti
547 5817 615 5879 et]
637 5815 877 5866 creaturi.
973 5823 1027 5865 tt.

1591 339 1792 395 LIBER
1823 338 2226 398 UNDECIMUS.

3449 354 3552 410 QiG

1973 455 2194 524 cpistola
2216 455 2377 525 ipsius
2401 464 2502 524 est,
2531 455 2623 513 sed
2648 457 2699 512 in
2723 473 2785 512 ea
2807 457 2919 528 ipsa
2940 456 3041 513 hoc
3062 458 3175 530 ejus
3195 470 3297 524 est,
3327 464 3425 519 boc
3447 481 3578 522 non-

1971 554 2056 602 est
2081 545 2214 614 ejus.
2249 547 2345 601 Ubi
2372 563 2491 602 cum
2524 563 2589 602 ex
2628 548 2858 604 adverso
2895 548 3160 615 audieris,
3205 549 3416 616 Proba;
3445 570 3552 610 non

1970 639 2242 708 Coniugias
2269 639 2334 693 ad
2366 641 2688 710 exemplaria
2717 642 2944 708 veriora,
2976 641 3060 697 vel
3088 642 3369 712 plurimum
3401 645 3543 701 codi-

1970 744 2088 782 cum
2118 771 2132 793 ,
2164 730 2244 783 vel
2274 732 2608 800 antiquorum
2635 774 2649 798 ,
2682 733 2763 787 vel
2805 733 2995 804 lingua:
3023 735 3370 804 praecedentis
3413 737 3552 794 unde

1970 818 2073 872 hoc
2103 820 2152 872 in
2183 821 2340 874 aliam
2373 822 2600 890 linguam
2632 823 3033 893 interpretatum
3061 833 3143 879 cst
3172 843 3184 880 :
3225 825 3321 882 sed
3365 826 3510 882 dicas
3535 869 3549 890 ,

1971 910 2094 964 Iade
2125 911 2290 980 probo
2323 911 2422 964 boe
2447 911 2587 966 illius
2614 928 2733 968 esse
2757 956 2772 980 ,
2807 914 2934 968 illud
2978 930 3082 969 non
3119 931 3271 985 esse,
3299 917 3424 988 quia
3451 918 3551 974 hoc

1968 1014 2068 1067 pro
2111 1017 2195 1055 tne
2243 1009 2434 1066 sonat,
2485 1001 2612 1056 illud
2659 1012 2841 1057 contra
2888 1020 2992 1059 me.
3027 1005 3105 1060 Tu
3131 1022 3190 1062 es
3219 1022 3344 1078 ergo
3372 1008 3548 1079 regula

1968 1093 2250 1147 veritatis?
2279 1094 2535 1164 quidquid
2563 1106 2746 1149 contra
2777 1104 2827 1150 te
2857 1096 3049 1164 fuerit,
3082 1114 3186 1154 non
3213 1111 3294 1154 est
3324 1117 3504 1154 verum
3527 1104 3549 1152 2'

1967 1184 2122 1252 Quid,
2141 1187 2184 1242 si
2211 1187 2345 1242 alius
2367 1187 2526 1242 simili
2553 1189 2776 1254 insania,
2796 1190 2887 1244 sed
2917 1200 3089 1246 tamen
3113 1209 3213 1261 qtta
3243 1203 3326 1247 tua
3355 1193 3546 1248 duritia

1966 1275 2328 1346 confringatur
2354 1319 2368 1341 ,
2398 1277 2591 1331 existat
2621 1287 2674 1332 et
2699 1267 2876 1343 dicat,
2905 1279 3015 1335 lino
3042 1282 3166 1336 illud
3192 1282 3333 1352 quod
3371 1299 3468 1354 pro
3499 1294 3548 1337 te

1966 1377 2158 1432 sonat,
2191 1367 2376 1421 falsum
2415 1378 2533 1433 est;
2582 1368 2683 1423 hoc
2724 1378 2901 1424 autem
2932 1369 3070 1439 quod
3108 1382 3289 1426 contra
3332 1383 3384 1427 te
3423 1382 3504 1428 est
3531 1416 3546 1440 ,

1965 1473 2148 1512 Vi't'ntn
2194 1447 2318 1514 est?
2356 1459 2479 1528 quid
2513 1471 2727 1514 acturus
2755 1475 2812 1514 es
2832 1501 2846 1524 ,
2877 1461 2975 1514 nisi
3006 1459 3141 1515 forte
3165 1462 3323 1516 alium
3353 1463 3545 1518 librum

1966 1550 2290 1618 prolaturus,
2316 1550 2402 1603 ubi
2426 1550 2676 1620 quidquid
2705 1550 2914 1620 legeris,
2941 1551 3228 1606 secundum
3259 1561 3398 1606 tuam
3425 1568 3549 1608 sen-

1967 1643 2182 1696 tentiam
2215 1643 2379 1711 possit
2409 1643 2626 1711 intelligi
2649 1643 2671 1696 ?
2695 1643 2805 1697 lloc
2835 1643 2879 1697 si
2911 1641 3123 1710 feceris,
3148 1659 3252 1698 non
3282 1645 3347 1698 de
3373 1646 3546 1715 aliqua

1964 1735 2078 1805 ejus
2112 1736 2367 1804 particula
2393 1777 2407 1800 ,
2440 1735 2532 1790 sed
2562 1736 2629 1790 de
2659 1745 2768 1790 toto
2805 1737 2989 1790 audies
3019 1737 3464 1792 contradicentem
3495 1747 3548 1793 ει

1964 1827 2302 1890 clamantem,
2329 1826 2515 1881 Falsus
2540 1836 2640 1881 est.
2664 1825 2800 1894 Quid
2827 1827 2994 1896 ages?
3019 1842 3125 1897 quo
3150 1835 3202 1882 te
3226 1837 3503 1884 convertes
3523 1828 3549 1881 ἲ

1965 1933 2120 1986 quam
2151 1920 2270 1973 libri
2300 1935 2327 1972 a
2357 1927 2407 1973 te
2435 1920 2624 1989 prolati
2665 1919 2921 1990 originem
2947 1961 2960 1984 ,
2993 1934 3150 1990 quam
3188 1929 3502 1976 vetustatem
3531 1963 3547 1988 ,

1964 2027 2122 2082 quam
2148 2014 2340 2067 seriem
2365 2013 2719 2068 successionis
2752 2022 2937 2068 testem
2970 2013 3157 2067 citabis
3178 2013 3200 2067 ?
3220 2013 3353 2067 Nam
3381 2015 3424 2067 si
3448 2013 3549 2067 hoc

1964 2102 2141 2158 facere
2165 2104 2442 2158 cnaabcris
2466 2145 2480 2167 ,
2510 2113 2564 2158 et
2588 2103 2716 2157 nihil
2744 2103 2944 2159 valebis
2973 2121 2984 2156 :
3016 2113 3062 2158 et
3106 2104 3251 2159 vides
3277 2105 3328 2158 in
3360 2104 3460 2158 hac
3491 2121 3549 2159 re
3581 2147 3588 2153 .

1964 2194 2089 2264 quid
2145 2196 2394 2250 Ecclesiae
2440 2196 2712 2250 catholica:
2754 2197 2928 2250 valeat
2969 2198 3258 2252 auctoritas
3284 2239 3298 2263 ,
3339 2213 3455 2266 qua:
3482 2196 3549 2250 ab

1966 2281 2095 2360 ipsis
2123 2285 2504 2342 fuudatissimis
2529 2283 2741 2343 sedibus
2771 2288 3147 2361 Apostolorum
3170 2303 3337 2357 usque
3361 2287 3424 2341 ad
3448 2287 3547 2340 bo-

1965 2377 2210 2432 diernum
2274 2379 2412 2432 diem
2465 2378 2859 2434 succedentium
2911 2378 3124 2432 sibimet
3176 2379 3564 2450 episcoporum,

1965 2469 2128 2538 serie,
2161 2476 2216 2522 ει
2247 2477 2319 2522 tot
2353 2469 2662 2537 populorum
2689 2468 3040 2524 consensione
3070 2468 3330 2536 lirmaluvr,
3369 2465 3550 2537 Itaque

1965 2562 2010 2617 si
2043 2562 2110 2616 de
2141 2562 2244 2616 fide
2287 2563 2668 2631 exetnplarium
2708 2563 2930 2631 quieslio
2959 2571 3288 2628 verteretur,
3319 2562 3454 2616 sicut
3498 2562 3547 2615 in

1967 2655 2237 2709 nonnullis
2262 2697 2274 2716 ,
2304 2671 2421 2724 qua:
2449 2663 2502 2708 rt
2533 2669 2711 2723 pauca:
2735 2663 2857 2708 sunt
2881 2696 2895 2722 ,
2938 2663 2992 2709 et
3020 2669 3288 2709 sacrarum
3327 2654 3552 2708 Littera-

1967 2765 2083 2804 rum
2108 2747 2360 2801 studiosis
2387 2749 2678 2801 n'otissima:
2706 2748 3086 2815 sententiarum
3118 2747 3436 2809 varietates;
3471 2745 3552 2799 vel

1968 2856 2031 2894 ex
2060 2839 2282 2892 aliarum
2328 2839 2601 2908 regionum
2646 2836 2952 2903 codicibus,
2993 2837 3131 2892 unde
3174 2838 3282 2906 ipsa
3311 2836 3551 2891 doetrina

1968 2933 2286 2985 commeavit
2307 2972 2320 2996 ,
2350 2942 2527 2984 nostra
2557 2929 2814 2984 dubitatio
2839 2929 3216 2998 dijudicarctur
3242 2971 3254 2992 ,
3287 2929 3372 2982 vel
3404 2925 3446 2982 si
3480 2927 3551 2981 ibi

1969 3039 2182 3093 quoque
2226 3023 2438 3078 codices
2479 3024 2783 3089 variarent,
2833 3023 3010 3092 plures
3043 3023 3378 3092 paucioribus
3403 3063 3416 3083 .
3463 3033 3554 3074 aut

1971 3115 2287 3171 vetustiores
2315 3117 2698 3171 l‘CCl‘.llll“I‘ll)US
2729 3115 3108 3185 praeferrentur
3148 3133 3160 3168 :
3202 3124 3256 3170 et
3294 3113 3336 3168 si
3381 3113 3554 3168 adhuc

1971 3219 2113 3262 esset
2143 3208 2341 3262 incerta
2375 3209 2598 3261 varietas
2622 3250 2636 3272 ,
2668 3206 2976 3277 praecedens
3007 3208 3181 3277 lingua
3207 3248 3222 3272 ,
3255 3207 3394 3260 unde
3425 3206 3553 3259 illud

1949 3293 2372 3370 interpretatum
2405 3311 2506 3366 est,
2537 3303 2925 3359 consuleretur.
2954 3304 3067 3358 Hoc
3089 3303 3244 3359 modo
3274 3310 3516 3373 quaerunt
3535 3342 3552 3367 ,

1971 3394 2061 3464 qui
2084 3395 2223 3463 quud
2251 3410 2345 3448 eos
2370 3407 2543 3449 movet
2571 3396 2621 3449 iu
2641 3395 2926 3466 Scripturis
2948 3397 3175 3461 sanctis,
3206 3406 3346 3449 tanta
3375 3405 3556 3450 aucto-

1973 3488 2132 3541 ritate
2177 3485 2440 3548 firmatis,
2495 3487 2733 3541 invenire
2774 3487 2997 3555 volunt,
3038 3497 3096 3541 ut
3145 3487 3375 3541 habeant
3416 3485 3556 3541 unde

1973 3575 2322 3643 instruantur,
2358 3592 2459 3630 non
2493 3576 2630 3631 unde
2657 3577 2913 3631 rixentur.

2044 3667 2270 3721 CAPUT
2310 3666 2394 3720 lli.
2422 3697 2493 3706 -—
2514 3667 2623 3721 lloc
2646 3676 2824 3720 autem
2854 3666 2993 3736 quod
3021 3665 3281 3720 adversus
3311 3667 3554 3734 impieta-

1976 3769 2081 3814 tem
2112 3769 2341 3814 vestram
2382 3776 2445 3814 εκ
2511 3760 2740 3830 apostoli
2783 3759 2932 3814 Pauli
2979 3758 3215 3828 Epistula
3267 3758 3553 3826 profertur,

1977 3850 2167 3905 Filium
2201 3851 2290 3904 Dei
2323 3867 2384 3906 ex
2416 3851 2620 3905 semine
2664 3850 2831 3904 David
2871 3865 2992 3906 esse
3021 3848 3310 3904 secundum
3339 3863 3556 3904 carnem

1977 3941 2151 4015 (Rom.
2196 3959 2235 4006 ι,
2267 3942 2344 4012 5),
2378 3930 2567 3997 omnes
2599 3943 2813 4016 codices
2848 3952 2902 3997 et
2951 3942 3074 3996 novi
3117 3950 3168 3996 et
3213 3951 3422 3996 veteres
3464 3941 3559 3994 ha-

1977 4035 2124 4098 bent,
2151 4049 2337 4088 omnes
2376 4034 2628 4089 Ecclesiae
2657 4035 2856 4103 legunt,
2889 4049 3076 4089 omnes
3107 4035 3298 4103 lingua:
3329 4039 3557 4087 consen-

1979 4124 2134 4178 tiunt.
2168 4123 2438 4177 Exuimini
2470 4139 2596 4192 ergo
2630 4124 2790 4194 pallio
2817 4125 3057 4189 fallacize,
3091 4140 3194 4192 quo
3231 4123 3458 4177 Faustus
3484 4123 3564 4177 iu-

1978 4213 2154 4278 dutus,
2185 4229 2306 4269 cum
2343 4215 2439 4268 sibi
2470 4215 2834 4284 proposuisset
2857 4222 3108 4284 tanquam
3142 4214 3561 4283 interrogantem

1979 4316 2033 4361 et
2061 4306 2352 4371 dicentem,
2401 4305 2602 4375 Accipis
2640 4305 2924 4376 apostolum
2960 4303 3225 4358 Paulum?
3252 4304 3560 4373 respondit,

1985 4398 2046 4452 lit
2086 4399 2320 4452 niaxime.
2363 4398 2471 4452 Cur
2513 4399 2653 4452 enim
2697 4413 2800 4450 non
2833 4398 3009 4466 potius
3038 4396 3331 4466 respondit,
3368 4397 3436 4450 Et
3459 4397 3563 4450 mi-

1983 4491 2158 4554 nime;
2205 4489 2306 4542 nisi
2349 4489 2468 4557 quia
2502 4488 2694 4553 fallax,
2724 4487 2867 4542 aliud
2909 4503 3065 4557 quam
3097 4488 3146 4542 id
3193 4487 3332 4558 quod
3377 4486 3565 4541 falsum

1982 4591 2116 4646 erat,
2150 4579 2470 4648 respondere
2496 4596 2602 4634 non
2635 4578 2842 4648 potuit?
2882 4578 3019 4644 Quid
3051 4580 3191 4634 enim
3219 4580 3411 4649 accipit
3440 4595 3570 4649 apo-

1983 4675 2102 4729 stoli
2138 4672 2321 4728 Pauli?
2369 4671 2478 4725 Non
2520 4672 2744 4741 primum
2791 4670 3090 4737 hominem,
3111 4687 3265 4740 quem
3314 4671 3404 4725 ille
3441 4671 3569 4724 dicit

1985 4767 2052 4822 de
2074 4775 2210 4819 terra
2240 4773 2510 4820 terrenum
2543 4781 2558 4818 :
2587 4764 2654 4818 de
2678 4778 2783 4832 quo
2812 4763 2936 4817 item
2965 4763 3112 4826 dicit,
3143 4762 3326 4816 Factus
3358 4771 3427 4814 est
3460 4763 3566 4830 pri-

1985 4877 2098 4913 mus
2125 4861 2270 4912 homo
2305 4858 2470 4910 Adam
2494 4858 2546 4910 in
2573 4857 2792 4910 animum
2823 4857 3084 4910 viventem.
3117 4855 3211 4911 ille
3255 4864 3431 4908 autem
3475 4869 3565 4908 ano

1988 4952 2193 5004 nuntiat
2224 4950 2402 5004 nescio
2432 4964 2590 5018 quem
2621 4949 2848 5018 primum
2883 4949 3174 5013 hominem,
3207 4963 3304 5002 nec
3334 4946 3399 5000 de
3429 4955 3573 5000 terra

1991 5054 2281 5110 terrenum,
2325 5058 2424 5097 nec
2454 5042 2648 5095 factum
2692 5042 2742 5095 in
2784 5041 3014 5095 animam
3059 5041 3342 5100 viventem,
3377 5037 3470 5092 sed
3507 5037 3572 5092 de

1991 5137 2282 5192 substantia
2328 5137 2440 5200 Dei,
2489 5135 2718 5203 idipsum
2765 5135 3079 5189 existentcm
3119 5131 3256 5201 quod
3301 5132 3440 5186 Deus
3473 5141 3575 5193 est,

1992 5229 2228 5284 membra
2273 5242 2387 5292 sua,
2434 5227 2513 5280 νει
2545 5226 2861 5282 vestimenta
2902 5239 3016 5289 sua,
3058 5224 3138 5276 vel
3183 5238 3330 5275 avma
3371 5238 3483 5284 sua,
3525 5223 3576 5276 id

1993 5321 2330 5390 estquinque
2360 5320 2644 5382 elementa,
2673 5333 2795 5372 cum
2828 5325 2882 5370 et
2924 5315 3035 5384 ipsa
3067 5313 3197 5367 nihil
3227 5313 3366 5367 aliud
3399 5321 3579 5369 essent

1993 5427 2149 5481 quam
2181 5411 2473 5464 substantia
2504 5410 2620 5472 Dei,
2665 5408 2714 5461 in
2747 5407 3082 5461 tenebrarum
3117 5413 3273 5476 gente
3308 5406 3580 5480 mersisse,

1996 5511 2055 5556 ut
2099 5503 2368 5572 inquinata
2409 5509 2745 5572 caperentur.
2795 5498 2911 5553 Non
2949 5499 3238 5554 secundum
3286 5497 3582 5564 hominem,

1997 5609 2154 5666 quem
2185 5595 2378 5650 Paulus
2406 5593 2620 5650 dicitde
2647 5593 2786 5647 cmlo
2814 5593 2854 5662 ³,
2881 5609 3038 5664 quem
3061 5593 3189 5651 dicit
3214 5596 3372 5650 etiam
3407 5595 3582 5649 novis-

2039 5751 2079 5860 ιί
2117 5754 2248 5859 latina.
2275 5748 2334 5801 de
2353 5747 2470 5800 ra'lo
2495 5747 2748 5799 ctrlestem.
2780 5751 2940 5812 Abest,
2960 5749 3215 5808 ra'lcrtem,
3235 5750 3293 5799 ab
3316 5747 3456 5798 editis
3481 5747 3582 5800 alii!

2062 5824 2112 5860 va
2169 5825 2232 5860 ss.

2005 5824 2064 5861 ει
2079 5824 2112 5861 ιι
2129 5824 2232 5860 ωδε.
