4016 6438
531 353 634 407 247

444 450 447 451 ν
528 468 721 521 simum
765 467 931 523 Adam
987 465 1039 519 in
1085 464 1326 535 spiritum
1365 463 1712 516 vivificantem
1759 460 1775 523 (
1809 460 1825 513 l
1870 461 1984 513 Cor.
2013 475 2103 522 xv,

522 560 618 627 4⁵7,
649 558 763 627 45),
792 571 948 627 quem
978 555 1105 610 dicit
1145 555 1336 608 factum
1379 568 1444 606 cx
1479 552 1681 606 semine
1714 550 1875 604 David
1917 565 2108 604 secun-

526 650 653 704 dum
692 664 927 713 carnem,
963 647 1154 701 factum
1195 661 1259 699 cx
1304 644 1542 708 muliere,
1584 643 1776 697 factum
1811 643 1910 696 sub
1946 643 2104 712 Lege,

527 750 584 794 ut
613 754 705 794 eos
731 740 818 809 qui
840 738 939 792 sub
964 737 1103 807 Lege
1129 744 1298 797 erant,
1318 733 1603 788 redimeret
1625 733 1814 803 (Calat.
1845 751 1914 795 IV,
1942 736 1993 796 4,
2018 736 2104 801 5);
2144 750 2151 757 ‘

525 833 593 887 de
619 848 724 901 quo
757 831 821 883 ad
852 829 1184 882 Timotheum
1215 826 1361 889 dicit,
1398 825 1592 878 Mentor
1613 835 1714 877 esto
1739 825 1989 879 Christum
2014 825 2108 877 Je-

523 939 635 975 sum
675 922 1007 975 resurrexisse
1032 935 1063 971 α
1089 919 1297 970 mortuis
1324 934 1388 971 ex
1412 919 1596 971 semine
1624 916 1807 982 David,
1836 918 2107 969 secundmn

524 1012 858 1083 Evangelium
899 1028 1063 1065 meum
1112 1009 1177 1079 (ll
1214 1008 1340 1062 Tim.
1388 1025 1444 1074 tt,
1474 1009 1564 1079 8);
1606 1009 1658 1062 in
1688 1009 1838 1077 cujus
1864 1010 2109 1081 exemplo

522 1106 683 1160 etiam
720 1103 1159 1159 resurrectionem
1199 1110 1431 1156 nostram
1456 1101 1709 1170 praedicat
1744 1102 1947 1162 dicens,
1985 1100 2109 1154 Tra-

522 1195 631 1248 didi
658 1195 787 1247 enim
817 1193 950 1247 vobis
975 1194 1027 1245 in
1054 1193 1229 1262 primis
1258 1192 1391 1260 quod
1420 1200 1464 1244 et
1487 1192 1659 1261 accepi
1695 1206 1713 1244 :
1744 1192 1862 1261 quia
1881 1191 2107 1245 Christus

520 1295 745 1338 mortuus
768 1294 841 1337 est
867 1299 957 1353 pro
980 1284 1193 1352 peccatis
1222 1281 1441 1345 nostris;
1467 1282 1739 1335 secundum
1769 1281 2062 1350 Scripturas
2084 1299 2102 1346 ;

520 1376 693 1446 etquia
714 1376 939 1447 sepultus
973 1386 1045 1429 est
1060 1386 1107 1428 et
1127 1376 1245 1444 quia
1260 1374 1529 1428 resurrexit
1550 1374 1692 1426 tertia
1714 1374 1794 1425 die
1835 1374 2106 1427 secundum

518 1468 835 1537 Scripturas.
874 1469 939 1522 Et
970 1468 1126 1537 paulo
1144 1474 1266 1535 post
1292 1465 1449 1519 infert
1471 1480 1635 1535 quare
1661 1465 1760 1519 hoc
1784 1465 1977 1519 dixerit
2001 1483 2013 1518 :
2045 1464 2108 1520 Si

515 1566 685 1612 autem
724 1558 950 1612 Christus
986 1558 1288 1627 praedicatur
1328 1556 1447 1624 quia
1483 1558 1754 1608 resurrexit
1795 1573 1825 1608 a
1873 1558 2102 1624 mortuis,

515 1650 768 1721 quomodo
795 1652 977 1733 dicunt;
1004 1651 1207 1719 quidam
1239 1649 1290 1703 in
1325 1648 1462 1701 vobis
1488 1649 1606 1718 quia
1638 1651 1930 1701 resurrectio
1965 1666 2102 1702 mor-

517 1754 718 1798 tuorum
746 1761 847 1797 non
875 1752 947 1797 est
972 1741 1013 1815 (Ι
1040 1741 1157 1797 Cor.
1194 1758 1283 1805 xv,
1309 1743 1360 1809 5,
1391 1741 1444 1807 ὦ,
1479 1740 1609 1809 12)?
1638 1740 1739 1795 lsle
1765 1743 1981 1807 atttem‘,
2012 1741 2101 1811 qui

424 1880 465 1897 .,
520 1836 874 1907 interrogatus
918 1843 1093 1889 utrum
1124 1834 1347 1903 accipiat
1374 1833 1672 1902 apostolum
1709 1833 1949 1899 Paulum,
1991 1848 2105 1887 res-

515 1928 733 1998 pondet,
768 1928 835 1982 Et
866 1930 1101 1993 maxime,
1132 1927 1246 1981 hare
1273 1910 1450 1981 omnia
1480 1934 1637 1995 negat
1665 1944 1679 1979 :
1709 1941 1807 1980 nec
1832 1926 2012 1981 Jesum
2036 1941 2101 1981 ex

516 2022 721 2077 semine
749 2019 911 2074 David
954 2019 1065 2073 vult
1089 2018 1350 2087 accipere,
1395 2031 1494 2071 nec
1522 2015 1714 2069 factum
1756 2032 1821 2070 ex
1854 2017 2100 2082 muliere,

515 2132 693 2186 quam,
728 2129 831 2169 non
856 2113 995 2184 quod
1026 2113 1182 2167 fuerit
1206 2112 1289 2167 vel
1315 2110 1717 2165 concumbendo
1741 2110 1822 2164 vel
1845 2109 2101 2179 pariendo

514 2218 783 2277 corrupta,
810 2205 1084 2260 mulierem
1125 2204 1319 2259 Paulus
1344 2204 1607 2273 appellat;
1650 2202 1739 2257 sed
1771 2216 1919 2256 more
1955 2201 2102 2256 Scri-

514 2309 789 2370 pturarum
835 2298 1084 2369 loquitur,
1116 2312 1234 2367 qua:
1282 2297 1452 2365 ipsum
1497 2310 1680 2349 sexum
1722 2295 1799 2348 sic
1830 2294 2103 2363 appellare

513 2372 911 2446 consueverunt
950 2406 963 2441 :
1006 2388 1145 2443 sicut
1171 2388 1222 2441 in
1260 2386 1454 2441 Genesi
1481 2385 1548 2440 de
1578 2386 1682 2439 Eva
1716 2386 1970 2453 scriptum
1997 2394 2097 2447 est,

514 2480 777 2534 Formavit
802 2494 913 2531 eam
963 2478 1015 2531 in
1056 2477 1314 2530 mulierem
1344 2474 1495 2545 (Cen.
1531 2490 1593 2537 tt,
1626 2474 1754 2542 22);
1797 2488 1918 2527 cum
1949 2488 2099 2527 com-

515 2573 679 2626 mixta
708 2572 823 2627 viro
851 2586 954 2627 non
989 2571 1195 2625 fuisset.
1226 2569 1333 2624 Nec
1354 2569 1521 2638 ipsam
1555 2577 1781 2622 mortem
1803 2566 2020 2629 Christi,
2046 2573 2102 2621 et

515 2664 863 2732 sepulturam,
888 2671 941 2717 et
966 2663 1408 2717 resurrectionem
1426 2660 1646 2730 accipit;
1673 2658 2100 2729 quandoquidem

512 2754 781 2809 Christum
813 2753 960 2817 dicit,
993 2768 1093 2807 nec
1119 2753 1342 2806 mortale
1372 2764 1564 2819 corpus
1597 2750 1864 2815 habuisse,
1892 2748 1979 2802 ubi
2012 2748 2101 2803 illa

512 2862 636 2900 vera
692 2860 837 2899 mors
880 2851 1053 2905 esset;
1096 2858 1194 2897 nec
1236 2843 1355 2896 illas
1401 2842 1675 2896 cicatrices
1718 2854 1872 2893 veras
1913 2838 2098 2905 fuisse,

512 2950 646 3005 quas
672 2942 791 3006 post
812 2933 1255 2989 resurrectionem
1283 2930 1555 2999 discipulis
1576 2930 1826 2992 ostendit,
1855 2946 1974 2983 cum
1999 2931 2098 2996 eis,

514 3026 654 3094 quod
701 3034 755 3080 et
798 3024 991 3079 Paulus
1039 3030 1441 3084 commemorat,
1487 3022 1638 3074 vivus
1675 3021 1915 3097 apparuit
1947 3019 2097 3091 (Luc.

515 3134 668 3183 χχιιι,
704 3118 793 3183 '59,
840 3117 929 3183 40,
961 3125 1007 3170 et
1056 3116 1075 3169 ι
1107 3114 1224 3169 Cor.
1274 3130 1368 3178 xv,
1398 3115 1494 3184 5):
1538 3129 1635 3167 nec
1681 3114 1845 3182 ipsam
1885 3128 2099 3167 carnem

514 3219 751 3264 nostram
796 3216 1234 3272 resurrecturum,
1282 3208 1333 3260 in
1381 3221 1573 3275 corpus
1616 3204 1889 3272 spirituale
1925 3214 2100 3259 muta-

514 3310 623 3354 tam
654 3302 694 3366 ¹,
741 3300 876 3353 sicut
915 3298 1249 3367 apertissime
1279 3297 1417 3351 idem
1458 3297 1731 3366 apostolus
1756 3296 1902 3357 dicit,
1935 3296 2102 3350 Semi-

514 3403 669 3446 natur
705 3408 888 3461 corpus
917 3391 1172 3456 animale,
1216 3390 1377 3460 surgit
1419 3406 1599 3459 corpus
1637 3387 1917 3456 spirituale.
1948 3387 2102 3443 Unde

514 3483 825 3539 discernens
864 3482 1003 3536 inter
1040 3496 1235 3550 corpus
1272 3480 1501 3533 animale
1539 3486 1592 3533 et
1630 3478 1927 3547 spirituale,
1969 3492 2099 3532 con-

516 3575 686 3630 texuit
719 3573 859 3644 qnod
881 3574 990 3643 jam
1018 3571 1427 3627 commemoravi
1462 3570 1528 3625 de
1555 3570 1724 3637 primo
1761 3569 1928 3623 Adam
1955 3578 2008 3623 et
2036 3568 2103 3624 de

514 3666 808 3723 novissimo
856 3665 1043 3720 Adam.
1091 3663 1291 3719 Deinde
1338 3662 1513 3716 intulit
1557 3678 1570 3717 :
1624 3660 1735 3714 Hoc
1771 3670 1938 3713 autem
1966 3660 2098 3727 dico,

519 3760 722 3830 fratres,
771 3757 1010 3827 quoniam
1046 3771 1165 3808 caro
1190 3763 1235 3807 et
1264 3753 1469 3823 sanguis
1496 3768 1703 3819 regnum
1729 3750 1824 3804 Dei
1852 3751 2105 3822 pos-sidere

517 3866 621 3904 non
651 3856 876 3921 possunt.
913 3848 978 3901 Et
1018 3862 1085 3900 ne
1114 3848 1391 3915 quisquam
1438 3841 1867 3912 ipsam'speciem
1903 3841 2099 3905 carnis,

518 3950 575 3997 et
601 3943 766 4012 ipsam
786 3938 1133 3993 substantiam
1155 3953 1259 3991 non
1284 3951 1438 4006 posse
1464 3948 1742 4003 resurgere
1765 3932 2100 3995 credidisset,

518 4034 819 4104 exprimere
865 4031 1055 4085 volens
1086 4028 1212 4100 quid
1254 4042 1393 4081 nunc
1422 4025 1767 4095 appellaverit
1808 4038 2021 4077 carnem
2051 4031 2105 4076 et

517 4125 853 4196 sanguinem,
876 4123 995 4193 quia
1027 4123 1193 4191 ipsam
1224 4118 1617 4187 corruptionem
1653 4116 1871 4183 intelligi
1913 4115 2100 4179 voluit,

517 4231 640 4285 qua:
682 4225 804 4269 tunc
834 4215 884 4270 iu
926 4210 1313 4267 resurrectione
1337 4210 1600 4276 justorum
1633 4221 1736 4259 non
1766 4206 1896 4262 erit.
1933 4206 2104 4259 conti-

517 4322 629 4362 nuo
654 4304 923 4362 contexuit
963 4322 975 4356 :
1029 4302 1207 4371 Neque
1243 4300 1497 4368 corruptio
1531 4296 1918 4366 incorruptelam
1946 4298 2105 4365 possi-

522 4400 677 4453 debit.
710 4400 771 4453 Et
804 4413 869 4452 ne
905 4397 1078 4451 adhuc
1114 4395 1391 4463 quisquam
1422 4399 1650 4460 putaret,
1679 4405 1783 4443 non
1812 4387 1938 4441 illud
1964 4387 2104 4457 quod

520 4491 788 4561 sepultum
818 4488 975 4545 fuerit
999 4494 1419 4543 resurrecturum
1445 4524 1459 4546 ,
1502 4483 1593 4538 sed
1621 4490 1868 4551 tanquam
1896 4482 1995 4534 alia
2027 4490 2105 4535 tu-

522 4583 644 4637 nica
671 4590 914 4651 ponatur,
960 4587 1015 4634 et
1042 4579 1141 4632 alia
1169 4576 1358 4631 melior
1392 4572 1702 4642 accipiatur,
1739 4573 1925 4626 volens
1952 4587 2105 4640 aper-

519 4675 729 4729 tissime
746 4672 1017 4727 declarare
1041 4670 1160 4740 quia
1192 4668 1292 4722 hoc
1323 4670 1493 4735 ipsum
1516 4665 1570 4719 in
1602 4665 1791 4719 melius
1816 4672 2107 4718 commuta-

520 4767 670 4822 bitur
720 4782 732 4816 :
780 4765 919 4818 sicut
956 4762 1268 4816 vestimenta
1298 4759 1493 4813 Christi
1554 4758 1604 4810 in
1647 4765 1826 4809 monte
1854 4770 1957 4807 non
1985 4761 2109 4807 sunt

522 4859 719 4930 posita,
747 4864 803 4911 et
839 4856 939 4909 alia
986 4862 1193 4922 sumpta
1216 4895 1230 4917 ,
1254 4851 1346 4905 scd
1371 4851 1483 4918 ipsa
1506 4864 1624 4918 qua:
1654 4848 1881 4905 fuerant,
1912 4847 1963 4899 in
1994 4860 2105 4899 me-

550 4947 626 5006 lis
651 4948 933 5003 clarilicata
960 4953 1082 4998 sttnt
1106 4942 1315 5015 (Matth.
1346 4956 1478 4999 xvtt,
1506 4938 1562 5005 2)
1588 4953 1603 4993 :
1629 4937 1870 5006 sequitur
1895 4945 1950 4989 et
1978 4949 2107 4987 con-

492 5028 657 5103 ;exit
684 5040 885 5103 dicens,
923 5036 1051 5091 Ecce
1093 5033 1379 5104 mysterium
1409 5030 1541 5083 vobis
1584 5029 1694 5081 dico
1725 5043 1741 5080 :
1785 5043 1955 5079 omnes
2000 5025 2109 5095 qui-

540 5131 639 5189 dem
659 5145 991 5200 resurgemus.
1019 5143 1118 5179 non
1143 5135 1307 5177 tamen
1333 5138 1503 5176 omnes
1526 5119 1918 5173 immutabimur.
1950 5118 2014 5171 Et
2041 5132 2107 5171 ne

525 5222 699 5277 adhuc
722 5231 865 5276 esset
891 5221 1173 5280 incertum,
1206 5215 1293 5285 qui
1318 5215 1424 5267 sint
1446 5213 1533 5282 qui
1563 5210 1998 5274 imtnutabuntur,
2042 5206 2107 5260 In

526 5322 717 5377 atomo,
743 5310 932 5381 inquit,
962 5310 1013 5362 in
1042 5309 1145 5362 ictu
1180 5304 1334 5369 oculi,
1375 5304 1431 5358 in
1463 5303 1729 5357 novissima
1765 5301 1883 5353 tuba
1913 5314 1931 5352 :
1963 5308 2107 5351 canet

527 5405 662 5457 enim
688 5404 824 5466 tuba,
848 5412 893 5455 et
922 5402 1104 5455 mortui
1127 5408 1383 5470 resurgent
1404 5396 1683 5467 incorrupti
1703 5436 1716 5458 ,
1743 5403 1787 5447 et
1813 5409 1903 5446 nos
1922 5393 2108 5444 intutu—

529 5495 767 5549 tabintur.
832 5493 1019 5547 Adhuc
1068 5492 1203 5547 forte
1257 5492 1469 5555 dicant,
1523 5503 1625 5543 non
1670 5482 1959 5541 secundum
2010 5480 2111 5535 hoc

476 5576 481 5581 ’
528 5586 755 5640 mortale
800 5592 852 5637 et
879 5583 1216 5651 corruptibile
1257 5596 1450 5651 corpus
1490 5594 1586 5631 nos
1626 5578 1675 5629 iu
1719 5572 2110 5628 resurrectione

533 5680 821 5740 immutart,
872 5674 964 5729 sed
1007 5674 1296 5729 secundum
1336 5674 1563 5727 animam
1605 5687 1618 5724 :
1662 5682 1781 5722 cum
1827 5661 2111 5735 Apostolus

597 5812 619 5851 π
650 5810 753 5865 Sola
776 5808 882 5861 fere
906 5808 1051 5861 editio
1072 5809 1449 5867 Loraniensium,
1473 5804 1766 5855 mutandam.

1342 350 1613 407 CONTRA
1654 348 1970 407 FAUSTU.“
2008 346 2455 415 MANlCll/EUM,
2496 349 2553 406 S.
2590 349 2948 406 AUGUSTlNl

3677 348 3783 413 2.58

2216 458 2315 513 hoc
2346 476 2449 514 non
2478 463 2809 531 proposuerit
2834 460 3193 515 underdiceret
3220 504 3231 523 ,
3265 461 3356 515 sed
3381 460 3448 515 de
3469 475 3686 532 corpore
3710 464 3783 527 ίιιι

2216 554 2377 623 ipsius
2406 556 2712 624 qumstionis
2743 554 2892 607 initio
2917 555 3119 607 locutas
3149 554 3298 607 fuerit
3328 595 3341 617 ,
3374 555 3509 608 sicut
3532 555 3639 623 ipsa
3666 557 3778 625 ejus

2215 646 2409 699 indicat
2436 648 2759 716 propositio,
2790 644 2894 699 Sed
2918 645 3046 698 dicet
3068 646 3270 711 aliquis,
3304 646 3490 714 inquit,
3524 646 3785 712 Quomodo

2214 747 2480 808 resurgunt
2505 737 2727 790 mortui?
2753 730 2850 806 qui)
2881 747 3042 789 autem
3072 753 3280 807 corpore
3301 737 3536 789 veniunt?
3568 737 3657 790 Hic
3676 738 3781 805 jam

2212 838 2597 897 consequenter
2632 837 2884 896 tanquam
2922 827 3087 897 digito
3112 827 3342 881 ostendit
3374 826 3513 880 unde
3547 828 3781 896 loquere-

2215 926 2297 969 tur
2319 958 2332 981 ,
2364 926 2419 971 et
2444 918 2664 987 subjecit
2688 918 2869 971 dicens
2888 960 2903 983 ,
2937 917 3143 986 Oportet
3169 919 3300 970 enim
3335 918 3655 987 corruptibile
3690 921 3779 971 hoc

2212 1009 2417 1063 induere
2432 1010 2842 1080 incorruptelam,
2858 1020 2903 1063 et
2915 1009 3125 1064 mortale
3151 1010 3241 1062 hoc
3262 1011 3471 1063 induere
3492 1010 3781 1063 immortali-

2214 1108 2359 1152 tatem
2378 1101 2420 1169 (Ι
2443 1100 2559 1154 Cor.
2584 1116 2672 1164 xv,
2694 1099 2897 1171 35-55).
2917 1100 3039 1155 Rrec
3058 1115 3185 1169 ergo
3196 1116 3316 1154 cum
3340 1101 3437 1154 iste
3451 1109 3624 1169 neget,
3644 1116 3779 1154 cum-

2212 1205 2314 1259 que
2345 1192 2513 1261 ipsum
2545 1193 2733 1253 Deum.
2761 1192 2829 1246 de
2856 1207 2962 1261 quo
2992 1193 3180 1245 Paulus
3203 1191 3347 1255 dicit,
3379 1189 3684 1256 Immortali,
3710 1192 3782 1243 in-

2211 1283 2539 1351 corruptibili,
2569 1284 2664 1337 soli
2690 1282 2792 1335 Deo
2818 1284 2977 1336 honor
2996 1291 3041 1336 et
3068 1284 3229 1351 gloria
3257 1282 3297 1350 (l
3322 1282 3450 1335 Tim.
3485 1298 3520 1347 ι,
3557 1283 3663 1352 l7),
3688 1284 3787 1338 iste

2211 1373 2604 1441 corruptibilem
2648 1375 2933 1442 praedicet;
2982 1373 3413 1443 quandoquidem-
3436 1373 3779 1425 substantiam

2211 1465 2325 1533 ejus
2341 1476 2498 1535 atque
2518 1477 2755 1520 naturam
2784 1475 2837 1521 et
2857 1475 3017 1519 totam
3042 1467 3278 1521 timuisse
3305 1482 3375 1521 ne
3401 1482 3428 1518 a
3454 1466 3787 1520 tenebrarum

2210 1566 2369 1627 gente
2399 1566 2849 1627 corrumperetur,
2886 1568 2940 1612 et
2982 1565 3039 1612 ttt
3070 1567 3275 1613 caiterae
3307 1559 3691 1621 consuleretur,
3720 1572 3784 1613 ex

2210 1656 2361 1716 parte
2408 1658 2733 1719 corruptam,
2765 1650 3075 1705 detestanda
3123 1660 3177 1704 et
3220 1651 3570 1705 abominanda
3600 1666 3782 1705 eorum

2213 1739 2384 1792 fabula
2424 1741 2676 1805 somniat;
2713 1740 2837 1810 quid
2868 1748 2952 1795 est
2977 1740 3115 1810 quod
3144 1741 3302 1794 etiam
3343 1741 3393 1794 in
3434 1740 3536 1795 hoc
3566 1751 3799 1795 conatur

2211 1829 2390 1882 fallere
2418 1830 2711 1899 imperitos,
2731 1840 2783 1885 et
2812 1832 2863 1885 in
2889 1832 3079 1885 divinis
3102 1830 3390 1901 Scripturis
3418 1832 3592 1885 minus
3609 1832 3799 1886 erudi-'

2213 1927 2293 1971 to;
2320 1961 2334 1980 ,
2394 1929 2450 1974 ιιι
2494 1921 2846 1990 interrogatus
2872 1930 3045 1975 utrum
3075 1922 3300 1990 accipiat
3321 1924 3621 1991 apostolum
3661 1924 3789 1981 Pau-

2210 2010 2340 2074 lttm,
2365 2012 2700 2079 respondeat,
2726 2012 2979 2077 Maxime;
3010 2020 3065 2065 et
3090 2012 3400 2078 inveniatur,
3428 2014 3688 2068 minimc?

2279 2102 2503 2157 CAPUT
2556 2103 2640 2156 IV.
2682 2133 2753 2144 —
2790 2103 2895 2158 Sed
2930 2114 3093 2169 certa,
3145 2103 3330 2172 inquit,
3378 2105 3514 2158 ratio
3538 2113 3645 2171 est,
3689 2122 3795 2175 qua

2209 2195 2484 2249 ostendam
2508 2196 2728 2249 Paulum
2760 2197 3054 2266 apostolum
3088 2206 3176 2250 aut
3202 2195 3526 2266 proficientia
3549 2209 3787 2253 mutasse

2208 2286 2545 2352 sententiam,
2574 2296 2628 2341 et
2664 2287 2983 2342 scribentem
3025 2287 3089 2341 ad
3124 2287 3448 2353 Corinthios,
3475 2289 3795 2343 emendasse-

2208 2376 2346 2445 quod
2389 2377 2673 2445 scripserat
2698 2378 2763 2431 ad
2798 2378 3096 2443 Romanos;
3139 2388 3230 2432 aut
3270 2379 3490 2433 omnino
3516 2395 3626 2433 non
3658 2381 3788 2434 scri-

2208 2470 2398 2538 psisse,
2425 2469 2566 2538 quod
2613 2478 2861 2540 tanquam
2898 2471 3011 2538 ejus
3042 2469 3329 2539 profertur,
3365 2470 3555 2525 Filium
3600 2472 3693 2525 Dei
3726 2487 3787 2525 ex

2209 2561 2414 2616 semine
2441 2561 2601 2615 David
2627 2562 2920 2617 secundum
2949 2578 3185 2617 carnem.
3211 2564 3323 2627 Qua
3347 2563 3555 2616 tandem
3581 2564 3799 2618 ratione

2209 2654 2257 2708 id
2291 2654 2554 2710 Ostendit?
2583 2654 2714 2721 Quia
2762 2671 2864 2708 non
2908 2664 3100 2723 potest,
3148 2655 3334 2724 inquit,
3379 2667 3668 2725 utrumque
3703 2672 3791 2708 ve-
3854 2650 3869 2656 ’

2207 2761 2323 2799 rum
2367 2761 2507 2809 esse,
2552 2754 2607 2799 et
2649 2745 2788 2815 quod
2833 2746 2884 2799 in
2916 2746 3149 2814 Epistola
3177 2755 3257 2799 est
3296 2746 3372 2798 ad
3395 2746 3687 2806 Romanos,
3723 2745 3801 2799 De.

2212 2837 2346 2892 Filio
2382 2856 2494 2904 suo,
2536 2840 2621 2909 qui
2672 2843 2836 2909 factus
2864 2849 2934 2893 est
2980 2856 3043 2893 ea:
3086 2840 3272 2892 semine
3313 2839 3476 2891 David
3515 2841 3792 2894 secundum

2207 2947 2406 2983 carnem
2433 2931 2608 3001 (Rom.
2639 2947 2675 2989 ι.
2706 2930 2796 3003 5);
2829 2932 3047 3001 etquod
3073 2932 3147 2985 ait
3167 2932 3231 2985 ad
3252 2933 3574 2996 Corinthios,
3614 2931 3794 3001 Itaque

2208 3038 2298 3075 nos
2332 3025 2513 3075 amodo
2555 3024 2803 3075 neminem
2841 3024 3069 3076 novimus
3092 3025 3362 3075 secundum
3387 3039 3589 3075 carnem
3626 3040 3644 3075 :
3678 3035 3729 3075 et
3751 3023 3799 3075 si

2208 3128 2504 3167 noveramus
2532 3114 2806 3167 secundum
2841 3130 3041 3168 carnem
3070 3114 3354 3176 Christum,
3400 3115 3485 3166 sed
3524 3131 3664 3167 nunc
3684 3114 3795 3183 jam

2209 3221 2307 3258 non
2326 3207 2551 3259 novimus
2570 3206 2631 3278 (Il
2656 3205 2773 3260 Car.
2801 3223 2849 3271 v,
2873 3204 2982 3278 16).
3017 3207 3196 3259 Restat
3222 3221 3348 3275 ergo
3370 3216 3426 3259 ut
3447 3221 3544 3259 nos
3562 3205 3793 3260 demon-

2208 3309 2440 3353 stremus
2469 3314 2624 3369 quam
2656 3299 2822 3368 possit
2847 3309 3129 3367 utrumque
3159 3314 3339 3351 verum
3374 3313 3511 3359 esse,
3543 3308 3605 3352 et
3635 3314 3796 3367 quam

2209 3390 2308 3443 sibi
2336 3390 2449 3445 hcce
2472 3392 2577 3446 duo
2604 3408 2706 3447 non
2728 3392 2831 3446 sint
2862 3392 3143 3444 contraria.
3171 3390 3342 3445 Unum
3372 3391 3570 3460 quippe
3604 3405 3793 3445 eorum

2208 3499 2313 3537 non
2348 3498 2468 3539 esse
2512 3483 2683 3547 Pauli,
2727 3482 2869 3536 nullo
2906 3481 3065 3536 modo
3104 3496 3386 3551 possumus
3423 3480 3645 3547 dicere;
3674 3480 3794 3551 quia

2210 3577 2353 3630 nulla
2385 3578 2434 3630 in
2461 3592 2526 3631 eo
2548 3578 2715 3630 variat
2753 3574 2992 3630 codicum
3039 3574 3345 3629 auctoritas.
3394 3574 3506 3628 Etsi
3549 3575 3699 3627 enim
3745 3573 3795 3627 in

2208 3668 2522 3738 quibusdam
2555 3668 2732 3721 latinis
2758 3666 3147 3734 exemplaribus
3192 3681 3296 3720 non
3347 3666 3554 3735 legitur,
3608 3660 3793 3735 factus,

2209 3760 2324 3822 sed,
2358 3769 2506 3814 natus
2548 3774 2610 3813 ea:
2645 3759 2832 3812 sentina
2872 3757 3060 3823 David,
3109 3773 3228 3811 cum
3270 3771 3439 3825 graeca
3489 3761 3663 3825 factus
3709 3756 3800 3808 ha—

2210 3851 2387 3912 beant,
2442 3848 2581 3904 unde
2633 3865 2738 3903 non
2791 3848 2855 3902 ad
2911 3849 3153 3914 verbum,
3203 3848 3296 3903 sed
3352 3848 3417 3901 ad
3471 3849 3799 3902 sententiam

2211 3939 2497 3994 transferre
2527 3941 2688 3993 voluit
2726 3939 2972 4004 dicendo,
3021 3950 3214 4004 natum,
3256 3940 3451 3993 latinus
3481 3940 3752 4008 interpres
3783 3956 3796 3991 :

2210 4045 2384 4087 tamen
2411 4034 2675 4088 Christum
2702 4049 2764 4087 ex
2788 4034 2993 4088 semine
3022 4032 3181 4086 David
3208 4048 3325 4086 esse
3350 4032 3650 4086 secundum
3679 4048 3801 4086 car-

2210 4140 2353 4190 nezu,
2376 4126 2609 4179 omnium
2629 4126 2879 4180 librorum
2896 4132 3053 4194 atque
3071 4126 3362 4194 linguarum
3389 4127 3687 4179 concordat
3710 4140 3803 4178 att-

2210 4218 2443 4270 ctoritas.
2489 4217 2541 4270 In
2573 4218 2671 4271 hoc
2697 4226 2871 4270 autem
2909 4215 3423 4285 Paulumaliquando
3466 4231 3704 4276 errasse,
3748 4223 3804 4268 et

2211 4307 2537 4378 proﬁciendo
2550 4317 2784 4361 mutasse
2798 4308 3129 4369 sententiam,
3146 4307 3283 4361 absit
3297 4307 3627 4360 utdicamus.
3649 4305 3805 4371 Quod

2211 4400 2369 4453 etiam
2401 4400 2512 4469 ipse
2551 4398 2775 4453 Faustus
2798 4398 2962 4452 sensit
2988 4414 3142 4467 quam
3177 4397 3414 4466 improbe
3446 4405 3609 4467 atque.
3643 4398 3807 4466 impie

2212 4493 2508 4557 diceretur;
2541 4492 2825 4562 maluitque
2849 4490 3046 4557 dicere,
3077 4491 3221 4545 Pauli
3257 4489 3541 4559 Epistulam
3566 4491 3806 4544 aliorum

2215 4584 2440 4638 falsitate
2466 4594 2788 4660 corruptam,
2831 4599 2987 4651 quam
3017 4582 3181 4653 ipsius
3207 4597 3388 4637 errore
3416 4581 3693 4635 vitiosam.

2283 4676 2509 4732 CAPUT
2550 4676 2611 4730 V.
2656 4705 2725 4715 ——
2770 4677 2842 4728 l)e
2885 4676 2965 4729 his
2992 4676 3130 4728 enim
3163 4675 3311 4729 libris
3336 4674 3438 4727 dici
3472 4682 3673 4741 potest,
3710 4674 3811 4727 ali~

2213 4767 2334 4837 quid
2366 4782 2460 4821 eos
2485 4766 2680 4820 habere
2706 4781 2810 4819 non
2838 4780 3127 4818 consonum
3157 4764 3381 4818 fortasse
3409 4764 3719 4825 occultiori.
3754 4772 3813 4817 et

2214 4860 2278 4913 ad
2308 4856 2723 4927 dignosccndunt
2752 4856 3031 4909 difficiliori
3056 4854 3284 4919 veritati,
3314 4854 3454 4924 quod
3482 4864 3571 4907 aut
3603 4855 3689 4908 sic
3721 4871 3813 4908 re-

2216 4950 2487 5014 manserit,
2515 4958 2605 5001 aut
2630 4949 2678 5000 in
2712 4948 3093 5017 presterioribus
3120 4954 3419 4999 correctum
3443 4947 3532 5011 sit,
3564 4946 3663 5014 qui
3699 4960 3811 4999 non

2216 5040 2551 5114 praecipiendi
2579 5041 2910 5103 auctoritate,
2941 5038 3032 5092 sed
3078 5036 3384 5106 proﬁciendi
3415 5038 3815 5093 exercitatione

2215 5135 2517 5188 scribuntur
2558 5147 2587 5185 a
2633 5132 2802 5185 nobis.
2852 5131 2993 5184 inter
3032 5130 3127 5182 hos
3163 5129 3303 5183 enim
3350 5142 3551 5193 sumus,
3606 5130 3816 5198 quibus

2217 5230 2353 5282 idem
2378 5228 2648 5296 :tpOstOltlS
2675 5226 2801 5280 dicit
2833 5242 2846 5278 :
2880 5223 3009 5277 Etsi
3038 5224 3160 5289 quid
3188 5224 3334 5275 aliter
3353 5223 3549 5293 sapitis,
3585 5222 3645 5273 id
3679 5240 3811 5291 quo.

2216 5338 2313 5391 que
2339 5321 2471 5373 vobis
2499 5318 2635 5372 Dens
2657 5316 2890 5370 reuelabit
2923 5314 3180 5387 (Philipp.
3206 5329 3283 5377 ιιι,
3316 5314 3429 5384 lii).
3459 5313 3612 5379 Quod
3638 5329 3819 5379 genus

2218 5413 2509 5466 litterarum
2534 5425 2636 5465 non
2663 5423 2783 5463 eum
2810 5405 3060 5461 credendi
3092 5405 3427 5470 necessitate,
3449 5403 3542 5458 sed
3567 5418 3702 5457 cum
3730 5404 3816 5472 ju-

2216 5502 2425 5558 dicandi
2467 5501 2705 5555 libertate
2736 5497 3014 5567 legendum
3046 5506 3147 5550 est.
3191 5496 3285 5550 (lui
3324 5503 3499 5550 tamen
3537 5508 3604 5547 ne
3637 5495 3821 5549 inter-

2218 5595 2522 5651 cluderetur
2545 5594 2712 5657 locus,
2731 5591 3108 5647 etadimiretur
3129 5588 3354 5659 posteris
3380 5587 3444 5641 ad
3470 5588 3820 5656 qmestioues

2219 5689 2463 5747 difﬁciles
2510 5685 2809 5740 tractandas
2848 5690 3007 5752 atque
3044 5680 3329 5735 versandus
3361 5680 3548 5748 linguae
3588 5692 3662 5729 ac
3707 5679 3823 5731 stili

2221 5780 2597 5839 saluberrimus
2622 5776 2770 5831 Ial‘or
2789 5818 2803 5842 ,
2833 5774 3078 5831 distincta
3104 5781 3184 5827 est
3210 5789 3237 5825 a
3268 5770 3617 5841 posterioruttt
3656 5767 3823 5831 libcis
