4052 6436
247 347 345 404 εις)

247 455 551 516 excellentia
581 454 851 512 canonica:
879 451 1214 508 auctoritatis
1237 450 1448 508 Veteris
1473 459 1526 508 et
1553 450 1684 507 Novi
1714 449 1822 505 Te-

247 549 510 614 stamenti,
559 562 679 619 qua:
721 547 1098 618 Apostolorum
1146 543 1455 601 conﬁrmata
1500 543 1827 615 temporibus

247 658 337 714 per
360 641 729 696 successiones
765 638 1136 709 episcoporum
1179 647 1234 692 et
1269 636 1676 707 propagationes
1719 635 1825 688 Ec-

248 734 546 797 clesiarum,
577 743 824 801 tanquam
856 731 908 784 in
938 730 1067 784 sede
1099 729 1326 799 quadam
1363 727 1659 783 sublimiter
1693 741 1826 781 con-

249 829 419 883 stituta
440 833 544 890 est,
572 824 658 878 cui
677 823 874 877 serviat
898 821 1271 876 omnislidelis
1289 828 1343 875 et
1363 820 1480 889 pius
1505 818 1825 873 intellectus.

249 919 318 976 Ibi
340 919 383 972 si
407 916 542 987 quid
567 916 710 972 velut
736 915 1026 971 absurdum
1052 914 1306 978 moverit,
1336 927 1440 967 non
1472 912 1595 967 licet
1622 911 1823 978 dicere,

249 1014 438 1065 Auctor
464 1008 625 1078 hujus
647 1007 766 1062 libri
795 1022 898 1060 non
931 1007 1097 1060 tenuit
1126 1006 1400 1060 veritatem
1427 1021 1440 1056 :
1464 1003 1580 1066 sed,
1609 1012 1697 1058 aut
1729 1017 1824 1058 co-

250 1103 338 1158 tlex
376 1101 672 1156 mendosus
711 1109 814 1167 est,
855 1107 949 1154 aut
987 1099 1248 1170 interpres
1269 1098 1490 1165 erravit,
1521 1106 1612 1152 aut
1639 1105 1692 1150 tu
1722 1113 1826 1150 non

252 1195 511 1265 intelligis.
546 1194 604 1249 In
627 1193 899 1264 opusculis
925 1200 1102 1247 autem
1132 1191 1506 1262 posteriorum,
1534 1205 1652 1260 qua:
1679 1189 1829 1244 libris

247 1287 722 1343 innumerabilibus
744 1287 1103 1346 continentur.
1135 1284 1228 1340 sed
1258 1285 1403 1338 nullo
1428 1281 1588 1338 modo
1615 1282 1718 1336 illa:
1742 1297 1830 1337 επις

247 1379 557 1434 tutissimae
619 1378 996 1433 canonicarum
1047 1375 1444 1444 Scripturarum
1497 1373 1828 1431 excellentiae

243 1482 606 1542 corcqnantur,
631 1470 791 1526 etiam
823 1470 874 1523 in
899 1468 1324 1539 quibuscumque
1343 1482 1529 1522 eorum
1558 1465 1830 1521 invenitur

247 1565 432 1622 eadem
489 1565 708 1627 veritas,
751 1563 909 1632 longe
954 1569 1128 1616 tamen
1177 1569 1260 1616 est
1301 1560 1473 1628 impar
1521 1557 1829 1613 auctoritas.

245 1659 422 1728 Itaque
449 1659 504 1713 in
534 1657 635 1721 eis,
663 1656 708 1711 si
743 1671 846 1726 qua
876 1654 1013 1709 forte
1041 1662 1316 1724 propterea
1344 1653 1618 1707 dissonare
1644 1659 1833 1721 putau-

247 1762 328 1806 tnr
360 1765 391 1804 a
430 1764 586 1814 vero,
617 1749 739 1819 quia
768 1764 872 1802 non
899 1756 956 1800 ιιι
981 1746 1122 1802 dicta
1161 1753 1287 1800 sunt
1323 1745 1706 1813 intelliguntur,
1749 1751 1831 1797 ta-

245 1859 362 1898 men
410 1842 644 1897 liberum
693 1842 764 1896 ibi
810 1841 969 1895 habet
1017 1840 1184 1895 lector
1226 1838 1506 1894 auditorve
1552 1836 1830 1906 judicium,

244 1954 346 2009 quo
372 1938 459 1993 vel
500 1937 761 2007 approbet
787 1935 928 2006 quod
967 1935 1242 2006 placuerit,
1273 1934 1358 1989 vel
1403 1933 1668 2003 improbet
1693 1932 1834 2003 quod

243 2030 528 2086 efenderit
556 2049 573 2085 :
598 2039 652 2085 et
677 2030 800 2086 ideo
827 2036 1016 2084 cuncta
1043 2027 1308 2098 ejusmodi
1333 2027 1435 2082 nisi
1464 2027 1544 2082 vel
1573 2035 1717 2081 certa
1748 2041 1834 2080 ra-

243 2124 409 2190 tione,
441 2123 530 2198 vel
557 2136 622 2178 ex
650 2122 739 2176 illa
764 2121 1020 2176 canonica
1042 2119 1358 2175 auctoritate
1377 2117 1742 2180 defenduntur,
1777 2125 1836 2172 ut

241 2216 640 2273 demonstretur
670 2217 782 2270 sive
813 2214 1033 2269 omnino
1058 2213 1129 2268 ita
1155 2226 1298 2278 esse,
1320 2212 1433 2272 sive
1461 2211 1570 2266 ﬁeri
1599 2210 1837 2280 potuisse

239 2308 384 2380 quod
408 2307 497 2364 vel
526 2307 851 2378 disputatum
878 2305 948 2361 ibi
975 2313 1076 2371 est,
1104 2304 1189 2359 vel
1208 2312 1480 2360 narratum
1505 2320 1519 2370 ;
1547 2304 1591 2358 si
1621 2301 1836 2358 cuidis-

242 2402 515 2474 plicuerit,
556 2411 651 2456 aut
687 2401 913 2457 credere
951 2399 1202 2464 noluerit,
1257 2412 1366 2454 non
1404 2396 1834 2467 reprehenditur.

245 2493 300 2550 In
329 2493 421 2548 illa
448 2507 584 2549 vero
608 2492 859 2548 canonica
887 2491 1174 2546 eminentia
1194 2504 1465 2546 sacrarum
1490 2489 1834 2554 Litterarum,

246 2584 460 2641 etiamsi
508 2601 650 2640 unus
677 2583 957 2655 propheta,
1007 2599 1102 2639 seu
1145 2583 1438 2653 apostolus,
1484 2590 1579 2638 aut
1613 2597 1840 2652 evange-

247 2677 362 2734 lista
409 2676 617 2748 aliquid
663 2677 717 2732 in
755 2677 870 2732 suis
915 2675 1130 2742 Litteris
1171 2676 1414 2745 posuisse
1453 2674 1568 2745 ipsa
1619 2675 1842 2729 canonis

244 2770 658 2827 continuatione
685 2768 1004 2835 declaratur,
1037 2783 1142 2823 non
1167 2769 1291 2825 licet
1317 2768 1562 2824 dubitare
1586 2769 1727 2839 quod
1754 2783 1844 2823 ve-

246 2877 364 2917 rum
408 2861 482 2920 sit
527 2878 544 2916 :
593 2861 828 2931 alioquin
872 2860 1015 2915 nulla
1061 2860 1165 2915 erit
1211 2859 1420 2930 pagina,
1450 2875 1552 2928 qua
1599 2859 1842 2914 humana!

250 2953 540 3022 imperitia:
581 2960 798 3022 regatur
826 2944 1134 3018 infirmitas,
1159 2951 1204 3006 si
1244 2951 1525 3006 Librorum
1557 2951 1843 3006 canonico-

249 3061 364 3100 rum
417 3044 772 3100 saluberrima
812 3044 1115 3108 auctoritas,
1159 3053 1248 3098 aut
1288 3052 1590 3114 contempta
1635 3044 1844 3113 penitus

248 3135 515 3201 aboletur,
544 3143 637 3190 aut
665 3135 1001 3190 interminata
1027 3134 1390 3190 confunditur.

314 3227 558 3284 CAPUT
581 3227 671 3282 VI.
704 3257 776 3269 σ-
802 3227 1136 3297 Quapropter
1153 3226 1392 3298 quisquis
1409 3241 1489 3292 es,
1515 3241 1670 3297 quem
1701 3226 1847 3280 velut

250 3320 606 3390 repugnantia
632 3320 736 3374 ista
759 3328 1060 3384 moverunt,
1102 3320 1244 3391 quod
1273 3319 1398 3374 alibi
1438 3320 1695 3390 scriptum
1738 3330 1843 3388 est,

251 3409 452 3465 Filium
483 3410 584 3465 Dei
622 3427 688 3466 ea:
712 3411 900 3466 semine
936 3411 1120 3478 David,
1151 3411 1280 3466 alibi
1304 3420 1506 3479 autem,
1533 3411 1602 3466 Et
1629 3413 1674 3466 si
1695 3411 1847 3466 nove-

250 3519 426 3556 πωπω
449 3501 713 3557 Christum
739 3503 1012 3557 secundum
1040 3519 1243 3557 carnem
1263 3545 1278 3569 ,
1317 3503 1407 3558 sed
1434 3505 1548 3574 jam
1589 3519 1723 3557 nunc
1749 3519 1849 3557 non

252 3595 487 3649 novimus
516 3609 538 3648 :
577 3603 632 3649 et
668 3594 713 3648 si
739 3609 844 3649 non
876 3603 1158 3665 utrumque
1185 3611 1252 3650 ex
1277 3595 1433 3649 unius
1463 3595 1705 3665 Apostoli
1736 3594 1848 3650 Lit-

252 3686 385 3740 teris
413 3685 785 3755 proferretur,
827 3685 918 3740 sed
948 3701 1112 3740 unum
1154 3700 1338 3740 eorum
1380 3686 1576 3741 Paulus
1604 3686 1846 3753 dixisset,

252 3779 485 3834 alterum
515 3778 726 3845 Petrus,
765 3789 857 3834 aut
897 3779 1078 3845 Isaias,
1109 3789 1202 3834 aut
1237 3779 1374 3835 alius
1399 3780 1675 3850 quisquam
1703 3781 1849 3850 Apo-

253 3873 545 3937 stolorum,
573 3871 684 3940 sive
722 3871 1146 3942 Prophetarum;
1173 3873 1295 3943 quia
1325 3873 1395 3928 ita
1436 3872 1537 3929 sibi
1581 3873 1758 3928 omnia
1797 3872 1851 3927 in

255 3964 531 4018 canonica
560 3945 872 4020 auctoritate
893 3963 1238 4030 concordant,
1269 3973 1326 4019 ut
1353 3974 1602 4034 tanquam
1632 3978 1739 4018 uno
1759 3979 1852 4018 ore

259 4053 435 4119 dicta,
475 4053 761 4122 justissima
799 4065 852 4111 et
883 4056 1293 4126 prudentissima
1324 4057 1518 4125 pietate
1543 4055 1850 4120 credantur,

254 4157 316 4202 et
343 4149 688 4203 serenissimo
714 4149 986 4204 intellectu
1016 4150 1353 4205 inveniantur
1375 4189 1390 4213 ,
1422 4157 1478 4204 et
1502 4149 1854 4205 solertissima

256 4239 536 4309 diligentia
584 4241 1048 4304 demonstrentur;
1091 4256 1197 4296 non
1247 4241 1432 4296 liceret
1485 4241 1554 4296 de
1596 4241 1856 4296 alterutro

259 4329 530 4384 dubitare.
563 4331 812 4396 Proinde,
851 4333 975 4403 quia
1001 4349 1067 4388 ex
1109 4332 1336 4402 apostoli
1378 4332 1523 4387 Pauli
1560 4332 1852 4398 canonicis,

262 4420 316 4475 id
343 4431 448 4487 est,
483 4437 616 4478 vere
657 4423 803 4478 Pauli
837 4424 1089 4493 Epistolis
1111 4465 1126 4491 ,
1159 4433 1444 4494 utrumque
1473 4423 1772 4495 profertur,
1803 4433 1858 4480 et

263 4528 371 4568 non
397 4527 688 4584 possumus
723 4514 934 4579 dicere,
975 4524 1067 4570 aut
1098 4515 1410 4571 mendosum
1435 4531 1556 4572 esse
1592 4517 1852 4582 codicem,

264 4621 454 4661 omnes
478 4606 622 4660 enim
647 4607 794 4662 latini
818 4607 1083 4663 emendati
1112 4608 1189 4663 sic
1218 4608 1450 4674 habent;
1478 4615 1569 4661 aut
1595 4607 1858 4678 interpre-

265 4706 373 4751 tem
395 4712 628 4762 errassc,
653 4713 842 4754 omnes
865 4699 1006 4754 enim
1035 4700 1193 4770 graeci
1221 4699 1488 4755 emendati
1519 4700 1598 4754 sic
1621 4700 1815 4754 habent
1840 4717 1854 4754 :

265 4800 432 4843 restat
462 4798 523 4844 ut
552 4799 610 4844 ιιι
637 4805 740 4844 non
774 4791 1068 4862 intelligas,
1101 4806 1130 4844 a
1157 4807 1243 4846 me
1271 4801 1449 4846 autem
1485 4793 1621 4846 ratio
1652 4791 1859 4861 ﬂagite-

267 4890 372 4947 tur,
401 4881 676 4950 quomodo
701 4891 946 4936 neutrum
977 4885 1044 4937 ab
1067 4882 1234 4938 altero
1260 4883 1520 4948 dissonet,
1549 4882 1644 4938 sed
1676 4884 1726 4936 in
1763 4898 1857 4936 ea-

266 4972 391 5024 dem
418 4987 563 5026 sanzr.
603 4972 726 5028 lidei
753 4975 933 5044 regula
971 4977 1250 5045 utrumque
1280 4974 1591 5030 concordet.
1633 4975 1687 5030 Si
1717 4965 1858 5028 enim

265 5071 322 5114 tu
368 5077 583 5133 quoque
623 5064 708 5133 pie
743 5080 1032 5132 quaereres,
1079 5080 1264 5135 posses
1311 5065 1550 5122 invenire
1594 5067 1862 5136 quomodo

264 5154 365 5205 ista
389 5164 725 5223 perscrttlata
747 5155 1096 5229 dilucescant.

335 5246 427 5300 CA
438 5246 568 5301 PUT
594 5246 906 5302 Vll.——Nam
925 5249 1062 5318 quod
1083 5249 1246 5304 Filius
1263 5249 1356 5305 Dei
1378 5265 1442 5305 ex
1471 5251 1674 5306 semine
1701 5249 1862 5306 David

265 5338 436 5392 homo
460 5337 634 5394 factus
653 5350 755 5406 est,
775 5357 874 5396 nec
905 5341 1042 5396 idem
1065 5344 1336 5412 apostolus
1355 5358 1464 5397 uno
1485 5343 1602 5398 loco
1627 5344 1775 5409 dicit,
1807 5352 1864 5398 et

263 5432 388 5486 alia:
398 5441 596 5488 sancta:
607 5433 720 5488 Scri
729 5442 895 5503 pturm
907 5435 1241 5503 apertissime
1252 5436 1714 5505 praedicantQuod
1736 5451 1863 5490 vero

261 5523 419 5582 dicit.
448 5521 516 5576 Et
543 5526 586 5578 si
616 5542 912 5581 noveramus
933 5525 1184 5581 Christum
1209 5528 1483 5582 secundum
1521 5545 1743 5594 carnem,
1773 5528 1863 5582 sed

262 5614 375 5673 iam
404 5631 538 5668 nunc
560 5631 661 5669 non
689 5617 949 5680 novimus;
974 5631 1036 5672 ea
1066 5617 1178 5687 ipsa
1205 5620 1599 5674 circumstantia
1626 5619 1864 5689 Scriptu-

263 5721 344 5760 ne
366 5705 469 5761 loci
493 5707 612 5777 ejus
639 5710 770 5764 satis
811 5709 1046 5764 ostendit
1088 5710 1213 5780 quid
1261 5711 1507 5782 loquatur
1545 5714 1855 5784 Apostolus.

263 5796 382 5853 Suo
407 5799 605 5872 quippe
628 5816 780 5858 more
799 5799 960 5859 vitam
990 5801 1225 5861 uoStram
1255 5803 1504 5875 futuram,
1533 5824 1650 5878 qu-r
1673 5809 1786 5878 jam
1805 5807 1856 5860 iu

1552 336 1756 396 LIBER
1794 332 2206 392 UNDECIMUS.

3414 341 3515 398 251i

1935 445 2050 515 ipso
2071 445 2285 500 homine
2306 443 2596 501 mediatorc
2623 444 2836 502 Christo
2853 447 3178 519 Jesueapite
3205 461 3390 508 nostro
3420 470 3513 512 rc-

1895 547 2182 610 surgente
2230 541 2495 610 completa
2541 549 2661 606 est,
2721 542 2792 595 ita
2847 558 2942 619 spe
2988 553 3133 598 certa
3191 546 3516 615 meditatur,

1933 639 2180 702 tanquam
2211 632 2315 703 iam
2336 633 2492 698 adsit,
2519 648 2861 704 praesensque
2887 644 3160 691 teneatur:
3189 653 3308 708 qum
3338 641 3519 710 utique

1932 723 2038 777 vita
2079 737 2186 777 non
2235 724 2338 783 erit
2375 724 2664 779 secundum
2691 740 2928 787 carnem,
2980 727 3121 782 sicut
3159 728 3269 797 jam
3321 729 3517 784 Christi

1932 816 2037 869 vita
2066 829 2172 869 non
2200 822 2284 869 est
2305 816 2597 872 secundum
2619 832 2855 880 carnem.
2884 818 3112 875 Carnem
3144 835 3376 890 namque
3417 821 3520 878 hoc

1933 908 2050 962 loco
2077 925 2180 963 non
2232 911 2399 980 ipsam
2442 913 2681 980 corporis
2720 914 2889 967 nostri
2941 913 3312 981 substantiam,
3357 930 3517 984 quinm

1935 1001 2190 1056 Dominus
2233 1002 2394 1058 etiam
2445 1013 2568 1072 post
2611 1006 3057 1062 resurrectionem
3101 1022 3250 1062 suam
3303 1022 3518 1062 carnem

1931 1094 2182 1163 appellat,
2223 1095 2428 1158 dicens,
2474 1094 2692 1166 Palpate
2727 1107 2772 1150 et
2790 1097 2978 1162 videte,
3003 1099 3122 1168 quia
3159 1099 3367 1167 spiritus
3404 1115 3520 1152 ossa

1933 1197 1978 1240 et
1999 1203 2200 1241 carnem
2227 1205 2326 1242 non
2355 1189 2519 1251 habet,
2551 1189 2678 1242 sicut
2705 1207 2782 1243 me
2803 1190 2977 1244 videtis
2994 1191 3177 1245 habere
3193 1189 3338 1263 (Luc.
3369 1207 3517 1252 κων,

1933 1280 2060 1353 59);
2091 1281 2185 1336 sed
2232 1281 2630 1350 corruptionem
2678 1282 3160 1353 mortalitatemque
3189 1283 3378 1352 carnis
3407 1283 3524 1337 vult

1935 1371 2178 1441 intelligi,
2222 1387 2342 1442 qua:
2371 1381 2498 1426 tunc
2549 1386 2653 1426 non
2685 1372 2787 1427 erit
2814 1371 2867 1425 in
2915 1372 3086 1436 nobis,
3140 1372 3277 1428 sicut
3307 1375 3418 1442 jam
3465 1373 3517 1427 in

1934 1463 2148 1517 Christo
2175 1478 2279 1517 non
2310 1472 2410 1519 est.
2449 1464 2594 1518 Ilanc
2613 1464 2758 1518 enim
2779 1463 2994 1534 proprie
3018 1478 3238 1520 carnem
3269 1464 3518 1520 nomina-

1935 1554 2045 1622 bat,
2073 1555 2234 1610 etiam
2257 1571 2380 1610 cum
2408 1555 2475 1611 de
2500 1557 2614 1626 ipsa
2647 1556 3040 1612 resurrectione
3081 1556 3212 1612 satis
3249 1556 3520 1614 evidenter

1935 1645 2260 1715 loqueretur,
2288 1657 2344 1702 et
2365 1647 2589 1713 diceret,
2615 1646 2754 1716 quod
2767 1646 2877 1716 jam
2901 1661 3059 1716 supra
3085 1647 3520 1714 commemoravi,

1934 1733 2066 1792 Caro
2094 1745 2142 1790 et
2161 1739 2366 1808 sanguis
2385 1753 2595 1808 regnum
2614 1737 2712 1791 Dei
2727 1737 2984 1807 possidere
3003 1753 3102 1791 non
3124 1746 3348 1807 possunt,
3367 1753 3524 1809 neque

1935 1828 2190 1900 corruptio
2219 1827 2644 1899 incorruptionem
2673 1828 2964 1898 possidebit.
2995 1828 3127 1882 Cum
3155 1842 3285 1897 ergo
3325 1826 3522 1901 factum

1936 1919 2114 1987 fuerit,
2159 1921 2301 1992 quod
2346 1921 2417 1976 ibi
2446 1921 2840 1992 consequenter
2886 1921 3033 1986 dicit,
3079 1919 3212 1974 Ecce
3237 1919 3526 1990 mysterium

1935 2012 2073 2067 vobis
2103 2013 2216 2068 dico
2235 2029 2255 2068 :
2277 2028 2448 2067 omnes
2466 2013 2666 2083 quidem
2689 2028 3024 2082 resurgemus,
3045 2028 3148 2065 non
3170 2021 3335 2064 tamen
3356 2025 3528 2064 omnes

1937 2105 2332 2159 immutabimur.
2376 2103 2442 2158 In
2480 2115 2669 2168 atonto,
2703 2103 2754 2159 id
2782 2111 2884 2168 est,
2913 2103 2966 2157 itt
3003 2113 3295 2166 momenta,
3336 2099 3390 2154 in
3426 2101 3530 2154 ictu

1939 2196 2090 2260 oculi,
2138 2196 2193 2249 in
2235 2197 2504 2249 novissima
2547 2195 2685 2261 tuba,
2728 2204 2872 2248 canet
2900 2196 3031 2248 enim
3078 2194 3216 2259 tuba,
3267 2202 3315 2246 et
3341 2191 3529 2246 mortui

1938 2295 2196 2357 resurgent
2223 2286 2521 2354 incorrupti,
2551 2295 2596 2339 et
2617 2302 2713 2339 nos
2733 2285 3107 2338 immutabintur
3129 2300 3148 2340 ἒ
3172 2291 3366 2355 oportet
3393 2281 3529 2342 enim

1939 2376 2268 2446 corruptibile
2301 2376 2394 2429 hoc
2422 2375 2630 2429 induere
2655 2375 3105 2445 incorruptionem,
3131 2382 3178 2427 et
3197 2371 3410 2427 mortale
3435 2371 3530 2426 hoc

1941 2467 2149 2520 induere
2165 2465 2595 2520 immortalitatem
2624 2465 2663 2537 (I
2696 2465 2815 2522 Cor.
2842 2482 2932 2530 xv,
2953 2463 3146 2536 50-55)
3179 2483 3192 2519 :
3215 2463 3318 2534 iam
3341 2478 3532 2518 secun-

1942 2559 2068 2614 dum
2095 2558 2146 2612 id
2173 2557 2313 2628 quod
2328 2572 2563 2622 carnem,
2589 2572 2694 2612 non
2715 2556 2882 2626 ipsam
2903 2556 3144 2626 corporis
3159 2554 3530 2622 substantiam,

1943 2650 2036 2706 sed
2071 2651 2238 2720 ipsam
2285 2650 2681 2719 corruptionem
2736 2649 3076 2703 mortalitatis
3126 2647 3379 2718 appellat,
3421 2663 3530 2702 non

1945 2743 2049 2798 erit
2074 2743 2257 2812 utique
2279 2755 2426 2807 caro,
2453 2742 2576 2812 quia
2600 2741 2994 2810 corruptionem
3036 2739 3384 2809 mortalitatis,
3412 2755 3530 2793 nm-

1946 2847 2055 2892 tata
2079 2852 2184 2892 non
2215 2837 2458 2901 habebit;
2491 2837 2782 2892 secundum
2809 2845 2986 2891 autem
3018 2836 3184 2905 ipsius
3222 2834 3535 2891 substantiae
3599 2904 3602 2908 ἱ

1946 2930 2290 3000 corporisque
2319 2931 2578 3001 originem
2617 2929 2804 2984 eadem
2829 2945 2954 2984 caro
2975 2930 3098 2993 erit,
3138 2930 3263 3000 quia
3306 2929 3418 2999 ipsa
3448 2944 3534 2987 re.-

1947 3029 2126 3091 surget
2171 3030 2226 3076 et
2265 3021 2377 3090 ipsa
2420 3021 2738 3087 mutabitur,
2786 3021 2910 3090 quia
2956 3029 3017 3092 et
3046 3021 3172 3079 illud
3226 3035 3409 3076 verum
3453 3027 3539 3076 est

1947 3112 2087 3182 quod
2115 3112 2191 3166 ait
2211 3111 2493 3178 Dominus,
2522 3120 2868 3181 posteaquam
2891 3111 3204 3178 resurrexit,
3245 3109 3461 3181 Palpate
3491 3119 3537 3162 et

1949 3203 2129 3270 videte,
2158 3203 2278 3272 quia
2302 3203 2512 3272 spiritus
2539 3219 2742 3256 carnem
2770 3210 2816 3255 et
2844 3218 2958 3256 ossa
2978 3218 3080 3254 non
3119 3201 3284 3265 habet,
3305 3202 3433 3255 sicut
3463 3214 3539 3254 me

1950 3295 2125 3348 videtis
2149 3293 2365 3359 habere;
2393 3302 2449 3348 et
2485 3293 2587 3348 hoc
2612 3306 2797 3348 verum
2822 3301 2906 3347 est
2933 3292 3072 3362 quod
3111 3292 3186 3346 ait
3227 3292 3536 3361 Apostolus,

1952 3387 2082 3443 Caro
2106 3396 2151 3441 et
2178 3387 2384 3458 sanguis
2403 3402 2614 3456 regnum
2630 3385 2723 3440 Dei
2749 3386 3004 3456 possidere
3027 3401 3126 3440 non
3151 3393 3382 3455 possunt.
3406 3383 3540 3439 Illud

1951 3479 2092 3532 enim
2119 3477 2317 3532 dictum
2361 3485 2446 3532 est
2469 3477 2780 3533 secundum
2810 3477 2978 3547 ipsam
3007 3476 3380 3543 substantiam,
3422 3492 3540 3545 quae

1952 3571 2112 3625 etiam
2159 3579 2285 3626 tunc
2331 3571 2470 3637 erit,
2518 3571 2640 3640 quia
2683 3570 2796 3640 ipsa
2852 3570 3180 3624 mutabitur:
3215 3569 3318 3624 hoc
3362 3578 3540 3624 autem

1953 3663 2156 3718 dictum
2175 3671 2257 3717 est
2281 3663 2571 3717 secundum
2611 3662 2878 3716 carnalem
2921 3663 2936 3693 ³
2976 3660 3339 3731 corruptionis
3366 3662 3540 3731 quali-

1955 3763 2117 3810 tatem
2145 3796 2162 3822 ,
2220 3771 2340 3825 qua:
2379 3764 2506 3810 tunc
2559 3754 2670 3823 jam
2711 3769 2818 3809 non
2871 3753 2992 3820 erit,
3035 3754 3153 3822 quia
3185 3761 3385 3807 mutata
3412 3768 3541 3813 caro

1955 3861 2060 3900 non
2089 3854 2482 3915 corrumpetur.
2506 3843 2823 3900 Noveramus
2847 3859 2974 3915 ergo
2991 3842 3242 3898 Christum
3266 3843 3543 3898 secundum

1940 3951 2179 4003 ‘carnem,
2209 3935 2258 3990 id
2289 3945 2392 4002 est,
2437 3935 2730 3991 secundum
2766 3936 2942 3991 carnis
2971 3934 3348 4000 mortalitatem
3393 3943 3544 3990 ante-

1957 4043 2113 4097 quam
2133 4035 2435 4097 resurgeret
2454 4043 2466 4081 :
2485 4026 2573 4081 sed
2589 4043 2720 4080 nunc
2741 4027 2957 4092 iamnon
2974 4026 3227 4086 novimus;
3245 4025 3388 4095 quia,
3406 4025 3546 4080 sicut

1960 4120 2102 4175 idem
2131 4120 2261 4175 dicit
2287 4120 2583 4190 apostolus,
2615 4118 2843 4174 Christus
2868 4134 3131 4189 resurgens
3154 4135 3186 4171 a
3211 4119 3417 4172 mortuis
3430 4119 3546 4187 jam

1960 4230 2060 4268 non
2077 4215 2307 4276 moritur,
2327 4222 2372 4267 et
2389 4230 2521 4268 mors
2535 4214 2577 4266 ri
2589 4213 2720 4266 ultra
2733 4228 2830 4265 non
2847 4211 3181 4266 dominabitur
3198 4209 3368 4282 (Rom.
3387 4210 3542 4281 \'I,9).

2031 4305 2162 4361 Nam
2194 4306 2239 4360 si
2265 4315 2316 4360 te
2339 4305 2404 4359 ad
2427 4305 2712 4359 verborum
2744 4305 3123 4374 proprietatem
3164 4311 3365 4368 teneas,
3394 4318 3548 4358 men-

1963 4397 2090 4451 titus
2115 4405 2197 4450 est
2219 4411 2339 4450 cum
2368 4397 2460 4458 ait,
2493 4394 2810 4450 Noveramus
2844 4394 3096 4450 Christum
3124 4394 3399 4449 secundant
3437 4412 3551 4449 cur.

1961 4504 2096 4552 nem,
2123 4487 2168 4541 si
2209 4487 2453 4541 Christus
2498 4502 2767 4557 nunquam
2829 4486 2918 4539 fuit
2971 4486 3260 4540 secundum
3287 4502 3546 4541 carnem:

1939 4591 2122 4633 nemo
2147 4577 2290 4633 enim
2320 4585 2538 4632 noverat
2563 4577 2703 4646 quod
2749 4592 2854 4630 non
2898 4586 3029 4630 erat.
3049 4576 3162 4630 Non
3188 4588 3364 4632 autem
3395 4579 3547 4644 dixit,

1965 4669 2291 4724 Putabamus
2317 4667 2588 4723 Christum
2624 4668 2912 4724 secundum
2945 4685 3194 4734 Carnem;
3227 4670 3343 4736 sed,
3379 4669 3549 4724 Nore-

1962 4778 2154 4816 ramus.
2186 4761 2562 4816 Verumtamen
2604 4769 2662 4815 ιιι
2692 4761 2854 4815 verbo
2876 4777 2979 4815 non
3021 4777 3282 4830 premant,
3325 4778 3392 4815 ne
3435 4762 3552 4830 quis

1965 4851 2194 4906 afﬁrmet
2225 4867 2320 4921 per
2357 4852 2671 4907 abusionem
2721 4851 2953 4907 locutum
2985 4853 3319 4921 Apostolum,
3373 4860 3430 4906 ut
3457 4866 3554 4920 pro

1965 4960 2032 5000 eo
2058 4945 2198 5015 quod
2239 4955 2340 5008 est,
2393 4945 2728 5013 putabamus,
2779 4944 3000 5010 diceret,
3040 4945 3394 4999 Noveramus:
3421 4945 3554 4999 illud

1969 5036 2138 5090 miror
2188 5052 2294 5090 non
2343 5035 2618 5090 attendere
2679 5035 2920 5089 homines
2981 5049 3181 5097 caecos,
3237 5035 3319 5088 vel
3381 5035 3557 5104 potius

1968 5143 2073 5182 non
2109 5127 2275 5182 miror
2325 5143 2428 5180 non
2483 5126 2664 5180 videte
2696 5141 2888 5190 ett-cos,
2919 5126 3040 5194 quia
3073 5126 3115 5180 si
3158 5124 3400 5181 Christus
3436 5125 3556 5183 ideo

1971 5237 2073 5273 non
2143 5219 2327 5274 habuit
2401 5234 2641 5285 carnem,
2667 5220 2792 5289 quia
2862 5218 2996 5272 dixit
3056 5218 3363 5288 Apostolus,
3414 5235 3558 5277 nunc

1964 5313 2074 5382 jam
2105 5327 2210 5366 non
2239 5326 2298 5365 se
2328 5326 2488 5366 nosse
2511 5310 2784 5366 Christum
2827 5308 3117 5362 secundum
3166 5325 3417 5376 carnem;
3457 5327 3558 5368 nec

1972 5403 2042 5456 illi
2072 5401 2372 5456 habuerunt
2397 5416 2630 5464 carnem,
2659 5399 2726 5454 de
2755 5399 2944 5468 qttihus
2971 5399 3022 5453 in
3051 5401 3238 5456 eodem
3267 5402 3383 5458 loco
3407 5389 3567 5470 dicit,’

1971 5496 2153 5565 Itaque
2179 5513 2269 5549 nos
2291 5495 2470 5548 antodo
2497 5493 2743 5548 neminem
2778 5493 3004 5549 novimus
3035 5493 3308 5548 secundum
3333 5513 3554 5551 carnem.

1970 5587 2150 5657 Neque
2181 5584 2321 5642 enim
2347 5587 2414 5641 de
2442 5586 2558 5640 solo
2587 5584 2796 5638 Christo
2823 5582 2874 5637 id
2906 5584 3088 5640 volens
3115 5587 3353 5657 intelligi,
3380 5599 3559 5658 posset

1971 5680 2172 5746 dicere,
2199 5679 2466 5734 Neminem
2488 5678 2714 5732 norimus
2735 5677 3008 5732 secundum
3041 5696 3240 5736 carnem
3275 5697 3294 5734 :
3314 5680 3404 5736 sed
3436 5681 3556 5750 quia

2040 5813 2057 5846 ι
2075 5812 2263 5874 Aliquot
2287 5820 2408 5875 Mss,
2423 5811 2647 5863 carnalis.
