4016 6434
545 344 647 403 251

547 459 764 515 illorum
805 464 990 509 secum
1038 450 1201 504 vitam
1244 446 1476 502 futuram
1520 454 1771 515 tanquam
1808 445 2132 512 praesentem

548 548 922 610 meditabatur,
946 543 1036 615 qui
1059 548 1398 611 resurgentes
1412 535 1897 599 commutabuntur,
1918 529 2134 594 Amodo,

548 638 741 713 inquit,
772 637 1022 693 neminem
1049 635 1276 688 novimus
1326 630 1602 685 secundum
1644 642 1882 692 carnem,-
1929 624 1983 679 id
2030 630 2133 688 est,

549 741 657 788 tam
683 740 886 786 certam
911 740 1062 798 spem
1095 735 1337 780 tenemus
1363 722 1551 777 futura!
1570 714 2136 784 nostrazineorruptioo

550 825 633 880 nis
676 830 730 877 et
770 817 1202 881 immortalitatis,
1254 822 1313 869 ut
1348 812 1542 867 amotio
1581 811 1689 881 jam
1716 811 1769 863 in
1796 809 1909 878 ipsa
1950 803 2133 859 notitia

549 913 894 986 gaudeamus.
916 908 1071 966 Unde
1090 908 1196 963 alio
1223 908 1342 961 loco
1364 904 1524 959 dicit:
1544 903 1607 958 Si
1619 911 1785 955 autem
1797 896 2137 953 resurrexislis

556 1020 672 1061 cum
698 1003 917 1067 Christo,
943 1015 1056 1072 quia
1077 1014 1275 1053 sursum
1300 1005 1418 1052 sunt
1445 995 1673 1067 qum-ite,
1701 991 1790 1046 ubi
1817 990 2044 1045 Christus
2063 993 2136 1040 est

552 1096 622 1148 ad
649 1096 908 1149 dexteram
934 1090 1034 1145 Dei
1059 1090 1236 1144 sedens
1267 1105 1286 1142 :
1308 1100 1427 1158 quae
1448 1100 1656 1140 sursum
1674 1090 1799 1136 sunt
1821 1080 2002 1151 sapite,
2034 1094 2135 1131 non

552 1200 666 1257 qua?
689 1201 843 1255 super
886 1192 1071 1238 terram
1122 1179 1341 1253 (Coloss.
1375 1193 1449 1243 tn,
1477 1178 1529 1242 1,
1555 1175 1634 1246 2).
1674 1173 1917 1229 Nondum
1954 1171 2138 1239 utique

555 1274 946 1332 resurreximus
992 1273 1133 1328 sicut
1173 1272 1452 1334 Christus;
1495 1267 1588 1323 sed
1618 1276 1795 1321 tamen
1845 1261 2135 1319 secundum

553 1380 730 1437 spem,
761 1378 883 1436 quae
928 1362 1083 1419 nobis
1127 1362 1179 1417 in
1210 1362 1300 1415 illo
1318 1370 1423 1427 est,
1462 1360 1571 1429 jam
1611 1373 1707 1412 nos
1735 1370 1866 1411 corn.
1910 1353 2004 1409 illo
2045 1368 2135 1407 ree

548 1456 853 1512 surrexisse
877 1463 1100 1511 testatus
1142 1461 1246 1509 est.
1277 1451 1427 1508 Unde
1456 1451 1618 1507 etiam
1644 1448 1774 1503 dicit
1799 1462 1823 1500 τ
1844 1444 2136 1503 Secundum

549 1562 698 1602 suam
718 1545 1117 1601 misericordiam
1150 1545 1313 1599 salvos
1333 1559 1425 1598 nos
1451 1542 1568 1613 fecit
1594 1557 1682 1612 per
1705 1541 1959 1595 iuramus
1991 1552 2137 1607 rege.

553 1639 829 1693 rurationis
851 1637 981 1708 (Tit.
1009 1652 1087 1704 ut,
1117 1636 1340 1705 5).Quis
1362 1642 1538 1689 autem
1563 1649 1669 1688 non
1696 1631 1951 1701 intelligat
1979 1629 2030 1683 in
2056 1629 2137 1683 la-

548 1741 711 1783 vacro
738 1728 1153 1799 regenerationis
1173 1742 1322 1798 spem
1344 1726 1496 1781 nobis
1514 1724 1690 1779 datam
1715 1722 1904 1777 salutis
1922 1720 2135 1787 tonum,

552 1832 661 1875 non
679 1820 788 1891 iam
816 1819 1042 1876 salutem
1074 1819 1264 1891 ipsam,
1294 1834 1414 1889 qua:
1444 1814 1819 1888 promittitur?
1860 1825 1917 1869 et
1958 1821 2136 1868 tamen

548 1911 674 1982 quia
703 1922 851 1968 certa
880 1925 1003 1982 spes
1053 1920 1155 1978 est,
1182 1918 1433 1979 tanquam
1474 1908 1585 1978 jam
1611 1906 1733 1961 data
1777 1912 1919 1960 esset
1950 1902 2135 1959 eodem

549 2003 714 2068 salus,
749 2002 914 2058 sulcos
938 2019 1052 2069 nos,
1082 2003 1272 2073 inquit,
1305 2001 1442 2071 fecit.
1470 2000 1590 2054 Alio
1617 1998 1814 2069 quippe
1860 1996 1977 2051 ioco
1997 1994 2137 2049 dilu-

548 2092 821 2150 ﬁdissime
830 2094 959 2150 dicit
980 2110 994 2149 :
1016 2092 1129 2148 Nos
1142 2094 1195 2147 in
1214 2092 1353 2147 nobis
1371 2090 1495 2163 ipsis
1510 2089 1899 2159 ingemiscimus,
1915 2086 2140 2157 adoptiou

549 2200 663 2239 item
710 2195 1073 2258 exspectantes,
1128 2184 1519 2256 redemptionem
1564 2181 1789 2253 corporis
1831 2178 2010 2233 nostri.
2032 2177 2140 2246 Spe

546 2277 681 2333 enim
708 2278 833 2331 solui
861 2279 983 2349 facti
1010 2292 1202 2331 attritus.
1237 2275 1368 2346 Spes
1409 2283 1579 2327 autem
1621 2287 1736 2342 quae
1764 2270 1962 2324 videtur
1981 2309 1997 2336 ,
2037 2285 2137 2322 non

548 2376 623 2424 est
649 2384 761 2436 spes
782 2383 801 2421 :
820 2368 956 2439 quod
982 2367 1117 2422 enim
1162 2366 1293 2421 uidet
1317 2364 1450 2437 quis,
1470 2364 1591 2434 quid
1614 2362 1824 2432 sperat?
1861 2359 1924 2415 Si
1967 2369 2137 2413 mitem

551 2460 691 2531 quod
717 2474 819 2514 non
842 2459 1087 2524 videmus,
1115 2474 1397 2529 speramus,
1435 2473 1523 2527 per
1539 2455 1834 2527 patientiam
1872 2462 2136 2523 exspecta-

551 2567 667 2605 mus
715 2550 894 2621 (Rom.
925 2566 1040 2618 vm,
1093 2550 1305 2620 23-25).
1340 2549 1488 2604 Sicut
1540 2562 1669 2617 ergo
1693 2545 1779 2599 hic
1825 2560 1931 2599 non
1983 2543 2135 2610 dixit,

545 2642 692 2697 Solvi
720 2642 880 2697 futuri
919 2657 1138 2709 sumus;
1181 2641 1295 2709 sed,
1330 2640 1537 2696 Amodo
1559 2640 1668 2709 jam
1722 2638 1854 2692 salvi
1883 2637 2004 2692 facti
2047 2652 2142 2691 su-

550 2750 691 2804 mus,
725 2735 959 2791 nondum
1009 2745 1187 2791 tamen
1211 2735 1265 2789 in
1291 2749 1371 2801 re,
1401 2732 1494 2788 sed
1524 2732 1574 2787 in
1602 2747 1716 2801 spe,
1745 2730 1855 2801 Spe
1876 2731 2027 2797 enim,
2059 2729 2139 2784 in-

552 2828 689 2897 quit,
720 2827 847 2883 salui
875 2827 1000 2897 facti
1051 2825 1355 2882 stantiusic
1403 2833 1460 2880 ct
1506 2822 1651 2894 quod
1696 2822 1766 2877 ibi
1805 2822 2003 2877 dictum
2033 2828 2137 2887 εει,

550 2919 748 2974 Amodo
774 2918 1025 2972 nemiuem
1057 2916 1284 2971 nouimus
1312 2914 1589 2970 secundum
1612 2926 1854 2977 carnem;
1902 2910 2155 2968 nondum

550 3012 611 3068 in
666 3028 761 3077 re,
816 3009 913 3067 sed
968 3010 1021 3066 in
1071 3024 1169 3082 spe
1209 3009 1518 3080 intelligitur
1562 3008 1733 3078 :quia
1774 3005 1934 3076 spes‘
1985 3004 2139 3059 nobis

550 3105 604 3161 in
634 3104 849 3161 Christo
868 3113 968 3171 est,
998 3104 1120 3176 quia
1167 3103 1222 3159 in
1249 3103 1338 3159 illo
1380 3104 1491 3173 jam
1534 3100 1856 3171 completum
1885 3107 1969 3154 est.
1995 3095 2138 3168 quod

551 3196 710 3251 nobis
740 3196 1058 3267 promissum
1088 3208 1386 3266 speramus.
1420 3193 1514 3248 Ille
1540 3193 1734 3264 quippe
1751 3191 1862 3262 jam
1893 3202 2134 3246 resurre-

551 3287 650 3351 xit,
698 3295 753 3341 et
778 3301 922 3341 mors
965 3285 1013 3341 ei
1062 3287 1198 3341 ultra
1231 3301 1336 3341 non
1380 3284 1760 3341 dominabitur.
1806 3282 1975 3350 Quem
2011 3290 2056 3335 et
2095 3283 2139 3335 si

550 3399 849 3439 noveramus
892 3383 1169 3438 secundum
1207 3399 1427 3449 carnem,
1478 3395 1602 3436 cum
1632 3377 1808 3434 adhuc
1846 3377 2137 3432 moriturus

549 3486 723 3540 esset;
756 3478 927 3531 inerat
970 3476 1165 3547 quippe
1192 3475 1243 3529 in
1273 3474 1387 3544 ejus
1424 3486 1649 3543 corpore
1690 3471 1779 3525 illa
1819 3469 2134 3534 mortalitas,

549 3583 708 3639 quam
746 3567 962 3639 proprie
996 3580 1215 3622 carnem
1262 3564 1494 3637 appellat
1535 3562 1865 3633 Apostolus:
1898 3559 1988 3615 sed
2025 3560 2139 3631 jam

549 3674 684 3715 nunc
709 3675 811 3713 non
835 3659 1098 3724 nouimus;
1122 3656 1251 3711 illud
1278 3656 1419 3711 enim
1441 3655 1554 3724 ejus
1576 3654 1800 3708 mortale
1838 3652 1947 3723 jam
1971 3652 2139 3706 induit

550 3750 1030 3817 immortalitatem,
1059 3749 1199 3804 unde
1224 3748 1512 3804 secundum
1542 3747 1823 3818 pristinam
1847 3743 2139 3801 mortalita-

551 3850 663 3899 tem
688 3842 799 3912 jam
823 3856 949 3897 caro
976 3841 1229 3911 appellati
1258 3855 1362 3895 non
1396 3840 1585 3909 possit.

616 3932 844 3989 CAPUT
862 3931 1268 4003 Vlil.-—ltaque
1295 3933 1461 4003 ipsius
1486 3931 1586 3987 loci
1603 3930 2016 3993 contextienem,
2048 3929 2137 3984 ubi

548 4026 669 4083 lucc
694 4026 960 4082 sententia
991 4033 1094 4092 est,
1129 4025 1196 4081 de
1224 4041 1326 4095 qua
1355 4025 1442 4079 isti
1463 4024 1871 4087 calumniantur,
1895 4021 2138 4077 conside-

549 4134 750 4187 remus,
780 4126 837 4174 ut
876 4117 977 4174 hoc
1009 4116 1149 4188 quod
1198 4117 1340 4183 dico,
1400 4116 1567 4186 magis
1614 4115 1844 4169 eluceat.
1881 4111 2135 4178 Charitas,

550 4210 743 4282 inquit,
772 4211 955 4266 Christi
976 4207 1233 4279 compellit
1252 4225 1342 4263 nos
1366 4225 1383 4273 ,'
1398 4208 1685 4280 judicantes
1712 4207 1807 4260 hoc
1834 4206 2070 4277 quoniam
2096 4204 2141 4258 si

549 4316 680 4359 unus
709 4319 803 4376 pro
821 4302 1050 4357 omnibus
1068 4311 1295 4356 mortuus
1318 4309 1412 4365 est,
1437 4317 1553 4371 ergo
1578 4316 1750 4356 omnes
1777 4298 1962 4353 mortui
1988 4306 2139 4351 sunt:

549 4405 603 4451 et
635 4412 728 4467 pro
787 4396 1017 4450 munibus
1052 4403 1279 4448 mortuus
1337 4401 1438 4459 est,
1474 4401 1527 4446 ut
1550 4392 1641 4462 qui
1664 4382 1851 4458 uiuunt,
1888 4391 2003 4462 jam
2038 4406 2138 4443 non

550 4488 647 4545 sibi
674 4488 859 4554 vivant,
881 4487 969 4542 sed
993 4487 1037 4541 ei
1055 4487 1143 4558 qui
1163 4502 1254 4556 pro
1282 4485 1405 4556 ipsis
1428 4493 1656 4538 mortuus
1679 4492 1752 4538 est
1777 4492 1824 4538 et
1844 4482 2136 4537 resurrexit.

549 4580 734 4653 Itaque
751 4596 843 4636 nos
869 4580 1050 4635 amodo
1076 4581 1322 4634 neminem
1347 4578 1573 4632 norimus
1602 4575 1879 4631 secundum
1898 4589 2134 4630 carnem:

550 4673 666 4731 etsi
703 4688 1002 4728 noveramus
1041 4671 1315 4727 secundum
1353 4684 1555 4724 carnem
1592 4668 1866 4733 Christum,
1906 4665 1994 4721 sed
2026 4668 2138 4737 jam

550 4780 685 4820 nunc
712 4780 817 4819 non
862 4763 1109 4818 novimus.
1155 4762 1314 4817 Certe
1356 4760 1466 4828 jam
1527 4773 1667 4813 nunc
1710 4758 1877 4813 cuivis
1920 4763 2141 4827 apparet

550 4864 768 4927 propter
810 4854 1257 4911 resurrectionem
1304 4849 1503 4906 Christi
1534 4849 1637 4903 hoc
1671 4849 1870 4903 dixisse
1913 4849 2142 4916 Aposto-

551 4947 693 5013 lum;
722 4945 1146 5018 quandoquidem
1173 4944 1270 4998 ista
1300 4942 1457 4999 verba
1484 4942 1608 4996 illud
1636 4941 1929 5011 praecessit,
1963 4938 2031 4995 Ut
2050 4940 2141 5009 qui

553 5041 748 5107 cirum,
766 5039 879 5111 jam
907 5052 1006 5092 non
1028 5037 1124 5092 sibi
1150 5036 1334 5103 vivant,
1358 5035 1445 5089 sed
1469 5034 1516 5090 ei
1541 5034 1627 5105 qui
1646 5049 1738 5105 pro
1762 5033 1884 5103 ipsis
1914 5040 2141 5084 mortuus

550 5143 628 5189 est
650 5140 696 5186 et
723 5131 1016 5187 resurrexit.
1039 5128 1176 5199 Quid
1216 5136 1300 5185 εει
1336 5128 1476 5184 enim
1516 5126 1681 5193 aiiud,
1707 5142 1812 5180 non
1830 5124 1943 5190 sibi,
1982 5122 2071 5178 sed
2095 5123 2143 5177 ei

548 5226 739 5290 vivant,
768 5223 869 5279 nisi
897 5230 957 5278 ut
996 5220 1290 5277 secundum
1320 5234 1535 5275 carnem
1582 5235 1685 5272 non
1714 5218 1900 5273 vivant
1937 5216 1990 5271 in
2043 5229 2139 5286 spe

551 5324 888 5371 terrenorum
914 5321 971 5367 et
1010 5311 1435 5382 corruptibilium
1480 5310 1763 5376 bonorum,
1796 5309 1891 5365 sed
1944 5322 2140 5364 secun-

550 5407 678 5463 dum
705 5405 947 5475 spiritum
975 5403 1028 5458 in
1057 5416 1152 5475 spe
1180 5402 1604 5465 resurrectionis,
1632 5416 1751 5471 quae
1776 5400 1885 5469 jam
1915 5413 1979 5454 ex
2010 5397 2141 5468 ipsis

552 5499 608 5555 in
637 5496 855 5553 Christo
880 5495 1017 5550 facta
1052 5493 1172 5551 est?
1199 5494 1378 5566 itaque
1403 5508 1586 5550 eorum
1632 5508 1726 5563 pro
1767 5492 1956 5563 quibus
1985 5489 2142 5545 Chri-

555 5600 669 5648 stus
690 5592 933 5644 mortuus
959 5595 1041 5642 est
1066 5594 1120 5642 et
1141 5586 1450 5653 resurrexit,
1474 5592 1529 5640 et
1547 5584 1631 5655 qni
1650 5583 1760 5655 jam
1784 5598 1886 5635 non
1907 5581 2026 5647 sibi,
2049 5579 2143 5635 sed

555 5682 632 5740 illi
657 5682 861 5747 vivunt,
888 5680 1154 5736 neminem
1183 5679 1479 5735 secundum
1498 5693 1712 5735 carnem
1743 5676 2028 5749 Apostolus
2050 5691 2145 5730 no-

623 5814 642 5846 ·
677 5820 729 5866 ιιι
748 5812 939 5865 duobus
960 5819 1088 5876 uss,
1111 5826 1221 5880 qua!
1244 5826 1368 5879 spes.

3094 266 3127 283 ιι.

1363 332 1638 392 CONTRA
1678 321 2004 386 FAUSTUH
2037 321 2138 379 MAI

2242 319 2485 392 ἰΗιΕῢΙ,
2523 323 2581 381 S.
2623 323 2994 383 AUGUSTIN!
3708 320 3802 377 Ξ.ῖὲ

2247 447 2414 504 venit,
2446 448 2663 509 propter
2684 450 2835 509 spem
2880 439 3071 494 fuerat
3121 436 3551 502 immortalitatis,
3577 435 3626 489 in
3665 440 3803 507 cuius

2241 532 2635 599 exspectatione
2660 531 2928 595 vivebant,
2958 546 3077 600 quae
3102 530 3156 585 in
3183 527 3397 584 Christo
3406 529 3513 593 iam
3540 538 3643 582 non
3669 544 3803 599 spes,

2240 621 2333 676 sed
2355 637 2442 678 res
2462 633 2619 679 erat:
2644 640 2802 693 quem
2831 633 2887 680 et
2913 624 2961 679 si
3002 635 3221 679 noverat
3254 622 3545 678 secundum
3581 635 3804 693 carnem,

2240 726 2361 765 cum
2388 713 2562 768 adhuc
2595 716 2884 770 moriturus
2906 720 3071 779 esset,
3091 714 3198 785 jam
3222 723 3397 768 tamen
3428 728 3533 767 non
3559 726 3803 782 noverat;

2240 804 2361 873 quia
2382 820 2503 859 eum
2530 807 2886 863 resurrexisse
2904 815 3143 870 noverat,
3161 817 3215 862 et
3234 806 3369 861 ultra
3394 805 3444 860 ei
3470 815 3690 860 mortem
3710 821 3805 863 non

2240 896 2653 954 dorninaturam.
2686 901 2749 956 Et
2775 901 2897 970 quia
2923 915 3115 957 omnes
3142 901 3195 956 in
3245 899 3359 967 illo,
3407 906 3464 954 et
3499 899 3545 953 si
3583 898 3805 954 nonduin

2241 989 2296 1044 in
2324 1006 2402 1057 re,
2428 991 2538 1063 jam
2568 1002 2744 1048 tamen
2774 1010 2871 1064 spe
2895 993 2998 1049 hoc
3048 1008 3259 1058 sumus,
3300 992 3542 1063 sequitur
3564 1000 3618 1047 et
3646 991 3767 1047 dicit
3793 1010 3806 1048 :

2241 1081 2426 1154 Siqua
2449 1083 2604 1154 igitur
2639 1086 2693 1139 in
2720 1085 2919 1140 Christo
2956 1102 3085 1140 uoca
3108 1095 3355 1150 creatura,
3404 1094 3573 1140 uetera
3606 1085 3809 1138 transie-

2239 1185 2356 1227 runt
2386 1191 2406 1229 :
2434 1193 2545 1231 ecce
2588 1182 2722 1249 facta
2760 1190 2878 1234 suut
2914 1182 3088 1235 omnia
3131 1196 3279 1234 nova.
3326 1178 3513 1234 Omnia
3551 1188 3715 1233 atatem
3753 1195 3809 1232 es

2241 1264 2374 1331 Deo,
2400 1268 2489 1337 qui
2508 1270 2850 1325 reconciliavit
2869 1287 2963 1325 nos
2999 1270 3095 1325 sibi
3120 1287 3210 1342 per
3235 1270 3490 1327 Christum
3518 1269 3585 1343 (ii
3614 1269 3729 1324 Cor.
3759 1285 3808 1333 τ,

2243 1356 2448 1428 μοιϐ).
2478 1357 2664 1414 Omnis
2695 1377 2824 1432 ergo
2866 1376 3000 1416 nova
3042 1370 3309 1427 creatura,
3356 1360 3411 1415 id
3452 1369 3556 1425 est,
3594 1359 3812 1430 populus

2242 1447 2524 1505 innovatus
2565 1466 2660 1521 per
2699 1452 2881 1520 tidem,
2911 1461 2971 1507 ut
3005 1453 3195 1507 habeat
3218 1452 3432 1507 interim
3457 1452 3510 1506 in
3537 1466 3654 1521 spe,
3676 1450 3822 1520 quod

2241 1539 2295 1594 in
2316 1556 2375 1597 re
2401 1550 2582 1611 postea
2613 1544 2935 1613 perﬁciatur,
2963 1544 3015 1598 in
3042 1544 3252 1598 Christo
3275 1543 3435 1598 habet
3452 1542 3563 1613 jam
3592 1542 3732 1613 quod
3758 1544 3821 1597 in

2240 1646 2299 1687 se
2325 1643 2526 1702 sperat.
2555 1634 2736 1705 itaque
2784 1649 2927 1690 nunc
2973 1646 3139 1689 cetera
3182 1638 3487 1689 transierint
3525 1633 3825 1690 semiudum

2241 1739 2414 1795 spem,
2442 1726 2565 1797 quia
2595 1723 2756 1781 modo
2774 1727 2884 1797 jam
2912 1743 3018 1782 non
3046 1735 3131 1782 est
3156 1738 3364 1797 tempus
3395 1726 3463 1782 νε·
3476 1726 3604 1781 teris
3634 1726 3815 1782 Testa-

2241 1818 2427 1883 menti,
2444 1834 2549 1888 quo
2574 1820 2867 1889 temporale
2891 1830 3050 1891 atque
3068 1818 3282 1876 carnale
3308 1835 3529 1890 regnum
3551 1828 3824 1887 exspecte-

2242 1920 2330 1965 tur
2353 1926 2384 1965 a
2408 1912 2525 1967 Deo
2553 1929 2568 1965 :
2600 1921 2654 1967 et
2683 1915 2819 1984 facta
2844 1921 2959 1967 sum
2987 1913 3160 1968 omnia
3187 1928 3316 1968 noua
3336 1911 3632 1968 secundum
3677 1927 3816 1967 cam-

2240 1999 2363 2057 dem
2392 2016 2567 2072 spem.
2592 2012 2650 2057 ιιι
2676 2016 2896 2073 regnum
2925 2003 3206 2069 ctelomm,
3230 2002 3319 2059 ubi
3355 2002 3498 2059 nulla
3535 2004 3641 2059 erit
3684 2017 3831 2057 mors-

2240 2102 2402 2166 atque
2448 2096 2744 2164 corruptio,
2790 2096 3109 2166 promissum
3138 2105 3435 2152 teneamus.
3479 2096 3535 2152 in
3582 2110 3813 2151 resurre-

2239 2188 2420 2244 ctione
2461 2197 3002 2257 aute‘mmortuorum
3034 2189 3144 2259 jam
3171 2205 3280 2245 non
3327 2189 3623 2246 secundum
3656 2204 3827 2259 spem,

2239 2280 2335 2336 sed
2359 2280 2649 2337 secundum
2673 2298 2808 2347 rem,
2829 2291 2884 2337 et
2912 2291 3097 2338 vetera
3124 2282 3444 2348 transibunt,
3472 2294 3594 2337 cum
3613 2282 3827 2338 inimica

2242 2372 2535 2428 novissima
2587 2373 2893 2431 destruetur
2943 2388 3090 2430 mors
3119 2393 3133 2429 :
3161 2386 3218 2431 et
3263 2374 3393 2430 ﬁent
3444 2376 3627 2430 omnia
3670 2389 3821 2441 non,

2241 2481 2363 2522 cum
2407 2467 2753 2537 corruptibiie
2802 2467 2904 2522 hoc
2940 2467 3170 2523 induerit
3219 2468 3677 2538 incorruptionem
3703 2509 3723 2534 ,
3773 2474 3825 2523 α

2243 2559 2467 2615 mortale
2504 2559 2609 2615 hoc
2639 2560 2869 2615 induerit
2898 2559 3352 2617 itnmortalitatem
3380 2560 3423 2631 (l
3450 2560 3569 2616 Cor.
3615 2575 3710 2627 xv,
3736 2559 3838 2625 $6,".

2240 2653 2334 2721 55)
2358 2670 2377 2709 :
2400 2653 2543 2724 quod
2567 2653 2679 2723 jam
2706 2652 2905 2710 factum
2929 2662 3012 2710 est
3034 2654 3086 2709 in
3110 2653 3344 2719 Christo,
3360 2666 3519 2725 quem
3535 2653 3841 2709 secundum

2236 2759 2379 2811 rem,
2395 2745 2511 2815 jam
2535 2761 2642 2801 non
2669 2756 2891 2802 noverat
2913 2746 3109 2802 Paulus
3131 2745 3422 2801 secundum
3447 2759 3673 2802 carnem
3700 2762 3713 2800 :
3739 2760 3827 2801 eo-

2241 2852 2359 2891 rum
2380 2848 2509 2892 vero
2534 2851 2632 2906 pro
2654 2837 2847 2907 quibus
2883 2846 3122 2893 mortuus
3146 2845 3232 2892 est
3255 2844 3312 2893 et
3333 2836 3655 2904 resurrexit,
3702 2851 3828 2891 non-

2240 2927 2369 2983 dum
2396 2929 2685 2985 secundum
2713 2944 2847 2997 rem,
2876 2930 2972 2986 scd
3013 2930 3303 2985 secuudum
3340 2944 3511 2999 spem,
3559 2929 3826 2984 nemiuem

2242 3029 2469 3075 noverat
2493 3019 2788 3076 secundum
2825 3036 3080 3086 carnem;
3128 3021 3253 3090 quia
3288 3021 3432 3075 illius
3459 3020 3632 3091 gratia
3653 3062 3666 3084 ,
3697 3020 3828 3075 sicut

2242 3110 2381 3167 idem
2406 3112 2472 3167 ad
2499 3112 2761 3182 Ephesios
2783 3113 2934 3179 dicit,
2958 3129 3144 3169 sumus
3165 3114 3295 3169 salvi
3318 3112 3464 3168 facti.
3488 3113 3703 3169 Namet
3723 3114 3829 3183 ipse

2242 3201 2390 3258 locus
2416 3203 2540 3258 huic
2565 3204 2843 3259 sententia:
2871 3209 2953 3259 sic
2982 3212 3302 3260 attestatur:
3336 3204 3473 3259 Deus
3511 3214 3717 3272 autem,
3754 3205 3829 3259 in~

2242 3298 2374 3367 quit,
2400 3299 2485 3369 qui
2505 3299 2640 3354 dices
2661 3307 2735 3353 est
2760 3300 2814 3353 in
2837 3299 3205 3365 misericordia,
3237 3308 3444 3369 propter
3483 3298 3706 3353 multum
3749 3299 3829 3351 di-

2242 3388 2501 3445 lectionem
2515 3408 2616 3461 qua
2641 3390 2819 3444 ditarit
2831 3406 2942 3456 nos,
2964 3399 3127 3444 etcum
3148 3406 3363 3444 essemus
3384 3390 3571 3444 κιονιαῦ
3590 3390 3826 3460 peccatis,

2240 3481 2598 3549 satirici/ienuit
2627 3497 2717 3535 nos
2737 3479 2967 3545 Christo;
2995 3483 3142 3552 cujus
3158 3481 3323 3552 gratia
3342 3490 3517 3536 suosua
3537 3481 3675 3536 scivi
3690 3480 3847 3553 [actia

2241 3574 2393 3640 Quod
2418 3575 2561 3630 enim
2610 3574 2695 3629 hic
2719 3574 2875 3635 dixit,
2905 3574 3279 3643 Comici/ienuit
3326 3591 3418 3628 nos
3448 3573 3655 3629 Christo
3676 3616 3695 3638 ,
3735 3574 3831 3628 hoc

2241 3666 2374 3722 dixit
2398 3666 2464 3721 ad
2494 3665 2820 3733 Corinthios,
2856 3666 2923 3721 Ut
2942 3668 3028 3737 qui
3046 3667 3237 3730 visunt,
3257 3667 3379 3736 jam’
3400 3683 3499 3719 non
3523 3666 3625 3720 sibi
3651 3666 3839 3730 uiuant,

2239 3759 2328 3812 sed
2347 3759 2393 3812 ei
2415 3760 2501 3827 qui
2520 3775 2611 3830 pro
2634 3758 2758 3827 ipsis
2777 3768 3002 3812 mortuus
3028 3768 3099 3813 est
3119 3766 3165 3812 et
3184 3760 3472 3813 restarem.
3498 3757 3561 3812 Et
3583 3758 3730 3829 mind
3753 3758 3849 3811 bic‘

2240 3851 2391 3917 dicit,
2423 3852 2584 3923 Cujus
2620 3851 2785 3922 gratia
2817 3852 2942 3906 sulci
2981 3867 3155 3905 sumus
3175 3851 3333 3919 (acti;
3355 3851 3463 3920 jam
3518 3852 3673 3906 velut
3719 3865 3835 3919 per-

2242 3944 2434 3998 fectum
2476 3945 2547 3997 sit
2597 3943 2846 4012 loquitur,
2892 3942 3034 4013 quod
3077 3943 3135 3998 in
3172 3958 3268 4013 spe
3312 3950 3480 3997 tenet.
3522 3941 3662 3997 Nam
3697 3940 3851 4012 quod-

2242 4036 2398 4104 paulo
2437 4044 2562 4089 ante
2606 4034 3064 4099 commemoravi,
3106 4034 3440 4103 apertissime
3492 4032 3623 4088 alibi
3665 4033 3834 4088 dicit:

2243 4126 2350 4195 Spe
2378 4126 2511 4180 enim
2529 4124 2658 4180 salvi
2683 4127 2804 4197 facti
2829 4142 3026 4180 sumus.
3050 4126 3278 4195 ideoque
3298 4134 3349 4181 et
3377 4125 3464 4181 hic
3489 4128 3759 4196 sequitur,
3785 4133 3847 4179 et

2243 4223 2492 4286 tanquam
2524 4217 2817 4286 perfectum
2842 4226 3117 4271 enumerat
3144 4216 3284 4286 quod
3329 4216 3559 4273 futurum
3607 4228 3695 4273 est
3724 4235 3740 4273 :
3773 4216 3849 4271 Et

2240 4308 2417 4375 simul,
2444 4308 2635 4378 inquit,
2665 4309 2917 4375 excitarit,
2937 4318 2984 4362 et
3012 4309 3359 4364 simul'sederc
3396 4311 3513 4381 fecit
3537 4310 3592 4363 in
3619 4308 3839 4364 ccclesii—

2243 4400 2333 4455 bus
2359 4401 2413 4455 in
2436 4398 2638 4456 Christo
2654 4401 2803 4455 λειω.
2832 4401 2992 4456 Certe
3017 4402 3159 4456 enim
3186 4402 3236 4455 in
3264 4401 3570 4458 ceie‘stibus
3586 4403 3847 4457 Christus

2236 4489 2349 4561 jam
2374 4492 2545 4558 sedet,
2572 4491 2808 4547 nondum
2852 4501 3033 4549 autem
3076 4508 3174 4547 nos
3200 4510 3217 4547 :
3243 4493 3338 4548 sed
3380 4492 3500 4563 quia
3528 4507 3630 4561 spe
3668 4501 3845 4557 certa,

2240 4583 2384 4654 quod
2411 4582 2645 4638 futurum
2691 4594 2796 4649 est,
2841 4584 2953 4654 jam
2983 4592 3251 4651 tenemus,
3300 4583 3459 4639 simul
3503 4583 3703 4639 sedere
3743 4597 3849 4638 nos

2243 4675 2377 4731 dixit
2403 4676 2455 4731 in
2483 4676 2811 4741 cmiestibus,
2840 4674 3073 4730 nondum
3105 4675 3157 4730 in
3184 4676 3360 4742 nobis,
3386 4676 3480 4730 sed
3502 4676 3615 4746 jam
3644 4677 3701 4731 in
3726 4676 3843 4730 illo.

2242 4768 2481 4839 Namque
2518 4785 2585 4823 ne
2608 4779 2824 4838 putares
2845 4767 2961 4837 jam
2987 4782 3126 4823 nunc
3172 4782 3291 4822 εεεε
3335 4766 3655 4837 perrectum,
3699 4765 3843 4837 quod

2245 4860 2301 4915 in
2325 4876 2418 4929 spe
2465 4860 2534 4915 ita
2560 4859 2774 4923 dicitur,
2817 4868 3068 4930 tanquam
3098 4859 3389 4929 perfectum
3436 4860 3528 4924 sit,
3577 4868 3749 4929 atque
3794 4869 3851 4913 ut

2246 4954 2513 5023 intelligas
2535 4952 2708 5008 adhuc
2734 4952 2991 5019 futurum,
3016 4953 3256 5022 sequitur
3277 4961 3331 5006 et
3366 4951 3494 5006 dicit
3523 4969 3535 5005 :
3572 4950 3849 5006 Ut‘osteu-

2247 5045 2383 5099 deret
2409 5046 2462 5099 in
2481 5043 2941 5115 supauenientibus
2972 5044 3168 5099 steculis
3196 5042 3669 5114 superabundantes
3712 5042 3852 5096 dioi-

2248 5137 2343 5191 tias
2369 5137 2545 5209 gratia:
2565 5151 2674 5191 sua?
2699 5137 2753 5191 in
2777 5136 3080 5208 benignitate
3115 5152 3265 5206 super
3285 5152 3377 5189 nos
3403 5136 3456 5188 iu
3487 5134 3695 5189 Christo
3721 5133 3853 5189 Iesu

2247 5228 2466 5299 (Ep/tes.
2497 5244 2562 5295 tt,
2587 5229 2732 5296 4-7).
2760 5227 2895 5283 Hinc
2921 5238 2998 5282 est
3028 5237 3082 5281 et
3107 5226 3233 5282 illud
3263 5244 3276 5278 :
3308 5227 3435 5281 Cum
3460 5228 3591 5281 enim
3619 5241 3855 5281 essetnus

2246 5320 2299 5373 in
2320 5335 2493 5383 carne,
2521 5318 2777 5389 passiones
2815 5326 3157 5389 peccatorum,
3200 5332 3313 5386 quae
3360 5333 3450 5388 per
3493 5315 3665 5387 legens
3705 5326 3853 5379 sunt,

2248 5410 2583 5482 operabantur
2640 5410 2695 5464 in
2739 5407 2971 5463 membris
3006 5409 3223 5472 nostris,
3270 5416 3323 5459 ut
3372 5406 3597 5475 fructum
3646 5408 3854 5477 ferrent

2249 5504 2399 5557 morti
2428 5502 2607 5573 (Rom.
2656 5516 2747 5565 vn,
2776 5500 2855 5572 5).
2891 5498 2963 5554 ita
2989 5499 3133 5554 enim
3169 5498 3322 5564 dixit,
3348 5497 3472 5553 Cum
3518 5512 3753 5551 essentia
3802 5496 3855 5549 in

2249 5610 2420 5661 carne,
2466 5593 2623 5663 quasi
2641 5592 2749 5662 jam
2780 5607 2886 5647 non
2933 5598 3117 5647 essent
3164 5590 3215 5644 in
3241 5604 3437 5645 caute:
3469 5586 3612 5659 quod
3644 5587 3729 5643 ita
3763 5587 3862 5642 in»

2252 5685 2523 5755 telligitur,
2574 5684 2707 5739 Cum
2754 5697 2994 5739 essemus
3045 5682 3097 5736 in
3125 5696 3222 5752 spe
3268 5694 3447 5735 rerum
3494 5678 3859 5735 car-alimus

2252 5776 2464 5848 quando
2492 5775 2597 5842 lex,
2628 5790 2748 5845 qua:
2776 5774 2982 5845 impleri
3010 5789 3117 5829 non
3152 5779 3328 5843 potest
3354 5769 3452 5827 nisi
3475 5769 3859 5842 porcinariis»
