4052 6434
210 349 314 407 εδδ

210 476 310 519 tein
352 459 716 533 splritualem,
767 457 833 514 ad
888 457 991 515 hoc
1044 470 1202 529 super
1250 470 1344 512 eos
1392 463 1540 521 erat,
1594 464 1651 510 ut
1700 469 1793 525 per

209 557 696 629 praevaricationem
719 553 1013 610 abundaret
1037 551 1322 615 delictum;
1350 560 1409 604 ut
1434 559 1615 620 postea
1641 564 1792 603 reve-

209 652 308 709 lato
329 650 478 705 Novo
515 649 879 711 Testamento,
914 661 1006 715 per
1032 641 1433 714 indulgentiam,
1466 638 1794 711 superabun-

208 744 354 797 daret
378 741 545 813 gratia
578 738 858 812 (Rom.vn,
879 753 930 803 v,
948 734 1062 807 20).
1077 734 1210 789 Hinc
1231 732 1477 789 similiter
1492 730 1614 786 alibi
1631 729 1792 785 dicit:

212 835 305 902 Qui
346 843 517 889 autent
544 833 599 887 in
629 848 781 886 carne
806 839 955 896 sunt,
990 828 1097 882 Deo
1123 827 1318 897 placere
1343 841 1461 879 now
1473 831 1697 893 possunt.
1728 821 1795 876 Et

208 941 270 980 ne
296 933 507 995 putaret
532 923 813 994 quisquam
841 937 932 975 eos
958 920 1146 986 dictos,
1179 919 1267 989 qui
1320 917 1553 971 nondum
1600 914 1791 970 mortui

207 1025 342 1079 sunt,
360 1017 543 1071 statim
568 1014 793 1085 subjecit
821 1032 834 1068 :
872 1012 971 1067 Vos
991 1022 1157 1065 autent
1180 1027 1278 1065 non
1300 1010 1415 1065 estis
1435 1010 1487 1063 in
1511 1024 1681 1073 carne,
1708 1006 1796 1061 sed

206 1113 254 1167 in
282 1113 465 1182 spiritu
496 1109 607 1182 (Id.
628 1126 741 1173 vm,
768 1111 821 1175 8,
846 1109 921 1180 9).
962 1109 1016 1163 Id
1056 1116 1157 1175 est,
1180 1107 1266 1179 qui
1299 1108 1349 1161 in
1380 1122 1474 1176 spe
1500 1105 1791 1161 carnalium

206 1205 464 1259 bonorum
496 1214 644 1270 sunt,
688 1204 798 1258 Deo
834 1203 1043 1273 placere
1086 1216 1188 1254 non
1216 1208 1468 1271 possunt;
1498 1213 1591 1252 vos
1619 1207 1793 1252 autem

208 1312 307 1349 non
337 1296 471 1349 estis
496 1295 553 1350 in
577 1310 670 1364 spe
696 1294 1007 1358 carnalium,
1051 1291 1142 1346 sed
1193 1292 1243 1345 in
1286 1306 1381 1359 spe
1422 1289 1794 1361 spiritualium,

209 1387 257 1443 id
283 1396 386 1453 at,
416 1387 570 1457 regni
595 1387 877 1453 caelorum,
906 1385 994 1440 ubi
1026 1393 1080 1440 et
1109 1384 1282 1453 ipsum
1308 1397 1502 1453 corpus
1523 1397 1615 1451 per
1654 1379 1795 1434 illam

210 1479 560 1534 mutationem
605 1480 656 1532 in
703 1492 801 1532 suo
842 1476 1070 1547 quodam
1108 1489 1307 1545 genere
1354 1472 1627 1542 spirituale
1675 1470 1792 1536 erit,

211 1571 343 1641 quod
371 1569 539 1624 modo
564 1569 793 1624 animale
827 1578 929 1625 est.
958 1567 1267 1624 Sentinatur.
1289 1565 1430 1620 enim
1467 1581 1651 1634 corpus
1686 1563 1799 1616 atti-

212 1662 356 1727 nwle,
388 1660 529 1715 sicut
560 1661 623 1713 ad
652 1660 957 1715 Corinthios
995 1658 1133 1713 idem
1164 1656 1311 1723 dicit,
1344 1665 1568 1728 resurget
1614 1671 1798 1725 corpus

212 1751 474 1823 spirituale
503 1752 543 1822 (Ι
572 1750 689 1806 Cor.
716 1768 803 1813 xv,
836 1750 947 1821 44).
974 1748 1029 1806 Si
1048 1765 1172 1819 ergo
1194 1748 1459 1803 neminem
1489 1762 1672 1803 eorum
1686 1746 1797 1817 jam

211 1852 425 1899 noverat
475 1844 772 1899 secundum
818 1858 1029 1898 carnem
1060 1839 1373 1913 Apostolus,
1402 1839 1490 1912 qui
1520 1848 1799 1911 propterea

211 1938 522 1994 dicebantur
550 1954 655 1993 non
686 1953 804 1993 esse
832 1937 882 1992 in
934 1952 1114 2003 carne,
1143 1934 1265 2007 quia
1303 1950 1408 1989 non
1433 1942 1585 1989 erant
1614 1933 1663 1987 in
1703 1948 1798 2003 spe

1523 333 1723 393 LIBER
1755 331 2214 394 DUODECIMUS.

3375 347 3480 410 εει

1900 466 2078 506 rerum
2108 450 2421 520 carnalium,
2446 452 2685 524 quamvis
2708 451 2881 510 adhuc
2908 456 3306 526 corruptibilem
3357 474 3469 518 car-

1901 556 2021 595 nem
2052 542 2435 615 mortalemque
2464 553 2771 614 portarent;
2818 555 3016 616 quanto
3064 550 3371 617 expressius
3414 552 3479 608 do

1898 631 2112 687 Christo
2133 632 2331 690 diceret
2358 634 2498 705 quod
2523 650 2643 691 eum
2666 635 2773 706 jam
2803 652 2906 691 non
2946 646 3163 694 noverat
3190 641 3480 698 secundum

1898 740 2133 792 carnem,
2160 725 2212 780 in
2241 727 2391 794 cujus
2416 738 2643 798 corpore
2665 729 2823 783 etiam
2843 744 2901 785 re
2928 730 3037 801 ipsa
3056 731 3164 803 jam
3188 733 3481 803 perfectum
3518 792 3523 797 _

1898 826 2031 881 crat,
2056 817 2194 887 quod
2218 817 2289 871 illi
2308 818 2358 872 in
2376 833 2471 888 spe
2490 822 2805 888 promissum
2826 824 3079 878 tenebant
3094 823 3117 877 ?
3132 823 3338 892 Quanto
3355 844 3481 898 ergo

1900 907 2110 975 melius,
2152 917 2349 978 quanto
2377 910 2673 981 religiosius
2706 912 2899 968 divina:
2946 914 3234 986 Scriptura:
3270 917 3339 986 ita
3372 932 3482 975 tra-

1900 1007 2131 1064 ctantur,
2163 1000 2488 1056 utdiscussis
2513 1003 2760 1059 omnibus
2780 1006 3102 1062 concordare
3125 1008 3481 1077 inveniantur,

1900 1107 2055 1162 quam
2084 1092 2365 1149 deﬁciente
2418 1092 2632 1150 homine
2661 1096 2713 1149 in
2757 1099 3048 1166 quzeslioue
3075 1116 3230 1170 quam
3276 1101 3484 1158 solvere

1902 1200 2006 1239 non
2034 1192 2229 1255 potest,
2279 1194 2527 1257 tanquam
2556 1203 2695 1242 verae
2740 1189 2791 1243 in
2825 1200 2971 1259 parte
3019 1204 3378 1263 acecplentur,
3430 1205 3484 1251 et

1904 1283 2151 1343 tanquam
2171 1274 2315 1329 falsre
2344 1276 2394 1330 in
2423 1287 2571 1346 parte
2599 1278 3098 1346 damnentur?0_uia
3126 1294 3316 1339 etcum
3342 1295 3484 1342 esset

1903 1368 2151 1436 parvulus
2178 1368 2481 1438 Apostolus,
2520 1377 2653 1426 etea
2688 1387 2805 1441 quae
2837 1373 3036 1442 parvuli
3064 1384 3234 1443 erant,
3273 1388 3484 1450 saperet

1903 1458 1944 1529 (l
1967 1459 2080 1515 Cor.
2094 1464 2238 1524 χιιιά
2258 1461 2304 1529 l)
2319 1478 2635 1533 .quanquam
2657 1462 2759 1519 hoc
2774 1463 2838 1520 ad
2854 1466 3247 1525 similitudinem
3269 1468 3481 1538 dixerit,

1904 1550 2135 1605 nendum
2160 1560 2273 1606 erat
2303 1560 2475 1607 tamen
2504 1554 2811 1622 spiritualis,
2842 1546 3011 1624 qualis
3043 1556 3152 1627 jam
3192 1569 3306 1614 erat
3361 1576 3482 1615 cum

1904 1642 2161 1697 scriberet
2185 1659 2302 1713 qum
2328 1644 2391 1697 ad
2415 1643 2774 1700 Eeclcsiarum
2796 1646 3220 1716 mdilicationem,
3245 1666 3350 1705 non
3372 1668 3487 1721 pro:

1906 1732 2115 1789 licieudi
2163 1735 2543 1791 exercitatione
2570 1738 2620 1791 in
2646 1737 3003 1794 studiosorum
3028 1741 3271 1797 manibus
3300 1758 3487 1797 versa~

1904 1833 2109 1888 rentur,
2160 1826 2253 1880 sed
2297 1827 2633 1898 prmeipiendi
2673 1830 2989 1887 auctoritate
3033 1832 3087 1888 in
3126 1830 3489 1889 ecclesiastico

1907 1929 2113 1971 canone
2138 1916 2461 1988 legerentur.

1023 2068 3443 2094 '————'_—__——-——--ﬁ——-——————-h—n———k——ﬁ—

1024 2139 1498 2248 LIBER
1585 2140 1691 2244 D
1712 2138 1826 2244 [Γ
1820 2141 2139 2246 ODE
2152 2143 2457 2251 01M
2467 2146 2662 2252 US.

269 2410 506 2469 CAPUT
533 2409 818 2467 PRIMUM.
848 2440 920 2450 -—
949 2408 1193 2464 Fsusrus
1219 2407 1351 2463 dixit
1388 2426 1404 2463 :
1443 2405 1550 2461 Cur
1576 2421 1680 2461 non
1709 2421 1798 2461 ac-

209 2504 379 2576 cipitis
400 2502 747 2574 Prophetas?
770 2501 879 2556 lmo
916 2510 968 2555 tu
998 2500 1085 2555 dic
1128 2500 1328 2568 potius,
1358 2498 1402 2554 si
1430 2497 1557 2569 quid
1591 2498 1754 2553 habes
1777 2540 1794 2565 ,

208 2596 617 2654 curdebearnus
632 2592 924 2664 Prophetas
947 2592 1208 2661 accipere.
1230 2590 1452 2662 Propter
1472 2589 1794 2657 testimonia,

208 2689 422 2762 inquis,
476 2704 601 2759 qua:
643 2687 710 2743 de
751 2685 964 2742 Christo
995 2682 1197 2756 praefati
1242 2691 1385 2739 sunt.
1433 2681 1545 2752 Ego
1582 2679 1797 2751 quidem

211 2781 345 2836 nulla
379 2780 608 2845 inveni,
648 2778 893 2849 quamvis
940 2776 1189 2832 attentius
1236 2788 1330 2830 eos
1358 2783 1412 2831 et
1437 2772 1798 2829 curiosissitne

209 2869 456 2941 legerim.
482 2868 593 2923 Sed
623 2879 798 2925 tamen
830 2876 884 2923 et
912 2865 1014 2922 hoc
1042 2864 1251 2921 enervis
1297 2863 1417 2919 ﬁdei
1468 2863 1485 2895 ⁸
1528 2860 1798 2918 confessio

210 2969 324 3028 est,
351 2961 405 3016 in
437 2960 711 3015 Christum
744 2958 859 3013 sine
893 2966 1026 3013 teste
1074 2966 1128 3012 et
1169 2964 1485 3027 argumento
1531 2968 1635 3009 non
1683 2968 1801 3009 cre-

212 3053 352 3109 dere.
383 3052 596 3124 Nempe
622 3052 722 3122 ipsi
749 3066 845 3107 vos
868 3050 1057 3107 docere
1077 3049 1279 3114 soletis,
1305 3048 1499 3102 ideirco
1528 3045 1659 3101 nihil
1680 3060 1800 3101 esse

215 3147 479 3203 Curiosius
510 3144 922 3217 exquirendum,
967 3144 1087 3215 quia
1132 3141 1353 3213 simplex
1386 3141 1454 3194 sit
1478 3148 1532 3193 et
1558 3136 1798 3193 absoluta

213 3239 512 3295 christiana
542 3236 850 3292 credulitas.
888 3233 1164 3304 Quomodo
1190 3247 1316 3301 ergo
1348 3246 1485 3285 nunc
1513 3228 1633 3284 fidei
1666 3228 1800 3284 sim-

211 3332 505 3405 plicitatem
549 3329 859 3393 destruitis,
911 3327 1118 3382 indiciis
1161 3340 1279 3380 eam
1324 3338 1387 3379 ac
1431 3322 1654 3377 testibus
1692 3319 1795 3376 ful-

212 3424 424 3489 cicndo,
455 3433 514 3480 et
538 3422 643 3478 hoc
664 3420 902 3478 Judmis?
928 3422 1034 3475 Aut
1068 3419 1115 3474 si
1155 3418 1321 3489 prima
1350 3416 1501 3471 vobis
1528 3414 1791 3470 sententia

213 3516 496 3587 displiut,
531 3514 843 3584 idcircoque
874 3512 1109 3567 transitis
1144 3510 1196 3565 in
1235 3509 1488 3572 alteram;
1515 3507 1634 3578 quis
1662 3504 1794 3559 lide-

210 3606 311 3663 lior
350 3606 509 3662 vobis
545 3620 666 3663 esse
693 3604 844 3660 testis
870 3602 1050 3667 debet.
1077 3616 1238 3673 quam
1268 3600 1408 3654 Dens
1434 3600 1547 3669 ipse
1573 3597 1639 3653 de
1664 3595 1799 3652 Filio

213 3715 335 3766 suo,
364 3701 458 3771 qui
488 3715 595 3768 non
628 3714 723 3769 per
746 3708 951 3760 vatem,
1000 3711 1099 3751 nec
1147 3710 1243 3765 per
1277 3695 1621 3763 interpretem
1644 3731 1660 3758 ,
1706 3687 1800 3744 sed

212 3793 359 3848 nitro
386 3791 600 3847 caelitus
624 3798 812 3861 erupta
837 3802 966 3844 voce
988 3829 1002 3853 ,
1035 3802 1159 3843 cum
1184 3801 1305 3841 cum
1338 3786 1571 3840 mitteret
1600 3781 1664 3836 ad
1698 3788 1803 3834 ter-

212 3900 333 3940 ram
374 3884 513 3939 dixit
555 3900 570 3937 ε
610 3882 710 3937 Hic
739 3890 812 3938 est
836 3879 885 3937 Γ
887 3881 1004 3957 ilius
1034 3897 1173 3936 meus
1203 3878 1587 3943 dilectissimus,
1617 3874 1806 3930 credite

210 3975 298 4028 illi
335 3972 553 4041 (Matth.
591 3989 667 4040 tu,
711 3972 800 4039 l7,
831 3980 876 4027 et
906 3970 1033 4027 Luc.
1065 3987 1134 4035 Ix,
1170 3970 1281 4040 35).
1325 3968 1542 4023 Necnon
1594 3975 1648 4021 et
1686 3966 1800 4035 ipse

211 4064 297 4122 dc
326 4080 415 4131 se,
440 4065 483 4119 Δ
513 4062 663 4119 Patre
689 4081 798 4119 meo
824 4063 1041 4134 processi
1062 4104 1079 4126 ,
1110 4070 1156 4115 et
1186 4060 1297 4114 veni
1320 4060 1372 4112 in
1398 4059 1531 4111 hunc
1563 4055 1804 4109 mundum

216 4156 410 4227 (han.
436 4172 546 4222 xvi,
567 4155 658 4225 28)
690 4174 703 4211 :
728 4164 888 4226 atque
913 4153 1076 4208 multa
1102 4153 1202 4206 alia
1232 4148 1554 4219 hujusmodi.
1584 4147 1664 4202 Ad
1688 4162 1805 4216 qua:

215 4250 496 4319 tingentes
523 4250 544 4280 ’
569 4248 738 4303 Judmi
764 4288 779 4312 ,
836 4246 917 4301 Tu
966 4245 1029 4299 de
1073 4255 1120 4298 te
1166 4243 1448 4311 testiﬁcaris
1472 4282 1487 4305 ,
1520 4240 1799 4303 dicebant;

222 4339 566 4393 testimonium
607 4348 750 4393 luunt
780 4352 880 4391 non
927 4345 1001 4389 est
1044 4350 1233 4387 verum.
1267 4331 1469 4400 Quibus
1510 4330 1656 4399 ipse,
1689 4327 1804 4382 Etsi

219 4445 319 4499 ego
344 4429 584 4497 testiﬁcor
608 4429 672 4483 de
697 4445 794 4494 nte,
818 4426 1157 4482 testimonium
1185 4441 1350 4479 meum
1373 4439 1547 4478 rerum
1571 4431 1661 4485 est,
1686 4420 1805 4492 quia

217 4536 323 4574 non
359 4537 475 4575 sum
522 4520 680 4575 solus.
722 4518 862 4573 Nam
890 4527 937 4571 et
973 4518 1026 4571 in
1069 4515 1199 4587 Lege
1221 4524 1385 4567 vestra
1421 4514 1663 4582 scriptum
1683 4520 1755 4566 est
1784 4551 1799 4576 ,

217 4615 454 4669 Duorum
504 4615 766 4668 hominum
814 4611 1148 4667 testimonium
1176 4624 1353 4666 .verum
1397 4616 1486 4661 est.
1539 4600 1650 4676 Ego
1693 4619 1804 4657 smn

217 4706 310 4776 qui
334 4706 574 4773 testiﬁcor
594 4704 796 4771 deme,
821 4714 865 4757 et
892 4703 1188 4769 testiﬁcatur
1229 4698 1292 4753 de
1337 4714 1416 4752 me
1450 4697 1535 4768 qui
1559 4712 1637 4749 me
1670 4695 1805 4748 misit

218 4796 381 4853 Pater
411 4797 526 4869 (Id.
551 4814 665 4866 vm,
694 4796 879 4868 13-18)
905 4813 919 4850 :
950 4811 1056 4850 non
1078 4793 1229 4851 dixit.
1253 4790 1556 4861 Pr0phctte.
1582 4788 1660 4843 Ad
1692 4787 1805 4844 lucc

218 4899 273 4946 et
301 4906 465 4960 opera
502 4890 617 4960 ipsa
644 4905 740 4945 sua
767 4889 868 4944 sibi
897 4889 949 4943 in
977 4885 1337 4944 testimonium
1375 4894 1524 4937 vocat
1550 4924 1567 4947 ,
1596 4882 1655 4937 Si
1679 4882 1805 4935 mihi

220 4994 325 5036 non
346 4982 575 5047 creditis,
598 4980 784 5037 dicens
806 5020 823 5049 ,
847 4977 1081 5050 operibus
1107 4977 1291 5031 credite
1322 4972 1431 5048 (Id.
1460 4989 1520 5041 x,
1543 4973 1654 5045 58).
1688 4971 1803 5027 Non

217 5074 391 5139 dixit,
433 5074 492 5130 Si
522 5073 650 5128 mihi
678 5088 785 5128 non
805 5071 1059 5137 creditis,
1101 5067 1383 5139 Prophetis
1412 5066 1633 5123 credite.
1669 5065 1805 5134 Qua-

217 5174 446 5234 propter
492 5179 591 5219 nos
634 5162 955 5219 testimoniis
1003 5161 1069 5217 de
1113 5160 1389 5216 Salvatore
1430 5166 1616 5216 nostro
1646 5157 1805 5212 nullis

218 5270 444 5327 egemus
466 5271 485 5310 :
516 5255 761 5325 exempla
788 5264 991 5310 tantum
1020 5254 1141 5309 vitae
1185 5255 1453 5318 honestae,
1491 5258 1545 5306 et
1571 5248 1806 5321 pruden-

218 5349 353 5403 tiam
388 5363 453 5405 ac
484 5349 735 5403 virtutem
782 5348 835 5402 in
889 5345 1169 5419 Prophetis
1207 5344 1495 5416 qumrimus
1518 5383 1534 5409 ,
1577 5357 1804 5414 quorum

217 5442 356 5498 nihil
385 5442 439 5497 in
465 5441 777 5497 Judaeorum
810 5440 971 5497 fuisse
990 5438 1225 5504 vatibus,
1246 5438 1368 5508 quia
1397 5446 1447 5492 te
1467 5451 1571 5490 non
1594 5434 1808 5490 latuerit

217 5532 435 5587 sentio:
465 5530 729 5603 siquidem
751 5530 1068 5587 consulente
1097 5544 1197 5591 me.
1230 5544 1324 5584 cur
1349 5542 1443 5583 eos
1469 5524 1807 5596 accipiendos

210 5636 461 5695 putares,
480 5638 587 5679 non
605 5622 921 5695 improvide,
938 5637 1034 5679 nec
1056 5621 1383 5679 inurbanitcr
1397 5618 1609 5676 silentio
1621 5632 1805 5676 corum

287 5758 306 5822 ξ
342 5764 439 5815 Γπ..
458 5755 626 5807 inertis
644 5756 778 5822 ﬁdei.

288 5821 308 5852 ⁸
343 5826 445 5882 En.
467 5834 511 5870 Tt
523 5822 819 5885 spondentes.
918 5827 972 5870 Μ.

1908 2407 2171 2463 mandatis
2216 2409 2470 2479 operibus
2499 2450 2517 2475 .
2567 2427 2620 2465 .n
2663 2412 2777 2466 sola
2818 2414 3134 2472 transiluisti
3184 2417 3487 2490 prmngia;

1903 2500 2100 2557 oblitus
2134 2502 2316 2572 utique
2376 2503 2631 2574 scriptum
2670 2519 2826 2571 esse,
2868 2521 3137 2578 nunquam
3181 2509 3476 2566 viudemiar

1908 2609 2069 2649 uvam
2100 2593 2167 2649 de
2194 2595 2381 2665 Spinis,
2406 2610 2505 2651 nec
2529 2595 2596 2651 de
2618 2596 2829 2653 tribulis
2852 2599 2980 2655 licus
3011 2600 3221 2673 (Matth.
3255 2619 3351 2671 vn,
3377 2606 3488 2675 16).

1903 2686 2240 2756 Quapropter
2268 2686 2383 2741 haec
2408 2687 2635 2743 strictim
2679 2688 2892 2745 interim
2918 2700 2975 2747 et
2998 2694 3254 2763 castigate
3298 2694 3367 2749 ad
3409 2697 3494 2749 in-

1908 2779 2322 2850 terrogationem
2352 2788 2493 2834 tuam
2517 2781 2904 2851 responderint,
2925 2799 3026 2853 qua
3048 2786 3244 2855 quaeris
3263 2803 3359 2841 cur
3384 2804 3489 2843 non

1905 2870 2224 2942 accipiamus
2253 2870 2565 2939 PrOpbetas.
2600 2872 2848 2942 Alioquin
2878 2856 3008 2928 nihil
3034 2889 3130 2930 eos
3172 2876 3241 2931 de
3277 2876 3491 2933 Christo

1902 2959 2255 3031 prophetasse
2274 3003 2289 3029 ,
2320 2961 2529 3017 abunde
2561 2962 2671 3033 jam
2694 2951 2978 3033 parentum
3011 2976 3312 3022 nostrorum
3343 2969 3491 3025 libris

1906 3060 2177 3107 ostensum
2207 3059 2307 3107 est.
2342 3051 2453 3122 Ego
2481 3068 2609 3108 vero
2637 3053 2765 3108 illud
2790 3054 3035 3125 adjiciam
3056 3094 3074 3124 ,
3114 3058 3238 3128 quia
3282 3060 3327 3114 si
3380 3060 3486 3116 He-

1906 3142 2068 3197 braici
2101 3151 2248 3198 vates
2275 3142 2545 3199 Christum
2575 3144 2807 3201 scientes
2848 3156 2903 3202 et
2945 3148 3292 3218 pnedicantes
3315 3190 3332 3217 ,
3382 3159 3488 3206 tam

1904 3231 2161 3304 ﬂagitiose
2187 3233 2459 3301 vixerunt,
2508 3234 2631 3305 jure
2679 3245 2731 3291 et
2782 3237 2831 3292 in
2882 3237 3025 3308 ipsos
3062 3239 3164 3294 dici
3194 3242 3405 3311 poterit,
3438 3241 3490 3297 id

1906 3325 2047 3396 quod
2103 3326 2296 3382 Paulus
2343 3326 2411 3383 de
2461 3328 2708 3383 Gentium
2751 3330 3079 3399 sapientibus
3111 3341 3486 3390 cantestatur:

1910 3417 2041 3485 Quia
2068 3436 2181 3474 cum
2210 3420 2551 3491 cognovissent
2570 3420 2748 3490 Deum,
2777 3439 2875 3477 non
2905 3432 2959 3475 ut
2989 3422 3152 3477 Deum
3179 3424 3492 3494 clariﬁeave-

1907 3522 2043 3576 runt,
2075 3521 2163 3567 aut
2190 3514 2379 3585 gratias
2404 3523 2639 3585 egerunt;
2668 3514 2755 3569 sed
2780 3524 3084 3569 evanuerunt
3118 3516 3169 3570 in
3220 3518 3488 3589 cogitatio-

1907 3604 2054 3660 nibus
2079 3606 2202 3670 suis,
2227 3614 2273 3659 et
2294 3606 2658 3660 intenebratum
2672 3615 2743 3661 est
2763 3606 3004 3676 insipiens
3023 3623 3111 3661 cor
3125 3607 3486 3676 eorum(Rom.

1908 3709 1959 3761 ι,
1988 3695 2102 3765 2|).
2138 3694 2296 3750 Vides
2320 3709 2447 3765 ergo
2474 3710 2578 3749 non
2608 3710 2727 3750 esse
2766 3710 3014 3765 magnum
3061 3711 3248 3767 magna
3293 3712 3491 3767 cogito.

1908 3787 2071 3853 visse,
2103 3785 2203 3840 nisi
2234 3802 2302 3840 ex
2325 3801 2510 3842 eorum
2541 3786 2735 3840 viseris
2760 3785 3035 3856 dignitate.

1979 3878 2204 3934 CAPUT
2234 3878 2299 3933 ll.
2340 3908 2409 3916 —
2452 3881 2784 3933 AUGUSTINUS
2830 3877 3099 3947 respondit
3128 3896 3141 3933 :
3172 3872 3375 3949 Nempe
3406 3877 3493 3935 bis

1909 3969 2156 4025 omnibus
2203 3970 2376 4024 verbis
2422 3968 2472 4023 id
2518 3969 2628 4040 agit.
2663 3969 2910 4037 Faustus,
2946 3978 3006 4024 ut
3046 3969 3340 4039 Prophetas
3382 3970 3492 4026 lle-

1909 4060 2082 4115 brmos
2121 4075 2292 4129 neque
2322 4059 2609 4129 quidquam
2643 4058 2710 4115 de
2751 4059 2960 4114 Christo
3008 4061 3445 4131 praenuntiavisse
3471 4101 3489 4130 ,

1912 4167 2084 4225 neque
2129 4153 2175 4206 si
2221 4153 2953 4222 prmnuntiaverunt,eorum
2986 4154 3289 4209 testimonia
3337 4155 3492 4211 nobis

1910 4243 2185 4313 prodesse,
2214 4259 2387 4313 neque
2417 4243 2534 4298 illos
2564 4244 2707 4312 ipsos
2726 4258 2796 4299 ex
2826 4244 3135 4299 earumdem
3164 4244 3492 4300 testimonio-

1912 4350 2027 4388 rum
2055 4334 2307 4404 dignitate
2341 4334 2535 4389 vixisse
2574 4335 2875 4391 credamus.
2910 4335 3020 4391 Nos
3058 4336 3234 4408 itaque
3271 4337 3494 4393 demon-

1910 4427 2195 4482 strabimus
2222 4436 2277 4481 et
2304 4441 2488 4482 eorum
2523 4426 2591 4482 de
2617 4426 2830 4483 Christo
2878 4431 3130 4500 prmsagia
3155 4470 3171 4497 ,
3221 4438 3278 4486 et
3318 4445 3491 4501 quan.

1911 4526 2025 4572 tum
2070 4534 2164 4585 per
2207 4532 2269 4573 ea
2313 4517 2465 4573 nobis
2510 4517 2576 4571 ad
2621 4518 2742 4574 lidei
2772 4519 3048 4575 veritatem
3081 4520 3493 4594 ﬁrmitatemque

1910 4609 2211 4664 consultum
2256 4610 2347 4676 sit,
2398 4620 2454 4665 et
2501 4623 2594 4664 eos
2635 4624 2746 4664 suae
2795 4611 3091 4682 prophetiae
3137 4623 3489 4683 congruenter

1909 4708 2136 4769 apteque
2176 4699 2390 4754 vixisse.
2430 4699 2492 4754 In
2528 4699 2629 4755 hac
2667 4700 2925 4769 tripartito
2953 4701 3330 4771 disputatione,
3359 4702 3490 4758 illud

1910 4790 2052 4863 quod
2080 4792 2249 4860 primo
2284 4790 2457 4860 posui,
2489 4791 2703 4864 longum
2729 4792 2911 4849 estsic
2942 4793 3187 4864 probare,
3219 4804 3277 4849 ut
3300 4794 3491 4850 dcillis

1910 4886 2157 4941 omnibus
2185 4886 2358 4941 Libris
2391 4887 2693 4942 testimonia
2737 4886 3028 4958 proferam,
3071 4888 3265 4958 quibus
3308 4895 3491 4942 osten-

1909 4977 2033 5032 dam
2068 4976 2337 5033 Cbristum
2375 4993 2497 5033 esse
2523 4978 2832 5047 pradictum
2868 4997 2882 5035 :
2913 4978 3009 5034 sed
3057 4980 3214 5049 hujus
3260 4979 3482 5040 hominis

1911 5071 2179 5127 levitatem
2205 5070 2519 5142 gravissimo
2545 5071 2879 5127 auctoritatis
2912 5070 3148 5142 pondere
3191 5078 3484 5125 conteram.

1911 5166 1985 5223 lla
2003 5166 2197 5236 quippe
2222 5179 2327 5219 non
2351 5163 2548 5234 accipit
2572 5165 2856 5235 prophetas
2873 5164 3147 5231 Hebraeos,
3171 5172 3227 5216 ut
3248 5162 3492 5231 accipere

1910 5271 1969 5311 se
1991 5263 2164 5310 tamen
2194 5254 2503 5325 proﬁteatur
2525 5256 2825 5326 Apostolus.
2844 5253 3129 5326 Apostolus
3145 5263 3323 5309 autem
3347 5253 3489 5310 Pau-

1912 5348 2105 5414 lus,de
2131 5362 2238 5419 quo
2263 5363 2384 5403 eum
2426 5363 2486 5403 se
2523 5347 2637 5418 ipse
2677 5356 2929 5418 tanquam
2972 5360 3038 5403 ex
3088 5344 3314 5404 adversa
3359 5364 3492 5407 voce

1912 5440 2333 5510 interrogasset,
2374 5448 2553 5493 utrum
2617 5452 2741 5492 eum
2803 5437 3109 5508 acciperet,
3158 5439 3479 5509 respondit,

1912 5529 1983 5587 Et
2007 5532 2221 5586 maxime
2251 5530 2472 5600 (Supra,
2494 5530 2581 5584 lib.
2609 5530 2732 5600 ll),
2763 5512 2889 5599 quid
2916 5528 2983 5585 de
3012 5530 3225 5588 illorum
3254 5532 3490 5603 91:0th-

1912 5625 1983 5680 tia
2008 5624 2167 5692 dicat,
2189 5622 2482 5678 audiamus.
2508 5620 2728 5689 Paulus,
2749 5622 2940 5694 inquit,
2959 5622 3264 5680 senqu
3278 5623 3487 5683 Christi.

1912 5726 2115 5771 vocatus
2137 5715 2414 5787 apostolus,
2446 5724 2733 5786 segregatus
2754 5715 2813 5771 in
2837 5715 3171 5789 Euangelizans
3192 5717 3294 5773 Dei
3309 5757 3330 5783 ,
3350 5716 3486 5785 quod

1913 5818 2030 5863 ante
2052 5808 2349 5874 promiserat
2372 5823 2460 5878 per
2480 5804 2764 5875 Prophetas
2788 5825 2904 5867 suos
2924 5808 2976 5864 in
2998 5808 3277 5875 Scripturis
3294 5806 3484 5867 sanctis
