4016 6430
573 383 680 441 255

569 503 638 558 de
660 501 801 558 Filio
828 516 941 566 suo,
970 516 1052 570 qut
1075 501 1237 571 [actus
1265 506 1335 551 est
1356 498 1399 551 ei
1424 513 1486 551 ex
1501 482 1686 550 semine
1706 495 1866 549 David
1880 492 2156 548 secundum

574 609 778 647 carnem
809 593 987 662 (Rom.
1034 607 1071 656 I,
1104 589 1243 658 1-5).
1286 587 1420 654 Quid
1462 587 1573 641 vult
1601 585 1866 657 amplius?
1891 584 2003 641 Nisi
2054 582 2160 637 for-

574 692 627 736 te
658 680 759 737 hoc
774 681 842 736 de
864 682 978 735 aliis
1005 680 1268 750 aliquibus
1288 677 1709 749 Prophclis,non
1735 678 1805 733 de
1829 677 2024 733 nostris
2055 675 2158 730 lle-

573 770 732 826 hrazis
757 770 955 825 dictum
979 770 1109 825 velit
1139 768 1391 839 intelligi?
1419 767 1524 824 Sed
1550 783 1851 839 quanquam
1878 782 1975 839 per
1997 781 2159 836 quos-

577 860 707 915 libet
748 860 946 915 dietum
986 861 1083 925 sit,
1134 859 1201 913 de
1227 858 1318 914 illo
1342 867 1518 913 tamen
1548 858 1685 914 Filio
1714 858 1806 913 Dei
1838 858 2155 929 promissum

577 952 1046 1024 cstEvangelium,
1078 952 1168 1022 qui
1197 950 1367 1006 factus
1410 960 1491 1006 est
1534 951 1584 1005 ei
1632 967 1698 1005 cx
1742 950 1945 1006 semine
1992 946 2157 1004 David

568 1043 864 1099 secundum
891 1058 1143 1109 carnem;
1177 1042 1228 1097 in
1256 1041 1398 1113 quod
1439 1043 1779 1113 Evangelium
1819 1050 2155 1113 segregatum

570 1151 632 1191 se
655 1135 786 1190 dicit
813 1135 1100 1206 Apostolus
1128 1154 1141 1189 :
1169 1135 1392 1191 istorum
1443 1145 1621 1191 autem
1669 1135 1905 1206 perﬁdia:
1944 1135 2159 1189 hoc‘sit

570 1228 893 1283 contrarium
916 1269 931 1294 ,
973 1227 1116 1299 quod
1148 1225 1440 1283 secundum
1479 1226 1582 1282 hoc
1608 1226 1953 1297 Evangelium
1981 1224 2156 1280 credi-

568 1339 687 1377 mus
717 1322 909 1377 Filium
951 1321 1044 1377 Dei
1085 1320 1280 1376 factum
1308 1335 1378 1375 ex
1407 1320 1613 1375 semine
1654 1318 1819 1374 David
1858 1316 2153 1373 secundum

572 1429 824 1480 carnem;
860 1422 1035 1468 tamen
1063 1412 1326 1482 apertiora
1354 1419 1692 1481 cognoscant,
1717 1409 1912 1481 quibus
1939 1408 2155 1465 eviden-

569 1505 833 1560 tissimum
869 1504 1149 1576 Prophetis
1178 1503 1415 1559 Hebraeis
1441 1503 1801 1558 testimonium
1842 1503 2155 1573 perhibetur

567 1610 667 1665 per
694 1610 816 1650 eum
845 1594 1156 1664 Apostolum
1180 1636 1197 1659 ,
1246 1593 1399 1663 cujus
1437 1592 1756 1650 auctoritate
1802 1591 2153 1664 superborum

568 1687 795 1742 istorum
824 1686 961 1741 colla
990 1686 1318 1757 frangantur.

643 1776 873 1833 CAPUT
905 1776 993 1832 Ill.
1020 1806 1093 1818 --
1126 1774 1416 1841 Veritatem,
1450 1775 1646 1846 inquit,
1687 1773 1799 1829 dico
1825 1774 1877 1828 in
1903 1770 2108 1830 Christo
2134 1814 2149 1839 ,

571 1886 675 1924 non
693 1869 927 1937 mentior,
946 1878 1251 1924 contestante
1274 1869 1398 1923 mihi
1416 1868 1718 1922 conscientia
1744 1884 1853 1921 mea
1872 1868 1924 1921 in
1948 1866 2148 1938 Spiritu

571 1972 769 2030 sancto,
800 1964 917 2033 quia
945 1964 1147 2018 tristitia
1180 1974 1251 2017 est
1277 1963 1400 2016 mihi
1427 1978 1631 2033 magna,
1659 1970 1705 2015 et
1725 1961 1989 2027 continuus
2008 1959 2155 2015 dolor

574 2055 719 2108 cordi
747 2071 875 2110 meo.
910 2054 1158 2125 Optabam
1195 2056 1328 2109 enim
1380 2070 1470 2124 ego
1515 2053 1627 2123 ipse
1672 2052 1939 2105 anathema
1974 2067 2082 2105 esse
2122 2066 2157 2105 α

572 2147 771 2203 Christo
795 2165 886 2217 pro
916 2148 1155 2217 fratribus
1180 2150 1301 2203 meis
1324 2191 1339 2213 ,
1368 2147 1594 2219 cognatis
1631 2146 1906 2201 secundum
1929 2162 2153 2211 carnem,

567 2242 657 2307 qui
702 2249 820 2296 sunt
866 2239 1137 2307 Israelitae,
1168 2258 1382 2310 quorum
1410 2249 1482 2293 est
1510 2240 1716 2310 adoptio
1737 2280 1753 2305 ,
1779 2249 1827 2294 et
1854 2238 2016 2310 gloria
2048 2278 2063 2303 ,
2111 2246 2157 2292 et

567 2329 909 2398 Testamenta,
944 2342 991 2386 et
1019 2331 1166 2403 Legis
1195 2330 1506 2395 constitutio,
1538 2339 1584 2384 et
1614 2329 1937 2401 obsequium,
1961 2337 2007 2383 et
2029 2344 2153 2399 pro-

566 2425 872 2490 missiones;
906 2440 1119 2494 quorum
1156 2432 1324 2495 patres
1345 2431 1393 2477 et
1418 2438 1481 2477 ea:
1501 2421 1677 2492 quibus
1705 2419 1937 2477 Christus
1979 2435 2157 2475 secun-

567 2515 692 2569 dum
713 2532 949 2580 carnem,
996 2515 1081 2585 qui
1118 2524 1189 2569 est
1221 2529 1372 2586 super
1413 2513 1583 2567 omnia
1622 2510 1759 2566 Deus
1785 2511 2069 2565 benedictus
2104 2513 2156 2564 in

565 2604 889 2677 steculaUd.
923 2622 1007 2673 Ix,
1046 2605 1189 2676 1-5).
1217 2604 1356 2672 Quid
1402 2612 1579 2674 potest
1617 2602 1974 2658 abundantius
2008 2602 2111 2657 dici
2137 2644 2153 2667 ,

567 2697 694 2766 quid
710 2698 1016 2768 expressius
1036 2696 1317 2763 declarari,
1340 2696 1465 2767 quid
1486 2695 1723 2751 sanctius
1744 2694 2110 2749 commendari
2131 2695 2154 2747 ?

568 2790 701 2855 Qua:
747 2796 830 2843 est
872 2789 1014 2843 enim
1056 2788 1272 2859 adeptio
1303 2788 1686 2855 lsraelitarum,
1714 2788 1814 2841 nisi
1846 2802 1939 2856 per
1962 2787 2154 2842 Filium

569 2879 711 2935 Dei?
741 2879 882 2935 unde
907 2880 973 2934 ad
1010 2880 1222 2936 Galatas
1251 2879 1379 2935 dicit
1418 2898 1431 2933 :
1463 2879 1591 2934 Cum
1628 2888 1794 2933 autem
1823 2880 1953 2933 venit
1990 2880 2155 2951 pleni-

567 2970 691 3024 tudo
720 2970 995 3040 temporis‘,
1023 2971 1156 3023 misit
1181 2964 1317 3024 Deus
1348 2968 1541 3025 Filium
1565 2986 1712 3023 suum
1739 2974 1933 3041 factum
1959 2986 2021 3024 ea:
2046 2986 2157 3023 mu-

567 3062 707 3127 liere,
736 3061 925 3131 factum
951 3061 1039 3115 sub
1070 3059 1222 3131 Lege,
1245 3071 1298 3114 ut
1324 3078 1408 3115 eos
1433 3061 1519 3133 qui
1542 3062 1633 3115 sub
1660 3060 1791 3132 Lege
1818 3070 1981 3126 erant,
2037 3061 2157 3115 red-

567 3155 765 3221 imeret,
794 3162 850 3207 ut
875 3154 1197 3225 adoptionem
1230 3154 1454 3223 ﬁliorum
1504 3155 1832 3224 reciperemus
1858 3152 2051 3221 (Calai.
2079 3170 2153 3219 ιν,

566 3247 623 3313 4,
651 3244 729 3317 5).
760 3246 825 3300 Et
847 3262 967 3316 qua:
993 3247 1161 3316 gloria
1187 3261 1371 3301 eorum
1395 3246 1496 3300 nisi
1533 3247 1803 3315 prmcipue
1832 3245 1942 3312 illa,
1960 3245 2028 3301 de
2052 3261 2155 3317 qua

566 3339 709 3395 idem
740 3339 937 3395 Paulus
970 3339 1036 3395 ad
1083 3338 1300 3395 eosdem
1346 3339 1616 3394 Romanos
1656 3338 1786 3394 dicit
1822 3356 1835 3392 :
1872 3338 2009 3405 Quid
2038 3355 2155 3410 ergo

566 3432 789 3502 amplius
814 3442 884 3487 est
912 3432 1137 3486 Juda’o?
1175 3441 1261 3485 aut
1312 3448 1426 3504 qua:
1468 3432 1661 3485 utilitas
1712 3431 2107 3485 circumcisionis
2130 3432 2156 3485 ?

567 3522 792 3578 Multum
839 3541 929 3597 per
972 3541 1168 3579 omnem
1216 3524 1439 3578 modum.
1476 3523 1709 3577 Primum
1746 3524 1986 3594 quidem,
2035 3524 2156 3595 quia

565 3615 759 3669 credita
787 3625 902 3669 sunt
928 3616 1031 3670 illis
1056 3616 1251 3687 eloquia
1272 3614 1371 3668 Dei
1393 3614 1566 3685 (Rom.
1596 3630 1671 3679 ut,
1706 3616 1761 3682 1,
1788 3614 1869 3686 2).
1899 3615 2156 3684 Qumrant

564 3708 653 3762 isti
683 3709 936 3787 qiuesint
966 3708 1174 3779 eloquia
1208 3708 1299 3763 Dei
1331 3707 1529 3761 credita
1558 3706 1846 3774 Judzeis,et
1873 3707 2157 3763 ostendant

563 3801 722 3856 nobis
741 3801 840 3855 alia
865 3812 1056 3871 prtetcr
1076 3800 1422 3856 Hebraeorum
1450 3799 1856 3870 Prophetarum.
1882 3801 1999 3857 Jam
2028 3817 2154 3857 vero

563 3890 907 3946 Testamenta
934 3906 1032 3946 cur
1046 3891 1185 3945 dixit
1201 3892 1268 3946 ad
1286 3892 1551 3946 lsraelitas
1573 3893 1840 3962 prcecipue
1862 3893 2149 3962 pertinere.

565 3982 669 4037 nisi
713 3983 836 4052 quia
863 3991 917 4037 et
945 3983 1109 4037 Vetus
1134 3983 1533 4039 Testamentum
1577 3984 1679 4037 illis
1717 3984 1897 4039 datum
1944 3993 2055 4049 est,
2102 3993 2156 4039 et

564 4072 771 4129 Novum
800 4074 855 4128 in
882 4072 1072 4137 Vetere
1097 4073 1416 4144 ﬁguratum?
1442 4074 1597 4144 chis
1618 4085 1795 4129 autem
1818 4076 2154 4131 constitutio-

565 4179 713 4232 nem,
761 4181 879 4235 qurc
922 4164 1174 4218 lsraelitis
1196 4164 1319 4218 data
1348 4173 1469 4230 est,
1510 4180 1616 4219 non
1654 4165 2009 4236 intelligentcs
2038 4167 2154 4235 ejus

566 4257 1044 4327 dispensationem,
1065 4257 1185 4326 quia
1204 4255 1313 4326 jam
1344 4272 1449 4310 non
1481 4257 1593 4311 vult
1620 4272 1716 4312 nos
1749 4258 1888 4313 Deus
1909 4273 2029 4313 esse
2055 4259 2155 4313 sub

566 4348 730 4418 Lege,
762 4347 857 4403 sed
897 4348 995 4403 sub
1017 4348 1207 4418 gratia,
1244 4347 1641 4418 reprehendere
1665 4349 1751 4403 isti
1778 4349 1953 4403 solent
1983 4350 2153 4420 impe-

566 4440 687 4496 ritia
719 4439 935 4494 furiosa.
960 4438 1170 4493 Cedant
1190 4454 1317 4508 ergo
1338 4439 1643 4493 auctoritati
1684 4440 2011 4509 apostolicae,
2034 4456 2154 4510 quae

565 4530 791 4586 laudans
841 4541 1000 4601 atque
1040 4530 1421 4585 commendans
1474 4530 1833 4588 lsraelitarum
1888 4532 2153 4589 excellen-

568 4621 718 4688 tiam,
750 4620 907 4675 etiam
960 4621 1058 4675 hoc
1095 4621 1426 4675 cnumeravit
1449 4662 1464 4687 ,
1506 4620 1647 4689 quod
1685 4637 1871 4677 eorum
1903 4624 1971 4677 sit
2000 4622 2154 4693 Legis

568 4711 899 4768 constitutio.
930 4711 1059 4779 Quae
1085 4711 1128 4765 si
1156 4711 1293 4765 mala
1325 4720 1487 4777 esset,
1519 4727 1624 4766 non
1664 4714 1843 4783 utique
1882 4715 1932 4766 in
1967 4730 2151 4768 eorum

569 4803 728 4859 laude
755 4812 1062 4873 poneretur.
1086 4801 1140 4858 Si
1167 4814 1343 4857 autem
1372 4801 1643 4857 Christum
1672 4818 1777 4859 non
1810 4804 2147 4874 praedicaret,

569 4913 678 4953 non
743 4896 856 4967 ipse
909 4896 1163 4951 Dominus
1210 4895 1440 4961 diceret,
1496 4895 1558 4950 Si
1614 4896 1880 4951 crederetis
1936 4897 2150 4968 Moysi,

570 4992 840 5046 crederetis
864 4998 909 5045 et
936 4989 1096 5054 mihi;
1135 4992 1197 5043 de
1241 5005 1321 5043 me
1360 4989 1495 5065 enim
1522 4989 1611 5043 ille
1636 4989 1835 5059 scripsit
1887 4988 2065 5058 (Joan.
2098 5007 2150 5059 ν,

568 5082 661 5154 46)
688 5101 701 5138 :
733 5096 831 5137 nec
855 5089 976 5151 post
1001 5080 1446 5137 resurrectionem
1473 5080 1551 5135 sic
1578 5080 1627 5135 ei
1678 5088 2021 5136 attestaretur
2039 5121 2053 5145 ,
2072 5081 2154 5135 di-

568 5189 718 5240 cens,
747 5172 1017 5245 Oportebat
1041 5171 1241 5239 impleri
1264 5171 1431 5224 omnia
1452 5186 1563 5240 qua:
1585 5172 1774 5241 scripta
1806 5182 1921 5227 sunt
1950 5172 2002 5225 in
2022 5170 2157 5243 Lege

570 5264 765 5335 Moysi,
790 5276 835 5318 et
862 5262 1153 5333 Prop/retis,
1178 5273 1222 5315 et
1254 5261 1474 5316 Psalmis
1496 5263 1558 5315 de
1581 5279 1658 5315 me
1683 5262 1830 5333 (Luc.
1848 5280 1992 5327 XXIV,
2019 5264 2089 5319 44

641 5356 867 5411 CAPUT
896 5355 984 5410 IV.
1008 5385 1082 5395 —-
1108 5354 1211 5409 Sed
1241 5354 1362 5423 quia
1393 5353 1664 5408 Mauicluni
1696 5355 1856 5409 alium
1884 5355 2152 5410 Christum

570 5446 895 5519 prardicant,
929 5461 1032 5500 non
1068 5462 1189 5501 eum
1219 5461 1373 5515 quem
1417 5444 1842 5514 praedicaverunt
1880 5447 2115 5516 Apostoli
2138 5488 2151 5514 ,

571 5539 665 5595 sed
692 5553 846 5593 suum
871 5539 1140 5610 proprium
1166 5539 1405 5593 fallacem
1435 5536 1711 5603 fallaciter,
1741 5540 1891 5609 cujus
1915 5541 2155 5595 falsitatis

1385 379 1660 437 CONTRA
1700 375 2024 435 FAUSTUM
2055 372 2499 443 MANlClleUM,
2542 377 2596 433 S.
2639 377 3004 436 AUGUSTINI

3746 375 3854 431 236

2265 490 2563 551 inﬁdelibus
2590 493 2788 549 Jttdzeis
2821 495 2947 549 dicit
2978 493 3295 563 Apostolus,
3330 490 3457 547 Cum
3484 492 3667 561 legitur
3697 491 3850 561 Moy-

2263 600 2361 651 ses,
2388 586 2609 639 velamen
2630 596 2701 640 est
2725 603 2875 656 super
2897 603 2982 639 cor
3006 602 3176 640 eorum
3198 601 3216 637 :
3246 599 3416 653 neque
3442 584 3581 638 enim
3613 582 3851 648 aufertur

2266 674 2369 730 ltoc
2396 676 2637 731 velamen
2661 719 2675 741 ,
2710 693 2803 746 per
2835 676 2975 746 quod
3008 692 3113 730 non
3146 676 3440 746 intelligunt
3470 674 3683 744 Moysen
3706 716 3720 735 .
3751 674 3849 727 nisi

2265 767 2571 821 transierint
2596 767 2661 821 ad
2690 768 2955 821 Christum
2988 787 3001 821 :
3033 782 3135 820 non
3166 766 3373 836 qualem
3418 765 3516 834 ipsi
3551 765 3847 829 liuxerunt,

2262 857 2359 913 sed
2390 858 2600 928 qualem
2632 857 2817 913 Patres
2847 858 3057 913 Hebraei
3096 857 3561 927 propheuivcrunt.
3592 856 3681 911 Sic
3706 855 3844 910 enim

2264 948 2402 1003 idem
2449 951 2721 1020 apostolus
2756 949 2870 1007 ait:
2901 950 3024 1001 Cum
3062 958 3230 1003 autem
3269 948 3524 1002 transieris
3560 947 3629 1000 ad
3666 945 3851 1000 Domi-

2263 1057 2418 1106 num,
2449 1041 2706 1111 auferetur
2735 1043 2957 1095 velamen
2988 1040 3065 1112 (ll
3096 1040 3214 1096 Cor.
3246 1056 3331 1103 nt,
3368 1041 3469 1103 l5,
3508 1039 3630 1111 16).
3666 1038 3851 1108 Neque

2262 1132 2405 1187 enim
2436 1133 2627 1186 mirum
2660 1142 2741 1187 est
2767 1134 2907 1203 quod
2942 1134 3237 1204 resurgeuti
3265 1132 3508 1195 Christo,
3536 1145 3589 1186 et
3615 1132 3846 1195 dicenti,

2266 1222 2537 1291 Oportebat
2556 1224 2754 1293 impleri
2773 1226 2941 1278 omnia
2962 1240 3074 1294 quae
3092 1225 3278 1294 scripta
3296 1224 3485 1278 suntin
3504 1222 3636 1294 Lege
3658 1222 3845 1294 Moysi,

2261 1328 2308 1372 et
2336 1317 2606 1388 PrOphetis
2625 1362 2640 1385 ,
2672 1329 2717 1373 et
2758 1319 2976 1373 Psalmis
3004 1320 3065 1374 de
3092 1336 3171 1373 me
3190 1361 3205 1386 ,
3237 1319 3423 1374 nolunt
3459 1318 3544 1373 isti
3578 1318 3805 1382 credere
3832 1334 3844 1370 :

2261 1409 2688 1481 quandoquidem
2719 1408 2965 1465 Christus
2995 1411 3107 1481 ipse
3135 1410 3395 1475 narravit,
3424 1409 3553 1479 quid
3577 1408 3846 1463 Abraham

2260 1500 2457 1556 dixerit
2481 1501 2887 1557 immisericordi
2914 1502 3124 1557 cuidam
3147 1502 3318 1569 diviti,
3342 1518 3461 1557 cum
3487 1501 3626 1572 apud
3651 1501 3849 1565 inferos

2242 1599 2626 1662 torqueretur,
2654 1600 2709 1647 et
2738 1602 2941 1662 peteret
2970 1592 3092 1647 inde
3123 1592 3257 1647 mitti
3286 1593 3518 1662 aliquem
3552 1592 3618 1646 ad
3657 1591 3850 1647 fratris

2261 1698 2417 1751 suos,
2443 1697 2473 1737 a
2500 1699 2607 1755 quo
2636 1683 2984 1751 docerentur,
3016 1700 3081 1741 ne
3109 1694 3161 1740 et
3190 1685 3289 1754 ipsi
3329 1686 3569 1739 vcnircul
3606 1685 3657 1739 in
3700 1686 3847 1739 illum

2262 1778 2435 1833 locum
2466 1788 2872 1834 tormentorum.
2904 1780 3013 1834 Iloc
3039 1781 3180 1836 enim
3202 1780 3249 1834 ei
3275 1779 3473 1835 dictum
3501 1790 3583 1833 cst
3610 1798 3622 1833 :
3647 1778 3849 1833 [labent

2260 1872 2331 1925 ibi
2372 1870 2585 1943 Moysen
2621 1881 2667 1926 et
2714 1871 3027 1940 Prophetas,
3070 1872 3279 1925 audiant
3318 1872 3451 1926 illos.
3495 1872 3558 1925 Et
3594 1888 3712 1925 cum
3758 1872 3849 1934 ille

2260 1963 2489 2018 dixisset
2514 1980 2619 2018 non
2648 1979 2742 2019 eos
2770 1964 3088 2028 credituros,
3121 1964 3221 2018 nisi
3251 1964 3442 2034 aliquis
3469 1963 3852 2018 resurrexiSset

2260 2070 2290 2109 a
2329 2056 2587 2123 mortuis,
2628 2057 2905 2112 verissime
2943 2071 3258 2126 reSponsum
3296 2065 3421 2111 est:
3461 2056 3523 2110 Si
3558 2055 3769 2125 Moysen
3803 2064 3849 2108 et

2262 2143 2547 2218 Prophetas
2573 2163 2672 2200 non
2700 2148 2934 2212 audiunt,
2963 2164 3121 2219 neque
3143 2148 3188 2201 si
3213 2148 3325 2214 quis
3363 2164 3394 2199 a
3431 2148 3638 2201 mortuis
3674 2164 3850 2200 resur-

2259 2238 2465 2304 rea'erit,
2493 2240 2694 2293 credent
2719 2237 2866 2310 (Luc.
2893 2255 3006 2306 xvn,
3034 2240 3245 2311 27-51).
3272 2240 3603 2309 Quapropter
3629 2238 3711 2292 isti
3741 2253 3851 2292 non

2260 2329 2536 2385 audientes
2561 2330 2776 2402 Moysen
2803 2339 2858 2386 et
2884 2330 3178 2401 Prophetas
3195 2372 3210 2397 ,
3238 2344 3345 2384 non
3372 2330 3542 2384 solum
3569 2344 3600 2383 a
3627 2330 3851 2383 mortuis

2262 2424 2559 2494 rcsurgenti
2598 2423 2841 2490 Christo,
2882 2424 2976 2479 sed
3012 2424 3229 2478 omnino
3255 2421 3522 2477 Christum
3560 2437 3593 2476 a
3626 2422 3855 2476 mortuis

2262 2515 2619 2571 resurrexisse
2642 2529 2749 2569 non
2764 2513 3012 2569 credunt.
3038 2513 3314 2582 Quomodo
3336 2514 3477 2568 enim
3499 2512 3857 2567 resurrexisse

2260 2604 2523 2672 credunt,
2552 2620 2717 2685 quem
2761 2614 3028 2660 mortuum
3072 2604 3236 2660 luisse
3275 2619 3381 2659 non
3421 2603 3682 2659 credunt?
3718 2601 3856 2657 Nam

2261 2699 2528 2768 quomodo
2556 2707 2825 2754 mortuum
2850 2698 3017 2755 fuisse
3038 2699 3281 2764 credunt,
3307 2713 3466 2769 quem
3492 2698 3713 2753 mortale
3736 2711 3857 2753 cor-

2262 2805 2361 2859 pus
2387 2789 2637 2845 habuisse
2666 2804 2773 2845 non
2804 2790 3067 2846 credunt?

2332 2880 2556 2939 CAPUT
2576 2882 2825 2938 V.—Nos
2848 2894 3022 2938 autem
3041 2883 3143 2938 illis
3168 2898 3273 2938 non
3294 2892 3540 2953 tanquam
3566 2882 3682 2952 ejus
3696 2880 3857 2936 Chri-

2262 2976 2331 3031 sti
2358 2976 2445 3047 qui
2476 2976 2630 3031 lallax
2658 2976 2775 3041 fuit,
2805 2976 2898 3032 sed
2925 2977 3040 3047 ejus
3066 2976 3153 3046 qui
3183 2977 3401 3031 omnino
3429 2990 3533 3030 non
3559 2974 3675 3039 fuit,
3705 2974 3859 3029 lalla-

2261 3069 2412 3123 cibus
2452 3069 2888 3139 prtedicatoribus
2927 3084 3030 3123 non
3071 3067 3359 3123 credimus.
3404 3067 3672 3122 Habemus
3710 3067 3857 3120 enim

2260 3159 2528 3216 Christum
2565 3177 2750 3215 verum
2788 3169 2946 3231 atque
2984 3174 3225 3215 veracem
3247 3202 3262 3227 ,
3304 3158 3612 3229 prmdictum
3646 3172 3676 3209 a
3714 3156 3855 3211 Pro-

2263 3254 2464 3325 phetis,
2510 3253 2854 3323 praedicatum
2890 3253 2959 3307 ab
2997 3254 3291 3322 Apostolis,
3327 3251 3714 3321 praedicationis
3742 3265 3861 3305 sua:

2264 3347 2561 3402 testimonia
2590 3362 2654 3401 ex
2693 3344 2836 3415 Lege
2873 3354 2928 3400 et
2964 3345 3243 3417 Prophctis
3277 3343 3682 3407 adhibentibus,
3718 3342 3863 3397 sicut

2262 3438 2734 3495 innumerabilibus
2760 3437 2891 3492 locis
2921 3437 3228 3493 ostendunt.
3255 3435 3407 3503 Quod
3435 3435 3629 3491 Paulus
3651 3433 3862 3489 brevis-

2261 3534 2395 3587 sime
2418 3532 2802 3601 verissimeque
2830 3531 3145 3600 complexus
3174 3538 3286 3593 est,
3319 3529 3503 3583 dicens
3530 3546 3542 3582 :
3576 3526 3729 3581 Nunc
3757 3543 3859 3580 au-

2260 3625 2358 3671 tem
2380 3616 2487 3670 sine
2508 3613 2637 3685 Lege
2657 3615 2863 3686 justitia
2888 3613 2981 3667 Dei
3005 3615 3325 3685 manifestata
3354 3622 3443 3677 est,
3479 3612 3744 3681 testiﬁcata
3769 3627 3863 3681 per

2259 3707 2444 3779 Legem
2473 3717 2520 3762 et
2546 3706 2833 3777 Prophetas
2864 3707 3050 3777 (Rom.
3084 3721 3170 3771 ut,
3200 3703 3325 3773 21).
3352 3703 3497 3771 Quos
3523 3701 3819 3773 Prophetas
3838 3743 3879 3771 ,ε

2259 3804 2360 3858 nisi
2389 3801 2685 3866 lsraelitas,
2715 3814 2939 3870 quorum
2966 3813 3086 3854 esse
3113 3797 3448 3867 apertissime
3473 3795 3640 3863 dixit,
3667 3803 3721 3850 et
3746 3795 3861 3850 Te-

2260 3904 2556 3961 stamenta,
2598 3903 2652 3949 et
2689 3893 2846 3963 Legis
2879 3890 3345 3957 constitutionem,
3381 3897 3435 3943 et
3472 3886 3864 3957 promissiones

2261 3987 2383 4059 (Id.
2416 4003 2499 4051 ιχ,
2528 3985 2636 4058 4γέ
2676 3986 2751 4041 De
2786 3983 3346 4057 qnopromissiones,
3382 3980 3483 4036 nisi
3510 3981 3578 4037 de
3604 3979 3864 4035 Christo?

2258 4078 2411 4147 Quod
2449 4078 2680 4133 breviter
2718 4076 2823 4130 alio
2863 4077 2984 4131 loco
3016 4072 3369 4138 determinat,
3400 4087 3519 4126 cum
3545 4070 3613 4125 de
3638 4069 3863 4125 Christo

2260 4173 2495 4242 loquitur
2519 4171 2702 4225 dicens
2732 4187 2744 4222 :
2778 4168 3030 4237 Quotquot
3055 4167 3183 4221 enim
3210 4175 3326 4220 sunt
3356 4165 3709 4235 promissiones
3738 4161 3862 4229 Dei,

2258 4264 2310 4317 in
2339 4264 2429 4317 illo
2458 4263 2607 4317 etiam
2637 4259 2714 4334 (ll
2746 4261 2864 4315 Cor.
2894 4276 2933 4325 ι,
2962 4258 3089 4330 20).
3121 4258 3257 4313 Dicit
3283 4257 3408 4311 mihi
3438 4256 3648 4320 Paulus,
3681 4254 3865 4309 lsrae-

2258 4355 2469 4408 litarum
2497 4366 2615 4406 esse
2642 4351 2798 4422 Legis
2824 4349 3278 4405 constitutionem.
3310 4348 3446 4402 Dicit
3472 4348 3629 4403 etiam
3663 4364 3675 4400 :
3706 4344 3869 4400 Finis

2256 4444 2391 4498 enim
2416 4442 2565 4513 Legis
2594 4441 2821 4497 Christus
2839 4483 2853 4507 ,
2882 4441 2949 4493 ad
2984 4440 3231 4507 iustitiam
3256 4439 3393 4493 omni
3417 4438 3636 4492 credenti
3665 4435 3863 4509 (Rom.

2259 4554 2325 4605 x,
2345 4536 2435 4605 4).
2467 4537 2605 4591 Dicit
2634 4535 2792 4591 etiam
2822 4535 2889 4589 de
2916 4532 3126 4588 Christo
3156 4532 3413 4602 loquens,
3444 4530 3695 4599 Quotquot
3720 4529 3867 4582 enim

2258 4642 2371 4685 sunt
2402 4629 2753 4700 promissiones
2785 4626 2908 4692 Dei,
2936 4625 2988 4677 in
3017 4624 3106 4678 illo
3135 4624 3284 4677 etiam
3313 4639 3332 4676 :
3359 4630 3413 4677 et
3443 4630 3495 4675 tu
3523 4619 3651 4674 mihi
3679 4619 3822 4675 dicis
3844 4661 3863 4685 ,

2259 4721 2521 4777 lsraelitas
2544 4719 2612 4773 de
2634 4716 2847 4773 Christo
2874 4716 3003 4770 nihil
3030 4715 3339 4785 praedixisse
3366 4711 3692 4781 Prophetas!
3715 4710 3865 4776 Quid

2259 4813 2417 4883 igitur
2444 4818 2626 4875 restat,
2660 4808 2758 4862 nisi
2790 4817 2847 4862 ut
2875 4809 3064 4877 eligam
3095 4816 3269 4861 utrum
3299 4803 3588 4859 Manicluco
3613 4800 3865 4864 credam,

2258 4903 2488 4958 fabulam
2514 4916 2701 4954 vanam
2723 4908 2777 4955 et
2800 4900 3009 4969 longam
3035 4906 3217 4951 contra
3243 4896 3462 4951 Paulum
3488 4894 3720 4949 narranti
3743 4910 3761 4958 ;
3793 4908 3868 4946 an

2260 4995 2421 5051 Paulo
2451 4992 2798 5064 prmmonenti
2821 5033 2836 5058 ,
2870 4992 2930 5047 Si
2967 4992 3077 5061 quis
3114 4989 3249 5044 vobis
3278 4989 3686 5060 euangelizarerit
3716 5004 3871 5057 pra:-

2259 5096 2481 5155 terquam
2509 5085 2644 5155 quod
2672 5083 3116 5155 euangelizavimus
3143 5082 3277 5135 vobis
3295 5122 3310 5148 ,
3340 5082 3606 5134 anathema
3633 5082 3698 5133 sit
3725 5079 3872 5150 (Ga-

2260 5177 2349 5231 lat.
2376 5193 2413 5245 ι,
2445 5177 2499 5243 8,
2532 5176 2630 5247 9)?

2328 5266 2555 5323 CAPUT
2583 5266 2667 5322 Vl.
2696 5299 2769 5308 —
2791 5266 2886 5321 llic
2912 5265 3048 5322 forte
3072 5264 3271 5331 dicant,
3323 5262 3553 5319 Ostende
3585 5262 3739 5317 nobis
3770 5263 3869 5317 ubi

2259 5360 2328 5414 sit
2345 5357 2585 5414 Christus
2607 5358 2672 5412 ab
2693 5358 2945 5413 lsraelitis
2963 5356 3242 5427 Prophetis
3269 5359 3670 5425 praenuntiatus.
3690 5355 3871 5422 Quasi

2259 5467 2420 5522 parva
2455 5451 2523 5505 sit
2557 5456 2652 5505 ista
2681 5452 2968 5505 auctoritas
2988 5490 3003 5516 ,
3033 5465 3135 5519 qua
3164 5448 3348 5503 dicunt
3378 5446 3612 5518 Apostoli
3639 5465 3703 5503 ea
3734 5464 3872 5516 qum

2260 5544 2309 5597 in
2337 5543 2679 5599 Hebr-morum
2711 5541 3094 5611 Prophetarum
3126 5540 3315 5595 litteris
3341 5539 3586 5608 legimus,
3617 5538 3670 5591 in
3694 5537 3835 5593 Cltri

468 5861 482 5878 .
518 5878 523 5884 ,
570 5814 804 5887 scipulos
836 5828 956 5872 esse
995 5812 1374 5884 proﬁteantur;
1406 5814 1625 5886 contigit
1654 5815 1731 5871 cis
1760 5816 1899 5888 quod
1927 5815 1995 5872 de
2027 5817 2154 5889 ipsis

572 5638 863 5687 sectatores
891 5639 1245 5699 congruenter
1271 5639 1325 5685 et
1356 5630 1451 5700 ipsi
1488 5631 1846 5695 mentiuntur;
1888 5631 1985 5685 nisi
2015 5633 2153 5702 quod

570 5720 909 5791 impudenter
932 5719 1031 5773 sibi
1058 5720 1202 5774 credi
1232 5721 1446 5787 volunt,
1474 5737 1594 5776 cum
1651 5737 1710 5777 se
1741 5723 2044 5778 mentientis
2074 5724 2155 5779 di—

2258 5645 2342 5690 sto
2373 5650 2491 5689 esse
2520 5634 2784 5703 completa
2816 5650 2828 5686 :
2861 5634 2943 5688 vel
2980 5632 3120 5703 quod
3148 5631 3277 5686 dicit
3306 5632 3420 5701 ipse
3460 5631 3716 5686 Dominus
3740 5674 3758 5695 ,
3794 5632 3877 5688 de

2259 5742 2317 5781 se
2340 5727 2425 5779 illa
2447 5742 2567 5780 esse
2585 5723 2904 5795 conscripta.
2930 5724 3159 5779 Proinde
3178 5723 3415 5794 quisquis
3441 5722 3544 5778 hoc
3568 5723 3881 5779 ostendere

2263 5829 2365 5874 non
2404 5818 2626 5889 potuerit
2650 5857 2665 5884 ,
2711 5818 2823 5888 ipse
2862 5833 2967 5872 non
3013 5816 3257 5888 intelligit
3292 5834 3305 5871 :
3343 5831 3449 5871 non
3488 5816 3735 5888 Apostoli
3774 5828 3885 5873 aut
