4016 6482
109 315 138 336 ”
180 359 272 416 '57
1458 350 1658 408 LIBER
1699 349 1782 406 vv

1888 349 2148 407 ECIMUS.

178 473 405 530 Christus
433 479 529 526 aut
564 471 742 527 sancti
774 469 985 526 codices
1014 467 1357 544 mentiuntur.
1391 464 1768 520 Verumtamen

179 576 228 620 ut
258 571 419 618 multa
450 578 562 617 non
589 563 880 631 colligam,
911 570 966 615 et
999 559 1100 614 hoc
1128 573 1292 612 unum
1321 568 1771 620 commemorem,

179 657 304 723 quod
333 652 527 708 eodem
559 652 686 707 loco
716 650 1001 722 Apostolus
1028 657 1417 718 consequenter
1443 646 1569 701 dicit
1603 663 1617 700 :
1653 643 1775 698 Non

180 755 326 815 mest
349 756 520 798 autem
549 744 786 798 excidere
815 742 1013 797 verbum
1043 740 1158 795 Dei.
1193 740 1312 794 Nor.
1335 739 1464 792 enim
1498 753 1668 792 onmes
1691 736 1776 805 qui

178 853 231 890 ex
250 833 434 897 Israel,
466 834 522 887 hi
547 844 670 888 sunt
699 831 982 898 Israelita;
1007 846 1165 900 neque
1185 831 1269 900 qui
1293 839 1408 882 sunt
1431 844 1594 882 semen
1616 827 1775 880 Abra-

173 930 248 981 the
266 967 282 990 ,
309 943 488 980 omnes
517 926 616 994 filii
642 943 660 978 :
680 927 770 979 sed
797 926 848 978 in
879 922 1028 978 Isaac
1056 923 1313 975 vocabitur
1341 921 1428 973 tibi
1455 934 1620 974 semen
1642 935 1661 972 :
1685 921 1777 972 hoc

169 1030 261 1080 est,
290 1036 392 1072 non
424 1017 479 1070 hi
505 1019 593 1088 qui
619 1018 716 1086 [itii
746 1016 932 1082 curitis,
965 1015 1016 1067 hi
1042 1014 1137 1083 filii
1165 1012 1298 1076 Dei;
1326 1013 1415 1067 sed
1443 1012 1536 1080 ﬁlii
1566 1010 1780 1081 promis-

172 1110 322 1164 sionis
342 1107 666 1178 deputantur
689 1108 742 1160 in
768 1123 933 1160 semen
953 1103 1130 1176 (Rom.
1159 1120 1232 1168 Ix,
1257 1103 1398 1172 6-8).
1419 1101 1553 1169 Quid
1575 1102 1639 1156 ad
1665 1101 1780 1156 hzec

174 1199 487 1270 responsuri
517 1207 674 1260 sunt,
703 1213 822 1250 cum
857 1207 1041 1266 aperte
1069 1194 1175 1248 alio
1203 1194 1321 1248 loco
1349 1192 1416 1247 de
1445 1191 1548 1246 hoc
1576 1194 1781 1246 semine

179 1290 238 1346 ad
256 1289 539 1344 Abraham
562 1288 769 1343 dicatur
795 1306 809 1341 :
833 1286 901 1341 In
925 1286 1112 1340 sentina
1130 1294 1215 1338 tuo
1240 1284 1591 1338 benedicentur
1611 1299 1781 1338 omnes

179 1393 339 1454 gentes
370 1393 528 1436 terrae
551 1379 706 1453 (Gen.
740 1393 893 1446 xxvt,
924 1379 1020 1450 4)?
1046 1378 1176 1432 Nam
1210 1377 1255 1431 si
1293 1392 1359 1431 eo
1391 1387 1629 1446 tempore
1661 1376 1783 1431 hinc

179 1477 574 1545 disputaremus
592 1515 607 1537 ,
633 1489 741 1542 quo
772 1481 1010 1541 tempore
1041 1470 1141 1524 hoc
1169 1469 1470 1540 exponebat
1495 1468 1782 1538 Apostolus

174 1567 378 1630 dit-ens,
407 1565 630 1618 Abrahc
658 1563 806 1616 dicta:
832 1571 949 1616 sunt
979 1561 1333 1628 promissiones
1359 1570 1402 1613 et
1428 1560 1605 1612 semini
1629 1560 1738 1630 ejus
1761 1573 1781 1612 :

179 1672 271 1714 non
294 1660 442 1722 dicit,
468 1655 539 1710 Et
562 1655 854 1722 seminibus,
879 1664 1114 1723 tanquam
1139 1654 1191 1706 in
1215 1652 1414 1716 multis;
1433 1651 1520 1704 sed
1545 1661 1782 1721 tanquam

180 1752 225 1803 in
251 1768 370 1812 uno,
402 1749 468 1802 Et
498 1748 681 1802 semini
708 1758 813 1812 tuo,
836 1747 969 1818 quod
989 1754 1059 1800 est
1081 1744 1308 1800 Christus
1331 1743 1526 1815 (Ca/at.
1549 1753 1628 1810 ιιι,
1653 1744 1779 1814 16);

181 1843 403 1896 fortasse
431 1839 630 1911 aliquis
660 1856 766 1894 non
797 1848 902 1892 tam
944 1838 1278 1907 impudenter
1319 1838 1487 1892 nollet
1525 1836 1628 1891 hoc
1665 1853 1784 1892 cre-

182 1935 322 1999 dere,
345 1940 640 2001 antequam
667 1930 869 1984 videret
893 1944 1079 1984 onmes
1101 1937 1286 1999 gentes
1306 1927 1527 1982 credere
1551 1927 1604 1982 in
1627 1928 1782 1984 Chri-

183 2034 334 2088 stum,
361 2023 456 2093 qui
486 2021 812 2092 pracdicatur
835 2035 901 2074 ex
931 2019 1135 2075 semine
1161 2017 1447 2073 Abraham.
1477 2017 1630 2073 Nunc
1654 2035 1781 2074 vero

184 2127 294 2172 cum
323 2117 430 2170 hoc
461 2114 675 2184 impleri
708 2113 1000 2175 videamus,
1029 2113 1168 2183 quod
1201 2121 1348 2168 tanto
1376 2120 1499 2167 ante
1535 2128 1782 2183 prtenun-

181 2210 359 2261 tiatum
393 2205 626 2276 legimus
645 2246 662 2271 ,
692 2219 814 2258 cum
841 2218 1028 2260 omnes
1055 2212 1240 2274 gentes
1263 2203 1370 2273 jam
1403 2203 1783 2257 benedicantnr

180 2298 234 2352 in
260 2297 469 2352 semine
497 2294 747 2361 Abrahae,
775 2295 862 2349 cui
891 2294 1086 2349 dictum
1117 2304 1198 2349 est
1225 2302 1347 2348 ante
1374 2309 1634 2348 annorum
1665 2294 1782 2347 mil-

188 2393 268 2460 lia,
295 2390 360 2446 In
389 2391 584 2446 semine
609 2399 696 2444 tuo
721 2389 1073 2443 benedicentur
1097 2403 1267 2442 onmes
1293 2396 1461 2458 gentes
1486 2403 1506 2440 :
1526 2387 1643 2456 quis
1673 2394 1778 2440 tam

187 2483 526 2554 pertinaciter
555 2479 814 2545 insaniat,
847 2489 900 2533 nt
927 2479 1007 2532 vel
1037 2479 1198 2532 alium
1225 2478 1526 2544 Christum,
1553 2477 1643 2547 qui
1674 2492 1778 2531 non

188 2579 251 2632 sit
273 2592 335 2631 ex
365 2574 578 2630 semine
606 2571 834 2627 Abrahae
853 2610 870 2634 ,
898 2580 1120 2625 conetur
1149 2568 1431 2633 inducere;
1461 2569 1544 2623 vel
1574 2569 1641 2622 de
1677 2568 1781 2622 isto

189 2683 306 2723 vero
342 2665 563 2722 Christo
606 2661 921 2732 Prophetias
959 2661 1210 2716 Ilebraeas
1243 2660 1394 2730 cujus
1430 2661 1605 2730 gentis
1632 2669 1781 2730 pater

189 2769 263 2815 est
285 2757 585 2818 Abraham,
617 2753 749 2808 nihil
773 2753 1044 2808 existimet
1075 2750 1498 2822 przcnuntiasse?

254 2847 474 2904 CAPUT
505 2843 619 2902 VII.
648 2875 723 2886 —
747 2844 877 2912 Quis
912 2853 1090 2898 autem
1137 2851 1343 2913 potest,
1380 2857 1484 2897 non
1523 2841 1644 2897 dico
1675 2857 1780 2896 una

179 2942 330 2999 brevi
353 2941 730 3013 responsione,
755 2938 939 3011 quales
957 2940 974 2971 ¹
1006 2939 1059 2994 in
1091 2939 1192 2993 hoc
1216 2952 1378 3008 opere
1407 2936 1604 2991 habere
1631 2950 1782 2991 coar-

193 3043 405 3100 ctamur,
434 3034 534 3090 sed
558 3033 798 3105 quolibet
827 3031 1023 3102 ingenti
1047 3029 1318 3085 volumine
1339 3028 1518 3084 omnia
1546 3042 1782 3083 comme-

194 3141 395 3181 morare
420 3125 690 3196 przeconia
715 3121 1102 3192 Prophetarum
1127 3120 1492 3186 Hebraeorum,
1515 3118 1582 3187 de
1605 3119 1784 3174 Domi-

189 3232 258 3274 no
287 3226 340 3273 et
376 3217 661 3274 Salvatore
696 3223 882 3270 nostro
918 3213 1044 3270 Jesu
1077 3212 1324 3269 Christo?
1351 3210 1780 3282 quandoquidem

193 3309 360 3364 omnia
389 3325 511 3381 qua:
541 3309 648 3363 illis
673 3307 1015 3363 continentur
1041 3304 1245 3369 Libris,
1277 3305 1360 3360 vel
1388 3303 1454 3359 de
1493 3304 1610 3374 ipso
1641 3303 1780 3360 dicta

190 3409 340 3464 sunt,
367 3400 450 3455 vel
483 3407 704 3471 propter
733 3399 926 3469 ipsum.
955 3395 1062 3452 Sed
1103 3404 1318 3466 propter
1343 3395 1781 3452 exercitationem

196 3493 471 3562 quaerentis
489 3533 506 3557 ,
535 3501 591 3546 et
618 3491 1027 3546 delectationem
1058 3487 1374 3543 invenientis
1394 3527 1409 3554 ,
1437 3487 1606 3543 multo
1634 3485 1782 3557 plura

195 3584 260 3638 ibi
286 3599 378 3654 per
403 3583 691 3655 allegorias
714 3593 769 3638 et
791 3582 1093 3652 :cnigmata,
1124 3579 1315 3651 partim
1343 3579 1521 3637 verbis
1548 3580 1677 3635 solis
1703 3580 1783 3634 in-

197 3678 485 3742 sinuantur,
516 3675 710 3745 partim
736 3674 896 3730 etiam
922 3671 1057 3727 facta
1083 3680 1382 3727 narrantur.
1405 3670 1783 3727 Verumtamen

202 3768 292 3822 nisi
316 3768 493 3838 aliqua
525 3767 597 3822 ibi
627 3765 905 3820 manifesta
929 3771 1110 3819 essent
1128 3802 1145 3829 ,
1168 3778 1274 3818 non
1300 3760 1783 3833 comprehendere-

200 3869 276 3913 tur
293 3874 502 3921 sensus,
521 3875 629 3927 quo
649 3859 808 3912 etiam
831 3855 1058 3910 obscura
1077 3856 1453 3911 clarescercnt.
1470 3853 1779 3922 Quanquam

203 3961 248 4005 et
268 3968 329 4007 ex
359 3952 466 4006 illis
495 3966 615 4021 qua:
647 3949 828 4018 ﬁguris
859 3949 1091 4004 involuta
1117 3955 1274 4013 sunt,
1301 3946 1345 4000 si
1372 3945 1612 4015 quzrdam
1642 3944 1785 4000 velut

198 4044 288 4097 sub
311 4057 418 4098 uno
448 4050 669 4112 aSpet-tu
696 4039 849 4110 quasi
875 4049 1126 4096 contexta
1153 4047 1436 4110 ponaMur,
1466 4037 1536 4090 ita
1562 4035 1786 4104 conjun-

201 4144 317 4203 gunt
350 4135 403 4189 in
441 4133 832 4189 contestatione
865 4130 1060 4187 Christi
1091 4145 1250 4196 voces
1279 4143 1402 4184 suas
1423 4169 1437 4193 ,
1469 4137 1526 4182 ut
1553 4127 1785 4197 cujusvis

202 4227 360 4281 obtusi
387 4225 627 4280 surditas
655 4228 956 4282 erubescat.

261 4315 486 4372 CAPUT
514 4315 646 4372 VIII.
671 4347 741 4356 —
762 4315 868 4371 Sex
892 4315 1076 4370 diebus
1102 4315 1154 4369 in
1181 4313 1374 4369 Genesi
1400 4312 1786 4369 consummavit

203 4407 328 4464 Deus
352 4412 536 4465 omnia
567 4425 730 4480 opera
757 4424 884 4474 sua,
916 4416 972 4462 et
997 4407 1223 4478 septimo
1255 4405 1510 4476 requievit
1539 4405 1690 4475 (Cen.
1723 4420 1782 4469 ιι,

204 4501 248 4566 Ι,
275 4503 361 4574 2).
390 4503 502 4558 Sex
538 4503 782 4555 munibus
818 4502 1104 4554 humanum
1144 4513 1309 4568 genus
1343 4499 1441 4551 hoc
1471 4497 1666 4551 sacculo
1694 4512 1789 4565 per

203 4596 563 4650 successiones
592 4602 894 4662 temporum
916 4635 930 4659 ,
963 4593 1053 4646 Dci
1083 4607 1247 4661 Opera
1287 4590 1575 4660 insigniunt
1607 4607 1618 4642 :
1652 4605 1784 4659 qua-

206 4703 306 4740 rum
344 4688 522 4758 prima
553 4695 637 4742 est
673 4686 741 4740 ab
778 4685 946 4740 Adam
978 4701 1144 4755 usque
1173 4685 1237 4738 ad
1277 4683 1427 4748 Noe;
1457 4681 1687 4737 secunda
1713 4722 1727 4746 ,
1756 4697 1786 4735 a

204 4778 301 4833 Noe
324 4794 498 4848 usque
521 4777 588 4832 ad
615 4777 914 4842 Abraham;
943 4777 1116 4843 tertia,
1143 4775 1214 4838 ab,
1237 4773 1504 4828 Abraham
1529 4786 1694 4842 usque
1719 4771 1786 4826 ad

205 4869 389 4935 David;
418 4877 632 4940 quarta,
661 4885 690 4924 a
721 4868 884 4922 David
911 4883 1072 4938 usque
1100 4867 1165 4921 ad
1194 4864 1710 4934 transmigrationetn
1733 4864 1784 4917 in

205 4960 576 5030 llabyloniam;
603 4960 818 5030 quinta,
851 4959 973 5013 inde
1002 4973 1166 5027 usque
1195 4957 1260 5010 ad
1298 4956 1549 5010 humilem
1588 4954 1788 5009 adven-

205 5062 304 5106 tum
334 5052 549 5106 Domini
577 5051 743 5105 nostri
768 5050 897 5106 Jcsu
920 5049 1144 5112 Christi;
1174 5057 1346 5113 sexta,
1373 5064 1490 5118 qua:
1517 5062 1656 5100 nunc
1678 5045 1786 5115 agi-

205 5154 299 5210 tur,
319 5144 495 5198 donec
519 5141 780 5198 Excelsus
804 5143 982 5196 veniat
1005 5139 1072 5195 ad
1094 5139 1384 5210 judicium;
1414 5138 1633 5207 septima
1659 5150 1788 5191 vero

204 5237 508 5309 intelligitur
537 5236 589 5290 in
621 5237 804 5306 requie
833 5243 1157 5298 sanctorum,
1190 5247 1293 5286 non
1331 5232 1381 5285 in
1414 5231 1511 5284 hac
1537 5230 1662 5292 vita,
1694 5228 1788 5282 Sed

204 5327 248 5380 in
275 5330 404 5394 alia,
435 5330 525 5383 ubi
556 5327 685 5382 vidit
712 5327 1133 5396 requiescentem
1174 5339 1456 5394 pauperem
1484 5321 1631 5377 dives
1661 5322 1749 5376 ille
1769 5363 1785 5387 ,

203 5432 317 5472 cum
343 5419 482 5490 apud
508 5419 708 5474 inferos
737 5425 1072 5485 torqueretur
1099 5413 1246 5488 (Luc.
1275 5430 1385 5475 xvt,
1414 5414 1540 5483 25);
1567 5413 1655 5467 ubi
1682 5428 1786 5466 non

203 5509 257 5563 ﬁt
281 5525 499 5581 vespera
519 5551 536 5576 ,
565 5510 686 5580 quia
719 5508 898 5562 nullus
927 5507 996 5561 ibi
1024 5521 1202 5562 rerum
1228 5505 1463 5560 delectus
1492 5514 1592 5559 est.
1625 5503 1788 5558 Sexto

201 5599 283 5655 die
313 5601 362 5655 in
390 5600 586 5657 Genesi
622 5600 888 5656 formatur
915 5597 1073 5652 homo
1099 5595 1165 5651 ad
1197 5597 1477 5666 imaginem
1513 5594 1600 5648 Dei
1632 5593 1785 5664 (Gen.

200 5703 235 5758 ι,
254 5689 346 5761 27)
370 5710 383 5745 :
407 5702 553 5747 sexta
579 5700 742 5746 mtatc
765 5689 948 5743 szrculi
975 5685 1338 5743 manifestatur
1364 5686 1667 5742 reformatio
1696 5703 1787 5739 no-

255 5846 275 5880 ³
309 5846 415 5910 Sola.
433 5848 581 5900 editio
605 5854 743 5924 Lov.,
763 5833 973 5909 qualem.

3347 356 3452 413 2.38

1878 475 1987 519 stra
2018 464 2072 519 in
2097 465 2329 520 novitate
2359 464 2570 526 mentis,
2601 463 2888 518 secundum
2919 467 3199 536 imaginem
3227 469 3343 539 ejus
3369 487 3462 541 qut

1877 557 2076 612 creavit
2105 572 2220 623 nos,
2252 558 2390 613 sicut
2415 556 2544 613 dicit
2572 557 2856 626 Apostolus
2882 559 3096 630 (Coloss.
3128 577 3206 628 III,
3239 566 3344 631 IO).
3377 567 3462 622 Fit

1877 648 1994 702 viro
2013 648 2292 704 dormienti
2314 648 2505 718 conjnx
2527 648 2593 704 de
2617 649 2780 728 latere
2806 649 2959 720 (Gen.
2985 668 3040 716 ιι,
3071 652 3165 722 22)
3190 672 3208 704 :
3234 656 3287 707 tit
3310 656 3462 706 (λιιι-ις

1880 747 1962 795 sto
1991 740 2238 796 morienti
2264 740 2499 796 Ecclesia
2525 739 2592 796 de
2617 753 2949 798 sacramento
2974 746 3265 815 sanguinis,
3289 747 3376 816 qui
3399 747 3464 803 de

1882 832 2046 887 latere
2073 833 2263 886 mortui
2295 832 2543 902 proﬂuxit
2570 834 2744 903 (Joan.
2777 851 2888 899 xtx,
2918 835 3028 904 54).
3062 838 3292 893 Vocatur
3321 839 3463 894 llera

1881 924 1986 977 vita
2008 931 2062 979 ct
2084 935 2254 978 mater
2272 923 2537 987 vivorum.
2559 942 2676 996 qua)
2697 926 2762 980 de
2783 928 2879 981 viri
2902 929 2980 981 sui
3007 931 3169 986 latere
3195 931 3326 986 facta
3348 940 3462 987 est:

1882 1024 1933 1068 et
1962 1014 2088 1069 dicit
2118 1015 2367 1069 Dominus
2393 1016 2444 1070 in
2473 1016 2786 1087 Evangelia,
2819 1017 2882 1074 Si
2906 1020 3017 1087 quis
3050 1037 3149 1074 non
3183 1023 3466 1077 manduca-

1882 1106 2004 1160 verit
2027 1121 2228 1159 carnem
2249 1121 2429 1168 meam,
2457 1114 2505 1160 et
2529 1106 2701 1160 biberit
2726 1111 3020 1180 sanguinem
3047 1129 3228 1177 meum,
3251 1131 3352 1168 non
3375 1115 3470 1168 Im.

1884 1199 2008 1253 bebit
2031 1199 2084 1254 in
2107 1215 2160 1254 se
2184 1200 2333 1253 vitam
2363 1197 2494 1269 (Id.
2516 1216 2602 1265 γι,
2637 1199 2760 1274 55).
2800 1202 2864 1258 Et
2900 1207 3075 1258 omnia
3108 1222 3224 1275 qua:
3255 1207 3360 1262 illic
3388 1209 3468 1263 le-

1883 1293 2116 1362 guntur‘
2152 1292 2431 1348 enucleate
2466 1293 2870 1364 minutatimqne
2906 1305 3122 1352 tractata
3145 1341 3158 1362 ,
3194 1299 3468 1356 Christum

1885 1393 1935 1437 ct
1965 1383 2252 1438 Ecclesiam
2283 1384 2700 1454 prmloqnuntur,
2727 1386 2840 1440 sive
2867 1387 2918 1440 in
2949 1387 3100 1442 bonis
3127 1388 3465 1459 Christianis,

1885 1473 1997 1528 sive
2036 1474 2089 1528 in
2132 1475 2304 1530 malis.
2345 1474 2526 1545 Neque
2565 1477 2706 1530 enim
2752 1475 2942 1532 frustra
2977 1478 3106 1533 dixit
3147 1481 3465 1550 Apostolus,

1887 1565 2049 1617 Adam
2075 1566 2162 1636 qui
2185 1576 2256 1620 est
2284 1569 2447 1638 {arma
2473 1568 2634 1639 futuri
2663 1567 2835 1640 (Rom.
2865 1586 2916 1634 v,
2950 1568 3038 1642 15)
3059 1589 3072 1634 ;
3097 1581 3151 1626 et
3179 1573 3330 1634 illud.
3367 1569 3474 1629 Re?

1886 1655 2072 1725 linquet
2093 1659 2240 1711 homo
2262 1666 2451 1727 patrem
2490 1670 2536 1712 et
2557 1670 2782 1723 matrem,
2807 1670 2855 1714 ct
2874 1662 3145 1716 adhccrebit
3165 1666 3313 1718 uxori
3333 1679 3470 1728 sua':

1885 1757 1931 1800 et
1957 1757 2100 1802 erunt
2128 1747 2229 1803 duo
2262 1750 2316 1804 in
2344 1767 2496 1804 carne
2527 1768 2651 1805 una.
2691 1752 3074 1808 Sacramentum
3093 1796 3110 1821 ,
3147 1756 3347 1826 inquit,
3376 1759 3471 1812 hoc

1886 1855 2126 1910 magnum
2153 1850 2260 1907 est,
2291 1858 2381 1912 ego
2415 1852 2581 1896 autent
2614 1842 2726 1897 dico
2754 1842 2806 1896 in
2841 1843 3038 1899 Christo
3069 1855 3115 1900 et
3154 1849 3206 1901 in
3246 1846 3474 1904 Ecclesia

1886 1928 2101 2002 (Ephes.
2129 1947 2183 1998 v,
2211 1933 2300 2000 3t,
2331 1931 2442 2004 '52).
2471 1933 2600 2001 Quis
2620 1935 2762 1989 enim
2795 1950 2900 1990 non
2927 1946 3180 2006 agnoscat
3201 1935 3471 1995 Christum

1883 2035 1950 2076 eo
1979 2022 2138 2078 modo
2167 2023 2444 2094 reliquisse
2470 2024 2680 2080 Patrem
2703 2068 2715 2088 ,
2747 2027 2834 2097 qui
2858 2044 2970 2081 cum
2996 2029 3049 2081 in
3075 2032 3242 2100 [arma
3273 2029 3368 2084 Dei
3390 2049 3472 2086 es.

1884 2122 1990 2181 set,
2029 2130 2129 2168 non
2167 2117 2401 2186 rapinam
2437 2117 2708 2171 arbitratus
2735 2127 2807 2172 est
2834 2135 2940 2173 esse
2973 2122 3181 2189 aequalis
3210 2119 3354 2188 Deo",
3386 2122 3473 2177 sed

1883 2205 2202 2274 semetipsum
2227 2206 2518 2274 exinanivit,
2546 2208 2764 2276 formam
2789 2209 2918 2263 servi
2940 2210 3188 2279 accipiens
3208 2209 3469 2282 (Philipp.

1884 2311 1940 2358 tt,
1965 2299 2018 2364 6,
2048 2296 2102 2368 7)
2131 2315 2144 2350 :
2173 2298 2448 2368 reliquisse
2475 2299 2632 2354 etiam
2662 2309 2882 2354 matrem
2911 2314 3230 2372 synagogam
3260 2301 3473 2357 Jndwo-

1885 2404 2037 2453 rum,
2078 2389 2252 2445 Veteri
2293 2389 2634 2446 Testamento
2671 2391 2954 2446 carnaliter
2996 2392 3377 2460 inha'rcntcm,
3418 2403 3474 2450 et
3540 2410 3547 2420 ‘

1883 2481 2172 2538 adhzesisse
2198 2483 2348 2537 uxori
2373 2499 2485 2538 sum
2507 2494 2706 2538 sancta:
2734 2482 3003 2550 Ecclesite,
3029 2494 3086 2538 ut
3111 2485 3160 2538 in
3187 2499 3316 2554 pace
3339 2485 3473 2543 Novi

1883 2571 2208 2628 Tcstamcnti
2229 2575 2249 2605 ²
2281 2584 2460 2629 essent
2487 2574 2592 2630 duo
2625 2578 2673 2628 in
2704 2590 2864 2628 carne
2896 2574 3042 2629 una?
3075 2573 3208 2644 Quia
3247 2591 3366 2632 cum
3405 2577 3474 2634 sit

1885 2664 2026 2721 Deus
2053 2665 2192 2735 apud
2221 2666 2429 2722 Patrem
2451 2709 2466 2732 ,
2499 2681 2593 2736 per
2617 2681 2773 2736 quem
2800 2666 2923 2722 lacti
2951 2681 3164 2734 sumus,
3196 2667 3364 2724 lactus
3393 2679 3475 2727 est

1885 2773 1980 2828 per
2009 2773 2222 2813 carnem
2264 2759 2530 2830 particeps
2569 2761 2770 2829 nostri,
2797 2773 2857 2817 ut
2886 2760 3028 2818 illius
3059 2763 3246 2833 capitis
3280 2775 3476 2835 corpus

1883 2865 2003 2906 esse
2030 2865 2324 2920 possemus.

1953 2943 2179 3000 CAPUT
2217 2944 2306 2999 lx.
2338 2944 2588 3002 —-Sicut
2633 2945 2759 3001 Cain
2813 2947 3128 3003 sacriﬁcium
3182 2938 3264 3004 exi
3312 2956 3473 3005 terrm

1886 3036 2144 3093 fructibus
2175 3037 2508 3108 reprobatur,
2543 3039 2672 3094 Abel
2703 3049 2878 3094 autem
2912 3040 3227 3095 sacriﬁcium
3260 3055 3324 3096 ex
3356 3041 3474 3096 ovi-

1886 3129 1984 3184 bus
2015 3139 2069 3184 et
2110 3143 2297 3185 earum
2327 3129 2483 3200 adipe
2516 3130 2834 3200 suscipitur;
2878 3131 2948 3185 ita
2983 3130 3116 3186 Novi
3143 3129 3474 3188 Tcstamcnli

1887 3220 2020 3279 ﬁdes
2059 3237 2126 3278 ex
2169 3222 2470 3277 innocentia
2518 3221 2700 3294 gratia)
2749 3223 2913 3278 Deum
2961 3223 3218 3290 laudans,
3267 3223 3476 3279 Veteris

1885 3312 2215 3370 Testamenti
2261 3313 2490 3368 terrenis
2527 3313 2780 3383 Operihns
2817 3315 3191 3384 anteponitnr:
3219 3315 3341 3384 quia
3372 3315 3473 3370 etsi

1885 3404 2206 3482 antedudmi
2233 3415 2376 3460 recte
2407 3405 2491 3459 illa
2523 3403 2794 3470 fecerunt;
2836 3405 2888 3459 in
2934 3421 2997 3460 eo
3030 3414 3204 3460 tamen
3240 3405 3472 3460 inﬁdeli-

1887 3497 2010 3552 tatis
2034 3497 2114 3552 rei
2137 3505 2281 3562 sunt,
2307 3495 2429 3567 quia
2452 3495 2664 3551 Christo
2690 3497 2938 3551 veniente
2963 3496 3070 3565 jam
3101 3506 3308 3566 tempus
3337 3494 3472 3550 Novi

1885 3587 2215 3644 Tcsmmenti
2260 3603 2291 3642 a
2339 3597 2580 3657 tempore
2600 3586 2810 3642 Veteris
2837 3587 3163 3641 Tcstamcnti
3210 3602 3314 3640 non
3358 3587 3471 3642 dis~

1886 3679 2180 3734 tinxerunt.
2213 3679 2353 3732 Dixit
2377 3679 2519 3732 cnim
2553 3678 2692 3732 Dens
2716 3679 2778 3730 ad
2804 3673 2930 3731 Cain
2956 3696 2970 3734 :
2997 3677 3058 3730 Si
3095 3689 3225 3730 recte
3265 3676 3473 3744 offeras,

1885 3777 2018 3822 recte
2043 3778 2209 3822 autem
2237 3785 2336 3821 non
2364 3768 2581 3834 dividas,
2604 3769 2838 3836 peccasti.
2867 3767 2963 3833 Qui
2991 3767 3032 3820 si
3057 3766 3478 3836 obtemperasset

1891 3861 1998 3915 Deo
2027 3859 2245 3926 dicenti,
2281 3857 2528 3924 Quiesce;
2557 3860 2623 3912 ad
2654 3868 2700 3912 te
2729 3859 2858 3912 enim
2887 3859 3143 3913 conversio
3172 3860 3316 3929 ejus,
3350 3870 3395 3913 et
3423 3871 3477 3916 tu

1889 3952 2226 4006 dominoberis
2251 3951 2426 4016 illius;
2452 3951 2518 4005 ad
2550 3966 2607 4005 se
2628 3952 2979 4005 convertisset
3003 3961 3274 4021 peccatum
3296 3967 3473 4017 Suum,

1887 4043 1986 4095 sibi
2034 4042 2132 4094 hoc
2170 4042 2446 4108 tribuens,
2491 4049 2543 4095 ct
2584 4041 2848 4096 conﬁtens
2888 4042 3000 4096 Deo
3024 4060 3036 4094 :
3062 4057 3123 4095 ac
3151 4043 3226 4096 sic
3265 4042 3480 4113 adjutus

1891 4132 2232 4201 indulgentia:
2279 4133 2481 4201 gratia,
2527 4132 2640 4201 ipse
2682 4141 2901 4201 [wet-ato
2945 4147 3042 4186 suo
3079 4132 3476 4197 dominaretur;

1891 4239 1996 4278 non
2033 4223 2122 4277 illo
2150 4223 2248 4277 sibi
2277 4222 2583 4276 dominante
2609 4238 2794 4276 servus
2828 4223 3057 4290 peccati,
3089 4221 3307 4276 fratrem
3337 4224 3481 4277 occi-

1889 4314 2041 4369 deret
2073 4314 2410 4368 innocentem
2455 4311 2606 4385 (Cen.
2641 4329 2726 4379 tv,
2757 4313 2917 4382 ’.Ξ-8.).
2956 4313 3044 4368 Sic
3084 4321 3138 4367 et
3179 4313 3378 4376 Judmi,
3427 4315 3479 4368 in

1890 4421 2115 4477 quorum
2145 4405 2260 4461 [nec
2292 4405 2454 4476 ﬁgura
2486 4405 2835 4475 gerebantur,
2881 4405 2923 4458 si
2956 4405 3291 4474 quiescerent
3328 4413 3480 4460 a‘sna

1891 4497 2310 4567 perturbatione,
2350 4505 2405 4551 et
2442 4507 2649 4565 tempus
2678 4496 2862 4549 salutis
2891 4511 2986 4566 per
3004 4497 3226 4566 gratiam
3268 4497 3318 4550 in
3350 4501 3480 4567 pec-

1891 4602 2133 4646 catorum
2156 4591 2525 4645 remissionem
2552 4598 2920 4658 agnoscentes,
2949 4590 3190 4644 audirent
3212 4591 3480 4644 Christum

1891 4682 2194 4748 dicentem,
2238 4680 2357 4736 Non
2398 4689 2470 4735 est
2500 4697 2626 4750 Opus
2655 4682 2791 4735 sanis
2818 4682 3068 4747 medicus,
3100 4682 3188 4736 sed
3227 4668 3358 4736 male
3385 4684 3480 4735 ha-

1893 4775 2270 4828 bentibusmon
2300 4772 2411 4826 veni
2434 4789 2612 4826 vocare
2628 4773 2794 4840 justas
2814 4814 2828 4838 ,
2869 4772 2957 4827 sed
2985 4783 3267 4842 peccatores
3296 4775 3346 4825 in
3375 4789 3481 4840 pa:-

1891 4868 2151 4921 nitentiam
2175 4864 2382 4936 (Matth.
2413 4881 2486 4929 Ix,
2513 4863 2600 4929 12,
2633 4865 2752 4934 15);
2781 4875 2855 4930 et,
2889 4863 3067 4918 Omnis
3094 4866 3180 4934 qui
3207 4865 3329 4934 facit
3357 4879 3477 4931 pec-

1861 5020 1864 5024 ,
1892 4971 2079 5022 catum,
2112 4975 2284 5013 servus
2309 4968 2380 5012 est
2405 4960 2646 5029 peccati;
2686 4968 2766 5021 et,
2799 4958 2858 5012 Si
2888 4973 2972 5010 vos
3001 4957 3138 5027 [ilius
3163 4955 3484 5022 liberaverit,

1893 5060 2010 5104 tunc
2039 5067 2150 5104 rere
2175 5049 2317 5103 liberi
2341 5050 2479 5103 eritis
2508 5047 2683 5120 (Joan.
2726 5064 2837 5114 \‘llt,
2882 5048 2971 5113 5-5,
3003 5047 3093 5118 36)
3122 5065 3134 5100 :
3160 5046 3225 5100 ad
3259 5063 3318 5101 sc
3347 5061 3486 5101 con-

1893 5141 2181 5195 vcrtissent
2225 5149 2498 5210 peccatum
2543 5155 2696 5193 suum
2744 5139 2794 5192 in
2843 5139 3199 5205 confessione,
3244 5129 3380 5191 sicut
3427 5141 3481 5195 in

1894 5233 2108 5288 Psalmo
2134 5231 2390 5300 scriptum
2419 5239 2522 5297 est,
2555 5231 2761 5285 medico
2789 5229 3048 5293 dicentes,
3080 5227 3190 5298 Ego
3213 5229 3340 5295 dixi,
3371 5229 3482 5284 Do-c

1892 5325 2045 5388 mine,
2076 5323 2308 5376 miserere
2336 5321 2468 5387 mei;
2493 5338 2619 5375 sana
2657 5321 2877 5375 aninntm
2914 5335 3096 5383 meam,
3129 5319 3248 5389 quia
3277 5323 3480 5389 peccavi

1895 5413 1980 5467 tibi
2011 5411 2182 5483 (Psnl.
2227 5427 2316 5477 XL,
2349 5411 2443 5482 5);
2477 5420 2534 5465 et
2561 5411 2729 5464 cidem
2764 5420 2980 5478 peccato
3002 5449 3016 5474 ,
3061 5410 3310 5479 quamdiu
3339 5424 3482 5468 esset

1895 5504 2066 5560 adhuc
2110 5505 2160 5558 in
2207 5519 2390 5559 eorum
2439 5501 2647 5556 mortali
2686 5515 2930 5569 corpore,
2982 5516 3078 5570 per
3109 5517 3257 5572 spem
3297 5506 3482 5574 gratiae

1897 5599 2044 5652 liberi
2069 5597 2492 5652 dominarentur.
2530 5591 2679 5646 Nunc
2734 5589 2912 5645 autem
2942 5591 3244 5662 ignorantes
3274 5595 3363 5648 Dei
3391 5594 3481 5663 ju-

1963 5779 1976 5808 ⁸
2017 5785 2114 5823 Am.
2132 5781 2206 5822 Er.
2229 5780 2280 5820 ct
2301 5779 2426 5828 Mss,
2452 5767 2800 5832 intelliquntur.

1963 5842 1981 5870 ε
2019 5846 2141 5899 uss,
2159 5843 2205 5884 ιιι
2227 5846 2342 5897 pere
2361 5832 2471 5886 ,κυνὶ
2499 5828 2773 5886 λεδιιένιιωιιὶ
2787 5847 2805 5899 ;
2821 5834 3016 5897 omisso,
3034 5832 3101 5884 in.
3124 5837 3261 5883 Forte
3286 5828 3479 5881 melius.
