4016 6450
575 320 682 374 97:9

576 434 774 491 stitiam
796 474 811 497 ,
832 440 887 488 et
931 444 1081 486 suam
1130 426 1370 483 volentes
1413 422 1737 478 constituere
1768 416 1943 489 (Rom.
1976 432 2007 469 χ
2029 456 2044 482 ,
2076 412 2132 478 ὖ)
2152 454 2165 477 ,

578 529 704 584 elati
738 528 805 583 de
842 524 1098 595 Operibus
1128 521 1325 592 Legis,
1372 532 1479 572 non
1526 511 1785 568 bumiliati
1824 510 1894 564 de
1938 508 2171 578 peccatis

577 622 688 675 suis
708 661 725 685 ,
766 634 871 673 non
910 616 1223 687 quieverunt
1252 618 1343 665 :et
1378 614 1635 677 regnante
1665 610 1881 673 peccato
1911 600 1965 654 iu
1984 612 2167 653 eorum

578 710 795 768 mortali
837 722 1063 779 corpore
1099 704 1165 759 ad
1212 697 1567 757 obcdicndum
1610 692 1887 751 desideriis
1912 690 2029 760 ejus
2051 688 2167 759 (Iit.

578 823 654 870 τι,
679 805 793 875 l2),
811 800 1151 859 oﬁ‘enderuut
1171 794 1229 851 in
1248 791 1478 863 lapidem
1493 787 1805 844 offensimiis
1823 784 1871 855 (1
1879 786 1931 838 d.
1954 800 2033 842 is.
2051 780 2167 852 δὲ),

576 909 631 955 et
656 902 969 953 exarserunt
988 891 1112 947 odio
1131 887 1389 943 adversus
1410 898 1555 947 eum,
1574 880 1728 950 cujus
1743 892 1906 949 Opera
1929 876 2169 929 videntes

579 993 693 1048 Deo
720 995 935 1057 accepta
964 998 1115 1048 esse,
1164 978 1481 1040 doluerunt,
1529 974 1620 1028 illo
1665 971 1752 1041 qui
1799 984 1973 1024 ca'cus
2014 976 2170 1021 natus

574 1084 684 1154 jam
718 1078 951 1143 videbat,
976 1074 1076 1129 sibi
1107 1072 1337 1132 dicente,
1369 1068 1571 1124 Scimus
1597 1064 1714 1135 quia
1736 1070 2017 1134 peccatores
2037 1057 2096 1110 ι).
2113 1075 2170 1111 us

579 1150 678 1227 non
706 1167 941 1231 exaudit,-
968 1163 1056 1220 sed
1094 1163 1182 1234 qui
1219 1177 1331 1215 eum
1364 1156 1597 1221 coluerit,
1640 1163 1686 1208 et
1720 1152 2025 1205 voluntatem
2061 1150 2171 1221 ejus

580 1250 752 1335 fecerit
774 1300 787 1324 ,
824 1259 962 1312 hunc
987 1253 1189 1311 exaudit
1224 1250 1405 1323 (Joan.
1431 1264 1505 1312 ix,
1536 1244 1661 1316 3t):
1684 1252 1937 1313 tanquam
1964 1240 2067 1295 hoc
2092 1238 2171 1335 eis

579 1328 821 1417 diceret,
874 1349 1047 1418 Super
1088 1342 1409 1402 sacriﬁcium
1452 1337 1581 1395 Cain
1627 1352 1731 1391 non
1775 1332 2027 1403 respicit,
2077 1328 2170 1385 sed

582 1461 745 1517 super
774 1440 1093 1500 sacriﬁcium
1123 1436 1258 1493 Abel
1285 1433 1525 1505 respicit.
1554 1430 1736 1500 Itaque
1754 1425 2010 1517 occiditur
2033 1421 2170 1477 Abel

580 1516 757 1595 minor
791 1545 917 1591 natu
954 1549 985 1588 a
1021 1531 1187 1589 fratre
1226 1527 1439 1599 majore
1465 1533 1627 1581 natu:
1650 1520 1908 1576 occiditur
1932 1516 2171 1572 Christus

581 1636 742 1701 caput
780 1625 962 1699 populi
1005 1621 1229 1679 minoris
1261 1628 1389 1675 natu
1428 1632 1458 1672 a
1504 1614 1700 1687 populo
1725 1611 2031 1668 Judworum
2060 1622 2172 1662 ma-

476 1703 497 1724 ’
580 1719 699 1790 jure
732 1727 855 1773 natu
878 1734 891 1769 :
912 1716 1000 1770 ille
1029 1715 1082 1769 in
1112 1726 1331 1782 campo,
1365 1710 1467 1764 istc
1493 1709 1546 1763 in
1572 1704 1829 1761 Calt‘at'itc
1856 1702 1991 1757 loco.

654 1806 881 1865 CAPUT
936 1797 1732 1875 X.—lutcrrogztbeus(laiu,
1775 1808 1879 1851 nan
1922 1801 2171 1865 tauquam

585 1904 805 1972 ignarus
829 1913 953 1958 eum
977 1912 1007 1956 δ
1034 1911 1143 1971 quo
1171 1896 1343 1953 discat
1361 1936 1380 1959 ,
1407 1894 1500 1949 sed
1534 1903 1783 1962 tanquam
1820 1886 1983 1957 judex
2022 1899 2171 1940 reum

584 2005 744 2067 quem
772 1991 986 2065 puniat,
1032 1990 1119 2045 ubi
1159 1989 1231 2043 sit
1273 1986 1437 2042 frater
1464 1984 1601 2055 ejus.
1630 1979 1933 2052 Respondet
1964 1978 2052 2035 ille
2079 1992 2175 2033 ne-

585 2088 726 2145 scire
766 2100 861 2151 se,
911 2097 1012 2139 nec
1051 2081 1169 2152 ejus
1209 2094 1270 2135 se
1316 2093 1438 2133 esse
1463 2072 1759 2131 custodem.
1793 2071 1973 2140 Usque
1998 2067 2173 2123 adhuc

586 2177 713 2250 quid
741 2176 895 2231 uohis
916 2171 1239 2245 respondent
1262 2167 1434 2225 Judaei
1451 2209 1469 2235 ,
1499 2181 1623 2221 cum
1649 2180 1744 2220 eos
1771 2162 1864 2217 Dei
1890 2176 2043 2228 voce,
2074 2160 2176 2215 hoc

586 2279 692 2337 est,
729 2276 1031 2325 sanctarum
1071 2264 1468 2333 Scripturarum
1508 2272 1639 2314 voce
1686 2258 2077 2326 interrogamus
2106 2251 2175 2307 de

584 2360 822 2426 Christo,
848 2356 951 2414 nisi
981 2344 1190 2411 nescire
1204 2368 1263 2408 se
1283 2350 1552 2408 Christum
1579 2362 1737 2418 quem
1766 2344 2025 2400 dicimus?
2052 2342 2174 2399 Fal-

586 2451 672 2507 lax
701 2450 843 2507 enim
868 2449 997 2505 Cain
1030 2443 1311 2518 ignoratio,
1337 2441 1641 2497 Jndmorntn
1673 2447 1754 2492 cst
1783 2436 1913 2490 falsa
1941 2434 2173 2505 negatio.

586 2540 782 2597 Essent
835 2548 1011 2594 autem
1056 2533 1284 2607 quodam
1330 2530 1489 2587 modo
1538 2529 1733 2585 Christi
1785 2526 2073 2593 custodes,
2129 2524 2175 2580 si

585 2632 931 2689 christianum
970 2628 1127 2684 ﬁdem
1164 2628 1409 2697 accipere
1450 2633 1508 2679 ct
1547 2620 1817 2677 custodire
1859 2618 2171 2675 voluissent.

586 2724 717 2781 Nam
747 2723 837 2793 qui
863 2719 1099 2777 custodit
1142 2719 1194 2774 in
1241 2716 1403 2773 corde
1430 2731 1527 2771 suo
1553 2713 1858 2780 Christum,
1906 2728 2011 2766 non
2052 2711 2178 2767 dicit

587 2814 727 2885 quod
758 2813 907 2877 Cain,
936 2809 1199 2881 Numquid
1228 2826 1316 2879 ego
1346 2816 1513 2862 custos
1541 2822 1652 2860 sum
1678 2805 1850 2875 fratris
1876 2805 2011 2858 mei?
2041 2802 2176 2857 Dicit

588 2904 729 2962 Deus
751 2905 817 2959 ad
844 2903 967 2959 Cain
990 2918 1009 2957 :
1034 2901 1169 2967 Quid
1207 2900 1405 2972 fecisti?
1437 2896 1551 2953 νοω
1591 2895 1853 2965 sanguinis
1892 2895 2067 2966 fratris
2103 2894 2176 2946 tui

587 3000 771 3057 clamat
802 2998 869 3051 ad
896 3012 973 3050 me
997 2996 1059 3049 de
1082 3005 1232 3050 terra.
1263 2993 1353 3048 Sic
1380 2989 1556 3063 arguit
1579 2989 1631 3044 in
1660 2986 1952 3057 Scripturis
1973 2985 2172 3040 sanctis

586 3105 687 3143 vos
742 3088 921 3144 divina
977 3084 1211 3141 JUd'JHrS.
1267 3082 1436 3138 [labet
1484 3079 1624 3134 enim
1676 3092 1922 3148 magnam
1988 3088 2174 3130 vocem

586 3179 785 3237 Christi
814 3177 1027 3250 sanguis
1068 3176 1119 3229 in
1153 3184 1315 3241 terra,
1344 3188 1465 3229 eum
1495 3186 1559 3226 co
1590 3178 1809 3240 accepto
1838 3168 1905 3222 ab
1930 3166 2176 3222 omnibus

587 3272 834 3345 gentibus
866 3267 1237 3341 reSpondetur,
1277 3270 1467 3321 Amen.
1499 3264 1622 3319 llzec
1646 3271 1729 3317 est
1753 3261 1897 3316 clara
1922 3275 2026 3316 vox
2050 3273 2176 3313 san—

586 3364 800 3436 guiuis,
848 3376 1007 3433 quam
1048 3358 1261 3429 sanguis
1308 3356 1421 3427 ipse
1448 3352 1699 3426 exprimit
1726 3368 1789 3409 ex
1818 3366 1913 3408 ore
1942 3350 2175 3407 ﬁdelium

589 3455 779 3512 eodem
809 3452 1067 3523 sanguine
1093 3450 1510 3518 redemptorum.
2016 3444 2023 3449 ’

657 3542 882 3602 CAI’U'l‘
908 3542 1002 3599 XI.
1023 3571 1092 3582 —
1108 3539 1244 3595 Dicit
1286 3537 1427 3593 Deus
1455 3537 1522 3591 ad
1546 3533 1784 3593 Cain:Et
1810 3550 1941 3589 nunc
1967 3533 2178 3589 maledi-

586 3648 696 3695 ctus
719 3646 774 3692 tu
800 3653 831 3691 a
859 3630 1013 3701 terra,
1040 3648 1151 3703 quc
1168 3631 1366 3702 aperuit
1386 3646 1441 3684 os
1466 3646 1614 3686 suum
1634 3628 1860 3700 excipere
1884 3627 2179 3697 sanguinein

587 3730 760 3802 fratris
785 3728 858 3782 tui
886 3726 947 3780 de
968 3741 1123 3779 manu
1152 3734 1275 3787 tua;
1300 3721 1537 3796 quoniam
1565 3718 1850 3789 operaberis
1879 3728 2099 3783 terram.
2131 3727 2177 3772 et

589 3839 690 3880 non
715 3820 916 3892 adjiciet
939 3820 1171 3874 virtutem
1196 3833 1341 3871 suam
1371 3816 1494 3869 dare
1523 3814 1609 3869 tibi
1629 3830 1649 3867 :
1669 3829 1869 3884 gemens
1894 3820 1940 3867 et
1966 3822 2176 3866 tremens

589 3915 687 3969 eris
729 3914 783 3968 in
828 3924 962 3967 terra
1003 3911 1152 3983 (Gen.
1201 3927 1276 3977 IV,
1325 3907 1508 3981 9-12).
1555 3906 1671 3963 Non
1708 3905 1861 3971 dixit,
1903 3904 2175 3960 Maledicta

591 4016 764 4072 terra;
795 4005 888 4072 sed
905 4047 918 4069 ,
955 4004 1257 4058 Maledictus
1284 4013 1333 4057 tu
1360 4020 1392 4055 a
1416 4013 1569 4068 term,
1596 4018 1708 4071 qua:
1731 4001 1927 4071 aperuit
1955 4016 2012 4054 os
2028 4016 2177 4053 suum

588 4099 817 4167 accipere
840 4096 1136 4166 sanguinem
1167 4095 1341 4164 fratris
1366 4095 1437 4146 tui
1465 4093 1526 4146 dc
1548 4109 1701 4144 ntanu
1726 4103 1835 4146 tua.
1865 4091 2175 4146 Maledictus

580 4198 673 4245 est
698 4188 842 4244 enim
872 4187 1101 4259 populus
1140 4186 1391 4243 Judaicus
1436 4185 1663 4240 infidelis
1688 4199 1719 4238 a
1749 4194 1887 4239 terra
1908 4226 1923 4250 ,
1972 4183 2024 4238 id
2061 4192 2172 4249 est,

589 4286 659 4339 ab
701 4282 933 4338 Ecclesia
958 4322 974 4347 ,
1029 4296 1150 4353 qua:
1196 4279 1405 4349 aperuit
1446 4294 1509 4333 os
1552 4293 1704 4332 suum
1748 4278 1800 4332 in
1840 4276 2175 4332 conteSsione

593 4385 932 4448 peccatorum
960 4375 1204 4444 accipere
1232 4371 1540 4442 sanguinein
1567 4368 1782 4433 Christi,
1813 4368 1903 4439 qui
1924 4366 2071 4422 fusus
2095 4376 2176 4423 est

592 4469 647 4524 in
677 4466 1048 4523 remissionem
1093 4473 1465 4535 peccatorum,
1506 4461 1573 4516 de
1613 4476 1773 4516 manu
1819 4460 2175 4531 persecutoris

590 4559 821 4615 nolentis
845 4573 964 4613 esse
1002 4557 1102 4614 sub
1128 4556 1333 4627 gratia,
1371 4554 1467 4610 sed
1506 4553 1609 4608 sub
1647 4552 1817 4623 Lege;
1859 4561 1917 4607 ut
1940 4552 2177 4609 essetab

589 4651 827 4713 Ecclesia
843 4650 1176 4715 maledictus,
1194 4648 1243 4702 id
1259 4656 1361 4714 est,
1382 4656 1575 4702 uteum
1592 4646 1979 4717 intelligerent
1994 4652 2178 4699 oeten.

590 4745 742 4801 deret
763 4744 1004 4800 Ecclesia
1019 4740 1378 4806 maledictum,
1397 4740 1607 4796 dicente
1626 4738 1903 4809 Apostolo,
1934 4738 2175 4804 Quicum-

585 4853 683 4908 que
693 4836 829 4891 enim
843 4851 911 4890 es
921 4834 1153 4904 operibus
1174 4832 1321 4903 chis
1340 4842 1456 4887 sunt
1470 4874 1485 4896 ,
1506 4832 1598 4886 sub
1613 4830 1878 4886 maledicto
1892 4839 2009 4885 sunt
2026 4828 2174 4899 Legis

594 4930 792 5001 (Cum.
823 4944 904 4995 nr.
931 4928 1039 4999 l0).
1070 4926 1272 4983 Deinde
1296 4941 1415 4981 cum
1444 4925 1699 4991 dixisset,
1732 4922 2036 4979 Maledicta:
2061 4932 2115 4976 tu
2141 4941 2175 4978 a

590 5034 723 5079 terra
744 5064 760 5088 ,
790 5038 903 5093 qua:
929 5020 1129 5091 aperuit
1151 5034 1205 5073 as
1231 5035 1379 5073 suum
1405 5016 1640 5071 excivere
1674 5015 1967 5087 sanguinem
2000 5016 2173 5087 fratris

587 5118 658 5171 tui
680 5116 742 5170 de
768 5133 919 5170 manu
951 5125 1072 5177 tua;
1096 5128 1200 5167 non
1227 5111 1378 5173 dixit.
1402 5110 1661 5178 Quoniam
1688 5108 2000 5179 operaberis
2022 5123 2170 5173 eam;

588 5208 683 5263 scd
728 5208 822 5272 ait,
870 5206 1125 5272 Quoniam
1162 5201 1448 5273 operaberis
1490 5210 1707 5267 terram,
1751 5208 1797 5255 et
1840 5216 1942 5254 non
1969 5199 2173 5270 adjiciet

592 5300 823 5355 uirtutem
842 5315 985 5353 suam
1006 5298 1137 5351 dare,
1152 5295 1260 5350 tibi.
1280 5291 1434 5351 Unde
1457 5308 1563 5347 non
1584 5302 1665 5348 est
1690 5305 1909 5347 necesse
1928 5290 2173 5345 eamdem

591 5398 785 5445 terram
818 5389 1112 5459 intelligere
1140 5387 1349 5459 operari
1389 5384 1541 5450 Cain,
1572 5399 1693 5455 qum
1716 5384 1923 5453 aperuit
1946 5398 2006 5437 os
2036 5382 2176 5437 acci-

590 5493 718 5551 pere
740 5479 1054 5548 sanguinem
1079 5478 1257 5534 fratris
1284 5477 1351 5531 de
1377 5491 1536 5531 manu
1564 5475 1715 5543 ejus:
1738 5471 1834 5527 Sed
1860 5471 1980 5527 ideo
2003 5472 2172 5528 malc-

590 5570 764 5626 dictus
805 5570 1110 5641 intelligitur
1150 5570 1218 5624 ab
1255 5568 1354 5625 bac
1404 5577 1543 5623 terra
1569 5609 1586 5634 ,
1628 5566 1881 5637 quoniam
1923 5575 2175 5637 operatur

590 5670 786 5717 terram
807 5702 822 5726 ,
850 5675 970 5731 quae
998 5674 1102 5714 non
1132 5659 1347 5730 adjicict
1378 5660 1627 5715 virtutem
1651 5674 1801 5714 suam
1828 5657 1956 5713 dare
1981 5657 2092 5723 illi;
2123 5657 2173 5713 id

588 5766 693 5826 ut,
721 5767 839 5811 ioco
868 5751 1121 5826 populum
1149 5751 1455 5810 Judzcorum
1486 5753 1823 5811 maledictum
1849 5754 2086 5826 agnoscit
2116 5762 2168 5812 et

1385 306 1661 364 CONTIH
1706 298 2031 359 FAUSTUSI
2078 294 2527 363 MANICIIEUH,
2568 298 2625 355 S.
2659 299 3029 357 AUGUSTI?"

3720 315 3816 377 260

2288 413 2522 467 ostendit
2549 414 2806 481 Ecclesia,
2835 418 3084 486 quoniam
3114 418 3291 475 occiso
3308 417 3515 480 Christo
3531 426 3693 485 adhuc
3710 446 3813 503 ope.

2285 514 2430 559 ratur
2459 514 2725 561 terrenam
2752 508 3231 578 eireumcisionem,
3261 519 3524 569 terrenum
3550 518 3818 589 sabbatum,

2284 608 2554 655 terrenum
2601 617 2846 674 azymum
2876 643 2891 665 .
2943 611 3211 659 terrenum
3257 607 3446 674 pascha
3481 626 3493 662 :
3523 623 3635 679 qua:
3674 618 3825 674 omnis

2282 698 2493 745 terrena
2516 695 2755 762 operatio
2772 692 2931 749 habet
2956 695 3212 749 occultam
3236 697 3479 753 virtutem
3506 700 3824 774 intelligenda

2279 783 2461 850 gratia:
2482 783 2719 850 Christi,
2751 802 2871 856 qua:
2900 802 3003 840 non
3022 786 3183 841 datur
3205 787 3401 843 Iudaeis
3429 790 3482 844 in
3508 792 3760 863 impietate
3784 809 3829 854 et

2281 876 2589 932 infidelitate
2631 879 3091 947 perseverantibus
3112 920 3127 945 ,
3157 882 3277 949 quia
3297 880 3450 936 Novo
3473 884 3487 913 ¹
3517 884 3830 945 Testamento

2283 968 2512 1022 reielata
2584 980 2693 1032 est;
2741 978 2796 1025 et
2837 987 2941 1024 non
2986 974 3380 1027 transeuntibus
3424 974 3487 1028 ad
3538 975 3829 1049 Dominum,

2282 1073 2386 1116 non
2416 1062 2497 1117 eis
2526 1062 2764 1118 aufertur
2792 1063 3031 1118 velamen
3053 1107 3067 1129 ,
3102 1065 3244 1135 quod
3291 1066 3340 1119 in
3386 1067 3608 1123 lectione
3649 1070 3832 1128 Veteris

2276 1150 2600 1207 Testamenti
2632 1162 2809 1208 manet
2834 1195 2846 1217 ,
2889 1155 3011 1224 quia
3056 1155 3106 1207 in
3147 1155 3262 1210 Solo
3297 1156 3509 1211 Christo
3536 1171 3833 1227 evacuatur,

2277 1259 2384 1297 non
2416 1243 2530 1313 ipsa
2559 1243 2718 1298 lectio
2757 1244 2962 1299 Veteris
2996 1244 3317 1299 Testamenti
3338 1287 3353 1312 ,
3383 1262 3502 1315 quae
3546 1247 3701 1303 habet
3725 1250 3839 1309 abs-_

2275 1333 2543 1388 conditam
2590 1334 2874 1400 virtutem,
2919 1334 3012 1389 sed
3077 1336 3320 1389 velamen
3365 1352 3469 1406 quo
3522 1337 3831 1395 absconditur

2278 1424 2346 1494 (ll
2380 1424 2498 1481 Cor.
2544 1442 2635 1492 ut,
2678 1427 2888 1497 1446).
2916 1427 3071 1483 Unde
3113 1428 3327 1483 Christo
3368 1430 3419 1483 in
3464 1444 3621 1485 cruce
3660 1435 3836 1502 passo'

2275 1519 2455 1574 velum
2474 1520 2653 1589 templi
2670 1521 2997 1575 conscissam
3019 1530 3101 1575 est
3122 1521 3336 1592 (Matth.
3360 1538 3521 1589 xxvii,
3546 1523 3655 1594 5|),
3684 1533 3737 1578 ut
3758 1540 3840 1594 per

2268 1609 2469 1666 Christi
2503 1612 2800 1681 passionem
2831 1614 3134 1667 revelentur
3171 1622 3378 1668 secreta
3409 1624 3837 1669 sacramentorum

2278 1703 2557 1768 ﬁdelibus,
2595 1704 2661 1757 ad
2704 1704 2989 1760 bibendum
3026 1706 3144 1775 ejus
3189 1706 3502 1776 sanguinem
3549 1722 3641 1763 ore
3672 1717 3841 1778 aperto

2275 1796 2331 1855 in
2356 1793 2695 1854 confeSSione
2720 1797 3140 1855 transeuntibus.
3170 1796 3461 1870 l’ropterea
3492 1798 3712 1870 populus
3732 1798 3839 1867 ille,

2277 1889 2417 1945 sicut
2444 1888 2573 1945 Cain
2593 1930 2611 1957 ,
2658 1889 2832 1945 adhuc
2872 1900 3125 1961 operatur
3162 1899 3361 1946 terram
3382 1931 3402 1957 ,
3450 1891 3624 1947 adhuc
3650 1903 3845 1948 exercet

2278 1982 2640 2052 operationem
2663 1981 2815 2053 Legis
2836 1984 3137 2047 carnaliter,
3159 1999 3275 2053 qtne
3299 1998 3405 2037 non
3434 1984 3484 2039 ei
3505 1983 3597 2039 dat
3616 1984 3843 2039 virtutem

2280 2088 2459 2143 suam,
2484 2074 2609 2145 quia
2639 2075 2691 2129 in
2721 2090 2782 2129 ea
2814 2092 2919 2129 nun
2950 2075 3197 2145 intelligit
3227 2076 3456 2145 gratiam
3484 2075 3699 2131 Christi.
3731 2077 3844 2129 Pro-

2279 2174 2460 2234 pterea
2484 2174 2539 2221 et
2564 2166 2617 2220 in
2649 2166 2757 2235 ipsa
2789 2174 2927 2220 terra
2952 2181 3112 2236 quam
3140 2166 3385 2221 Christus
3414 2165 3662 2236 portavit,
3690 2166 3736 2221 id
3756 2174 3845 2232 est,

2279 2257 2334 2311 in
2382 2256 2499 2326 ejus
2542 2272 2738 2323 carne,
2790 2257 2888 2327 ipsi
2938 2258 3143 2327 operati
3189 2265 3315 2312 sunt
3365 2257 3593 2312 salutem
3634 2265 3847 2311 nostram

2278 2348 2639 2420 cruciﬁgeudo
2666 2349 2935 2404 Christum
2963 2392 2977 2415 ,
3013 2351 3102 2421 qui
3134 2360 3384 2405 mortuus
3408 2360 3495 2406 est
3532 2357 3743 2421 promer
3767 2349 3850 2404 de-

2281 2441 2404 2496 licta
2454 2450 2658 2498 nostra.
2716 2442 2823 2499 Nec
2869 2443 2948 2497 eis
2998 2443 3143 2498 dedit
3174 2443 3372 2499 eadem
3432 2451 3574 2498 terra
3624 2443 3849 2497 virtutem

2279 2548 2433 2588 suam
2455 2572 2471 2599 ,
2502 2532 2625 2603 quia
2656 2549 2763 2589 non
2784 2533 3059 2605 justillcati
3085 2544 3207 2589 sunt
3236 2535 3435 2589 virtute
3463 2533 3853 2589 resurrectionis

2280 2624 2401 2693 ejus
2426 2665 2440 2689 ,
2471 2625 2560 2695 qui
2593 2625 2886 2679 resurrexit
2924 2634 3145 2695 pr0pter
3168 2625 3611 2695 iustiﬁcationem
3638 2634 3853 2679 nostram

2280 2715 2456 2789 (Rom.
2501 2732 2573 2783 tv,
2596 2718 2693 2789 25)
2718 2735 2731 2771 :
2754 2718 2875 2789 quia
2915 2719 3009 2773 etsi
3051 2720 3325 2788 crucifixus
3354 2731 3432 2773 est
3456 2734 3524 2775 ex
3546 2718 3852 2789 infirmitate,

2277 2808 2368 2863 sed
2405 2808 2523 2863 vivit
2550 2825 2614 2863 ea:
2639 2810 2823 2863 virtute
2848 2808 2978 2876 Dei,
3011 2810 3146 2865 sicut
3175 2810 3303 2865 dicit
3331 2810 3628 2879 Apostolus
3657 2809 3721 2879 (ll
3749 2808 3853 2863 Cor.

2278 2913 2405 2962 xm,
2443 2898 2524 2967 4).
2557 2898 2683 2953 Πωο
2722 2914 2849 2969 ergo
2875 2908 2956 2954 est
2986 2900 3153 2953 virtus
3181 2910 3336 2954 terra:
3372 2903 3542 2963 illius,
3584 2915 3736 2970 quam
3764 2912 3855 2953 non

2278 2989 2515 3045 ostendit
2558 2991 2735 3062 impiis
2779 3002 2835 3047 et
2873 2993 3177 3047 incredulis.
3220 2993 3378 3049 Unde
3420 3008 3522 3049 nec
3552 3006 3854 3059 resurgens,

2279 3083 2359 3139 eis
2382 3098 2413 3137 a
2438 3084 2631 3155 quibus
2668 3094 2785 3141 erat
2815 3087 3100 3141 cruciﬁxus
3134 3088 3414 3156 apparuit;
3459 3098 3713 3157 tanquam
3738 3084 3855 3140 Cain

2277 3178 2523 3248 operanti
2549 3188 2744 3236 terram
2766 3216 2781 3245 ,
2829 3190 2885 3235 ut
2926 3194 3147 3250 granum
3177 3181 3308 3235 illud
3338 3182 3734 3243 seminaretur,
3764 3191 3857 3232 non

2277 3272 2611 3327 ostendens‘
2639 3273 2829 3329 eadem
2872 3282 3011 3328 terra
3057 3272 3279 3328 fructum
3317 3274 3542 3329 virtutis
3569 3289 3710 3329 sum:
3733 3270 3860 3337 Quo-

2278 3365 2418 3419 niam
2434 3364 2740 3435 aperaberis,
2766 3366 2950 3437 inquit,
2978 3377 3183 3433 terram,
3211 3376 3261 3419 et
3286 3382 3395 3421 non
3422 3366 3631 3437 adﬁciet
3650 3366 3861 3419 virtutem

2278 3472 2424 3511 suam
2446 3455 2570 3510 dare
2597 3457 2706 3510 tibi.

2351 3545 2574 3603 CAPUT
2595 3546 2709 3602 XII.
2732 3577 2802 3588 —-
2823 3546 3039 3602 Gemens
3059 3556 3105 3601 et
3124 3557 3337 3602 tremens
3362 3549 3467 3603 eris
3488 3549 3542 3603 in
3560 3556 3710 3604 terra.
3728 3545 3863 3600 Nune

2278 3654 2406 3695 ecce
2428 3639 2551 3710 quis
2576 3655 2680 3693 non
2706 3639 2902 3704 videat,
2931 3640 3050 3709 quis
3071 3655 3176 3693 non
3202 3648 3467 3709 agnoscat
3494 3640 3547 3694 in
3578 3648 3685 3694 tota
3714 3645 3862 3699 terra,

2279 3749 2614 3804 quacumque
2639 3733 2911 3803 dispersus
2940 3741 3020 3786 est
3053 3731 3139 3787 ille
3170 3732 3405 3802 populus
3426 3774 3441 3797 ,
3499 3730 3766 3802 quomodo
3786 3743 3866 3799 ge-

2280 3833 2390 3879 mat
2433 3839 2664 3880 mmrorc
2709 3824 2892 3878 amissi
2944 3823 3089 3892 regni
3118 3865 3133 3887 ,
3185 3832 3240 3877 et
3290 3831 3497 3878 tremat
3542 3824 3733 3877 timore
3778 3818 3867 3874 sub

2281 3915 2758 3971 innumerabilibus
2780 3915 2986 3985 populis
3006 3914 3364 3969 Christianis?
3394 3915 3633 3986 Ideoque
3659 3928 3868 3982 respon-

2279 4008 2357 4063 dit
2382 4008 2512 4062 Cain
2542 4018 2595 4063 et
2621 4008 2792 4062 dixit:
2820 4006 2992 4079 Major
3025 4017 3097 4061 est
3142 4022 3295 4059 causa
3340 4023 3461 4060 mea
3482 4049 3497 4073 ,
3547 4007 3595 4060 si
3637 4005 3776 4077 ejicis
3801 4016 3871 4057 me

2280 4101 2429 4155 Itodie
2467 4116 2500 4156 a
2542 4101 2673 4171 facie
2716 4109 2890 4168 terrae,
2934 4111 2978 4154 et
3007 4118 3039 4153 a
3069 4101 3196 4172 faeie
3222 4110 3307 4154 tua
3344 4101 3676 4165 abscondar,
3726 4105 3775 4151 et
3794 4110 3873 4149 ero

2278 4209 2478 4263 gemens
2521 4201 2566 4246 et
2611 4203 2823 4246 tremens
2850 4209 3001 4263 super
3040 4202 3261 4256 terram;
3305 4200 3356 4245 et
3398 4194 3532 4259 erit,
3588 4190 3752 4246 omnis
3794 4185 3874 4253 qui

2278 4285 2521 4339 invenerit
2550 4300 2649 4350 me,
2678 4283 2869 4338 occidet
2898 4298 2995 4337 me.
3036 4282 3174 4339 Vere
3218 4283 3340 4339 inde
3366 4286 3546 4356 gemit
3582 4294 3637 4340 et
3674 4279 3873 4340 tremit,

2279 4392 2346 4432 ne
2392 4390 2558 4447 regno
2582 4377 2741 4431 etiam
2784 4384 2996 4431 terreno
3025 4375 3265 4445 perdito,
3313 4375 3419 4430 ista
3466 4374 3666 4431 visibili
3715 4377 3877 4426 morte

2278 4468 2572 4524 occidatur.
2611 4467 2759 4523 Hanc
2793 4466 2920 4523 dicit
2949 4467 3206 4537 majorem
3231 4481 3455 4522 causam
3478 4509 3495 4533 ,
3546 4481 3711 4539 quam
3740 4463 3876 4518 illam

2278 4560 2420 4631 quod
2449 4561 2499 4616 ei
2524 4568 2667 4616 terra
2698 4576 2802 4616 non
2827 4559 2923 4614 dat
2940 4560 3190 4614 virtutem
3216 4573 3397 4623 suarm
3430 4575 3506 4615 ne
3534 4556 3880 4630 spiritaliter

2278 4653 2556 4708 moriatur.
2581 4652 2881 4708 Carnaliter
2907 4652 3050 4707 enim
3079 4651 3244 4722 sapit,
3274 4659 3331 4706 et
3357 4650 3635 4707 abscondi
3679 4664 3715 4706 a
3755 4646 3884 4702 facie

2280 4747 2374 4801 Dei
2400 4788 2414 4811 ,
2444 4746 2494 4801 id
2523 4754 2605 4801 est
2623 4786 2639 4812 ,
2669 4745 2862 4800 iratum
2890 4744 3087 4799 habere
3111 4744 3277 4799 Deum
3296 4784 3311 4809 ,
3358 4758 3534 4814 grave
3566 4758 3675 4798 non
3704 4747 3880 4812 putat,

2277 4838 2379 4894 nisi
2419 4852 2487 4893 ne
2534 4836 2839 4891 inveniatur
2858 4844 2914 4891 et
2939 4835 3231 4891 occidatur.
3260 4832 3578 4890 Carnaliter
3601 4833 3744 4903 sapit
3769 4840 3883 4885 tan-

2277 4945 2436 5001 quam
2483 4943 2711 5001 operans
2752 4937 2981 4993 terram,
3030 4926 3182 4998 cujus
3210 4927 3471 4981 virtutem
3525 4941 3638 4980 non
3673 4921 3881 4992 accipit.

2278 5022 2480 5091 Sapere
2500 5029 2675 5075 autem
2697 5018 2986 5075 secundum
3007 5032 3246 5084 carnem,
3270 5031 3422 5071 mors
3448 5025 3540 5072 est
3565 5016 3751 5086 (Rom.
3774 5027 3883 5076 vnt,

2278 5115 2357 5186 6).
2393 5114 2564 5181 Quam
2596 5113 2687 5168 ille
2726 5127 2831 5167 non
2863 5110 3198 5181 intelligens,
3242 5109 3447 5163 amisso
3478 5125 3658 5181 regno
3682 5107 3847 5180 gemit
3867 5145 3882 5167 ,

2279 5216 2333 5263 et
2357 5205 2688 5275 corporalem
2715 5212 2941 5258 mortem
2966 5203 3165 5257 tremit.
3209 5201 3313 5256 Sed
3353 5201 3489 5270 quid
3519 5202 3571 5257 ei
3603 5196 3891 5270 respondet

2281 5296 2459 5352 Deus?
2490 5293 2610 5349 Non
2649 5295 2741 5361 sie,
2774 5293 2979 5364 inquit;
3010 5293 3099 5346 sed
3127 5292 3289 5347 omnis
3315 5292 3406 5363 qui
3449 5293 3702 5346 occiderit
3728 5289 3851 5345 Cain
3870 5327 3885 5351 ,

2279 5399 2467 5455 septem
2508 5386 2753 5439 vindictas
2788 5382 3122 5438 exsolvenid
3169 5391 3281 5447 est,
3331 5397 3444 5437 non
3491 5383 3576 5439 sic
3616 5378 3890 5454 quomodo

2280 5481 2439 5546 dicis;
2490 5494 2594 5535 non
2634 5476 2897 5547 corporali
2938 5485 3111 5532 morte
3156 5474 3394 5531 interibit
3439 5489 3621 5546 genus
3669 5472 3890 5544 impium

2346 5636 2361 5668 ι
2396 5641 2516 5682 Tres
2536 5639 2664 5691 Mss,
2680 5644 2797 5695 qua:
2821 5644 2852 5680 a
2870 5639 3008 5681 Novo.

2346 5699 2366 5729 ¹
2401 5704 2501 5744 Duo
2523 5701 2650 5752 Mss,
2672 5692 2723 5744 in
2746 5705 2889 5743 cruce
2914 5696 3080 5755 posito.

2350 5759 2371 5791 ³
2406 5750 2652 5808 Vaticanus
2672 5755 2847 5820 codex,
2860 5782 2863 5785 »
2878 5750 2972 5805 non
2992 5750 3277 5806 ostendetur.
