4052 6462
265 274 363 333 261

259 391 557 454 carnalium
583 389 912 449 Iudaeorum.
949 390 1281 463 Quicumque
1321 390 1468 448 enim
1508 405 1602 450 eos
1632 390 1700 446 ita
1725 402 1848 462 per—

256 483 486 550 uiderit,
518 494 724 558 septem
752 484 1011 542 vindictas
1039 486 1308 550 exsolvet;
1341 484 1394 540 id
1424 493 1526 550 est,
1554 482 1760 540 auferet
1782 481 1849 536 ab

245 579 337 632 eis
387 588 597 647 septem
640 577 935 645 vindictas,
984 577 1175 648 quibus
1215 576 1413 648 alligati
1463 583 1588 632 sunt
1635 581 1848 646 propter

256 680 464 726 reatum
529 670 692 728 occisi
746 670 938 727 Christi
972 687 987 726 :
1018 678 1074 726 ut
1113 669 1214 725 hoc
1260 679 1370 725 toto
1415 677 1654 738 tempore
1704 665 1846 738 quod

255 762 564 829 septenario
587 760 794 816 dierum
821 775 1043 816 numero
1060 760 1312 824 volvitur,
1338 759 1492 830 quia’
1528 774 1633 813 non
1665 757 1847 814 interit

254 867 382 921 gens
437 849 662 920 Iudaea,
711 852 844 907 satis
899 858 1155 924 appareat
1204 849 1450 908 fidelibus
1497 847 1844 931 Christianis,

241 959 411 1014 quam
442 944 830 1016 subjeCtioncm
876 944 1200 1010 meruerint,
1243 943 1332 1014 qui
1371 941 1601 1014 superbo
1644 941 1846 1013 regno'

246 1036 543 1092 Dominum
568 1023 973 1094 interfecerunt.

309 1124 553 1184 CAPUT
587 1127 732 1184 XIII.
755 1127 906 1182 -—Et
946 1127 1114 1200 posuit
1156 1125 1407 1182 Dominus
1447 1123 1584 1180 Deus
1621 1122 1746 1181 Cain
1774 1125 1848 1179 si-

248 1232 428 1288 gnum,
472 1235 538 1274 ne
578 1237 692 1278 eum
736 1220 933 1274 occidat
960 1219 1121 1273 omnis
1159 1219 1246 1290 qui
1291 1215 1532 1271 invenerit
1575 1212 1726 1284 (Gen.
1769 1229 1846 1280 tv,

255 1310 471 1382 13-15).
525 1311 638 1366 Hoc
675 1328 864 1368 revera
903 1313 1124 1368 multum
1155 1310 1399 1366 mirabile
1428 1319 1546 1376 est,
1588 1307 1845 1379 quemad-

246 1400 472 1455 modum
493 1417 684 1458 omnes
707 1413 892 1474 gentes
913 1420 1030 1476 quae
1050 1420 1080 1459 θ
1103 1403 1358 1458 Romanis
1381 1402 1678 1473 subiugata:
1702 1410 1845 1466 sunt,

248 1491 303 1545 in
351 1494 521 1548 ritum
564 1494 924 1551 Romanorum
967 1510 1248 1551 sacrorum
1290 1494 1630 1561 transierint,
1679 1508 1848 1561 eaque

247 1585 533 1656 sacrilegia
561 1587 890 1644 observanda
915 1596 967 1643 et
987 1587 1305 1643 celebranda
1326 1587 1688 1658 susceperint;
1715 1601 1846 1657 gens

251 1684 432 1730 autem
474 1677 690 1744 Judma,
743 1680 857 1734 sive
898 1678 1000 1733 sub
1043 1679 1268 1750 Paganis
1315 1679 1562 1748 regibus,
1612 1678 1724 1733 sive
1748 1677 1848 1731 sub

249 1765 596 1835 Christianis,
642 1785 747 1823 non
791 1770 1029 1824 amiserit
1073 1772 1281 1841 signum
1311 1770 1468 1841 Legis
1496 1784 1642 1836 suae,
1681 1785 1788 1840 quo
1815 1786 1844 1823 ει

246 1863 465 1916 ea-teris
509 1863 757 1931 gentibus
798 1863 1109 1934 populisque
1153 1862 1495 1934 distinguitur
1526 1879 1539 1916 :
1569 1869 1625 1919 et
1670 1861 1844 1917 omnis

251 1951 549 2022 imperator
574 1953 657 2008 vel
687 1969 775 2008 rex
805 1953 895 2024 qui
923 1968 1017 2008 eos
1050 1952 1102 2007 in
1134 1968 1300 2024 regno
1330 1968 1427 2008 suo
1456 1951 1685 2018 invenit,
1723 1967 1842 2006 cum

252 2045 365 2116 ipso
393 2045 557 2117 signo
584 2061 677 2101 eos
707 2045 927 2112 invenit,
957 2060 1056 2100 nec
1076 2044 1304 2110 occidit;
1335 2044 1384 2099 id
1413 2053 1512 2110 est,
1544 2060 1650 2099 non
1679 2042 1841 2098 efficit

248 2149 309 2193 ut
347 2154 462 2196 non
512 2140 622 2196 sint
669 2138 876 2209 Judaei,
916 2148 1066 2195 certo
1108 2137 1339 2209 quodam
1387 2146 1441 2194 et
1486 2138 1700 2208 proprio
1732 2151 1839 2196 sun

251 2231 647 2285 observationis
689 2231 840 2300 signo
881 2246 912 2289 a
959 2239 1272 2286 emterarum
1315 2230 1554 2300 gentium
1605 2245 1840 2286 commuo

252 2321 411 2375 nione
461 2319 838 2377 discretiznisi
882 2323 1205 2394 quicumque
1241 2336 1423 2378 eorum
1474 2322 1541 2376 ad
1571 2321 1841 2378 Christum

253 2413 532 2469 transierit
552 2455 568 2481 ,
611 2423 671 2478 ut,
707 2415 818 2484 jam
849 2430 952 2470 non
992 2415 1295 2470 inveniatur
1318 2414 1474 2481 Cain,
1506 2430 1604 2471 nec
1629 2426 1784 2471 exeat
1813 2431 1841 2469 a

245 2503 383 2562 (acie
413 2505 548 2570 Dei,
593 2521 690 2561 nec
720 2505 921 2566 habitet
960 2506 1013 2565 in
1059 2514 1197 2561 terra
1227 2505 1362 2562 Naid
1379 2505 1422 2572 ³,
1465 2505 1607 2576 quod
1650 2505 1844 2564 dicitur

244 2597 598 2670 interpretari
627 2599 950 2656 Commotio.
997 2599 1191 2655 Contra
1237 2598 1377 2670 quod
1422 2601 1652 2666 malum,
1699 2601 1844 2655 Deus

251 2703 473 2764 rogatur
505 2692 558 2748 in
599 2692 814 2749 Psalmo
833 2733 849 2759 ,
895 2691 979 2747 Ne
1008 2692 1203 2748 dederis
1240 2692 1292 2746 in
1322 2701 1509 2748 motum
1534 2693 1684 2764 pedes
1709 2709 1843 2748 meos

255 2782 428 2856 (Psal.
464 2800 592 2850 ων,
620 2784 714 2855 9);
763 2794 816 2840 et
839 2825 855 2850 ,
900 2783 1087 2838 Manus
1129 2793 1448 2852 peccatorum
1487 2799 1587 2836 non
1615 2792 1843 2838 moveant

252 2891 326 2928 me
352 2873 535 2946 (Psal.
561 2873 863 2944 xxxv,12);
891 2884 964 2938 et,
997 2873 1098 2942 Qui
1119 2872 1359 2928 tribulam
1381 2891 1476 2940 me,
1499 2874 1838 2941 exsultabant,

239 2966 477 3020 «simotus
499 2963 832 3037 fuero(Psal.
861 2981 963 3034 xu,
992 2966 1084 3036 5);
1117 2975 1190 3032 et,
1219 2965 1464 3019 Dominus
1493 2983 1523 3018 a
1553 2965 1741 3022 dextris
1769 2976 1842 3022 est

248 3058 376 3110 mihi
393 3101 408 3124 ,
451 3075 515 3112 ne
558 3075 874 3116 commoveor
901 3057 1074 3131 (Paul.
1104 3075 1172 3114 xv
1192 3098 1207 3124 ,
1240 3058 1326 3130 8);
1354 3066 1407 3113 et
1438 3059 1840 3116 innumerabilia

253 3150 368 3203 talia
397 3169 411 3204 :
437 3149 581 3219 quod
619 3159 709 3220 pat
735 3161 892 3208 untur
933 3166 1121 3207 omnes
1150 3151 1240 3222 qui
1269 3161 1464 3207 exeunt
1492 3168 1522 3206 a
1553 3151 1686 3207 facie
1713 3153 1838 3220 Dei,

251 3238 300 3294 id
325 3250 408 3295 est
429 3282 445 3305 ,
479 3255 511 3296 a
543 3241 912 3300 misericordia
953 3242 1252 3298 dilectionis
1277 3243 1411 3313 ejus.
1454 3243 1608 3300 Unde
1651 3244 1843 3300 dicitur

142 3362 150 3372 -
250 3329 299 3385 in
324 3332 562 3403 quodam.
589 3332 830 3405 psalmo:
857 3332 969 3407 Ego
995 3335 1104 3389 diei
1131 3335 1183 3391 in
1210 3335 1521 3392 abundantia
1551 3353 1684 3402 mea,
1718 3335 1840 3392 Non

242 3422 481 3476 movebar
501 3423 556 3478 in
579 3433 846 3482 wternum.
870 3423 974 3484 Sed
1003 3425 1122 3481 Vide
1146 3427 1269 3498 quid
1298 3428 1537 3500 sequitur
1563 3445 1575 3482 :
1604 3427 1839 3496 Domine,

241 3515 584 3576 insofstntate
619 3527 707 3576 tua
748 3519 1024 3591 prastitisti
1054 3519 1224 3574 decori
1261 3537 1370 3576 meo
1401 3521 1670 3587 virtutem;
1701 3538 1842 3576 aver-

238 3608 353 3662 .tisti
397 3618 570 3664 autent
614 3611 796 3681 {aciem
839 3620 1009 3676 tuam,
1055 3623 1103 3666 et
1153 3616 1317 3683 factus
1359 3630 1472 3668 sum
1516 3615 1843 3670 conturbatus

251 3695 428 3771 (Psal.
472 3715 625 3765 xxix,
659 3700 712 3762 7,
746 3701 820 3772 8).
849 3699 1003 3757 Unde
1033 3701 1345 3774 intelligitur
1367 3718 1578 3759 omnem
1611 3705 1840 3760 animam

252 3788 667 3860 participatione
694 3789 827 3849 lucis
857 3791 974 3857 Dei,
1005 3807 1110 3848 non
1139 3807 1234 3863 per
1258 3807 1317 3848 se
1347 3793 1536 3863 ipsam,
1579 3810 1699 3849 esse
1729 3795 1846 3864 pul-

249 3876 478 3945 chram,
520 3889 574 3933 et
615 3877 900 3948 decoram,
942 3891 1000 3938 et.
1041 3882 1237 3938 virtute
1268 3883 1579 3952 pollentem.
1611 3883 1763 3953 Quod
1790 3892 1845 3940 et

241 3970 344 4030 isti
390 3970 665 4026 Manichazi
708 3972 754 4027 si
797 3972 1205 4029 considerarent
1227 3983 1282 4029 et
1310 3975 1700 4046 intelligerent,
1737 3991 1842 4030 non

251 4060 314 4117 in
346 4068 553 4118 tantam
593 4061 972 4133 blasphemiam
1011 4064 1298 4131 caderent,
1345 4065 1578 4135 putando
1620 4081 1678 4122 se
1724 4082 1846 4126 esse

245 4160 510 4208 naturam
540 4162 593 4208 et
620 4154 965 4211 substantiam
1002 4155 1116 4212 Dei.
1158 4156 1262 4212 Sed
1303 4157 1422 4213 ideo
1451 4173 1554 4212 non
1585 4169 1842 4228 possunt,

241 4245 373 4315 quia
414 4260 523 4300 non
561 4247 877 4316 quiescunt;
918 4248 1199 4304 sabbatum
1243 4249 1388 4304 enim
1425 4249 1605 4306 cordis
1632 4265 1740 4306 non
1767 4251 1846 4306 iu-

251 4337 502 4408 telligunt
534 4356 548 4392 :
577 4353 709 4392 nam
749 4339 793 4396 si
837 4340 1214 4412 quiescerent,
1246 4341 1384 4398 sicut
1426 4341 1625 4398 dictum
1668 4353 1752 4400 est
1778 4345 1846 4400 ad

246 4431 292 4488 C
349 4451 409 4499 n,
437 4444 723 4504 peccatum
749 4450 904 4492 suum
929 4434 998 4492 ad
1022 4450 1083 4492 se
1108 4445 1506 4504 converterent,
1530 4437 1582 4492 id
1608 4448 1712 4505 est,
1739 4439 1843 4495 sibi

249 4525 590 4593 tribuerent,
639 4542 750 4582 non.
773 4527 918 4598 genti
948 4527 1134 4584 nescio
1160 4529 1246 4584 cui
1277 4529 1654 4596 tenebrarum;
1684 4542 1845 4603 atque

253 4618 323 4674 ita
364 4635 464 4688 per
512 4620 739 4691 gratiam
789 4620 890 4677 Dei
925 4621 1102 4677 eidem
1154 4629 1372 4692 peccato
1420 4621 1843 4682 dominarentur.

249 4709 406 4775 Nunc
445 4726 577 4766 vero
622 4722 676 4767 ct
715 4713 814 4783 ipsi
851 4720 907 4768 et
949 4727 1136 4774 omnes
1180 4715 1268 4784 qui
1311 4713 1539 4774 diversis
1578 4716 1849 4776 erroribus

246 4812 640 4876 coetumces,
685 4803 984 4860 resistendo
1023 4805 1231 4861 veritati
1270 4815 1468 4861 exeunt
1501 4821 1530 4859 a
1556 4805 1693 4864 faeie
1718 4808 1846 4874 Dei,

249 4895 394 4954 sicut
441 4892 600 4962 Cain,
651 4894 792 4952 sicut
836 4895 1005 4954 Judzei
1057 4896 1272 4966 perditi,
1325 4894 1565 4952 habitant
1610 4898 1662 4954 in
1707 4907 1845 4954 terra

253 4985 666 5054 eommotionis,
690 4986 744 5040 id
763 4997 868 5054 est,
901 4988 955 5042 in
981 4988 1378 5057 perturbatione
1407 4990 1632 5056 carnali,
1662 5003 1849 5046 contra

249 5076 652 5150 iucunditatem
675 5079 801 5146 Dei,
829 5078 930 5134 hoc
953 5087 1036 5134 est
1059 5089 1248 5138 contra
1266 5080 1409 5138 Edeu
1442 5079 1593 5152 (Gen.
1625 5098 1699 5149 tv,
1738 5083 1847 5152 16),

251 5170 400 5238 quod
428 5171 817 5242 interpretatur
858 5171 1138 5244 Epulatio,
1171 5171 1262 5230 ubi
1288 5182 1369 5228 est
1399 5173 1664 5242 plantatus
1691 5189 1848 5244 para-

251 5260 427 5318 disus.
456 5261 578 5318 1am
605 5271 800 5318 cetera
837 5278 1006 5334 pauca
1043 5262 1112 5320 de
1154 5264 1331 5320 multis
1368 5265 1704 5336 breviterque
1731 5283 1851 5336 per.

253 5357 544 5429 stringam,
574 5370 643 5411 ne
671 5357 1001 5427 propositum
1027 5357 1206 5426 operis
1231 5356 1388 5427 hujus
1412 5367 1468 5412 et
1486 5360 1850 5427 responsionis

254 5463 399 5503 mea:
423 5447 592 5514 nimia
619 5446 953 5519 longitudine
976 5447 1242 5504 senuenis
1267 5448 1572 5520 impediam.

322 5620 344 5689 ξ
378 5618 523 5689 aditi,
541 5618 701 5689 magis
722 5619 853 5684 quia.
880 5621 1044 5689 abest.
1067 5623 1240 5689 magis,
1264 5637 1294 5677 a
1311 5633 1417 5678 Mss.

319 5682 347 5749 ξ
381 5680 574 5744 Aliquot
590 5680 720 5749 sig,
734 5680 931 5749 superbi
947 5680 1108 5749 regno.

321 5742 346 5778 ³
380 5742 711 5808 latinscripti,
727 5742 927 5797 interra
950 5742 1105 5798 n'tiim.

1540 271 1743 332 LIBER
1781 264 2236 329 DUODECIMUS.

2027 383 2254 442 CAPUT
2276 381 2674 454 XlV.—-Quem
2698 386 2843 444 enim
2865 401 2970 445 non
2992 391 3280 452 movcarad
3306 409 3536 468 qutcrert

1957 475 2080 530 dum
2109 485 2164 532 et
2193 477 2590 549 intelligendum
2630 478 2897 540 Christum
2934 481 2986 535 in
3014 481 3115 538 illis
3149 482 3320 542 Libris
3343 527 3359 554 ,
3394 497 3453 544 ut
3490 503 3551 541 ea

1956 570 2198 626 omittam
2228 587 2345 642 quae
2371 573 2613 643 quamvis
2643 582 2790 630 tanto
2819 575 3034 633 suavius
3074 578 3501 651 contemplemur
3543 621 3560 647 ,

1956 673 2155 733 quanto
2189 679 2256 720 ex
2285 664 2632 722 abditioribus
2660 666 2791 722 locis
2819 668 3189 736 enucleantur,
3225 680 3398 728 tamen
3424 673 3541 730 exi-

1954 762 2085 824 gunt
2107 755 2460 825 prolixitatem
2484 756 2893 826 dissertationis,
2922 759 3042 829 quia
3067 760 3304 829 pluribus
3324 770 3544 818 attesta-

1959 845 2190 900 tiouibus
2220 845 2492 916 indigent:
2526 857 2584 902 ut
2613 849 2855 906 omittam
2883 865 3014 920 ergo
3040 850 3161 905 talia
3187 868 3202 916 ;
3243 867 3400 922 quem
3432 867 3538 908 non

1957 944 2203 990 moveant
2225 934 2290 990 ad
2311 935 2580 992 salubrem
2603 938 2784 1005 tidem,
2814 940 2954 1010 quod
2985 940 3168 998 Enoch
3195 941 3452 1009 septimus
3475 942 3542 996 ab

1956 1026 2123 1081 Adam
2144 1069 2160 1092 ,
2191 1027 2299 1082 Deo
2328 1028 2539 1097 placuit,
2558 1037 2611 1084 et
2626 1031 2905 1086 translatus
2935 1039 3016 1086 est
3045 1029 3200 1101 (Gen.
3228 1047 3259 1086 v
3279 1074 3296 1098 ,
3320 1032 3448 1107 24);
3484 1044 3542 1094 et

1955 1119 2177 1188 septima
2225 1120 2436 1190 requies
2485 1120 2842 1190 praedicatur,
2893 1123 2960 1178 ad
3008 1139 3164 1195 quam
3224 1127 3540 1184 transfertur

1955 1209 2128 1263 omnis
2175 1210 2263 1280 qui
2311 1219 2557 1281 tanquam
2608 1221 2760 1266 sexto
2802 1213 2890 1269 die
2930 1223 3076 1268 sexta
3127 1225 3284 1272 mtate
3333 1219 3534 1285 seculi,

1953 1298 2151 1354 Christi
2193 1300 2420 1356 adventu
2469 1301 2770 1357 formatur?
2805 1303 2955 1370 Quod
2995 1303 3106 1360 Noe
3143 1321 3264 1361 cum
3304 1308 3414 1362 suis
3443 1325 3537 1379 per

1955 1403 2143 1458 aquam
2168 1399 2219 1444 et
2245 1391 2442 1458 lignum
2467 1391 2722 1448 liberatur
2745 1391 2854 1463 (Id.
2888 1409 2958 1449 vn
2978 1435 2992 1460 ,
3023 1395 3153 1465 25),-
3182 1399 3319 1453 sicut
3340 1399 3535 1455 familia

1952 1479 2148 1535 Christi
2167 1496 2260 1552 per
2275 1480 2600 1552 Baptismum
2617 1485 2788 1542 crucis
2805 1486 3052 1556 passione
3067 1487 3303 1556 signatur
3324 1491 3365 1546 ².
3384 1490 3537 1560 Quod

1953 1568 2019 1626 de
2049 1571 2202 1644 lignis
2241 1573 2510 1644 quadratis
2540 1573 2724 1630 eadem
2751 1591 2874 1632 arca
2903 1575 3224 1646 fabricatur;
3264 1583 3402 1637 sicut
3429 1584 3532 1637 Ee-

1952 1663 2115 1720 clesia
2158 1664 2226 1721 de
2254 1667 2450 1721 sanctis
2489 1668 2846 1739 construitur,
2875 1667 2940 1724 ad
2979 1683 3138 1726 omne
3171 1687 3304 1744 opus
3336 1673 3535 1730 bonum

1952 1770 2163 1826 semper
2207 1761 2404 1828 paratis
2443 1757 2518 1829 (ll
2550 1757 2679 1813 Tim.
2713 1775 2780 1828 ιι,
2807 1761 2936 1830 21).
2979 1760 3306 1832 Quadratum
3350 1766 3534 1832 enim,

1953 1863 2284 1918 quacumque
2311 1851 2534 1910 verteris
2557 1892 2574 1916 ,
2602 1851 2824 1908 tirmiter
2852 1861 2974 1908 stat.
3006 1853 3157 1924 Quod
3179 1856 3352 1913 sexies
3380 1857 3534 1930 longa

1951 1939 2015 1992 ad
2043 1939 2371 1995 latitudinem
2403 1957 2578 2009 suam,
2603 1951 2656 1998 et
2683 1942 2862 2001 decies
2887 1943 2953 2000 ad
2982 1945 3310 2004 altitudinem
3343 1963 3489 2004 suam
3515 1992 3533 2016 ,

1952 2027 2164 2086 lanatani
2193 2033 2433 2102 corporis
2468 2033 2667 2100 instar,
2698 2035 2929 2090 ostendit
2956 2037 3075 2106 quia
3103 2038 3154 2092 in
3182 2053 3404 2110 corpore
3433 2041 3536 2094 hu-

1953 2138 2110 2177 mano
2152 2121 2396 2179 Christus
2436 2129 2698 2198 apparuit.
2737 2127 2887 2195 Quod
2926 2128 3118 2183 cubitis
3157 2130 3534 2203 quinquaginta

1950 2211 2170 2270 latitudo
2201 2215 2317 2286 ejus
2356 2217 2712 2287 expauditur;
2751 2218 2884 2272 sicut
2932 2217 3060 2274 dicit
3090 2221 3409 2290 Apostolus,
3435 2221 3536 2277 Cor

1949 2316 2176 2362 nostrum
2202 2309 2466 2364 dilatatam
2485 2319 2556 2364 est
2577 2309 2638 2382 (ll
2669 2310 2784 2365 Cor.
2816 2327 2869 2366 Vl
2889 2351 2906 2376 ,
2932 2311 3046 2380 11).
3071 2312 3220 2369 Unde
3239 2355 3252 2376 ,
3284 2313 3385 2368 nisi
3407 2315 3536 2370 cha-

1949 2399 2102 2453 ritate
2122 2400 2378 2468 spirituali
2395 2401 2418 2454 ?
2437 2400 2660 2470 Propter
2679 2400 2818 2472 quod
2842 2402 2955 2472 ipse
2977 2402 3100 2458 item
3122 2403 3278 2458 dicit:
3301 2403 3532 2458 (ἐΙιανὶω

1952 2489 2046 2544 Dei
2069 2488 2256 2558 diﬂ'usa
2283 2491 2428 2546 estin
2453 2492 2685 2548 cordibus
2711 2493 2893 2548 nostris
2921 2510 3009 2562 per
3034 2493 3280 2578 Spiritum
3301 2506 3533 2549 sanctum

1947 2581 2033 2651 qui
2060 2581 2208 2636 datus
2236 2592 2311 2637 est
2342 2581 2482 2636 nobis
2511 2581 2684 2654 (Rom.
2718 2599 2771 2650 v,
2802 2581 2879 2656 5).
2912 2584 3358 2658 Quinquagcsimo
3387 2587 3530 2640 enim

1946 2671 2034 2728 die
2060 2683 2177 2744 post
2201 2675 2644 2732 resurrectionem
2669 2691 2820 2730 suam
2838 2675 3083 2735 Christus
3102 2686 3346 2732 sanctum
3366 2677 3533 2747 Spiri-

1949 2772 2058 2819 tum
2089 2765 2252 2830 misit,
2299 2782 2404 2836 quo
2443 2766 2602 2821 corda
2646 2769 2973 2824 credentium
3011 2769 3249 2824 dilatavit
3287 2769 3421 2843 (Act.
3455 2786 3528 2837 ιι,

1948 2857 1973 2912 1
2013 2856 2088 2928 4).
2118 2856 2267 2924 Quod
2291 2859 2544 2913 trecentis
2571 2860 2763 2916 cubitis
2790 2860 2943 2934 longa
2971 2870 3073 2928 est,
3103 2871 3160 2918 ut
3182 2862 3356 2919 sexies
3380 2863 3534 2932 quin-

1946 2949 2191 3021 quaginta
2216 2951 2582 3020 compleantur
2606 2969 2619 3006 :
2647 2952 2784 3008 sicut
2809 2970 2901 3010 sex
2927 2955 3170 3010 natatibus
3196 2972 3355 3012 omne
3374 2956 3532 3026 hujus

1945 3043 2126 3098 seaculi
2149 3055 2355 3114 tempus
2378 3044 2700 3114 extenditur,
2731 3047 2782 3102 in
2807 3047 2996 3117 quibus
3017 3048 3266 3104 omnibus
3291 3049 3533 3106 Christus

1948 3150 2216 3205 nunquam
2245 3135 2447 3192 destitit
2465 3137 2744 3207 prsedieari
2768 3155 2784 3205 ;
2813 3139 2863 3194 in
2889 3140 3120 3210 quinque
3140 3141 3160 3174 ²
3187 3156 3280 3211 per
3301 3141 3536 3214 Pmphe-

1949 3226 2071 3280 tiam
2098 3227 2479 3296 pratnuntiatus
2502 3271 2522 3294 ,
2550 3229 2602 3285 iu
2630 3239 2778 3285 sexta
2805 3246 2899 3300 per
2927 3231 3272 3302 Evangelium
3294 3231 3535 3288 ditfatna-

1948 3326 2050 3373 tus.
2069 3317 2219 3386 Quod
2242 3318 2591 3388 ejusaltitudo
2615 3322 2824 3394 triginta
2840 3322 3034 3378 cubitis
3053 3307 3238 3395 surgit,
3257 3340 3414 3396 quem
3438 3341 3537 3378 nu-

1948 3422 2153 3462 merum
2169 3407 2344 3464 decies
2362 3410 2518 3466 habet
2535 3411 2584 3465 iu
2607 3413 2853 3467 trecentis
2875 3413 3064 3468 cubitis
3082 3414 3351 3485 longitudo
3374 3434 3388 3470 :
3409 3405 3533 3485 quia

1945 3501 2189 3558 Christus
2226 3511 2307 3558 est
2352 3503 2574 3561 altitudo
2613 3513 2834 3570 nostra,
2879 3506 2967 3576 qui
3014 3507 3226 3577 triginta
3272 3523 3533 3563 annorum

1945 3601 2157 3650 aetatem
2197 3609 2408 3664 gerens,
2443 3594 2740 3650 doctrinam
2766 3597 3124 3668 evangelicum
3162 3601 3491 3654 consecravit
3516 3641 3530 3662 ,

1946 3695 2249 3741 contestans
2284 3686 2476 3758 Legem
2499 3704 2603 3742 non
2627 3703 2686 3744 se
2706 3690 2914 3746 venisse
2937 3690 3166 3758 solvere,
3197 3691 3291 3748 sed
3312 3692 3537 3762 implere

1949 3776 2159 3849 (Matth.
2186 3793 2220 3832 v
2240 3819 2255 3843 ,
2287 3778 2400 3848 17).
2432 3778 2588 3849 Legis
2623 3789 2800 3834 autem
2824 3795 2917 3837 eor
2943 3781 2995 3840 in
3023 3780 3209 3838 decem
3255 3784 3536 3854 prteceptis

1948 3871 2251 3940 agnoscitur
2279 3891 2294 3924 :
2325 3871 2466 3926 unde
2497 3872 2681 3947 decies
2707 3873 2920 3930 tricenis
2942 3889 3080 3930 are-.c
3110 3875 3380 3948 longitudo
3409 3892 3535 3947 pcr-

1951 3963 2160 4028 fieitur;
2193 3963 2330 4018 unde
2353 3973 2406 4018 et
2433 3964 2546 4034 ipse
2571 3965 2680 4020 Noe
2700 3968 2769 4020 ab
2795 3967 2964 4024 Adam
2988 3968 3238 4028 decimus
3256 3980 3536 4040 computa—

1951 4065 2040 4109 tur
2064 4054 2211 4126 (Cen.
2244 4072 2302 4117 v,
2331 4065 2377 4110 et
2406 4055 2530 4110 Luc.
2557 4073 2644 4125 ut,
2672 4059 2885 4128 56-38).
2918 4061 3069 4128 Quod
3094 4061 3361 4125 bitumine
3375 4061 3538 4132 gluti-

1951 4158 2144 4202 nantur
2167 4164 2304 4210 arca:
2341 4149 2480 4220 ligna
2507 4149 2820 4208 intrinsecus
2841 4161 2894 4206 et
2916 4153 3246 4212 extrinsecus
3271 4152 3424 4227 (Gen.
3448 4170 3535 4218 vt,

1953 4240 2060 4304 14,
2115 4237 2244 4313 15);
2287 4249 2346 4295 ut
2389 4241 2440 4295 in
2481 4255 2733 4312 compage
2777 4243 2991 4297 unitatis
3032 4243 3358 4312 significetur
3395 4243 3537 4299 tole-

1951 4333 2120 4388 rantia
2150 4331 2444 4398 charitatis,
2475 4349 2541 4388 ne
2569 4333 2832 4388 scandulis
2865 4334 3157 4390 Ecclesium
3187 4335 3536 4403 lenientibus,

1950 4425 2066 4481 sive
2092 4425 2161 4480 ab
2184 4424 2264 4480 eis
2291 4426 2378 4495 qui
2410 4426 2570 4492 intus,
2601 4426 2714 4481 sive
2741 4426 2808 4481 ab
2837 4427 2918 4482 eis
2939 4426 3028 4498 qui
3058 4426 3184 4494 toris
3213 4436 3364 4495 sunt,
3384 4429 3539 4486 cedat

1950 4516 2184 4573 fraterna
2216 4516 2504 4586 jnnctura,
2549 4526 2602 4570 et
2648 4516 2885 4572 solvatur
2927 4517 3191 4572 vinculum
3228 4519 3393 4590 pacis.
3446 4521 3541 4576 Est

1951 4609 2092 4664 enim
2123 4610 2360 4664 bitumen
2411 4608 2859 4664 ferventissimam
2887 4620 2938 4665 et
2965 4610 3544 4684 violentissimumglu-

1955 4711 2061 4768 ten,
2093 4702 2394 4773 signiﬁcans
2421 4701 2717 4762 dilectionis
2741 4701 3008 4768 ardorem,
3042 4703 3089 4756 vi
3117 4719 3309 4775 magna.
3335 4703 3541 4764 tortitu-

1953 4793 2094 4849 dinis
2129 4793 2207 4848 ad:
2244 4793 2530 4852 tenendum
2575 4794 2894 4850 societatem.
2928 4793 2950 4825 ³
2991 4795 3328 4865 spiritualem
3362 4795 3540 4852 munia

1953 4885 2292 4940 tolerantem.

2026 4975 2251 5034 CAPUT
2316 4975 2432 5032 XV.
2454 4975 2690 5045 —Quod
2720 4985 2911 5033 cuncta
2939 4976 3248 5032 animalium
3271 4991 3465 5046 genera
3487 4975 3537 5032 in

1955 5084 2078 5124 arca
2121 5069 2482 5130 clauduntur:
2537 5070 2674 5125 sicut
2713 5085 2902 5126 omnes
2948 5079 3157 5140 gentes,
3204 5084 3344 5138 quas
3379 5070 3541 5125 etiam

1956 5162 2116 5217 Petro
2157 5162 2550 5218 demonstratus
2597 5162 2777 5217 discus
2822 5162 2911 5217 ille
2950 5161 3248 5231 significat,
3305 5161 3541 5225 Ecclesia

1957 5255 2210 5314 continet.
2243 5255 2394 5323 Quod
2420 5263 2474 5312 et
2499 5255 2690 5312 munda
2721 5264 2776 5309 et
2801 5253 3168 5321 immundaibi
3189 5264 3315 5308 sunt
3334 5260 3538 5310 anima-

1958 5347 2029 5403 lia
2070 5346 2203 5414 (Λα.
2233 5362 2300 5415 x,
2329 5347 2394 5403 11.
2414 5387 2432 5416 ,
2462 5347 2555 5418 12)
2583 5364 2595 5400 :
2633 5347 2770 5402 sicut
2797 5345 2852 5401 in
2894 5345 3147 5403 Ecclesiae
3185 5345 3544 5412 Sacramentis

2028 5499 2046 5566 ξ
2080 5503 2221 5566 tan,
2244 5497 2501 5566 signatum.
2529 5498 2912 5566 ErLLungen.
2935 5499 3090 5566 secuti
3113 5512 3298 5566 sumus.
3358 5507 3450 5566 __tl.

1989 5563 2213 5638 afui-miti,
2236 5559 2494 5626 in'quinta.
2517 5561 2685 5612 Melius
2696 5559 2831 5622 'ttss.,
2850 5560 2901 5612 in
2919 5559 3126 5628 quiaque
3141 5574 3168 5638 4:
3186 5561 3408 5624 subaudi,
3435 5569 3549 5615 teta-

2279 5691 2375 5749 Er.,
2389 5685 2636 5737 ardorem.
2654 5684 2707 5736 in
2728 5683 3198 5745 numerandum
3213 5685 3279 5739 ad
3297 5687 3552 5739 ιικαυωι
