4016 6444
514 306 619 364 265

508 432 566 480 et
592 421 717 477 boni
744 429 799 476 et
829 419 951 475 mali
980 424 1279 473 versantur.
1307 412 1458 483 Quod
1489 421 1705 481 septena
1730 418 1852 463 sunt
1870 406 2085 471 munda,

510 528 565 572 et
604 517 725 571 bina
770 511 1041 568 immunda
1069 508 1220 581 (Gen.
1252 523 1353 573 vn,
1383 505 1478 576 ‘2):
1518 519 1621 557 non
1662 502 1784 572 quia
1815 500 2090 570 pauciores

509 616 633 662 sunt
660 606 782 660 mali
807 619 964 675 quam
992 602 1149 665 boni;
1182 597 1274 653 sed
1302 597 1422 666 quia
1451 594 1573 649 boni
1602 601 1815 647 servant
1835 591 2091 644 unitatem

511 700 727 769 Spiritus
770 697 822 750 in
872 694 1082 748 vinculo
1126 690 1287 760 pacis.
1330 687 1581 741 Sanctum
1622 692 1798 738 autem
1841 680 2094 750 Spiritum

513 790 691 844 divina
720 788 987 856 Scriptura
1013 784 1065 837 in
1087 777 1379 850 septiformi
1405 777 1710 847 operatione
1736 771 2090 835 commendat,

512 877 786 948 sapientiae
813 885 867 930 et
896 874 1211 934 intellectus,
1233 868 1437 923 consilii
1463 877 1518 921 et
1543 864 1886 929 fortitudinis,
1917 862 2094 915 scien-

512 971 601 1024 tiae
631 978 684 1023 et
713 966 923 1037 pietatis
944 1006 959 1031 ,
993 973 1045 1018 et
1078 960 1282 1015 timoris
1312 959 1401 1013 Dei
1442 955 1597 1029 (Isai.
1624 972 1674 1009 χι
1697 996 1711 1022 ,
1742 955 1807 1021 9.,
1838 954 1914 1024 5).
1946 952 2097 1008 Unde

512 1070 567 1116 et
605 1060 691 1113 ille
730 1069 982 1111 nun'ierus
1024 1049 1399 1122 quinquaginta
1440 1047 1644 1102 dierum
1690 1044 1755 1099 ad
1807 1042 2094 1098 adventum

514 1149 681 1205 sancti
704 1146 931 1216 Spiritus
954 1144 1245 1213 pertinens,
1272 1142 1322 1194 iu
1350 1138 1546 1209 septies
1570 1135 1822 1206 septenis,
1853 1135 1941 1204 qui
1967 1132 2098 1186 ﬁunt

513 1240 859 1312 quadraginta
891 1250 1084 1291 novem
1106 1276 1122 1301 ,
1153 1248 1258 1287 uno
1284 1232 1462 1287 addito
1501 1236 1933 1290 consummatur;
1972 1240 2097 1295 pro-

514 1343 631 1402 pter
676 1329 817 1399 quod
858 1328 1058 1383 dictum
1106 1334 1227 1380 est:
1286 1322 1555 1378 Studcntes
1608 1334 1805 1374 servare
1858 1319 2097 1371 unitatem

511 1426 720 1494 spiritus
743 1423 795 1476 in
824 1419 1021 1475 vinculo
1047 1419 1186 1489 pacis
1215 1415 1432 1487 (Ep/tes.
1461 1430 1517 1469 tv
1540 1456 1555 1480 ,
1584 1411 1660 1485 ὅ).
1689 1412 1807 1467 Mali
1838 1420 2015 1465 autem
2047 1411 2098 1461 in

513 1515 721 1570 binario
749 1508 1055 1567 uumero'ad
1080 1507 1363 1563 schismata
1389 1505 1590 1571 faciles,
1612 1511 1666 1559 et
1693 1502 1917 1572 quodam
1942 1498 2100 1554 modo

514 1605 804 1661 divisibiles
855 1599 1227 1656 ostenduntur.
1280 1595 1432 1663 Quod
1483 1596 1596 1665 ipse
1647 1594 1759 1648 Noe
1812 1608 1932 1647 eum
1989 1591 2100 1645 suis

516 1705 737 1750 octavus
766 1699 1075 1747 numeratur
1102 1708 1115 1744 :
1138 1688 1256 1759 quia
1288 1688 1338 1741 in
1366 1686 1577 1741 Christo
1602 1700 1724 1755 Spes
1748 1683 2099 1739 resurrectio.

516 1787 598 1841 nis
626 1793 819 1841 nostra:
848 1781 1109 1853 apparuit,
1141 1780 1231 1850 qui
1257 1789 1445 1833 octavo
1471 1775 1578 1842 die,
1612 1775 1663 1829 id
1692 1783 1793 1839 est,
1829 1780 1946 1843 post
1974 1772 2100 1824 sab-

514 1884 624 1941 bati
649 1882 928 1954 septimum
956 1878 1160 1951 primo,
1185 1890 1214 1933 a
1242 1872 1465 1930 mortuis
1506 1870 1833 1933 resurrexit;
1862 1868 1949 1938 qui
1986 1867 2101 1920 dies

515 1994 545 2030 a
576 1976 822 2047 passione
851 1972 1036 2027 tertius
1057 2011 1074 2037 ,
1103 1968 1156 2023 in
1193 1978 1416 2023 numero
1454 1970 1631 2019 autem
1658 1959 1862 2017 dierum
1894 1957 1980 2027 qui
2008 1970 2102 2026 per

515 2082 673 2123 omne
699 2076 906 2133 tempus
933 2063 1235 2126 volvuntur,
1264 2067 1317 2115 et
1345 2068 1568 2112 octavus
1592 2062 1648 2109 et
1674 2054 1873 2124 primus
1902 2059 2004 2107 est.

584 2154 810 2211 CAPUT
847 2152 986 2208 XVI.
1008 2182 1079 2192 --—
1099 2150 1250 2218 Quod
1277 2164 1399 2203 arca
1427 2146 1646 2201 collecta
1672 2144 1739 2198 ad
1771 2158 1929 2197 unum
1956 2140 2102 2195 cubi-

517 2262 626 2306 tum
666 2249 895 2318 desuper
943 2250 1386 2301 consummatur:
1436 2239 1573 2293 sicut
1627 2236 1861 2291 Ecclesia
1909 2247 2103 2302 corpus

514 2341 708 2397 Christi
739 2339 790 2392 in
819 2337 1074 2392 unitatem
1096 2334 1314 2389 collecta
1340 2330 1653 2385 sublimatur
1677 2334 1733 2381 et
1759 2323 2027 2395 perﬁcitur
2059 2324 2098 2376 ¹.

522 2435 670 2489 Unde
695 2432 823 2488 dicit
868 2431 921 2485 in
972 2427 1296 2498 Evangelio:
1344 2424 1440 2490 Qui
1488 2437 1683 2475 mecum
1727 2435 1825 2473 non
1869 2415 2100 2487 colligit,

520 2528 714 2598 spargit
739 2523 947 2593 (Matth.
976 2538 1047 2576 xu
1068 2562 1082 2587 ,
1114 2519 1228 2588 50).
1260 2516 1413 2585 Quod
1453 2514 1628 2569 aditus
1656 2514 1705 2569 ei
1748 2514 1800 2565 ﬁt
1826 2526 1853 2564 a
1896 2511 2060 2564 latere
2086 2527 2099 2563 :

519 2633 675 2673 nemo
699 2616 891 2687 quippe
915 2614 1072 2667 intrat
1104 2612 1155 2665 in
1181 2608 1470 2663 Ecclesiam
1492 2647 1505 2671 ,
1540 2603 1641 2659 nisi
1670 2618 1763 2674 per
1784 2602 2070 2657 Sacramen
2087 2626 2101 2636 -

519 2720 629 2762 tum
670 2704 1000 2761 remissionis
1047 2709 1420 2771 peccatorum;
1456 2695 1555 2750 hoc
1584 2704 1761 2748 autem
1799 2690 1866 2747 de
1904 2689 2101 2745 Christi

519 2800 685 2853 latere
712 2806 896 2867 aperto
940 2792 1189 2850 manavit.
1220 2789 1372 2858 Quod
1403 2787 1652 2842 inferiora
1692 2800 1827 2839 προ)
1867 2784 2104 2839 bicame-

523 2899 636 2944 rata
664 2897 717 2943 et
748 2888 1080 2943 tricamcrata
1104 2889 1481 2937 construuntur
1507 2876 1658 2949 (Gen.
1683 2893 1773 2942 vr,
1808 2874 1894 2943 16)
1924 2893 1937 2928 :
1967 2873 2105 2928 sicut

520 2997 585 3036 ex
629 2979 875 3034 omnibus
925 2974 1168 3047 gentibus
1218 2970 1305 3027 vel
1356 2970 1658 3041 bipartitam
1710 2966 2100 3020 multitudinem

519 3079 807 3142 congregat
845 3067 1080 3123 Ecclesia
1106 3106 1121 3130 ,
1146 3072 1360 3134 pr0pter
1398 3058 1855 3116 circumcisionem
1883 3066 1935 3112 et
1965 3072 2106 3125 prac-

522 3163 767 3232 putium;
813 3159 898 3213 vel
955 3156 1305 3228 tripartitam,
1352 3160 1570 3222 prepter
1624 3159 1731 3205 tres
1782 3149 1917 3203 ﬁlios
1971 3146 2103 3212 Noe,

520 3269 746 3324 quorum
792 3249 1041 3322 progenie
1084 3248 1317 3318 repletus
1356 3254 1440 3301 est
1480 3243 1646 3299 orbis.
1696 3242 1764 3297 Et
1806 3241 1925 3296 ideo
1967 3257 2106 3296 arcm

521 3344 770 3400 inferiora
800 3343 895 3396 ista
931 3340 1067 3395 dicta
1097 3346 1249 3402 sunt,
1281 3336 1399 3407 quia
1429 3336 1483 3389 in
1510 3335 1609 3387 hac
1637 3341 1850 3388 terrena
1889 3331 1994 3385 vita
2026 3339 2109 3385 est

520 3438 798 3493 diversitas
827 3434 1058 3506 gentium
1086 3472 1101 3498 ,
1131 3433 1183 3484 in
1210 3444 1419 3484 summo
1447 3435 1624 3481 autem
1654 3438 1840 3481 omnes
1866 3424 1917 3478 in
1944 3437 2105 3478 unum

522 3541 973 3584 eonsummamnr.
1004 3524 1069 3579 Et
1112 3536 1214 3577 non
1243 3529 1326 3575 est
1356 3519 1455 3573 ista
1486 3517 1751 3572 varietas:
1783 3514 1904 3586 quia
1930 3516 2107 3569 omnia

520 3636 573 3680 et
603 3625 656 3678 in
700 3622 947 3677 erunibus
974 3619 1214 3673 Christus
1240 3623 1355 3680 est,
1386 3622 1636 3682 tanquam
1664 3624 1763 3664 nos
1789 3610 1841 3663 in
1870 3622 1975 3675 uno
2012 3623 2093 3661 cu-

522 3716 630 3770 Lito
656 3716 884 3783 desuper
907 3709 1109 3767 cmlesti
1140 3708 1341 3762 unitate
1362 3718 1760 3759 consummans.

591 3803 816 3859 CAPUT
854 3801 1017 3855 XVII.
1047 3830 1117 3839 —
1142 3796 1293 3867 Quod
1333 3807 1448 3866 post
1490 3804 1694 3863 septem
1743 3792 1857 3847 dies
1899 3807 1962 3846 ex
2004 3805 2109 3860 quo

522 3896 794 3963 ingressus
814 3899 897 3946 est
918 3890 1027 3944 Noe
1054 3890 1104 3944 in
1126 3903 1326 3954 arcam,
1352 3887 1543 3940 factum
1566 3894 1647 3938 est
1667 3882 1921 3937 diluvium
1949 3898 1962 3933 :
1987 3880 2109 3950 quia

524 3988 576 4040 in
602 4000 697 4055 spe
727 3983 914 4037 futurae
939 3981 1149 4051 quietis,
1177 3994 1295 4048 qua?
1324 3978 1547 4046 septimo
1572 3974 1658 4028 die
1684 3973 1976 4044 signiﬁcata
2004 3980 2105 4036 cst,

524 4074 869 4146 baptizautur.
914 4069 1064 4138 Quod
1105 4078 1295 4138 praeter
1340 4081 1513 4120 arcam
1547 4063 1720 4117 (minis
1758 4078 1904 4127 caro,
1950 4076 2107 4130 quam

526 4180 664 4224 terra
687 4165 1037 4230 sustentabat,
1064 4160 1263 4216 diluvio
1292 4156 1604 4224 consumpta
1628 4163 1743 4209 est:
1774 4155 1893 4222 quia
1920 4162 2110 4221 prater

526 4260 779 4318 Ecclesia:
807 4258 1147 4320 societatem,
1185 4267 1318 4321 aqua
1350 4248 1604 4318 Baptismi
1645 4246 1884 4315 quamvis
1924 4244 2107 4296 eadem

524 4356 630 4422 sit,
659 4368 763 4407 non
791 4350 960 4404 solum
992 4363 1097 4402 non
1126 4340 1264 4399 valet
1288 4343 1354 4396 ad
1380 4342 1625 4402 salutem,
1656 4337 1748 4392 sed
1772 4337 1909 4391 valet
1936 4336 2109 4405 potius

526 4448 591 4503 ad
617 4445 929 4517 perniciem.
950 4439 1099 4509 Quod
1125 4436 1468 4508 quadraginta
1490 4433 1676 4487 diebus
1696 4438 1749 4485 et
1767 4428 2110 4500 quadraginta

526 4538 770 4593 noctibus
805 4535 937 4604 pluit
971 4532 1078 4603 (Id.
1122 4544 1227 4590 νη,
1268 4526 1502 4594 17-25);
1550 4523 1671 4593 quia
1714 4522 1887 4575 omnis
1934 4528 2110 4575 reatus

526 4639 884 4700 peccatorum,
908 4627 995 4697 qui
1023 4626 1072 4679 in
1094 4623 1276 4678 decem
1309 4618 1585 4691 praeceptis
1608 4616 1767 4687 Legis
1793 4614 2104 4680 admittitur,

528 4736 623 4791 per
650 4719 953 4774 universum
985 4716 1167 4769 orbein
1198 4722 1476 4775 terrarum,
1505 4714 1593 4780 qui
1620 4716 1845 4778 quatuor
1874 4706 2110 4775 partibus

527 4811 863 4873 continetur;
891 4807 1073 4862 decem
1105 4804 1299 4875 quippe
1324 4810 1509 4872 quater
1533 4799 1687 4854 ducta
1713 4840 1729 4865 ,
1764 4796 2108 4868 quadraginta

528 4904 693 4967 ﬁunt;
715 4900 830 4955 sive
854 4899 941 4954 ille
970 4906 1165 4959 reatus,
1190 4892 1329 4964 quod
1351 4892 1415 4945 ad
1434 4891 1548 4945 dies
1572 4889 1818 4959 pertinet,
1843 4903 1906 4942 ex
1930 4901 2107 4941 rerum

525 4992 894 5063 prosperitate,
928 4990 1061 5053 sive,
1093 4985 1230 5054 quod
1257 4984 1323 5038 ad
1346 4993 1549 5046 noctes,
1575 4998 1641 5035 ex
1664 4996 1845 5036 rerum
1871 4978 2109 5033 adversi-

524 5096 630 5140 tate
678 5092 981 5140 contractus
1032 5082 1135 5145 sit,
1190 5084 1524 5135 sacramento
1573 5072 1828 5144 Baptismi
1876 5070 2108 5127 cmlcstis

523 5179 773 5232 abluitur.

596 5266 818 5322 CAPUT
858 5263 1044 5319 XVIII.
1074 5292 1140 5302 —
1170 5260 1321 5329 Quod
1366 5258 1477 5313 Noe
1530 5255 1938 5326 quingentorum
1993 5261 2110 5308 erat

523 5372 783 5414 annorum
819 5372 938 5410 cum
984 5356 1032 5410 ei
1064 5354 1269 5408 locutus
1297 5360 1377 5405 est
1423 5348 1675 5402 Dominus
1715 5356 1772 5399 ut
1802 5359 1977 5398 arcam
2007 5344 2107 5397 ειὺὶ

529 5451 757 5515 Iaceret,
785 5458 839 5503 et
864 5457 1143 5503 sexcentos
1171 5445 1359 5516 agebat
1386 5457 1551 5497 annos
1581 5455 1701 5495 cum
1738 5440 1788 5493 in
1818 5452 1934 5492 eam
1965 5446 2108 5492 esset

593 5624 609 5655 ί
646 5624 853 5672 Vaticani
898 5621 996 5671 duo
1039 5628 1091 5670 et
1115 5619 1370 5682 (Gallicani,
1394 5630 1545 5681 prOpe
1581 5628 1753 5682 omnes
1791 5621 1944 5682 Mss”.
1977 5611 2105 5682 sicut

526 5684 789 5810 milesiiam
810 5696 984 5746 corpus
1005 5679 1181 5733 Christi
1215 5682 1265 5733 in
1288 5674 1519 5733 wzitiztcut
1555 5680 1800 5730 collectum
1823 5674 2042 5727 sublimat
2059 5681 2105 5725 ct

533 5758 611 5800 rer
636 5758 678 5795 tr
725 5775 736 5796 ε

1327 296 1599 355 CONTRA
1640 292 1963 351 FAUSTUM
2004 288 2456 346 MANlCll.EUM.
2496 290 2553 347 S.
2595 288 2963 348 AUGUSTINI

3674 284 3791 347 ’964

2200 404 2471 475 ingressus
2484 405 2691 473 (ϐεγιν,
2710 405 2801 473 5t,
2826 420 2919 468 vn,
2939 404 3018 477 6),
3040 403 3181 460 unde
3202 404 3510 476 intelligitur
3530 420 3629 477 per
3654 422 3789 462 cen-

2200 505 2311 552 tum
2354 512 2523 552 annos
2568 512 2687 552 arca
2734 496 3020 562 fabricata;
3065 497 3193 567 quid
3233 498 3373 551 aliud
3411 498 3496 552 hic
3539 498 3790 553 videntur

2201 600 2411 645 centum
2441 589 2562 643 anni
2592 589 2889 660 signiﬁcare
2913 631 2927 653 ,
2960 589 3059 643 nisi
3086 599 3270 644 mtatcs
3300 589 3533 659 singulas
3562 591 3743 644 smcrili
3767 591 3792 643 ?

2201 680 2354 737 Unde
2378 682 2477 736 ista
2503 692 2649 736 sexta
2676 690 2823 748 actas,
2850 697 2967 751 quze
2991 682 3269 751 completis
3291 682 3596 751 quingentis
3623 698 3793 751 uSque

2202 775 2267 828 ad
2294 784 2573 830 sexcentos
2590 776 2931 845 signiﬁcatur,
2958 774 3008 828 in
3034 773 3459 828 manifestatione
3484 777 3793 845 evangeliea

2206 865 2495 920 Ecclesiam
2526 866 2817 931 construit;
2851 873 2904 920 et
2931 865 3051 918 ideo
3076 866 3162 935 qui
3186 865 3285 918 sibi
3314 865 3378 919 ad
3410 867 3568 919 vitam
3598 881 3796 919 consu-

2203 956 2295 1021 lit,
2328 957 2396 1011 sit
2436 957 2575 1011 velut
2620 956 2934 1026 quadratum
2980 956 3213 1025 lignum,
3266 965 3481 1024 paratus
3523 955 3589 1009 ad
3630 972 3794 1010 omne

2203 1062 2337 1117 opus
2366 1048 2584 1113 bonum,
2611 1056 2665 1102 ct
2690 1048 2850 1101 intret
2891 1048 2941 1101 in
2971 1047 3222 1101 fabricam
3261 1056 3497 1101 sanctam
3530 1065 3542 1099 :
3591 1049 3709 1116 quia
3741 1054 3793 1100 et

2204 1136 2472 1192 secundus
2500 1138 2699 1193 mensis
2725 1139 2846 1192 anni
2872 1138 3261 1202 scxcentesimi,
3287 1154 3392 1208 quo
3416 1139 3574 1192 intrat
3600 1138 3710 1192 Noe
3738 1140 3791 1192 in

2204 1243 2420 1294 aream,
2468 1231 2708 1286 eamdem
2756 1226 3021 1287 senariam
3075 1241 3285 1287 (etatem
3339 1232 3619 1302 signiﬁcat.
3676 1234 3795 1287 Duo

2205 1323 2345 1377 enim
2391 1334 2604 1379 menses
2644 1327 2987 1394 sexagenario
3030 1340 3252 1380 numero
3296 1326 3716 1391 concluduntur;
3762 1342 3793 1382 a

2204 1414 2414 1469 senario
2460 1423 2635 1469 autem
2677 1432 2898 1471 numero
2923 1425 2976 1470 et
3015 1417 3286 1487 sexaginta
3327 1417 3791 1487 cognominantur,

2204 1517 2257 1560 ct
2303 1507 2567 1571 sexcenti,
2596 1516 2649 1561 et
2700 1518 2796 1562 sex
2838 1508 3031 1574 millia,
3079 1514 3132 1562 et
3182 1509 3453 1579 sexaginta
3502 1510 3687 1575 millia,
3735 1516 3790 1565 et

2204 1607 2452 1652 sexcenta
2484 1597 2667 1663 millia,
2697 1605 2750 1652 et
2778 1599 3097 1665 sexcenties,
3129 1607 3182 1654 et
3208 1599 3424 1670 quiquid
3453 1600 3705 1670 deinceps
3737 1602 3789 1656 i'n

2205 1689 2491 1759 majoribus
2512 1691 2734 1745 summis
2760 1700 2853 1760 per
2878 1692 3124 1747 eumdem
3153 1694 3430 1747 articulum
3455 1710 3705 1748 numerus
3738 1695 3790 1749 i’n

2207 1781 2408 1835 inﬁnita
2438 1782 2762 1837 inercmcnta
2791 1784 3081 1851 consurgit.

2275 1872 2499 1927 CAPUT
2526 1872 2852 1927 XIX—Et
2897 1874 3035 1944 quod
3088 1874 3374 1944 vigesimus
3429 1882 3482 1929 et
3535 1877 3792 1945 septimus

2205 1966 2320 2021 dies
2350 1968 2547 2021 mensis
2572 1979 3050 2031 commemoratur;
3084 1968 3148 2022 ad
3179 1967 3415 2038 ejusdem
3451 1968 3791 2039 quadratum:

2207 2057 2642 2129 signiﬁcationem
2673 2058 2932 2127 pertinet,
2966 2074 3083 2126 qua:
3107 2059 3217 2128 jam
3246 2059 3296 2112 in
3326 2060 3600 2129 quadratis
3634 2061 3793 2131 lignis

2208 2151 2445 2219 exposita
2476 2160 2577 2205 est.
2607 2148 2712 2206 Sed
2747 2147 2836 2206 hic
2874 2150 3204 2217 evidentius,
3245 2153 3367 2223 quia
3394 2165 3490 2205 nos
3523 2150 3590 2205 ad
3632 2167 3794 2208 omne

2209 2258 2342 2311 opus
2371 2242 2565 2298 bonum
2610 2256 2821 2314 paratos
2840 2287 2854 2310 ,
2880 2245 2930 2300 id
2957 2253 3039 2299 est
3057 2287 3072 2309 ,
3099 2242 3327 2315 quodam
3358 2246 3517 2301 modo
3554 2256 3793 2318 conqua~

2209 2334 2389 2389 dratos
2416 2336 2626 2391 trinitas
2652 2337 2893 2404 perlicit:
2924 2336 2973 2390 in
3008 2336 3282 2399 memoria,
3314 2352 3415 2407 qua
3440 2329 3606 2391 Deum
3636 2354 3793 2393 reco-

2210 2425 2401 2491 limus;
2435 2427 2485 2480 in
2514 2427 2883 2497 intelligentia,
2922 2444 3025 2498 qua
3054 2429 3462 2498 cognoscimus;
3496 2429 3549 2484 in
3598 2430 3795 2485 volun-

2211 2527 2346 2581 tate,
2378 2533 2479 2589 qua
2510 2518 2793 2589 diligimus.
2822 2518 2943 2573 Tria
2973 2519 3113 2574 enim
3147 2527 3227 2573 ter
3251 2562 3263 2583 ,
3297 2529 3351 2574 et
3382 2521 3480 2574 hoc
3511 2530 3626 2587 ter,
3660 2522 3795 2576 ﬁunt

2209 2609 2389 2679 viginti
2434 2619 2662 2680 septem,
2708 2610 2797 2680 qui
2846 2620 2930 2665 est
2970 2611 3176 2665 numeri
3228 2611 3441 2665 ternarii
3480 2612 3789 2682 quadratus.

2209 2702 2359 2768 Quod
2399 2704 2627 2773 septimo
2670 2718 2853 2759 mense
2890 2718 3013 2758 arca
3053 2702 3209 2768 sedit,
3253 2703 3352 2757 hoc
3396 2712 3495 2768 est,
3533 2704 3795 2773 requievit

2215 2793 2335 2861 (Id.
2363 2812 2472 2862 vm,
2500 2797 2551 2859 4.
2580 2797 2646 2851 14
2666 2798 2717 2865 );
2751 2797 2816 2851 ad
2848 2797 2991 2852 illam
3022 2799 3301 2864 septimam
3331 2797 3567 2866 requiem
3594 2799 3796 2868 signiti-

2209 2887 2349 2942 catio
2381 2888 2625 2942 recurrit.
2656 2888 2720 2943 Et
2747 2889 2867 2958 quia
2908 2887 3124 2959 perfecti
3158 2890 3524 2959 requiescunt,
3555 2890 3625 2945 ibi
3656 2908 3793 2961 quo-

2210 2992 2313 3047 que
2335 2977 2474 3031 illius
2494 2977 2828 3048 quadratum:
2853 2994 3104 3034 numerus
3125 2978 3377 3035 iteratur:
3402 2996 3523 3035 nam
3542 2980 3795 3052 vigesima

2211 3068 2435 3138 septima
2479 3068 2565 3123 die
2600 3067 2818 3124 secundi
2864 3068 3064 3124 mensis
3109 3068 3539 3125 commendatum
3568 3081 3649 3126 cst
3693 3072 3796 3128 hoc

2210 3170 2635 3228 sacramentum;
2690 3172 2744 3217 et
2796 3177 2982 3217 rursus
3030 3162 3281 3231 vigesima
3329 3169 3385 3217 et
3433 3162 3655 3232 septima
3708 3163 3797 3221 die

2211 3253 2419 3324 septimi
2451 3254 2651 3309 mensis
2684 3252 2869 3308 eadem
2900 3252 3290 3307 commendatio
3328 3255 3637 3308 conﬁrmata
3667 3264 3750 3309 est
3777 3295 3794 3319 ,

2212 3360 2330 3399 cum
2361 3360 2482 3400 area
2521 3344 2820 3415 requievit:
2864 3344 3006 3414 quod
3033 3344 3173 3397 enim
3217 3344 3541 3414 promittitur
3579 3345 3633 3399 in
3676 3360 3794 3415 spe,

2214 3434 2313 3489 hoc
2344 3433 2622 3489 exhibetur
2656 3434 2707 3488 in
2749 3448 2824 3487 re.
2854 3433 3026 3488 Porro
3051 3434 3170 3504 quia
3199 3435 3311 3503 ipsa
3336 3435 3556 3506 septima
3586 3436 3798 3507 requies

2212 3540 2333 3579 cum
2363 3536 2547 3580 octava
2590 3524 2981 3579 resurrectione
3018 3525 3387 3595 conjungitur:
3437 3541 3607 3597 neque
3655 3528 3797 3582 enim

2215 3616 2419 3671 reddito
2446 3631 2671 3686 corpore
2700 3615 2883 3669 ﬁnitur
2907 3616 3117 3686 requies
3160 3630 3279 3687 qua:
3308 3626 3428 3686 post
3470 3616 3609 3672 hanc
3635 3618 3796 3671 vitam

2214 3706 2409 3774 excipit
2428 3716 2661 3771 sanctos,
2685 3705 2778 3760 sed
2806 3706 2978 3775 potius
3005 3716 3171 3760 totum
3200 3705 3469 3761 hominem
3496 3722 3599 3762 non
3626 3706 3801 3765 adhuc

2214 3812 2329 3867 Spe,
2357 3798 2449 3854 sed
2470 3797 2578 3867 jam
2606 3798 2719 3867 ipsa
2741 3813 2818 3860 re,
2843 3797 2987 3851 omni
3012 3812 3079 3852 ex
3108 3806 3277 3867 parte,
3298 3808 3349 3852 et
3370 3799 3585 3867 spiritus
3607 3808 3659 3854 et
3680 3815 3801 3853 θοι-δ

2217 3890 2360 3960 poris
2403 3889 2633 3959 perfecta
2678 3888 3091 3944 immortalitatis
3128 3888 3297 3943 salute
3343 3898 3687 3957 renovatum,
3742 3890 3799 3945 in

2215 3991 2430 4037 mtcrnzn
2458 3982 2577 4036 vita:
2608 3997 2799 4035 munus
2825 3980 3056 4035 adsumit
3084 3997 3098 4033 :
3129 3981 3254 4050 quia
3284 3994 3409 4049 ergo
3452 3981 3676 4051 septima
3708 3995 3798 4036 re-

2216 4078 2365 4147 quies
2384 4090 2505 4130 cum
2528 4084 2710 4130 octava
2734 4074 3123 4129 resurrectione
3148 4073 3511 4143 conjungitur;
3540 4082 3594 4127 et
3617 4072 3718 4127 hoc
3747 4074 3801 4128 in

2215 4171 2560 4223 Sacr-amento
2578 4165 2997 4236 regenerationis
3017 4173 3234 4230 nostrae,
3255 4163 3306 4219 id
3323 4174 3420 4223 est.
3439 4164 3490 4217 iu
3510 4164 3575 4217 Ba
3585 4165 3798 4233 ptismo,

2216 4249 2378 4313 altum
2411 4257 2832 4327 profundumque
2877 4255 3185 4326 mysterium
3216 4264 3318 4310 est.
3351 4254 3662 4321 Quindecim
3701 4268 3803 4308 cu-

2217 4350 2338 4404 bitis
2363 4347 2689 4418 supercrevit
2716 4361 2851 4417 aqua
2876 4345 3139 4401 excedens
3168 4345 3497 4400 altitudinem
3538 4346 3802 4400 montium

2218 4439 2332 4510 (Id.
2368 4455 2462 4503 vn,
2492 4438 2587 4509 20)
2615 4456 2627 4490 :
2660 4437 2711 4491 id
2764 4445 2865 4501 est,
2899 4436 3002 4492 hoc
3030 4436 3436 4493 Sacramentum
3469 4437 3803 4492 transcendit

2216 4545 2430 4585 onmem
2470 4530 2782 4599 sapientiam
2834 4528 3206 4598 superborum.
3243 4528 3456 4598 Septem
3502 4528 3697 4599 quippe
3748 4536 3806 4584 et

2216 4632 2338 4678 octo
2381 4622 2682 4692 conjuncti,
2713 4620 3014 4690 quindecim
3043 4620 3196 4675 ﬁunt.
3226 4621 3293 4676 Et
3320 4621 3441 4691 quia
3469 4621 3805 4691 septuaginta

2216 4730 2244 4768 a
2273 4724 2477 4784 septem
2498 4754 2512 4775 ,
2544 4721 2597 4766 et
2626 4711 2893 4782 octoginta
2921 4711 2988 4767 ab
3021 4719 3143 4766 octo
3189 4712 3599 4767 denominantur
3618 4754 3631 4775 ,
3666 4727 3806 4768 cono

2213 4806 2397 4876 juncto
2422 4814 2647 4874 utroque
2683 4816 2905 4858 numero
2928 4845 2943 4870 ,
2972 4812 3183 4859 centum
3209 4804 3587 4874 quinquaginta
3611 4803 3809 4861 diebus

2216 4898 2446 4954 exaltata
2474 4905 2557 4951 cst
2586 4910 2752 4967 aqua,
2783 4896 3023 4951 eamdem
3056 4896 3436 4951 commendans
3462 4897 3613 4952 nobis
3640 4906 3810 4967 atque

2215 4989 2536 5043 conlirmans
2561 4986 2894 5041 altitudinem
2916 4986 3169 5056 Baptismi
3195 4987 3245 5039 in
3271 4986 3633 5042 consecrando
3660 5002 3810 5042 novo

2217 5080 2430 5135 homine
2459 5079 2525 5135 ad
2555 5078 2838 5134 tenendam
2880 5077 3071 5148 quietis
3097 5086 3149 5131 et
3185 5077 3588 5132 resurrectionis
3616 5077 3810 5132 ﬁdem.

2286 5172 2509 5229 CAPUT
2552 5171 2671 5226 XX.
2698 5201 2764 5211 —-
2793 5170 2945 5237 Quod
2977 5178 3095 5239 post
3119 5168 3233 5224 dies
3261 5169 3603 5239 quadraginta
3632 5169 3813 5224 emis-

2215 5280 2306 5320 sus
2334 5278 2524 5320 corvus
2565 5277 2669 5318 non
2700 5270 2781 5317 est
2818 5275 3065 5317 reversus
3089 5302 3103 5327 ,
3134 5269 3223 5313 aut
3252 5260 3402 5329 aquis
3430 5260 3607 5330 utique
3636 5260 3819 5314 inter-

2214 5367 2422 5428 ceptus,
2452 5366 2541 5411 aut
2570 5356 2746 5425 aliquo
2767 5362 3143 5425 supernatante
3172 5352 3429 5408 cadavere
3455 5353 3695 5417 illectus;
3735 5354 3820 5407 si-

2215 5450 2428 5521 gniﬁcat
2473 5448 2716 5502 homines
2764 5444 3094 5501 immunditia
3134 5443 3436 5513 cupiditatis
3463 5444 3817 5510 teterrimos,

2215 5553 2269 5598 et
2295 5542 2365 5597 ob
2406 5541 2505 5595 hoc
2532 5539 2596 5594 ad
2631 5553 2690 5592 ea
2730 5553 2848 5607 quae
2874 5536 3004 5590 foris
3049 5546 3174 5590 sunt
3206 5536 3257 5588 in
3290 5536 3388 5589 hoc
3415 5534 3612 5588 mundo
3642 5535 3823 5591 nimis

2215 5635 2468 5697 intentos,
2497 5638 2588 5685 aut
2614 5628 2927 5697 rcbaptizari
2948 5667 2962 5692 ,
2995 5634 3085 5681 aut
3113 5626 3180 5680 ab
3208 5626 3287 5680 his
3316 5640 3449 5695 quos
3489 5634 3682 5695 prmter
3708 5640 3823 5681 ar-

2211 5732 2355 5781 cum.
2386 5723 2434 5777 id
2467 5731 2569 5789 est,
2604 5728 2795 5791 praeter
2827 5718 3114 5776 Ecclesium
3146 5718 3442 5790 Baptismus
3467 5717 3686 5786 occidit,
3714 5733 3824 5777 sc-
