4052 6466
299 525 416 583 duci
434 535 490 582 et
519 527 713 586 teneri.
737 525 889 598 Quod
907 525 1154 589 columba
1179 533 1394 602 emissa,
1423 551 1530 592 non
1556 539 1770 596 inventa
1791 531 1882 596 reé

294 621 412 690 quie
436 636 656 678 reversa
685 631 808 690 est;
857 626 1088 682 ostendit
1127 642 1222 698 per
1247 627 1457 686 Novum
1483 629 1884 690 Testamentum

291 712 528 782 requiem
569 716 767 770 sanctis
795 716 847 770 in
875 715 977 774 hoc
1009 719 1210 775 mundo
1252 736 1358 776 non
1393 736 1516 780 esse
1538 725 1879 794 promissam.

287 803 414 860 Post
439 807 791 879 quadraginta
820 810 963 866 enim
990 812 1106 868 dies
1135 815 1327 870 emissa
1355 825 1470 883 est;
1500 817 1590 888 qui
1629 833 1883 874 numerus

289 897 471 963 vitam,
500 914 624 970 quae
665 901 718 956 in
749 901 848 958 hoc
877 904 1078 960 mundo
1116 906 1306 977 agitur,
1335 907 1616 980 signiﬁcat.
1644 899 1884 981 Denique

285 999 404 1058 post
429 999 640 1060 septem
672 993 786 1050 dies
814 994 1054 1064 dimissa,
1087 1001 1306 1069 propter
1331 1000 1473 1056 illam
1495 1004 1874 1072 septenariam,

281 1080 652 1149 Operationem
679 1085 1028 1155 spiritualem,
1057 1088 1215 1144 olivae
1245 1090 1578 1148 fructuosum
1609 1093 1881 1150 surculmn

285 1170 468 1225 retulit
494 1189 508 1224 :
537 1188 646 1243 quo
673 1175 995 1246 significaret
1019 1181 1302 1237 nonnullos
1322 1183 1482 1238 etiam
1512 1193 1662 1240 extra
1693 1185 1881 1242 Eccle-

281 1261 415 1314 siam
447 1262 767 1332 baptizatos,
799 1268 844 1324 si
869 1269 948 1324 eis
975 1270 1239 1342 pinguedo
1263 1287 1369 1329 non
1391 1273 1622 1331 defuerit
1647 1275 1876 1332 Charita-

283 1351 372 1420 tis,
403 1357 708 1424 posteriore
730 1367 967 1431 tempore
995 1364 1145 1434 quasi
1179 1379 1424 1436 vespere,
1457 1367 1510 1421 in
1551 1382 1643 1423 ore
1673 1359 1882 1423 colum?

275 1441 366 1497 bae
389 1451 648 1517 tanquam
691 1449 745 1504 in
775 1453 959 1508 osculo
987 1455 1166 1524 pacis,
1205 1457 1270 1510 ad
1311 1457 1530 1514 unitatis
1571 1459 1878 1516 societatem

275 1549 442 1605 posse
486 1538 727 1608 perduci.
758 1540 911 1610 Quod
939 1552 1059 1614 post
1085 1546 1216 1602 alios
1241 1556 1446 1618 septem
1475 1549 1589 1606 dies
1618 1549 1837 1606 dimissa
1857 1592 1873 1620 ,

273 1641 502 1684 reversa
531 1645 638 1686 non
663 1641 747 1688 est
775 1633 927 1704 (Gen.
957 1637 1272 1707 vtu,6-l2);
1301 1639 1556 1710 signiﬁcat
1585 1639 1743 1697 ﬁnem
1771 1658 1876 1698 sae-

271 1719 410 1788 culi,
439 1724 658 1792 quando
682 1725 783 1781 erit
811 1737 1114 1785 sanctorum
1141 1732 1351 1802 requies
1377 1749 1483 1788 non
1508 1733 1682 1790 adhuc
1710 1736 1764 1790 in
1791 1750 1877 1790 sa-

271 1826 560 1872 cramento
580 1819 714 1889 Spei,
735 1835 840 1891 quo
867 1821 919 1877 in
941 1821 1042 1878 hoc
1069 1831 1311 1894 tempore
1331 1829 1668 1884 consociatur
1689 1829 1878 1885 Eccle-

273 1907 380 1975 sia,
407 1911 666 1980 quamdiu
693 1913 891 1968 bibitur
919 1917 1060 1986 quod
1092 1917 1158 1973 de
1183 1915 1376 1974 Christi
1404 1921 1574 1978 latere
1600 1923 1871 1992 manavit;

271 2001 374 2056 sed
395 2002 510 2072 jam
539 2003 592 2058 in
627 2005 738 2076 ipsa
779 2007 1104 2077 perfectione
1133 2011 1322 2066 salutis
1349 2021 1584 2086 :cternm,
1611 2030 1731 2070 cum
1763 2025 1875 2070 tra-

269 2091 436 2148 detur
461 2111 683 2166 regnum
715 2099 823 2153 Deo
851 2107 904 2154 et
929 2099 1075 2156 Patri
1102 2100 1146 2174 (I
1177 2101 1295 2158 Cor.
1324 2121 1414 2172 xv,
1455 2104 1572 2177 24),
1615 2117 1672 2162 ut
1701 2107 1753 2161 in
1787 2109 1873 2164 illa

269 2190 562 2258 perspicua
623 2193 1072 2263 contemplatione
1125 2195 1575 2255 incommutabilis
1631 2201 1872 2258 veritatis

269 2279 440 2334 nullis
467 2284 734 2353 mysteriis
763 2286 1127 2354 corporalibus
1149 2303 1418 2358 egeamus.

344 2371 578 2429 CAPUT
605 2374 747 2430 XXI.
771 2405 838 2418 -ν
863 2371 1031 2434 Nimis
1055 2379 1267 2450 longum
1289 2390 1369 2436 est
1388 2425 1402 2450 ,
1425 2391 1484 2438 ut
1513 2385 1598 2440 vel
1627 2392 1732 2442 tam
1755 2387 1874 2444 bre-

267 2464 414 2520 viter
437 2481 600 2536 quam
631 2467 745 2521 hinc
773 2471 1006 2536 cucurri,
1040 2481 1230 2526 cuncta
1256 2475 1556 2545 contingam
1583 2493 1594 2530 :
1619 2492 1715 2532 cur
1745 2493 1871 2534 sex-

269 2562 576 2614 centesimo
604 2571 658 2616 et
681 2578 790 2618 uno
818 2579 958 2620 anno
981 2566 1104 2621 vitae
1129 2565 1260 2630 Noe,
1292 2567 1468 2637 idest,
1491 2572 1721 2642 peractis
1747 2587 1871 2628 sex-

267 2653 450 2706 tentis
477 2655 628 2708 annis
659 2657 897 2724 aperitur
933 2673 1071 2714 arcae
1101 2668 1295 2714 tectum
1318 2703 1333 2727 ,
1362 2669 1416 2716 et
1444 2672 1692 2734 tanquam
1719 2681 1872 2722 reve-

265 2744 414 2801 latur
439 2747 580 2816 quod
601 2760 714 2804 erat
737 2751 1103 2809 absconditum
1122 2766 1536 2814 sacramentum.
1558 2758 1664 2814 Cur
1680 2761 1872 2832 vigesi-

265 2835 616 2909 ma'septima
635 2841 724 2897 die
749 2845 968 2900 secundi
995 2849 1199 2903 mensis
1220 2848 1414 2904 dicitur
1438 2850 1666 2906 siccasse
1689 2861 1828 2908 terra
1849 2854 1866 2884 ¹

273 2927 446 2999 (Gen.
472 2947 582 3000 vm,
613 2935 699 3000 i5,
734 2935 800 2991 14
823 2939 842 3006 )
863 2978 878 3002 ,
911 2946 1160 3010 tanquam
1187 2940 1335 2996 ﬁnita
1367 2952 1509 2998 esset
1549 2943 1660 3014 jam
1690 2945 1868 3016 hapti~

270 3023 432 3078 nandi
464 3029 754 3083 necessitas
774 3029 828 3084 in
857 3047 1082 3088 numero
1113 3033 1322 3090 dierttm
1350 3027 1789 3109 quinquagesimo
1814 3047 1870 3094 et

271 3116 528 3184 septimo.
559 3119 675 3190 Ipse
705 3129 787 3176 est
807 3124 946 3178 enim
972 3124 1087 3180 dies
1113 3127 1333 3182 secundi
1360 3129 1560 3184 mensis
1583 3130 1867 3202 vigesimus

267 3209 554 3279 septimus,
578 3213 666 3284 qui
689 3229 944 3273 numerus
973 3233 1040 3272 ex
1061 3219 1148 3274 illa
1178 3220 1550 3290 conjunctione
1577 3223 1793 3294 spiritus
1813 3231 1868 3280 et

267 3305 548 3372 corporis,
582 3308 781 3376 septies
820 3319 1041 3367 octonos
1069 3311 1263 3380 habet,
1293 3328 1399 3370 uno
1435 3315 1620 3370 addito
1649 3325 1866 3387 propter

265 3398 490 3454 unitatis
519 3399 809 3456 vinculum.
852 3403 958 3459 Cur
984 3405 1051 3460 de
1077 3421 1199 3462 arca
1230 3408 1500 3476 conjuncti
1529 3422 1740 3476 exeant,
1775 3413 1863 3482 qui

266 3487 527 3560 disjuncti
557 3493 908 3552 intraverant.
937 3497 1026 3554 Sic
1053 3500 1196 3554 enim
1222 3499 1423 3556 dictum
1450 3512 1584 3570 erat,
1619 3503 1760 3574 quod
1785 3505 1866 3560 in-

261 3585 489 3638 traverit
516 3585 571 3640 in
599 3601 779 3642 arcam
799 3588 910 3644 Noe
933 3599 986 3645 et
1013 3591 1104 3646 ﬁlii
1130 3591 1264 3662 ejus,
1290 3601 1346 3648 et
1371 3611 1504 3648 uxor
1526 3595 1639 3666 ejus
1659 3605 1714 3650 et
1733 3612 1863 3652 uxo-

259 3688 360 3728 res
389 3675 622 3731 ﬁliorum
653 3677 770 3747 ejus
801 3677 908 3751 (Id.
937 3695 1034 3747 vn,
1067 3681 1120 3752 7)
1156 3699 1168 3738 :
1201 3697 1442 3738 seorsum
1472 3685 1590 3750 viri,
1621 3701 1862 3742 seorsmn

261 3764 486 3822 feminae
540 3782 970 3828 commemoratae
1013 3782 1154 3828 sunt.
1200 3773 1396 3836 Inbue
1436 3776 1577 3832 enim
1625 3785 1864 3850 tempore

263 3859 432 3930 hujus
485 3866 832 3932 sacramenti,
891 3882 1018 3922 caro
1068 3870 1396 3939 concupiscit
1436 3871 1696 3927 adversus
1749 3875 1861 3943 spi-

259 3951 440 4006 ritum
465 3994 480 4018 ,
533 3964 584 4009 et
609 3957 823 4026 spiritus
862 3957 1115 4014 adversus
1145 3975 1362 4016 carnem
1397 3960 1606 4030 (Galat.
1639 3980 1698 4029 v,
1731 3965 1796 4018 i7
1816 3966 1860 4036 ).

262 4043 502 4100 Exeunt
537 4056 702 4104 autem
757 4049 870 4107 Noe
923 4060 976 4107 et
1023 4068 1156 4108 uxor
1211 4053 1358 4124 ejus,
1411 4064 1465 4109 et
1520 4056 1612 4110 lilii
1656 4055 1772 4125 ejus
1808 4065 1862 4112 et

261 4151 481 4192 uxores
507 4137 728 4196 ﬁliorum
758 4142 874 4212 ejus
904 4143 1056 4214 (Gen.
1087 4159 1214 4210 vni,
1246 4145 1374 4218 18),
1402 4161 1546 4201 nunc
1578 4147 1863 4216 conjuncte

261 4237 676 4291 commemorati
703 4237 926 4293 masculi
963 4246 1017 4293 et
1049 4237 1295 4294 feminae:
1320 4239 1441 4309 quia
1469 4239 1520 4294 in
1551 4239 1652 4294 ﬁne
1681 4241 1861 4296 saeculi

261 4335 432 4398 atque
459 4329 514 4384 in
539 4333 929 4388 resurrectione
949 4332 1234 4402 justorum,
1267 4334 1571 4389 omnimoda
1599 4344 1652 4390 et
1681 4335 1862 4405 perfe-

263 4429 354 4474 cta
383 4435 514 4490 pace
543 4422 752 4493 spiritui
773 4438 968 4496 corpus
995 4424 1310 4492 adhaerebit,
1337 4427 1480 4482 nulla
1523 4427 1861 4484 mortalitatis

263 4509 562 4581 indigentia
583 4513 668 4569 vel
684 4517 1112 4586 concupiscentia
1129 4517 1433 4574 resistente.
1458 4517 1569 4574 Cur
1587 4519 1858 4590 animalia,

261 4605 512 4673 quamvis
537 4612 596 4660 et
614 4607 808 4661 munda
835 4617 892 4663 et
911 4609 1184 4664 immunda
1215 4609 1266 4663 in
1294 4624 1415 4664 arca
1441 4609 1656 4678 fuerint,
1681 4621 1858 4668 tamen

263 4704 386 4763 post
411 4709 692 4766 egressum
722 4697 789 4752 de
818 4714 940 4754 arca
971 4715 1078 4754 non
1108 4700 1408 4756 olleruntur
1445 4702 1554 4758 Deo
1577 4703 1630 4758 in
1657 4704 1862 4760 sacriﬁ-

259 4785 344 4842 cio
371 4788 478 4842 nisi
501 4791 700 4844 munda
736 4785 920 4860 (Ibid.,
949 4791 1065 4864 9.0).

332 4881 568 4938 CAPUT
612 4882 780 4940 XXII.
813 4915 882 4924 -——
910 4884 1050 4954 Quid
1079 4884 1275 4942 deinde
1310 4886 1412 4944 sibi
1447 4888 1608 4956 velit,
1645 4887 1756 4946 Deo
1780 4889 1861 4945 Io-

259 4985 463 5043 quente
503 4973 574 5030 ad
600 4974 713 5032 Noe
752 4986 806 5032 et
852 4987 1102 5049 tanquam
1147 4994 1334 5036 rursus
1359 4980 1427 5035 ab
1453 4982 1706 5048 exordio,
1736 4983 1860 5053 quia

259 5067 452 5122 multis
495 5067 672 5122 modis
701 5067 888 5125 eadem
932 5069 1221 5140 signiﬁcari
1269 5072 1582 5142 oportebat,
1635 5075 1860 5146 ﬁguram

261 5159 528 5216 Ecclesia:
553 5163 978 5228 commendante.
1009 5164 1152 5236 quod
1188 5166 1472 5236 progenies
1500 5167 1616 5237 ejus
1641 5167 1862 5224 benedi-

258 5253 406 5308 citur
437 5253 508 5308 ad
529 5254 850 5325 implendam
875 5265 1095 5325 terram,
1120 5257 1262 5328 quod
1288 5257 1482 5312 dantur
1501 5259 1578 5314 eis
1605 5259 1658 5314 in
1681 5276 1858 5316 escam

260 5355 464 5400 cuncta
503 5346 751 5402 animalia
784 5365 798 5400 :
841 5349 978 5403 sicut
1003 5349 1058 5404 in
1104 5349 1196 5403 illo
1234 5348 1382 5404 disco
1427 5350 1586 5404 Petro
1615 5350 1846 5419 dicitur,

261 5433 448 5490 Macta
485 5445 534 5490 et
558 5437 810 5494 manduca
839 5439 975 5511 (Act.
1007 5455 1042 5495 x
1084 5439 1198 5511 15).
1229 5439 1382 5508 Quod
1408 5439 1579 5510 cjccto
1603 5444 1862 5514 sanguine

257 5529 526 5600 iubentur
553 5535 875 5590 manducare
908 5552 922 5588 :
955 5550 1023 5590 ne
1053 5535 1159 5590 vita
1183 5535 1403 5604 pristina
1434 5537 1583 5606 quasi
1605 5535 1860 5593 suffocata

263 5623 322 5678 in
347 5625 680 5682 conscientia
720 5635 964 5684 teneatur
983 5669 996 5694 ,
1023 5627 1116 5684 sed
1145 5625 1340 5682 habeat
1365 5636 1612 5698 tanquam
1639 5628 1858 5684 effusio-

263 5731 395 5772 nem
415 5732 511 5787 per
527 5719 936 5776 confessionem.
956 5719 1108 5789 Quod
1131 5728 1506 5786 testamentum
1527 5721 1702 5790 posuit
1721 5721 1860 5778 Deus

263 5807 416 5866 inter
444 5825 506 5867 se
529 5820 584 5868 et
613 5811 856 5869 homines
885 5821 1044 5885 atque
1069 5829 1284 5869 omnem
1312 5815 1542 5870 animam
1571 5813 1766 5884 vivam,
1793 5828 1861 5873 ne

335 5927 358 5962 ³
387 5931 460 5975 tta
481 5934 588 5977 MSS.
613 5933 670 5977 At
691 5928 742 5976 in
766 5927 926 5990 editis,
957 5928 1163 5980 siccaase
1192 5933 1389 5980 terram.

558 6011 762 6071 SHCT
827 6015 1096 6070 Αῐναιτςτ.
1133 6011 1296 6070 VIII.
1337 6028 1342 6033 '

1569 412 1774 480 LIBER
1809 420 2268 492 DUODECIMUS.

3469 437 3584 509 26‘s

1993 542 2180 612 perdat
2209 557 2326 600 eam
2354 545 2590 616 diluvio,
2638 557 2822 608 arcum
2861 552 2951 624 qui
2994 566 3213 627 apparet
3255 559 3306 614 in
3345 563 3580 627 nubibus

1991 632 2142 706 (Gen.
2174 653 2248 702 ix,
2281 637 2447 712 1-17),
2479 642 2568 712 qui
2590 657 2860 714 nunquam
2887 645 2988 702 nisi
3017 647 3086 703 de
3109 650 3222 706 sole
3247 654 3576 724 resplendet:

1991 725 2068 782 illi
2098 729 2241 784 enim
2289 745 2406 812 non
2425 742 2651 802 pereunt
2692 734 2890 792 diluvio
2932 741 3162 810 separati
3201 743 3267 798 ab
3293 743 3531 804 Ecclesia
3555 789 3576 820 ,

1990 828 2078 896 qui
2099 828 2152 882 in
2169 828 2451 900 Prophetis
2473 841 2526 886 et
2545 834 2790 890 omnibus
2809 835 3002 892 divinis
3018 837 3304 910 Scripturis
3323 851 3574 914 tanquam

1987 917 2042 972 in
2082 919 2178 975 Dei
2206 921 2434 977 nubibus
2461 933 2756 994 agnoscunt
2791 925 2988 984 Christi
3015 929 3261 1000 gloriam,
3295 949 3400 988 non
3429 951 3577 1004 quat-

1985 1020 2111 1066 runt
2139 1026 2312 1068 suam.
2343 1013 2537 1070 Verum
2578 1032 2644 1072 ne
2673 1017 2980 1076 adoratores
3005 1019 3162 1093 hujus
3189 1024 3318 1080 solis
3347 1029 3577 1098 amplius

1989 1109 2306 1180 tumescant,
2336 1106 2506 1162 sciant
2529 1107 2600 1162 ita
2644 1109 2932 1180 signiﬁcari
2975 1111 3246 1170 Christum
3289 1117 3578 1188 aliquando

1942 1229 1950 1232 -~
1984 1209 2080 1264 per
2117 1198 2316 1264 solem,
2348 1201 2484 1256 sicut
2511 1216 2608 1271 per
2645 1201 2890 1272 leonem,
2929 1219 3029 1278 per
3055 1221 3250 1278 agnum
3271 1251 3284 1276 ,
3312 1226 3409 1281 per
3437 1213 3575 1284 lapi-

1983 1287 2126 1354 dem,
2171 1292 2448 1361 cujusdam
2473 1295 2842 1354 similitudinis
2863 1311 3056 1364 causa,
3089 1315 3196 1355 non
3229 1303 3572 1374 proprietatis

1983 1383 2296 1439 substantia.

2001 1539 2004 1542 λ
2055 1474 2280 1532 CAPUT
2319 1479 2510 1535 XXIII.
2537 1511 2610 1524 --
2633 1483 2752 1538 Jam
2795 1501 2924 1542 vero
2957 1487 3089 1545 illud
3110 1532 3124 1555 ,
3153 1493 3295 1562 quod
3323 1494 3389 1550 de
3415 1495 3574 1552 vinea

1983 1581 2140 1636 quam
2167 1569 2440 1640 plantavit,
2469 1575 2760 1632 inebriatus
2784 1577 2919 1646 Noe,
2949 1582 3178 1640 nudatus
3210 1595 3294 1642 est
3331 1588 3386 1642 in
3411 1587 3572 1644 domo

1981 1671 2076 1713 sua
2125 1658 2324 1732 (Ibid.,
2375 1664 2610 1742 20-23);
2647 1670 2734 1725 cui
2772 1687 2880 1728 non
2903 1687 3156 1746 appareat
3177 1679 3420 1736 Christus
3446 1696 3571 1752 pas-

1983 1765 2072 1806 sus
2102 1753 2154 1808 in
2197 1767 2356 1826 gente
2382 1759 2518 1812 sua?
2553 1759 2700 1818 Tunc
2740 1764 2882 1820 enim
2918 1767 3112 1824 nudata
3141 1780 3226 1826 est
3271 1772 3570 1830 mortalitas

1979 1843 2156 1898 carnis
2193 1845 2309 1916 ejus
2329 1888 2345 1914 ,
2374 1848 2571 1904 Judaeis
2603 1853 2950 1926 scandalum,
2994 1857 3250 1916 Gentibus
3305 1863 3524 1918 stultitia
3548 1903 3568 1934 ,

1979 1935 2109 2006 ipsis
2127 1947 2304 1993 autem
2337 1943 2540 1998 vocatis
2562 1943 2760 2002 Judaeis
2784 1957 2839 2002 et
2873 1947 3132 2007 Gentibus
3158 1965 3406 2026 tanquam
3439 1956 3570 2012 Sem

1981 2039 2036 2086 et
2063 2031 2293 2101 Japheth
2313 2075 2330 2101 ,
2383 2035 2474 2090 Dei
2503 2037 2668 2093 virtus
2698 2048 2752 2095 et
2789 2040 2884 2097 Dei
2913 2042 3185 2115 Sapientia
3211 2067 3224 2104 :
3255 2049 3378 2118 quia
3423 2043 3570 2120 quod

1978 2125 2194 2180 stultum
2216 2137 2320 2212 .est
2349 2129 2476 2195 Dei,
2522 2132 2814 2202 sapientius
2855 2146 2938 2191 est
2959 2178 2974 2202 ,
3005 2153 3163 2208 quam
3195 2141 3469 2209 homines;
3513 2151 3570 2199 et

1977 2216 2118 2286 quod
2163 2217 2432 2274 inﬁrmum
2478 2231 2560 2278 est
2603 2224 2736 2292 Dei,
2777 2226 2966 2283 fortius
3005 2238 3088 2286 est
3129 2247 3288 2302 quam
3321 2233 3568 2292 homines

1977 2305 2021 2377 (Ι
2047 2305 2166 2364 Cor.
2197 2325 2236 2376 ι,
2267 2309 2482 2383 25—25).
2507 2314 2740 2372 Proinde
2767 2321 2822 2374 in
2849 2320 3058 2379 duobus
3079 2324 3225 2392 ﬁliis,
3252 2329 3483 2384 maxime
3511 2337 3568 2386 et

1976 2399 2228 2470 minimo,
2279 2403 2383 2458 duo
2425 2407 2603 2476 populi
2639 2407 2879 2480 ﬁgurati,
2926 2427 3086 2470 unam
3113 2425 3315 2474 vestem
3358 2437 3384 2473 a
3414 2429 3568 2492 tergo

1977 2502 2270 2562 portantes,
2299 2508 2688 2554 sacramentum
2718 2502 2920 2560 scilicet
2946 2505 3058 2575 jam
3095 2511 3379 2578 praeteritae
3403 2522 3565 2582 atque

1977 2591 2258 2640 transacta:
2273 2586 2551 2644 dominicae
2573 2594 2834 2660 passionis
2855 2637 2869 2662 ,
2898 2597 3190 2654 nuditatem
3217 2603 3384 2671 patris
3417 2605 3431 2634 ¹
3461 2619 3564 2658 ne-

1976 2688 2077 2744 que
2107 2675 2400 2746 intuentur,
2423 2681 2544 2749 quia
2567 2681 2618 2736 in
2639 2681 2834 2740 Christi
2863 2702 3046 2742 necem
3069 2705 3178 2746 non
3197 2694 3564 2762 consentiunt;

1975 2771 2030 2818 et
2053 2771 2232 2820 tamen
2253 2765 2515 2824 honorant
2538 2771 2860 2842 velamento,
2895 2785 3142 2848 tanquam
3165 2782 3400 2838 scientes
3421 2784 3566 2839 unde

1973 2853 2080 2909 sint
2105 2857 2234 2911 nati.
2267 2857 2470 2914 Medius
2491 2871 2668 2918 autem
2699 2864 2858 2933 ﬁlius,
2887 2864 2940 2924 id
2959 2878 3058 2936 est,
3093 2873 3321 2941 populus
3345 2873 3564 2930 Iudaeo-

1972 2962 2110 3012 rum,
2145 2948 2266 3004 ideo
2305 2951 2530 3020 medius,
2563 2955 2686 3024 quia
2717 2971 2818 3012 nec
2863 2959 3146 3027 primatum
3178 2964 3564 3033 Apostolorum

1973 3039 2164 3107 tenuit,
2193 3056 2294 3096 nec
2319 3042 2534 3098 ultimus
2563 3045 2614 3098 in
2640 3045 2898 3106 Gentibus
2924 3051 3167 3120 credidit,
3200 3054 3332 3110 vidit
3351 3057 3564 3114 nudita-

1971 3137 2080 3186 tem
2113 3133 2300 3202 patris,
2328 3136 2448 3204 quia
2475 3140 2746 3194 consensit
2783 3140 2836 3194 in
2863 3157 3050 3198 necem
3076 3145 3273 3202 Christi
3297 3165 3311 3215 ;
3339 3159 3394 3206 et
3419 3167 3561 3206 nun-

1971 3223 2122 3280 tiavit
2159 3224 2300 3281 foras
2335 3228 2582 3284 fratribus
2610 3247 2624 3283 :
2657 3247 2752 3302 per
2779 3248 2901 3288 eum
2927 3235 3124 3307 quippe
3161 3241 3564 3300 manifestatum

1971 3323 2074 3384 est,
2099 3322 2154 3372 et
2177 3317 2405 3387 quodam
2435 3320 2594 3376 modo
2636 3321 2981 3392 publicatum.
3019 3328 3160 3398 quod
3200 3333 3394 3386 eratin
3429 3333 3562 3390 Pro-

1971 3407 2150 3478 phetia
2175 3420 2473 3476 secretum;
2500 3413 2724 3484 ideoque
2749 3415 2808 3470 ﬁt
2839 3433 3026 3474 servus
3063 3420 3286 3476 fratrum
3315 3438 3556 3480 suorum.

1969 3501 2108 3569 Quid
2134 3511 2214 3557 est
2237 3503 2379 3559 enim
2401 3505 2546 3560 aliud
2577 3506 2838 3578 hodieque
2871 3523 3002 3579 gens
3031 3511 3164 3581 ipsa,
3185 3514 3288 3566 nisi
3313 3515 3558 3584 qumdam

1969 3594 2241 3650 scriniaria
2257 3593 2702 3665 Christianorum,
2723 3598 2966 3669 bajulans
2985 3601 3176 3672 Legem
3199 3604 3559 3674 etl’ruphetas
3621 3593 3630 3602 κ

1968 3685 2036 3742 ad
2057 3687 2412 3742 testimonium
2428 3689 2735 3744 assertionis
2753 3691 3028 3758 Ecclesiae,
3049 3701 3216 3750 utnos
3229 3695 3558 3754 houoremus

1967 3793 2065 3850 per
2093 3789 2482 3834 sacramentum
2500 3821 2514 3846 ,
2553 3782 2694 3851 quod
2723 3783 2932 3838 nuntiat
2953 3784 3043 3839 illa
3071 3801 3165 3856 per
3183 3787 3458 3844 litteram?

2037 3870 2266 3926 CAPUT
2304 3870 2766 3939 XXIV.-—Quem
2795 3885 2972 3931 autem
3016 3894 3122 3932 nun
3151 3880 3365 3946 excitet,
3395 3897 3558 3950 quem

1969 3978 2074 4018 non
2098 3963 2184 4020 vel
2213 3964 2485 4032 informet,
2516 3966 2600 4020 vel
2632 3966 2912 4038 conﬁrmet
2947 3969 3000 4022 in
3031 3969 3158 4034 ﬁde,
3185 3971 3325 4042 quod
3357 3973 3426 4027 ita
3457 3973 3555 4032 be-

1968 4055 2285 4112 nedicuntur
2323 4057 2430 4112 duo
2454 4057 2566 4124 illi,
2607 4059 2694 4128 qui
2727 4059 3018 4116 nuditatem
3063 4062 3230 4130 patris
3257 4062 3557 4122 honurave-

1966 4155 2110 4216 runt,
2137 4150 2379 4220 quamvis
2423 4150 2633 4212 aversi;
2664 4151 2810 4206 velut
2834 4151 3026 4222 quibus
3057 4153 3250 4208 factum
3281 4159 3556 4214 sceleratas

1965 4239 2134 4296 vineae
2157 4241 2523 4312 displicuerit?
2551 4241 2873 4310 Benedictus,
2916 4245 3104 4317 inquit,
3139 4248 3384 4308 Dominus
3415 4252 3554 4308 Deus

1967 4330 2110 4386 Sem.
2167 4332 2478 4404 Quanquam
2518 4335 2658 4390 enim
2708 4336 2778 4390 sit
2821 4337 2962 4392 Deus
3001 4340 3236 4396 omnium
3273 4345 3508 4412 gentimn
3533 4387 3552 4414 ,

1965 4422 2194 4492 quodam
2219 4424 2378 4480 modo
2411 4435 2588 4482 tamen
2611 4428 2826 4498 proprio
2855 4429 3116 4485 vocabulo
3139 4441 3192 4486 et
3213 4433 3264 4488 in
3295 4434 3424 4504 ipsis
3439 4435 3550 4506 jam

1966 4511 2228 4569 Gentibus
2252 4513 2447 4570 dicitur
2469 4517 2612 4572 Deus
2640 4517 2822 4574 Israel.
2851 4519 2922 4574 Et
2944 4520 3084 4576 unde
3105 4520 3208 4578 hoc
3227 4521 3424 4582 factum
3445 4538 3548 4594 est,

1964 4605 2068 4661 nisi
2110 4622 2178 4662 ex
2219 4608 2588 4666 benedictione
2613 4611 2884 4682 Japheth?
2915 4613 2970 4668 In
2997 4618 3193 4686 populo
3231 4611 3376 4675 enim
3403 4621 3548 4677 Gen-

1965 4697 2100 4754 tium
2129 4706 2298 4756 totum
2324 4701 2508 4756 orbem
2538 4713 2798 4762 terrarum
2830 4710 3106 4778 occupavit
3146 4709 3403 4768 Ecclesia.
3437 4713 3551 4770 Hoc

1965 4809 2206 4865 prorsus,
2229 4795 2331 4850 hoc
2349 4797 2821 4868 praenuntiabatur,
2849 4815 2969 4856 cum
2991 4802 3294 4864 diceretur:
3323 4806 3552 4874 Lati/icet

1964 4887 2104 4942 Deus
2131 4887 2376 4960 Japlteth,
2403 4897 2448 4943 et
2475 4891 2660 4946 habitet
2687 4893 2740 4946 in
2766 4893 2994 4948 domibus
3019 4894 3141 4950 Sem
3165 4896 3314 4967 (Gen.
3345 4913 3421 4962 Ix,
3453 4897 3546 4966 26,

1964 4978 2078 5053 27).
2109 4979 2316 5048 Videte,
2343 4981 2642 5051 Manichaei,
2670 4984 2882 5053 videte;
2913 5001 3040 5042 ecce
3065 4987 3120 5042 in
3149 4996 3436 5056 conspectu
3458 5005 3548 5044 ve-

1965 5079 2078 5130 stro
2115 5081 2198 5129 est
2224 5073 2369 5128 orbis
2405 5084 2666 5132 terrarum
2697 5096 2710 5131 :
2741 5077 2852 5134 hoc
2869 5080 3113 5150 stupetis,
3145 5078 3250 5134 hoc
3273 5081 3466 5136 doletis
3493 5083 3548 5139 in

1965 5165 2175 5236 pepulis
2221 5167 2448 5232 nostris,
2500 5169 2621 5238 quia
2651 5169 2868 5224 latilicat
2903 5171 3042 5226 Deus
3079 5169 3328 5238 Japheth.
3359 5171 3550 5230 Videte

1966 5259 2010 5314 si
2038 5273 2142 5313 non
2183 5257 2384 5314 habitet
2409 5261 2458 5314 in
2491 5261 2734 5318 domibus
2777 5263 2902 5319 Sem
2922 5304 2936 5327 ,
2969 5263 3022 5316 id
3047 5273 3148 5329 est,
3179 5263 3232 5316 in
3259 5265 3509 5322 Ecclesiis
3533 5309 3550 5336 ,

1965 5368 2096 5423 quas
2115 5351 2206 5406 ﬁlii
2230 5352 2614 5424 PrOphetarum
2629 5355 2870 5425 Apostoli
2897 5362 3328 5413 construxerunt.
3349 5359 3546 5418 Audite

1966 5442 2092 5514 quid
2111 5443 2253 5498 dicat
2279 5443 2472 5500 Paulus
2493 5445 2603 5515 jam
2639 5445 2884 5500 ﬁdelibus
2915 5443 3172 5502 Gentibus
3207 5465 3220 5502 :
3255 5449 3354 5516 Qui
3373 5454 3546 5520 eratis,

1966 5533 2169 5606 inquit,
2201 5535 2290 5588 illo
2315 5535 2369 5589 in
2398 5545 2618 5605 tempore
2645 5537 2752 5591 sine
2778 5533 2974 5590 Christo
2993 5579 3008 5605 ,
3030 5536 3237 5596 alienati
3261 5559 3292 5596 a
3314 5545 3552 5600 societate

1965 5625 2152 5693 Israel,
2175 5637 2220 5682 et
2245 5629 2493 5698 peregrini
2513 5627 2960 5698 Testamentorum,
2982 5637 3028 5684 et
3048 5635 3393 5703 promissionis
3410 5653 3550 5707 spem

1966 5737 2068 5775 non
2093 5722 2349 5786 habentes,
2376 5729 2424 5774 et
2452 5721 2558 5775 sine
2580 5719 2690 5776 Deo
2718 5721 2773 5776 in
2797 5722 2890 5777 hoc
2915 5725 3121 5780 mundo.
3153 5725 3257 5784 Per
3285 5728 3398 5784 haec
3424 5743 3549 5784 ver—

1968 5813 2035 5872 ba
2055 5813 2352 5870 ostenditur
2380 5813 2526 5884 quod
2553 5814 2790 5871 nondum
2816 5815 3088 5875 habitabat
3109 5817 3336 5890 Japheth
3364 5819 3420 5875 in
3449 5820 3548 5878 d0-

2033 5929 2054 5963 ι
2087 5927 2222 5992 editi,
2241 5926 2505 5980 nuditatem
2533 5931 2688 5996 patris
2712 5930 2885 5984 velant.
2909 5934 3074 5992 Abest,
3098 5933 3271 5996 velant,
3291 5945 3321 5984 a
3342 5941 3452 5988 Mss.

2982 6017 3245 6100 {Neu/2)
