4016 6486
459 536 466 544 -
513 510 691 576 mibus
711 504 856 562 Sem.
877 499 983 558 Scal
1009 497 1169 571 paulo
1194 502 1314 568 post
1338 489 1781 564 quemadmodum
1808 483 2089 541 concludat

511 599 791 658 advertite.
826 594 996 668 Igitur
1016 576 1149 664 jam,
1172 586 1361 672 inquit,
1389 602 1488 639 non
1516 583 1632 638 estis
1667 579 1914 656 peregrini
1933 588 1976 632 et
2006 578 2088 631 in-

511 675 692 766 quilini
715 707 734 756 ;
767 688 856 744 sed
880 685 994 742 estis
1021 684 1147 738 cives
1168 669 1471 740 sanctorum,
1499 683 1544 728 et
1569 671 1826 727 domestici
1857 669 2090 766 Det-su-

510 759 842 860 perardiﬁcati
880 795 1033 850 super
1066 774 1446 846 fundamentum
1480 764 1836 838 Apostolorum
1871 771 1931 860 et
1944 759 2093 860 Ῥινο-

509 854 796 944 phetarum,
827 876 937 946 ipso
963 885 1156 926 summo
1185 863 1416 936 angulari
1442 860 1611 933 lapide
1633 859 1866 914 existente
1893 854 2092 911 Christo

506 972 636 1034 Jesu
662 969 876 1042 (Ephes.
905 981 960 1030 ιι,
994 961 1081 1028 12,
1117 959 1203 1024 l9,
1242 957 1354 1036 20)τ
1387 955 1523 1010 Ecce
1550 950 1819 1023 quomodo
1844 949 2091 1042 dilatatur

509 1063 740 1129 Janheth
760 1105 774 1129 ,
806 1068 860 1116 et
901 1056 1102 1112 habitat
1129 1053 1180 1122 iu
1210 1050 1455 1107 domibus
1480 1047 1627 1104 Sem.
1667 1045 1733 1101 Et
1761 1053 1937 1100 tamen
1967 1041 2091 1111 Epi-

509 1125 676 1222 siolas
704 1125 1096 1224 Apostolorum,
1123 1144 1315 1216 quibus
1353 1141 1468 1197 haec
1492 1139 1667 1195 omnia
1702 1143 2085 1199 contestantur,

511 1248 726 1307 tenetis,
751 1242 943 1316 legitis,
969 1236 1286 1310 praedicatis.
1315 1233 1415 1290 Ubi
1436 1241 1492 1288 et
1515 1245 1608 1285 vos
1628 1231 1771 1300 ipsos
1801 1225 2090 1316 deputave-

505 1340 631 1404 rim,
660 1337 758 1391 nisi
790 1315 840 1388 in
870 1333 956 1388 illa
985 1328 1264 1385 maledicta
1293 1323 1575 1380 medietate
1605 1321 1689 1376 cui
1712 1335 1815 1374 non
1843 1326 1925 1372 est
1956 1315 2089 1384 lapis

507 1428 777 1500 angularis
805 1420 1092 1481 Christus?
1116 1420 1248 1488 Quia
1277 1431 1376 1472 nec
1395 1415 1446 1470 in
1471 1414 1560 1469 illo
1585 1412 1784 1483 pariete
1811 1425 1907 1463 vos
1926 1422 2088 1478 agno-

505 1522 728 1586 scimus,
757 1516 846 1588 qui
882 1531 949 1571 ex
985 1509 1390 1568 circumcisione
1428 1504 1654 1560 credidit
1691 1504 1742 1557 in
1778 1501 2084 1565 Christum,

504 1612 647 1669 unde
674 1617 825 1667 erant
851 1617 904 1663 et
929 1603 1204 1676 Apostoli;
1238 1616 1335 1656 nec
1359 1600 1410 1654 in
1439 1598 1540 1652 isto
1561 1596 1652 1666 qui
1678 1603 1760 1650 est
1783 1609 1849 1649 ex
1879 1606 2087 1664 praepu-

503 1705 602 1770 tio,
633 1701 772 1758 unde
791 1706 916 1754 sunt
933 1709 1118 1752 omnes
1144 1709 1210 1748 ex
1228 1691 1435 1747 caeteris
1457 1688 1733 1750 Gentibus,
1764 1686 1815 1740 in
1842 1683 2085 1740 eamdem

502 1797 762 1852 unitatem
790 1791 932 1855 ﬁdei,
966 1798 1210 1858 tanquam
1243 1786 1292 1838 in
1320 1797 1500 1853 pacem
1521 1780 1696 1850 anguli
1721 1779 1736 1811 ¹
1760 1791 2085 1833 concurren-

505 1898 608 1945 tes.
635 1885 741 1943 Sed
761 1893 816 1940 et
841 1895 1026 1938 omnes
1051 1879 1139 1950 qui
1161 1875 1424 1948 quoslibet
1453 1874 1620 1928 nostri
1650 1870 1869 1927 canonis
1895 1868 2083 1924 Libros

507 1981 774 2051 accipiunt
799 1985 853 2032 et
888 1975 1104 2045 legunt,
1145 1970 1233 2024 ubi
1263 1968 1502 2024 Christus
1527 1965 1824 2020 mortaliter
1851 1971 2008 2017 natus
2031 1969 2084 2016 et

503 2080 693 2144 passus
719 2067 1032 2131 ostenditur,
1075 2077 1172 2118 nec
1211 2070 1385 2116 tamen
1426 2057 1666 2114 eamdem
1708 2054 2082 2109 mortalitatem

502 2163 560 2219 in
601 2161 844 2230 passione
888 2156 1138 2212 nudatam
1167 2151 1470 2208 consociato
1497 2147 1714 2203 unitatis
1751 2154 2098 2201 sacramento]

501 2252 798 2310 honoriﬁce
823 2249 1017 2312 velant,
1041 2244 1135 2302 sed
1158 2245 1271 2298 sine
1297 2242 1515 2297 scientia
1547 2241 1756 2311 pietatis
1780 2247 1833 2293 et
1853 2236 2085 2291 Charita-

499 2348 571 2402 tis
603 2345 844 2399 nuntiant
872 2339 1032 2403 illud,
1058 2336 1201 2392 unde
1227 2349 1414 2389 omnes
1448 2323 1558 2387 nati
1596 2344 1814 2393 sumus;
1842 2327 2086 2398 quamvis

499 2437 641 2494 inter
660 2450 716 2489 se
737 2431 1072 2496 dissentiant,
1098 2435 1152 2483 et
1171 2426 1339 2482 Judaei
1367 2425 1432 2479 ab
1455 2422 1740 2487 hzereticis,
1764 2429 1819 2475 et
1842 2420 1940 2488 ipsi
1970 2418 2081 2472 Ine-

500 2529 656 2586 retici
698 2526 786 2579 alii
826 2524 892 2578 ab
920 2522 1058 2588 aliis,
1091 2533 1194 2576 una
1226 2528 1400 2572 tamen
1445 2513 1746 2570 conditione
1773 2509 2044 2566 servitutis
2064 2549 2077 2574 ,

498 2623 585 2678 vel
613 2620 678 2675 ad
707 2619 936 2688 aliquam
975 2612 1365 2669 attestationem
1385 2651 1398 2673 ,
1432 2608 1514 2662 vel
1541 2606 1604 2660 ad
1626 2606 1852 2675 aliquam
1885 2603 2081 2672 proba-

497 2717 698 2771 tioxtem
730 2712 886 2767 utiles
912 2721 1033 2764 sunt
1065 2707 1336 2763 Ecclesim.
1369 2703 1497 2758 Nam
1529 2700 1673 2756 etde
1705 2697 1969 2754 hzereticis
1996 2694 2082 2748 di-

497 2816 641 2862 ctum
670 2815 750 2858 est
780 2821 793 2856 :
827 2801 1037 2874 Oportet
1063 2810 1111 2853 ct
1137 2799 1350 2851 hiereses
1375 2810 1481 2848 esse
1500 2835 1514 2858 ,
1556 2800 1611 2844 ut
1641 2789 1836 2860 probati
1865 2787 2082 2857 manifeo

497 2900 562 2953 sti
589 2899 715 2966 [iant
734 2896 864 2949 inter
887 2909 975 2947 vos
1004 2891 1046 2964 (l
1076 2891 1192 2945 Cor.
1219 2905 1292 2954 ιιι,
1320 2886 1427 2957 i9).
1455 2885 1532 2939 Ite
1555 2898 1712 2945 nunc,
1736 2890 1790 2936 et
1818 2880 2081 2947 objectate

499 2989 796 3045 calumnias
836 2983 1107 3039 veteribus
1136 2979 1350 3034 Litteris
1378 2976 1577 3039 sacris;
1606 2974 1707 3027 hoc
1733 2972 1903 3042 agite,
1941 2968 2081 3024 servi

495 3083 696 3146 Cham;
721 3081 812 3142 ite.
832 3076 1022 3148 quibus
1046 3074 1196 3129 viluit
1223 3069 1414 3126 nudata
1439 3081 1565 3124 caro
1588 3083 1650 3122 ex
1677 3081 1779 3136 qua
1801 3065 1906 3119 nati
1929 3065 2078 3119 estis:

500 3190 679 3244 neque
704 3174 844 3227 enim
890 3177 1031 3224 esset
1059 3167 1197 3221 unde
1215 3181 1310 3221 vos
1337 3177 1549 3234 quoquo
1576 3160 1736 3217 modo
1764 3159 2081 3215 christianos
2132 3213 2146 3226 ,

497 3265 769 3336 appellare
785 3261 1032 3334 possetis,
1057 3258 1159 3314 nisi
1181 3257 1421 3313 Christus
1439 3256 1572 3309 sicut
1595 3269 1622 3306 a
1646 3250 1924 3322 Prophetis
1946 3266 2082 3320 prae-

499 3358 772 3414 nuntiatus
795 3364 895 3417 est,
926 3353 1171 3407 venisset.
1193 3351 1246 3404 in
1275 3347 1550 3413 mundum,
1581 3345 1799 3401 bibisset
1833 3343 1901 3398 de
1926 3344 2082 3401 vinea

496 3468 593 3508 sua
624 3451 843 3506 calicem
869 3447 1014 3502 illum
1041 3445 1130 3517 qui
1167 3443 1394 3499 transire
1423 3455 1526 3495 non
1549 3439 1754 3511 potuit,
1797 3437 2080 3492 dormisset

498 3546 554 3601 in
581 3543 827 3615 passione
853 3555 968 3604 sua,
997 3548 1248 3609 tanquam
1277 3537 1329 3590 in
1370 3535 1628 3590 ebrietate
1673 3532 1926 3595 stultitiae,
1959 3545 2079 3600 qum

494 3637 790 3709 sapientior
815 3643 898 3691 est
920 3632 1255 3692 hominibus;
1289 3637 1446 3699 atque
1471 3627 1539 3681 ita
1571 3625 1856 3680 nudarctur
1881 3632 2077 3678 morta-

493 3727 564 3782 lis
586 3728 762 3782 carnis
784 3724 1066 3781 inﬁrmitas
1093 3738 1189 3794 per
1215 3719 1480 3776 occultum
1514 3719 1603 3772 Dei
1640 3717 1938 3779 consilium,
1971 3714 2079 3770 for-

491 3823 600 3877 tior
620 3821 923 3875 hominibus
945 3860 959 3883 ,
987 3832 1144 3887 quam
1176 3815 1276 3870 nisi
1313 3814 1404 3868 Dei
1440 3812 1668 3867 Verbum
1711 3810 2031 3880 suscepisset
2058 3849 2074 3876 ,

491 3927 689 3968 nomen
734 3911 951 3966 omnino
989 3908 1335 3963 christianum
1363 3947 1376 3968 ,
1405 3919 1511 3975 quo
1538 3913 1589 3957 et
1619 3919 1712 3955 vos
1738 3901 2032 3971 gloriamini
2059 3941 2074 3965 ,

493 4019 601 4059 non
632 4012 775 4057 esset
803 4002 855 4055 in
889 3999 1064 4054 terris.
1106 3997 1301 4052 Verum
1339 3997 1441 4050 hoc
1478 3995 1649 4064 agite,
1679 4002 1737 4046 nt
1771 3993 1912 4056 dixi;
1953 3991 2075 4045 irri-

493 4097 686 4153 denter
707 4094 916 4166 prodite
936 4092 1074 4163 quod
1104 4106 1200 4145 nos
1227 4097 1534 4144 reverenter
1565 4087 1886 4140 honoremus
1921 4103 1934 4139 :
1963 4094 2078 4137 nta-

491 4197 582 4243 tnr
608 4187 760 4241 vobis
802 4184 1044 4240 Ecclesia
1083 4192 1329 4251 tanquam
1366 4178 1590 4232 subditis
1619 4177 1750 4242 sibi,
1779 4185 1836 4231 ut
1871 4175 2073 4246 probati

493 4279 762 4334 manifesti
790 4277 919 4331 ﬁant
946 4277 996 4329 in
1030 4289 1113 4330 ea.
1145 4273 1325 4342 Usque
1353 4270 1491 4325 adeo
1521 4269 1670 4332 nihil,
1697 4267 1838 4338 quod
1863 4267 1946 4321 vel
1977 4267 2075 4321 ba-

488 4371 665 4427 bitura
684 4370 768 4424 vel
794 4382 1011 4439 passura
1038 4372 1173 4432 erat,
1204 4363 1486 4434 Pr0phetae
1509 4362 1582 4417 illi
1612 4369 1910 4426 tacuerunt,
1940 4369 1998 4415 ut
2023 4369 2076 4415 et

490 4462 677 4518 vosibi
704 4461 836 4516 locis
861 4459 1051 4515 vestris
1077 4457 1426 4521 inveniamus,
1449 4456 1504 4509 in
1524 4454 1754 4509 vanitate
1777 4452 2073 4524 perniciosa

491 4555 560 4610 ad
588 4553 846 4623 reprobos
871 4550 1178 4622 capiendos,
1204 4549 1362 4605 utill'
1387 4557 1561 4604 autem
1598 4545 1658 4602 ad
1687 4547 1935 4617 probatos
1963 4562 2077 4601 ma-

488 4645 840 4703 nifestandos.

560 4736 788 4793 CAPUT
814 4734 982 4790 XXV.
1004 4765 1076 4776 —
1093 4733 1359 4790 Christum
1384 4731 1560 4788 dicitis
1583 4732 1651 4788 ab
1672 4731 1924 4788 lsraelitis
1944 4733 2074 4787 Pro-

485 4830 664 4902 phetis
706 4845 812 4884 non
857 4843 976 4884 esse
1021 4826 1328 4898 praedictum
1364 4843 1376 4878 :
1407 4825 1490 4882 cui
1519 4825 1858 4895 praedicendo
1887 4839 2073 4879 omnes

485 4925 592 4979 illae
621 4921 824 4992 paginae
854 4919 1070 4991 vigilant
1090 4961 1102 4981 ,
1135 4918 1180 4972 si
1205 4933 1295 4973 eas
1327 4917 1642 4987 perscrutari
1672 4917 1886 4986 pietate,
1914 4932 2070 4986 quam

484 5015 756 5086 exagitare
779 5012 993 5068 levitate
1016 5010 1263 5065 malletis.
1285 5008 1416 5077 Quis
1438 5007 1575 5062 alius
1601 5007 1650 5061 in
1673 5007 1941 5062 Abraham
1964 5009 2073 5063 exit

485 5106 555 5161 de
587 5117 724 5160 terra
755 5119 848 5158 sua
876 5112 928 5158 et
967 5101 1033 5156 de
1066 5100 1380 5170 cognatione
1417 5113 1547 5165 sua,
1586 5108 1642 5152 ut
1683 5098 1818 5168 apud
1859 5107 2071 5155 exteros

484 5199 682 5254 ditetnr
705 5206 758 5253 et
777 5196 1129 5266 locupletetur
1153 5191 1304 5266 (Gen.
1335 5209 1430 5257 xu,
1459 5193 1576 5262 1-5)
1597 5234 1610 5257 ,
1643 5191 1742 5246 nisi
1770 5192 1857 5262 qui
1889 5193 2070 5248 relicta

484 5301 627 5346 terra
659 5298 714 5346 et
738 5288 1052 5360 cognatione
1075 5285 1413 5352 Iudaeorum,
1440 5283 1582 5339 unde
1619 5283 1906 5339 secundum
1950 5300 2068 5340 car-

485 5398 611 5440 nem
635 5389 789 5437 natus
815 5387 916 5446 est,
943 5378 1080 5451 apud
1105 5377 1303 5435 Gentes
1329 5377 1399 5431 ita
1426 5375 1700 5447 praepollet
1720 5384 1777 5431 et
1797 5376 2066 5445 praevalet,

419 5545 422 5550 Ι
486 5485 548 5532 ιιι
574 5473 853 5530 videmus?
895 5473 1025 5540 Quis
1052 5471 1186 5527 alius
1211 5470 1267 5526 in
1293 5467 1442 5524 Isaac
1471 5469 1671 5540 lignum
1703 5468 1801 5523 sibi
1827 5468 2073 5539 portabat

377 5559 382 5568 ’
482 5569 552 5627 ad
574 5569 842 5625 victimam
870 5566 979 5640 (Id.
1006 5583 1138 5634 χιιι,
1162 5566 1249 5638 6),
1275 5565 1377 5621 nisi
1399 5564 1486 5636 qui
1507 5580 1718 5622 crucem
1739 5566 1837 5620 sibi
1863 5565 1926 5619 ad
1951 5581 2070 5636 pas-

553 5730 574 5764 ι
609 5729 683 5798 sic
701 5725 928 5798 plerique
946 5735 1053 5779 Mss.
1079 5725 1163 5798 alii
1194 5731 1359 5798 autem
1395 5739 1506 5778 cum
1543 5732 1644 5776 Δω.
1687 5733 1741 5776 et
1761 5732 1856 5787 En,
1878 5725 1926 5777 in
1950 5740 2068 5790 pace

483 5787 744 5906 totiugi
755 5787 886 5862 Levi,
909 5787 961 5842 in
984 5787 1118 5854 pacis
1147 5787 1359 5874 angulo.
1695 5849 1705 5858 .

687 5861 742 5912 ιι,
767 5850 930 5905 utiles.
966 5857 1023 5902 At
1056 5859 1182 5912 Mss,
1208 5849 1314 5900 util:
1342 5887 1354 5900 .
1383 5848 1576 5912 supple,
1596 5856 1798 5901 rimante

726 5887 742 5915 ,
768 5885 930 5905 ποιεῦ.
966 5885 1023 5902 ηδ
1058 5885 1182 5912 "loco,
1211 5885 1314 5900 υινιη
1342 5887 1354 5900 ι
1383 5885 1576 5912 συγγινρ
1599 5885 1814 5901 vatius!“-

1338 366 1606 431 CONTRA
1647 363 1965 425 rausruu
2001 353 2448 440 MANICHAEUM,
2478 363 2537 422 s.
2578 355 2944 425 AUGUSTINI
3670 372 3765 440 253

2203 470 2409 538 sionem
2436 483 2548 555 ipse
2573 484 2854 555 portabat?
2877 483 3006 560 Quis
3030 469 3164 539 alius
3186 481 3325 558 aries
3349 474 3697 554 immolandas
3723 491 3768 546 in

2201 590 2365 646 vepre
2408 577 2658 652 cornibus
2697 576 3030 646 adhaerebat,
3077 575 3179 630 nisi
3217 577 3307 648 qui
3343 577 3515 631 crucis
3553 580 3770 647 patibulo

2199 687 2296 744 pro
2325 675 2479 731 nobis
2505 674 2806 730 offerendas
2831 674 3143 743 al'ﬁgebatur
3165 673 3223 726 1‘l

2270 767 2494 823 CAPUT
2531 766 2721 821 XXVI.
2747 797 2814 806 —
2839 766 2966 834 Quis
2995 764 3130 834 alius
3169 763 3221 818 in
3257 763 3445 836 angelo
3474 779 3592 818 cum
3622 763 3772 820 Jacob

2198 859 2440 926 luctatus,
2471 876 2590 928 eum
2618 860 2718 915 sibi
2746 860 3140 930 prmvalentem,
3167 859 3315 928 quasi
3343 857 3611 912 fortiorem
3641 859 3774 913 inﬁr-

2198 952 2336 1006 mior
2366 953 2640 1022 victusque
2668 952 2918 1006 victorem
2947 951 3135 1020 partim
3166 949 3430 1014 benedicit
3450 991 3464 1012 ,
3491 951 3676 1018 partim
3707 951 3774 1004 la-

2200 1042 2476 1097 titudinem
2523 1043 2740 1097 femoris
2783 1043 2898 1122 ejus
2923 1041 3165 1097 claudam
3212 1039 3564 1110 reddittGen.
3609 1058 3770 1106 xxxn,

2196 1133 2389 1205 24-51)
2418 1152 2432 1201 ;
2467 1135 2564 1190 nisi
2594 1135 2682 1205 qui
2713 1132 3000 1206 prtevalere
3026 1133 3285 1186 adversus
3311 1148 3369 1186 se
3394 1147 3587 1202 passus
3616 1148 3772 1202 popu-

2196 1224 2304 1280 lum
2332 1225 2511 1292 lsrael,
2536 1227 2791 1296 quosdam
2814 1226 2901 1296 qui
2922 1223 3282 1291 crediderunt,
3308 1223 3577 1278 benedixit
3599 1227 3650 1278 in
3673 1225 3775 1278 eis?

2196 1316 2442 1372 Latitudo
2469 1330 2641 1371 autem
2670 1316 2885 1372 femoris
2907 1316 3089 1380 Jacob,
3118 1316 3169 1370 in
3198 1315 3530 1370 multitudine
3555 1316 3774 1376 carnalis

2197 1411 2375 1482 populi
2411 1411 2740 1466 claudicavit.
2784 1411 2915 1486 Quis
2939 1411 3073 1464 alius
3102 1411 3234 1480 lapis
3273 1411 3476 1481 positus
3517 1409 3583 1462 ad
3626 1417 3777 1479 caput

2193 1501 2390 1568 Jacob,
2434 1512 2489 1557 ut
2534 1505 2841 1559 nominatim
2889 1503 3114 1575 quodam
3163 1503 3323 1568 modo
3373 1501 3772 1578 exprimeretur,

2194 1598 2352 1652 etiam
2385 1605 2574 1664 unctus
2603 1605 2684 1651 est
2703 1638 2715 1660 ,
2746 1597 2845 1651 nisi
2875 1607 3032 1666 caput
3061 1596 3157 1650 viri
3185 1595 3463 1651 Christus?
3492 1596 3610 1666 quis
3640 1596 3777 1666 enim

2193 1685 2460 1742 Christum
2490 1689 2656 1742 nescit
2682 1687 2748 1741 ab
2772 1669 3020 1742 unctione
3049 1688 3340 1760 appellari?
3369 1687 3469 1756 Qui
3495 1670 3656 1741 etiam
3682 1687 3777 1754 hoc

2193 1782 2366 1852 ipsum
2394 1783 2442 1835 in
2467 1781 2752 1852 Evangelio
2773 1796 3215 1844 commemorans,
3243 1791 3296 1836 et
3321 1779 3388 1836 de
3414 1795 3471 1835 se
3497 1780 3778 1850 ﬁguratum

2192 1874 2526 1944 apertissime
2571 1874 2888 1938 testiﬁcans,
2924 1888 3042 1928 cum
3087 1862 3368 1942 quémdam
3398 1871 3776 1930 Natbanaclem

2191 1969 2411 2023 dixisset
2439 1983 2562 2023 vere
2605 1966 2929 2034 lsraelitam,
2968 1967 3019 2020 iu
3051 1981 3156 2037 quo
3185 1965 3341 2021 dolus
3376 1982 3482 2021 non
3521 1972 3699 2032 esset;
3725 1974 3780 2022 et

2190 2075 2309 2114 cum
2357 2058 2444 2114 ille
2485 2067 2733 2130 utiquam
2777 2058 3003 2126 lapidem
3051 2058 3198 2112 illum
3247 2057 3448 2112 habens
3489 2056 3556 2113 ad
3601 2065 3777 2134 caput,

2190 2149 2466 2205 confessus
2494 2165 2613 2205 eum
2645 2159 2786 2204 esset
2811 2148 3002 2203 Filium
3033 2147 3124 2203 Dei
3150 2156 3204 2202 et
3229 2148 3429 2218 Regem
3457 2146 3653 2211 lsrael,
3683 2148 3781 2203 ista

2187 2243 2521 2298 confessione
2565 2242 2793 2312 quodam
2842 2241 3002 2296 modo
3045 2255 3251 2318 ungens
3286 2239 3546 2311 lapidem,
3589 2239 3642 2294 id
3680 2248 3778 2309 est,

2189 2333 2360 2403 ipsum
2392 2349 2510 2400 esse
2537 2335 2797 2389 conﬁtens
2823 2333 3124 2400 Christum;
3163 2333 3234 2395 ibi
3269 2341 3565 2403 opportune
3593 2333 3780 2388 Domi-

2188 2440 2290 2480 nus
2310 2426 2465 2480 etiam
2495 2425 2623 2480 illud
2648 2427 3102 2492 commemoravit,
3129 2425 3271 2496 quod
3297 2434 3420 2479 tunc
3439 2425 3572 2480 vidit
3594 2425 3778 2489 Jacob,

2188 2518 2276 2589 qui
2320 2534 2414 2588 per
2458 2517 2880 2573 benedictionem
2922 2518 3214 2588 appellatus
3257 2525 3339 2573 est
3383 2516 3543 2572 lsrael
3576 2535 3589 2571 :
3625 2517 3781 2570 Amen

2189 2613 2299 2665 dico
2326 2613 2492 2678 vobis,
2528 2612 2712 2682 inquit,
2743 2611 2968 2666 videbitis
2993 2613 3169 2666 calum
3194 2621 3424 2690 apertum
3441 2651 3457 2677 ,
3487 2621 3533 2664 et
3560 2612 3784 2682 Angelos

2187 2700 2284 2756 Dei
2315 2703 2631 2756 ascendentes
2673 2713 2719 2758 et
2757 2703 3109 2758 descendentes
3149 2719 3302 2775 super
3337 2701 3532 2757 Filium
3561 2702 3784 2757 hominis

2189 2794 2366 2866 (Joan.
2393 2809 2440 2859 ι,
2469 2795 2679 2866 47-51).
2712 2795 2819 2850 Hoc
2849 2796 2990 2851 enim
3017 2794 3178 2850 Israel
3204 2794 3441 2862 viderat,
3480 2810 3606 2850 cum
3635 2795 3784 2850 illum

2188 2885 2416 2958 lapidem
2444 2887 2511 2942 ad
2541 2897 2699 2956 caput
2737 2887 2999 2955 habebat,
3031 2903 3061 2941 a
3093 2897 3234 2942 terra
3263 2887 3316 2941 in
3346 2885 3539 2942 coelum
3587 2887 3783 2956 scalas,

2188 2998 2284 3054 per
2329 3000 2459 3054 quas
2506 2982 2863 3039 ascendebant
2911 2991 2965 3039 et
3011 2981 3403 3038 descendebant
3448 2982 3643 3050 Angeli
3697 2980 3788 3036 Dei

2193 3063 2343 3146 (Gen.
2371 3092 2568 3143 xxvm,
2598 3073 2812 3147 11—18).
2845 3075 2898 3130 In
2927 3076 3118 3148 quibus
3145 3075 3424 3147 signiﬁcati
3454 3084 3577 3130 sunt
3605 3075 3787 3130 Evan-

2187 3169 2388 3240 gelista)
2413 3170 2787 3239 praedicatores
2807 3170 3000 3225 Christi
3027 3189 3038 3223 :
3063 3169 3412 3225 ascendentes
3433 3169 3641 3239 utique,
3666 3185 3789 3224 cum

2187 3265 2253 3319 ad
2282 3265 2677 3335 intelligendam
2713 3265 2830 3334 ejus
2865 3263 3497 3334 supereminentissimam
3528 3261 3790 3317 divinita-

2187 3363 2292 3410 tem
2321 3356 2582 3410 cxceduut
2609 3357 2908 3410 universam
2931 3362 3250 3421 creaturam,
3279 3362 3337 3408 ut
3363 3369 3478 3409 eam
3509 3353 3794 3408 inveniant

2186 3448 2239 3502 in
2269 3448 2528 3519 principio
2555 3448 2720 3503 Deum
2749 3447 2885 3518 apud
2914 3447 3082 3503 Deum
3101 3488 3116 3513 ,
3147 3461 3244 3516 per
3278 3461 3434 3516 quem
3479 3445 3620 3502 facta
3665 3454 3792 3502 sunt

2185 3543 2361 3598 omnia
2394 3541 2573 3610 (Joan.
2600 3559 2684 3608 ιιι,
2718 3543 2873 3612 1-5);
2905 3540 3288 3596 descendentes
3317 3548 3492 3594 autem
3513 3580 3529 3607 ,
3560 3549 3626 3596 ut
3664 3555 3792 3595 eum

2185 3635 2456 3691 inveniant
2487 3636 2680 3690 factum
2707 3651 2773 3691 ex
2799 3635 3040 3700 muliere,
3067 3634 3263 3706 factum
3295 3634 3392 3689 sub
3415 3633 3578 3712 Lege,
3609 3645 3673 3699 ut
3698 3647 3795 3691 eos

2185 3730 2274 3802 qui
2307 3730 2402 3785 sub
2426 3729 2567 3800 Lege
2593 3738 2742 3785 erant
2771 3728 3059 3790 redimeret
3088 3727 3281 3801 (Colat.
3311 3742 3382 3791 Iv,
3410 3728 3463 3794 4,
3490 3727 3574 3798 5).
3614 3727 3676 3782 In
3704 3727 3796 3782 illo

2185 3823 2325 3877 enim
2357 3823 2513 3876 scalae
2543 3838 2572 3876 a
2605 3831 2743 3876 terra
2783 3836 2947 3892 usque
2987 3819 3054 3874 ad
3093 3822 3284 3876 caelum
3306 3862 3321 3888 ,
3354 3835 3382 3873 a
3412 3835 3576 3875 carne
3615 3835 3796 3889 uSque

2182 3913 2248 3968 ad
2280 3915 2556 3984 spiritum;
2589 3914 2707 3984 quia
2738 3913 2790 3968 in
2823 3913 2912 3968 illo
2950 3912 3189 3968 carnales
3227 3911 3556 3982 proﬁciendo
3578 3954 3596 3978 ,
3641 3913 3799 3968 velut

2182 4006 2522 4063 ascendendo
2559 4006 2860 4076 spirituales
2898 4005 3029 4060 ﬁunt
3060 4024 3072 4060 :
3106 4005 3171 4059 ad
3201 4020 3336 4075 quos
3365 4005 3498 4060 lacte
3531 4006 3795 4062 nutrien-

2182 4101 2301 4166 dos,
2334 4102 2490 4154 etiam
2524 4099 2623 4169 ipsi
2654 4099 2952 4167 Spirituales
2977 4097 3306 4153 descendunt
3331 4097 3561 4168 quodam
3596 4098 3795 4164 modo,

2182 4207 2302 4246 cum
2335 4192 2412 4247 eis
2445 4207 2549 4245 non
2593 4199 2814 4260 possunt
2852 4191 2993 4260 loqui
3035 4191 3185 4261 quasi
3231 4190 3643 4261 spiritualibus,
3695 4190 3796 4247 sed

2181 4284 2331 4354 quasi
2361 4283 2659 4338 carnalibus
2691 4281 2730 4354 (l
2761 4281 2876 4336 Cor.
2907 4298 2993 4348 Ill,
3025 4282 3162 4354 1-5).
3194 4282 3283 4336 Sic
3312 4290 3364 4335 et
3387 4282 3712 4338 ascenditur
3743 4292 3801 4340 et

2182 4376 2521 4431 descenditur
2549 4391 2707 4444 super
2736 4373 2926 4429 Filium
2956 4373 3206 4429 hominis.
3240 4373 3406 4428 Filius
3431 4374 3576 4428 enim
3607 4375 3801 4431 homi-

2183 4469 2264 4522 nis
2295 4482 2504 4522 sursum
2535 4467 2587 4521 in
2616 4467 2786 4536 capite
2820 4475 3031 4533 nostro,
3061 4464 3210 4536 quod
3241 4474 3321 4520 est
3350 4466 3461 4536 ipse
3489 4466 3797 4533 Salvator;

2180 4569 2235 4615 et
2263 4559 2424 4614 Filius
2453 4558 2680 4613 hominis
2705 4557 2950 4613 deorsum
2996 4559 3047 4612 in
3085 4573 3309 4629 corpore
3347 4573 3473 4624 suo,
3516 4559 3676 4627 quod
3713 4570 3802 4615 est

2181 4650 2439 4706 Ecclesia.
2469 4651 2642 4720 Ipsum
2669 4659 2722 4704 et
2746 4649 2914 4704 scalas
2938 4648 3300 4720 intelligimus,
3324 4649 3444 4720 quia
3471 4649 3593 4720 ipse
3619 4651 3801 4720 dixit,

2179 4742 2291 4814 Ego
2313 4760 2422 4797 sum
2447 4743 2525 4795 via
2552 4740 2728 4814 (Joan.
2756 4756 2865 4805 xxv,
2889 4739 2968 4812 6).
2994 4740 3075 4796 Ad
3099 4741 3270 4812 ipsum
3292 4756 3419 4812 ergo
3439 4743 3799 4810 ascenditur,

2178 4843 2237 4888 ut
2281 4835 2332 4887 in
2375 4832 2599 4888 excelsis
2641 4831 2993 4904 intelligatur;
3025 4841 3078 4886 et
3106 4832 3171 4886 ad
3202 4833 3373 4902 ipsum
3405 4831 3801 4902 descenditur,

2178 4934 2236 4979 ut
2265 4925 2314 4978 iu
2344 4924 2595 4979 membris
2623 4923 2733 4978 suis
2765 4923 2967 4993 parvuli
3007 4923 3310 4978 nutriantur
3329 4925 3370 4978 ⁸.
3401 4925 3465 4996 Et
3492 4939 3602 4995 per
3631 4927 3804 4982 illum

2177 5019 2480 5075 ascenditur
2506 5028 2558 5073 et
2587 5018 2958 5074 descenditur:
2982 5019 3284 5087 exemplum
3311 5019 3505 5090 quippe
3531 5019 3668 5090 ejus
3704 5036 3804 5077 se-

2177 5121 2399 5184 quentes
2426 5111 2802 5181 praedicatores
2828 5111 2970 5182 ejus,
2999 5127 3103 5166 non
3136 5113 3306 5168 solum
3346 5128 3404 5168 se
3436 5113 3711 5185 erigunt,
3742 5125 3808 5170 ut

2175 5222 2296 5263 eum
2323 5206 2618 5261 sublimiter
2642 5212 2916 5276 Spectent;
2945 5205 3038 5260 sed
3061 5205 3218 5260 etiam
3239 5204 3536 5273 humiliant,
3568 5216 3637 5262 ut
3661 5223 3806 5264 eum

2177 5305 2534 5367 temperanter
2557 5297 2891 5352 annuntieut.
2917 5295 3104 5352 Videte
3129 5297 3440 5367 Apostolum
3466 5300 3809 5357 ascenden-

2174 5400 2282 5446 tem
2315 5409 2325 5445 :
2359 5383 2508 5456 Siue,
2537 5391 2738 5461 inquit,
2770 5397 2931 5443 mente
2957 5389 3288 5454 excessimus,
3320 5388 3450 5444 Deo.
3493 5389 3713 5448 Videte
3746 5404 3810 5452 et

2175 5483 2582 5539 descendentem
2610 5501 2624 5538 :
2649 5483 2786 5550 Sive,
2815 5483 3001 5554 inquit,
3030 5491 3356 5556 temperantes
3379 5499 3582 5551 sumus,
3621 5489 3808 5558 vobis.

2237 5664 2272 5730 ί,
2291 5665 2379 5730 me
2395 5663 2544 5712 editio
2563 5669 2679 5730 _t.ov._
2686 5660 2862 5730 addit,
2902 5659 3056 5725 spinis
3088 5659 3309 5730 primitus
3340 5665 3649 5725 coronatus;
3676 5678 3815 5730 quae

2171 5727 2326 5794 verba
2341 5728 2518 5778 absunt
2534 5726 2597 5776 ab
2621 5726 2765 5775 editis
2785 5723 2892 5776 aliis
2911 5723 2976 5775 .et
2997 5723 3174 5778 nostris
3197 5733 3302 5794 Mss.
3488 5791 3494 5794 _
3524 5782 3539 5794 ,

2235 5791 2253 5858 ξ
2289 5791 2368 5858 διο,
2391 5795 2489 5836 Αιιι.
2516 5794 2668 5858 ΕΙΣ.οι
2691 5799 2843 5858 prope
2865 5799 3039 5838 omnes
3073 5794 3179 5838 MSS.
3215 5793 3269 5850 At
3291 5793 3423 5852 tot,
3449 5791 3496 5838 tit
3516 5791 3582 5850 in
3625 5800 3818 5854 mm-

2175 5849 2273 5903 bris
2291 5848 2390 5901 suis
2421 5847 2632 5914 porculis
2653 5847 2912 5900 nutriatur.
