4052 6486
539 488 640 547 271

539 617 654 664 tera
674 608 759 663 vel
778 607 974 671 omnia,
996 605 1083 662 vel
1096 605 1356 677 quaedam,
1379 605 1552 675 qualia
1571 604 1755 659 credat
1774 604 1826 657 in
1846 602 2113 658 omnibus.

609 698 834 754 CAPUT
872 697 1065 753 XXXI.
1109 727 1178 738 —
1222 695 1406 751 Videat
1455 694 1639 751 Iesum
1695 694 2115 750 introducentem

540 790 791 859 populum
844 791 899 844 in
950 797 1145 845 terram
1190 786 1556 857 promissionis
1600 787 1791 858 (Iosue
1828 788 1927 857 ιιι)
1970 804 1984 840 :
2029 801 2122 842 ue-

539 896 643 949 que
670 883 811 937 enim
856 882 956 936 hoc
994 888 1196 935 temere
1239 878 1306 933 ab
1351 878 1502 933 initio
1544 878 1864 946 vocabatur,
1916 878 2010 933 sed
2051 892 2121 934 ex

538 972 653 1043 ipsa
674 973 1066 1044 dispensatione
1086 970 1299 1026 nomine
1314 978 1516 1026 mutato
1530 971 1685 1027 Iesus
1703 971 1995 1041 appellatus
2017 979 2118 1026 est.

542 1063 734 1119 Videat
756 1064 963 1118 botrum
986 1062 1052 1116 de
1082 1070 1223 1116 terra
1250 1063 1617 1131 promissionis
1633 1063 1687 1117 in
1707 1064 1850 1133 ligno
1881 1063 2119 1133 penden-

541 1165 647 1211 tem
676 1155 859 1225 (Num.
892 1170 1005 1219 xnt,
1024 1153 1335 1223 24).Videat
1360 1154 1414 1210 in
1439 1155 1653 1210 Jericho
1670 1140 1915 1224 tanquam
1942 1154 1992 1208 in
2022 1153 2123 1209 hoc

537 1246 747 1300 mortali
777 1245 971 1299 saeculo
1000 1247 1333 1300 meretricem
1354 1286 1371 1311 ,
1401 1246 1469 1300 de
1495 1244 1739 1316 qualibus
1768 1246 1841 1299 ait
1866 1244 2122 1300 Dominus

536 1336 675 1407 quod
695 1336 993 1407 prtecedant
1011 1338 1268 1408 superbos
1293 1338 1344 1391 in
1370 1353 1589 1407 regnum
1609 1338 1864 1393 caelorum
1892 1336 1911 1407 (
1931 1336 2117 1390 Matth.

537 1445 658 1495 xxi,
704 1429 791 1499 51)
816 1470 829 1494 ,
861 1445 956 1499 per
984 1429 1269 1485 fenestram
1303 1429 1491 1485 domus
1527 1445 1638 1485 suae
1665 1438 1913 1499 tanquam
1942 1443 2037 1498 per
2060 1442 2121 1483 os

536 1521 775 1593 corporis
800 1521 883 1577 sui
912 1536 1129 1577 coccum
1161 1521 1457 1576 mittentem
1482 1519 1681 1591 (Josue
1718 1520 1826 1589 ιι),
1876 1519 2016 1589 quod
2040 1526 2124 1574 est

536 1615 717 1685 utique
740 1614 1012 1683 sanguinis
1036 1614 1243 1685 signum
1260 1655 1276 1681 ,
1306 1623 1520 1684 pr0pter
1542 1611 1908 1668 remissionem
1935 1624 2123 1680 pecca-

538 1717 713 1763 torum
741 1707 984 1764 conﬁteri
1008 1707 1075 1762 ad
1102 1707 1346 1763 salutem.
1374 1706 1564 1761 Videat
1591 1719 1771 1760 muros
1801 1705 1964 1774 ipsius
1992 1703 2123 1760 civi-

540 1802 665 1856 tatis
686 1842 700 1865 ,
751 1811 999 1871 tanquam
1038 1800 1361 1855 munitiones
1384 1798 1637 1855 mortales
1663 1797 1876 1863 saeculi,
1923 1796 2121 1867 septies

537 1894 853 1950 circumacta
882 1892 1206 1949 Testamenti
1232 1906 1355 1946 arca
1379 1891 1635 1946 cecidisse
1664 1888 1781 1962 (Id.
1809 1887 1900 1959 vr)
1936 1906 1949 1942 :
1982 1888 2123 1943 sicut

538 2001 679 2040 nunc
707 2001 804 2056 per
836 1993 1071 2053 tempora
1096 2025 1111 2048 ,
1153 1998 1271 2053 quae
1300 1991 1502 2050 septem
1529 1981 1732 2037 dierum
1759 1978 2121 2035 vicissitudine

537 2079 871 2141 dilabuntur,
905 2076 1299 2131 Testamentum
1345 2074 1438 2128 Dei
1480 2073 1670 2127 circuit
1717 2079 1887 2127 totum
1937 2071 2121 2126 orbem

539 2180 794 2224 terrarum
826 2169 842 2199 ¹
872 2184 887 2233 ;
919 2175 977 2221 ut
1000 2166 1053 2220 in
1080 2165 1187 2221 ﬁne
1216 2176 1510 2234 temporum
1532 2179 1675 2219 mors
1704 2163 1990 2219 novissima
2017 2164 2122 2217 ini-

538 2260 675 2313 mica
704 2258 1007 2313 destruatur
1025 2298 1040 2323 ,
1070 2267 1124 2312 et
1142 2272 1207 2312 ex
1229 2256 1509 2325 impiorum
1529 2255 1824 2326 perditione
1845 2256 1997 2310 unica
2022 2254 2121 2309 do-

541 2365 661 2406 mus
704 2360 951 2421 tanquam
995 2350 1152 2404 unica
1196 2349 1430 2404 Ecclesia
1470 2348 1759 2412 liberetur,
1810 2347 2059 2402 mundata
2091 2362 2123 2402 a

539 2441 860 2512 turpitudine
889 2439 1277 2504 fornicationis,
1311 2455 1405 2509 per
1429 2438 1719 2495 fenestram
1741 2437 2120 2505 confessionis,

538 2533 595 2587 in
618 2533 871 2603 sanguine
892 2530 1242 2586 remissionis.

606 2624 829 2680 CAPUT
850 2622 1067 2679 XXXII.
1086 2653 1159 2663 —
1174 2621 1359 2678 Videat
1386 2630 1643 2693 tempora,
1665 2622 1838 2694 primo
1858 2620 2120 2688 Iudicum,

536 2723 721 2786 postea
749 2715 949 2784 Regum
975 2731 990 2780 ;
1023 2713 1160 2769 sicut
1185 2714 1285 2768 erit
1312 2714 1482 2783 primo
1498 2713 1756 2784 judicium
1777 2756 1792 2781 ,
1821 2713 2015 2769 deinde
2038 2730 2125 2770 re-

537 2823 701 2878 gnum
724 2823 737 2858 :
757 2807 915 2876 inque
942 2805 1069 2875 ipsis
1095 2805 1423 2873 temporibus
1447 2805 1689 2860 Iudicum
1713 2816 1767 2861 et
1796 2805 1996 2874 Regum
2024 2806 2123 2860 ite-

537 2914 653 2953 rum
681 2908 837 2967 atque
875 2898 1065 2951 iterum
1096 2896 1275 2951 multis
1299 2906 1353 2951 et
1378 2898 1538 2953 variis
1579 2897 1751 2951 modis
1778 2896 2047 2951 Christum
2072 2903 2129 2952 et

537 2988 832 3043 Ecclesiam
863 2988 1096 3058 figurari.
1127 2987 1255 3055 Quis
1280 2995 1394 3042 erat
1421 2988 1474 3042 in
1502 2986 1727 3044 Samson
1766 2987 1979 3042 obvium
2006 2988 2122 3042 leo-

537 3095 660 3135 nem
691 3094 917 3142 necans,
950 3094 1071 3133 cum
1102 3078 1341 3147 petenda:
1383 3080 1562 3133 uxoris
1586 3094 1743 3133 causa
1772 3079 1837 3132 ad
1868 3079 2122 3149 alienige-

538 3185 634 3224 nas
664 3169 901 3225 tenderet
932 3167 1144 3241 (Judic.
1189 3169 1321 3237 XIV),
1343 3169 1444 3223 nisi
1478 3169 1566 3239 qui
1596 3169 1881 3223 Ecclesiam
1912 3177 2128 3224 vocatu-

538 3274 630 3317 '?us
656 3278 721 3317 ex
752 3262 1005 3318 Gentibus
1032 3262 1193 3328 dixit,
1224 3261 1466 3327 Gaudete,
1496 3262 1614 3331 quia
1643 3278 1731 3332 ego
1760 3263 1855 3316 vici
1880 3262 2124 3318 amulum

543 3358 731 3432 (Joan.
762 3376 855 3414 xvi
879 3401 893 3425 ,
940 3360 1009 3413 55
1034 3356 1095 3428 )?'
1113 3358 1250 3426 Quid
1287 3358 1387 3413 sibi
1416 3358 1529 3411 vult
1555 3359 1605 3411 in
1635 3374 1729 3413 ore
1757 3358 1921 3427 ipsius
1952 3358 2126 3413 leonis

539 3454 700 3512 occisi
724 3454 873 3508 favus
893 3462 1193 3507 exstructus
1221 3450 1430 3523 (Judic.
1457 3466 1569 3517 xxv,
1592 3450 1697 3517 8),
1729 3450 1827 3504 nisi
1852 3452 1973 3521 quia
1998 3465 2127 3506 ecce

540 3547 893 3618 conspicimus
923 3547 1067 3616 leges
1097 3546 1240 3614 ipsas
1263 3544 1411 3615 regni
1442 3543 1673 3609 terreni,
1722 3558 1841 3614 quae
1869 3544 2125 3599 adversus

539 3639 806 3697 Christum
831 3647 956 3694 ante
984 3638 1343 3703 fremuerunt,
1374 3650 1512 3690 nunc
1537 3635 1643 3706 jam
1682 3645 1957 3706 perempta
2001 3635 2125 3690 feri-

538 3738 649 3788 tate
672 3730 939 3787 dulcedini
982 3728 1302 3796 evangelicae
1348 3727 1700 3797 praedicanda:
1741 3728 1898 3781 etiam
1948 3728 2124 3780 muni-

539 3835 718 3879 menta
769 3820 1051 3891 praebere?
1081 3818 1217 3887 Quid
1246 3827 1328 3874 est
1368 3819 1456 3873 illa
1481 3820 1670 3874 mulier
1698 3818 1851 3888 plena
1881 3818 2083 3873 ﬁduciae
2106 3861 2121 3886 ,

537 3914 707 3969 hostis
735 3923 969 3982 tempora
1001 3913 1143 3981 ligno
1195 3911 1512 3981 transfigens
1562 3909 1680 3983 (Id.
1715 3926 1766 3964 IV
1789 3951 1803 3973 ,
1850 3910 1989 3981 21),
2023 3910 2126 3964 nisi

539 4005 672 4060 ﬁdes
699 4005 971 4070 Ecclesiae,
1002 4017 1161 4057 cruce
1184 4001 1380 4055 Christi
1411 4015 1570 4069 regna
1599 4000 1790 4053 diaboli
1818 3998 2127 4068 perimens?

541 4098 680 4168 Quid
702 4099 871 4154 vellus
891 4096 1215 4166 complutum
1243 4109 1365 4148 area
1387 4094 1525 4147 sicca
1543 4134 1558 4159 ,
1584 4102 1636 4146 et
1662 4102 1839 4162 postea
1858 4094 2126 4163 compluta

541 4206 664 4246 area
692 4193 833 4246 sicco
860 4190 1057 4245 vellere
1094 4187 1223 4258 (Id.
1261 4202 1313 4239 γι
1337 4226 1352 4253 ,
1383 4186 1549 4241 57-40
1574 4188 1625 4256 ),
1668 4187 1766 4239 nisi
1808 4188 1976 4255 primo
2021 4202 2125 4241 una

546 4297 678 4352 gens
708 4280 1053 4335 Hebraeorum
1077 4319 1091 4342 ,
1140 4278 1339 4332 habens
1368 4276 1574 4331 occulte
1611 4276 1663 4329 in
1694 4276 1890 4331 sanctis
1928 4285 2123 4347 myste-

548 4374 685 4427 rium
716 4372 829 4440 Dei,
857 4371 997 4442 quod
1022 4370 1382 4436 estChristus,
1412 4384 1515 4439 quo
1537 4371 1788 4439 mysterio
1824 4380 1963 4423 totus
1983 4370 2125 4425 orbis

542 4481 742 4521 vacuus
772 4473 924 4531 erat;
958 4479 1099 4518 nunc
1126 4472 1301 4517 autem
1345 4463 1395 4515 in
1422 4458 1843 4517 manifestatio'ne
1873 4470 2012 4517 totus
2038 4477 2124 4517 or-

541 4556 624 4612 bis
650 4557 699 4611 id
728 4556 915 4619 habet,
940 4554 1027 4609 illa
1046 4564 1265 4608 vacuata
1294 4553 1417 4608 est?

609 4648 834 4703 CAPUT
870 4646 1108 4701 XXXIII.
1137 4677 1205 4685 —
1232 4646 1366 4712 Quid
1392 4644 1500 4715 jam
1522 4644 1724 4715 Regum
1753 4644 2081 4714 temporibus
2103 4687 2119 4713 ,

540 4750 601 4796 ut
628 4750 681 4796 et
708 4741 830 4794 inde
860 4754 1023 4809 pauca
1053 4754 1488 4801 commemorem,
1522 4753 1698 4791 nonne
1724 4738 1792 4790 ab
1820 4738 1935 4805 ipso
1962 4753 2120 4793 exor-

540 4832 631 4886 dio
656 4840 1038 4887 commutatum
1082 4830 1434 4886 sacerdotium
1465 4830 1515 4883 in
1547 4830 1848 4883 Samuelem
1873 4871 1887 4894 ,
1935 4845 2122 4899 repro-

538 4924 666 4979 bato
693 4924 809 4979 Heli
841 4923 884 4993 (I
914 4924 1040 4995 Reg.
1064 4941 1120 4989 n,
1146 4924 1338 4992 27-56)
1364 4964 1379 4989 ,
1412 4930 1466 4976 et
1487 4929 1866 4975 commutatum
1898 4936 2120 4991 regnum

541 5016 596 5070 in
625 5015 811 5084 David,
840 5017 1121 5086 reprobato
1146 5015 1302 5069 Saﬁle
1323 5012 1434 5083 (Id.
1454 5028 1564 5077 xw,
1583 5010 1750 5083 l-M),
1768 5012 2119 5083 clamatprae-

542 5108 774 5163 nuntiari
794 5124 984 5163 novum
998 5106 1346 5161 sacerdotium
1370 5119 1667 5172 novumque
1682 5119 1923 5173 regnum,
1939 5120 2121 5174 repro-

542 5197 671 5254 bato
698 5211 897 5266 vetere,
935 5198 1074 5268 quod
1092 5197 1276 5251 umbra
1288 5205 1402 5250 erat
1418 5195 1595 5257 futuri,
1624 5196 1674 5247 in
1696 5194 1917 5250 Domino
1933 5206 2119 5253 nostro

536 5288 662 5345 Jesu
684 5291 897 5345 Christo
920 5289 1239 5345 venturum?
1266 5286 1576 5355 Nonneipse
1594 5287 1776 5350 David,
1813 5303 1932 5342 cum
1956 5305 2120 5359 panes

539 5382 919 5452 propositionis
935 5380 1287 5445 manducavit,
1322 5392 1569 5448 quosnon
1599 5378 2119 5436 licebatmanducare

543 5472 644 5525 nisi
694 5471 822 5526 solis
858 5467 1366 5538 sacerdotibus(ld.
1395 5484 1504 5532 xxI,
1535 5468 1645 5539 6),
1684 5469 1735 5523 in
1760 5485 1862 5524 una
1893 5485 2117 5539 persona

543 5573 829 5634 utrumque
845 5564 1073 5618 futurum
1100 5601 1114 5626 ,
1156 5562 1206 5616 id
1220 5569 1322 5629 est,
1344 5561 1393 5615 in
1411 5576 1517 5616 uno
1532 5561 1655 5617 Jesu
1676 5560 1883 5616 Christo
1901 5578 2118 5632 regnum

534 5667 589 5713 et
613 5654 965 5712 sacerdotium
992 5652 1276 5721 ﬁguravit?
1310 5651 1497 5708 Nonne
1523 5666 1644 5707 cum
1667 5650 1854 5707 decem
1894 5653 2060 5708 tribus
2086 5669 2117 5708 a

538 5747 737 5818 templo
763 5752 1018 5817 separatae
1038 5752 1188 5813 sunt,
1214 5752 1272 5800 et
1294 5743 1413 5799 duae
1432 5743 1703 5799 derelictae
1729 5742 1747 5813 (
1769 5741 1837 5797 lll
1857 5743 1985 5813 Reg.
2016 5760 2114 5811 xn,

532 5878 869 5991 κένὲἳὲἓυιιι
904 5884 1012 5931 ass.
1038 5879 1281 5942 omittunt,
1318 5882 1484 5932 totum.
1509 5877 1630 5929 Fditi
1651 5876 1852 5940 habent,
1892 5880 1985 5929 toto
2003 5878 2116 5929 orbe

1353 485 1627 545 CONTRA
1663 478 1986 539 FAUS'I‘UM
2026 478 2475 550 MANICHALUM,
2514 481 2572 538 S.
2613 479 2980 539 AUGUSTINI

3689 478 3793 541 272

2229 602 2328 669 16,
2355 602 2472 674 20),
2505 605 2632 660 satis
2654 604 2851 660 indicat
2874 605 3013 676 quod
3042 604 3107 662 de
3126 611 3235 662 tota
3260 604 3374 675 ipsa
3391 608 3546 675 gente
3565 600 3790 673 Apostov

2226 696 2307 751 lus
2331 698 2432 763 ait,
2464 697 2710 768 Reliquiae
2728 715 2816 770 per
2834 698 3117 754 electionem
3136 699 3311 771 gratim
3328 696 3481 752 εαιιιαξ
3508 698 3656 769 facta
3680 709 3788 751 tam.

2226 786 2416 860 (Rom.
2438 806 2529 857 x1,
2560 790 2655 863 5).

2296 880 2521 938 CAPUT
2548 882 2789 939 XXXIV.
2814 913 2886 925 --
2907 883 3146 941 Pascitur
3170 882 3313 940 Elias
3343 890 3582 953 tempore
3606 879 3759 936 famis
3781 918 3790 949 ,

2226 974 2400 1027 corvis
2425 988 2580 1030 mane
2603 974 2941 1031 aﬂ'erentibus
2966 990 3188 1046 panem,
3209 983 3265 1031 et
3288 974 3354 1030 ad
3374 987 3650 1044 vesperam
3675 986 3768 1027 car

2226 1077 2323 1117 nes
2365 1062 2385 1131 (
2404 1062 2468 1117 III
2496 1062 2623 1135 Reg.
2653 1080 2762 1120 xvn
2783 1105 2799 1133 ,
2828 1064 2905 1136 6)
2929 1082 2943 1120 :
2966 1074 3018 1121 et
3044 1065 3318 1121 Manichaei
3355 1079 3461 1119 non
3501 1061 3801 1131 intelligunt

2226 1153 2281 1208 in
2325 1152 2428 1208 illis
2468 1153 2641 1210 Libris
2665 1153 2933 1211 Christum
2954 1196 2967 1221 ,
3000 1156 3085 1212 cui
3111 1155 3341 1227 quodam
3369 1153 3526 1209 modo
3573 1152 3798 1208 salutem

2227 1252 2462 1301 nostram
2490 1247 2741 1301 esurienti
2769 1247 3089 1304 conﬁtentur
3126 1256 3460 1317 peccatores,
3506 1243 3662 1299 ﬁdem
3691 1242 3802 1312 pri-

2225 1335 2401 1389 mitias
2421 1336 2635 1406 spiritus
2659 1352 2799 1393 nunc
2818 1338 3075 1395 habentes
3100 1340 3117 1371 ¹
3148 1379 3165 1407 ,
3193 1340 3247 1394 in
3276 1338 3383 1393 ﬁne
3408 1346 3584 1393 autem
3608 1378 3623 1402 ,
3652 1335 3801 1391 velut

2225 1427 2293 1482 ad
2342 1443 2616 1498 vesperam
2658 1430 2874 1496 saeculi,
2902 1431 3064 1487 etiam
3110 1431 3283 1486 carnis
3334 1428 3798 1485 resurrectionem.

2225 1522 2447 1578 Mittitur
2468 1523 2613 1579 Elias
2637 1524 2932 1594 pascendus
2954 1525 3022 1581 ad
3047 1524 3395 1595 alienigenam
3418 1523 3647 1588 viduam,
3677 1535 3799 1591 quas

2224 1613 2435 1669 volebat
2477 1614 2584 1669 duo
2612 1614 2752 1685 ligna
2780 1615 3065 1685 colligere,
3112 1616 3418 1686 priusquam
3459 1619 3798 1668 moreretur:

2226 1718 2336 1759 non
2360 1705 2447 1760 hic
2472 1704 2584 1761 solo
2611 1704 2737 1777 ligni
2778 1706 2990 1761 nomine
3012 1748 3028 1774 ,
3057 1705 3152 1761 sed
3177 1707 3333 1761 etiam
3367 1718 3590 1761 numero
3629 1703 3802 1774 ligno-

2224 1810 2343 1849 rum
2394 1795 2605 1865 signum
2655 1796 2827 1852 crucis
2872 1795 3201 1867 exprimitur.
3256 1794 3592 1851 Benedicitur
3634 1792 3800 1848 farina

2227 1889 2343 1957 ejus
2370 1896 2425 1943 et
2450 1888 2625 1944 oleum
2666 1888 2866 1962 (Ibid.,
2886 1889 3047 1961 9-16)
3077 1907 3090 1945 :
3120 1889 3320 1945 fructus
3342 1897 3397 1944 et
3413 1887 3647 1943 hilaritas
3672 1885 3802 1941 cha-

2224 1979 2430 2047 ritatis,
2458 1996 2576 2051 quae
2613 1995 2734 2035 cum
2778 1981 3131 2051 impenditur,
3178 1997 3285 2036 non
3327 1979 3537 2046 deﬁcit;
3581 1978 3801 2034 hilarem

2224 2074 2365 2128 enim
2392 2074 2628 2129 datorem
2654 2074 2826 2146 diligit
2845 2075 2984 2130 Deus
3009 2074 3090 2145 (II
3116 2074 3231 2129 Cor.
3264 2089 3348 2140 rx,
3371 2072 3462 2143 7).

2295 2163 2521 2219 CAPUT
2575 2164 2789 2219 XXXV.
2817 2196 2887 2206 —
2915 2165 3109 2221 Elisan
3158 2179 3351 2235 pueros
3394 2164 3705 2218 insultantes
3742 2169 3799 2217 et

2224 2254 2549 2322 clamantes,
2580 2255 2760 2324 Calve,
2788 2257 2956 2325 calve,
2989 2257 3171 2313 bestiae
3212 2254 3499 2311 comedunt
3526 2252 3629 2326 (IV
3667 2252 3801 2323 Reg.

2226 2360 2282 2409 ιι,
2309 2347 2400 2411 25,
2419 2344 2532 2418 24);
2554 2348 2741 2417 puerili
2759 2348 2976 2403 stultitia
2994 2347 3298 2404 deridentes
3314 2347 3579 2403 Christum
3605 2345 3658 2400 in
3682 2345 3805 2401 loco

2225 2437 2481 2493 Calvariae
2528 2440 2836 2495 cruciﬁxum
2860 2482 2874 2506 ,
2926 2440 3096 2495 invasi
3125 2454 3154 2493 a
3183 2438 3514 2495 daemonibus
3553 2446 3798 2508 pereunt.

2225 2529 2382 2585 Mittit
2406 2531 2627 2587 Elisaeus
2654 2547 2748 2602 per
2789 2546 3002 2589 servum
3031 2532 3275 2588 baculum
3301 2545 3461 2601 super
3497 2537 3763 2585 mortuum
3782 2569 3800 2597 ,

2227 2630 2280 2675 et
2306 2637 2409 2676 non
2448 2624 2749 2690 reviviscit;
2778 2625 2920 2679 venit
2952 2625 3067 2695 ipse
3089 2665 3105 2691 ,
3132 2622 3403 2693 coniungit
3430 2630 3484 2676 et
3508 2628 3719 2690 coaptat
3743 2633 3803 2675 se

2226 2715 2385 2771 morti
2430 2715 2583 2786 ejus,
2638 2724 2693 2771 et
2742 2716 3012 2772 reviviscit
3059 2715 3189 2787 (Id.
3244 2732 3329 2781 iv,
3382 2712 3580 2784 29-57)
3615 2731 3629 2766 :
3662 2711 3807 2767 misit

2228 2821 2405 2861 sermo
2444 2808 2535 2862 Dei
2583 2807 2775 2878 Legem
2803 2821 3136 2878 perservum
3174 2820 3359 2877 suum,
3387 2820 3486 2863 nec
3524 2803 3720 2877 profuit
3750 2803 3805 2859 in

2228 2898 2458 2968 peccatis
2481 2908 2691 2953 mortuo
2712 2900 2890 2970 generi
2916 2900 3182 2967 humano;
3207 2915 3326 2970 quae
3352 2908 3527 2954 tamen
3553 2914 3660 2952 non
3689 2898 3805 2951 sine

2227 3003 2387 3046 causa
2409 2990 2569 3045 missa
2598 2998 2714 3055 est;
2743 2990 2831 3046 ille
2858 2991 2999 3047 enim
3027 2990 3191 3058 misit,
3219 2991 3309 3062 qui
3331 2990 3491 3046 sciret
3517 3003 3632 3044 eam
3657 2988 3807 3058 prius

2229 3094 2351 3135 esse
2383 3081 2730 3136 mittendam:
2769 3083 2913 3137 venit
2950 3083 3096 3152 ipse,
3137 3080 3486 3148 conformavit
3511 3096 3570 3137 se
3608 3080 3803 3147 nobis,

2228 3169 2396 3226 factus
2421 3173 2688 3242 particeps
2716 3175 2903 3229 mortis
2946 3183 3177 3240 nostrae,
3207 3182 3262 3229 et
3304 3172 3557 3229 viviﬁcati
3596 3180 3803 3229 sumus.

2229 3263 2363 3319 Cum
2391 3266 2666 3321 securibus
2709 3266 2851 3337 ligna
2897 3266 3262 3333 caederentur,
3293 3265 3361 3321 de
3408 3265 3553 3336 ligno
3602 3263 3807 3319 ferrum

2226 3358 2495 3424 exsiliens,
2516 3360 2570 3415 in
2608 3360 2925 3430 profundum
2970 3359 3202 3416 fluminis
3240 3373 3474 3415 mersum
3498 3366 3618 3425 est,
3646 3364 3808 3428 atque

2228 3451 2281 3506 in
2311 3452 2509 3524 lignum
2553 3452 2782 3523 desuper
2815 3453 2882 3509 ab
2919 3453 3114 3509 Elisaeo
3153 3452 3445 3524 projectum
3470 3493 3486 3519 ,
3529 3465 3807 3507 reversum

2228 3551 2309 3599 est
2347 3542 2467 3617 (Id.
2503 3559 2556 3597 Vt
2576 3585 2591 3610 ,
2620 3545 2715 3599 4-7
2740 3544 2759 3615 )
2786 3560 2801 3610 ;
2830 3544 2902 3599 ita
2947 3560 3068 3599 cum
3096 3545 3286 3613 lmpios
3314 3542 3527 3598 Iudaeos
3568 3556 3666 3612 per
3684 3556 3808 3596 cor-

2229 3652 2328 3707 pus
2379 3645 2597 3707 operata
2642 3637 2924 3706 praesentia
2973 3634 3170 3692 Christi
3212 3646 3458 3706 tanquam
3509 3634 3805 3689 infructuo-

2228 3744 2316 3784 sas
2340 3729 2559 3785 arbores
2583 3729 2811 3785 crederet
2833 3769 2848 3796 ,
2892 3729 3013 3800 quia
3050 3729 3117 3785 de
3146 3728 3237 3783 illo
3282 3727 3512 3782 Joannes
3555 3724 3805 3791 dixerat,

2229 3820 2361 3876 Ecce
2384 3822 2569 3875 securis
2588 3822 2656 3874 ad
2672 3822 2862 3877 radices
2884 3821 3075 3885 arboris
3088 3822 3252 3891 posita
3266 3830 3335 3875 est
3348 3817 3557 3893 (Matth.
3582 3834 3661 3885 ιιι,
3689 3817 3805 3888 I0),

2228 3913 2295 3967 ab
2318 3915 2394 3967 eis
2420 3914 2799 3969 interveniente
2825 3914 3088 3983 passione,
3108 3925 3297 3983 corpus
3318 3910 3489 3980 ipsum
3516 3907 3802 3974 deseruit',

2228 4003 2281 4058 in
2333 4005 2519 4059 inferni
2568 4003 2826 4074 profunda
2877 4003 3238 4067 descendens,
3289 4017 3392 4072 quo
3433 4002 3488 4055 in
3529 4000 3807 4070 sepultura

2228 4095 2458 4165 desuper
2482 4096 2652 4166 posito
2671 4137 2687 4164 ,
2720 4106 2966 4166 tanquam
3004 4096 3071 4151 ad
3100 4094 3433 4150 manubrium
3466 4109 3621 4149 suum
3646 4093 3808 4163 spiri-

2230 4193 2285 4240 tu
2312 4186 2567 4241 redeunte
2595 4187 2841 4241 surrexit.
2872 4186 3039 4254 Quam
3070 4186 3232 4241 multa
3264 4194 3573 4255 prmteream
3619 4184 3805 4238 brevi-

2229 4280 2351 4333 tatis
2374 4280 2691 4335 necessitate
2721 4277 3037 4333 constrictus
3057 4319 3072 4344 ,
3104 4284 3297 4331 norunt
3318 4277 3406 4346 qui
3434 4276 3633 4346 legunt.

2298 4373 2521 4429 CAPUT
2551 4372 2786 4429 XXXVI.
2807 4402 2879 4413 —
2897 4371 3013 4427 Iam
3043 4370 3155 4441 ipsa
3183 4371 3235 4424 in
3257 4369 3596 4442 Babyloniam
3625 4377 3804 4423 trans-

2228 4468 2501 4537 migratio,
2533 4481 2638 4537 quo
2667 4467 2824 4521 etiam
2855 4465 3080 4535 Spiritus
3113 4465 3208 4520 Dei
3238 4479 3333 4534 per
3358 4463 3641 4519 Jeremiam
3671 4476 3801 4532 pro-

2227 4558 2439 4627 phetam
2476 4556 2626 4626 jubet
2656 4565 2713 4611 ut
2738 4564 2984 4626 pergant,
3019 4563 3073 4610 et
3113 4562 3267 4610 orent
3311 4569 3409 4625 pro
3448 4553 3525 4608 eis
3572 4552 3700 4622 ipsis
3745 4553 3803 4607 in

2227 4664 2449 4718 quorum
2482 4664 2644 4718 regno
2673 4648 3103 4718 peregrinantur,
3147 4645 3287 4716 quod
3328 4646 3379 4699 in
3410 4644 3619 4699 illorum
3666 4658 3803 4713 pace
3876 4694 3879 4695 ν

2226 4741 2382 4795 etiam
2424 4756 2523 4809 pax
2570 4747 2711 4794 esset
2738 4740 2996 4805 istorum,
3043 4748 3095 4793 et
3136 4737 3459 4791 rediﬁcarent
3489 4734 3712 4801 domos,
3746 4741 3805 4789 et

2226 4833 2553 4897 novellareut
2576 4831 2778 4896 vineas,
2806 4838 2861 4885 et
2886 4829 3181 4900 plantarent
3202 4828 3384 4882 hortos
3411 4826 3619 4901 (Jerem.
3643 4841 3798 4891 xxxx,

2226 4924 2382 4993 1-7),
2410 4923 2526 4994 quis
2555 4938 2657 4977 non
2685 4930 2936 4992 agnoscat
2957 4920 3082 4991 quid
3109 4916 3553 4990 praeﬁguraverit,
3583 4916 3673 4987 qui
3719 4924 3804 4970 at-

2227 5019 2454 5073 tenderit
2501 5032 2652 5072 veros
2708 5014 3003 5079 lsraelitas,
3030 5014 3084 5068 in
3125 5013 3316 5083 quibus
3359 5011 3512 5067 dolus
3562 5025 3669 5065 non
3714 5017 3805 5064 est

2225 5110 2418 5180 (Ioan.
2447 5125 2463 5163 ι
2487 5151 2502 5176 ,
2525 5110 2591 5163 47
2611 5109 2628 5178 )
2646 5149 2660 5173 ,
2693 5123 2787 5178 per
2815 5105 3165 5177 apostolicam
3188 5104 3634 5175 dispensationem
3672 5114 3801 5156 cum

2224 5202 2527 5273 evangelico
2572 5209 2903 5254 sacramento
2948 5197 3014 5252 ad
3057 5212 3277 5267 regnum
3318 5195 3566 5252 Gentium
3625 5204 3803 5249 trans-

2224 5295 2519 5367 migrasse‘?
2590 5292 2741 5349 Unde
2812 5293 2965 5348 nobis
3010 5291 3330 5361 Apostolus,
3393 5300 3640 5360 tanquam
3702 5288 3800 5343 Je-

2222 5389 2443 5443 remiam
2489 5386 2778 5456 replicans,
2831 5383 2999 5438 dicit:
3037 5381 3163 5437 Volo
3208 5399 3324 5453 ergo
3366 5382 3525 5453 primo
3572 5380 3801 5434 omnium

2224 5481 2332 5549 ﬁeri
2360 5477 2729 5550 deprecationes
2751 5515 2766 5541 ,
2799 5474 3116 5528 adorationes
3140 5514 3154 5538 ,
3180 5472 3603 5543 interpellatione:
3621 5511 3637 5538 ,
3679 5488 3801 5542 gra-

2223 5572 2405 5624 tiarum
2433 5568 2648 5623 actiones
2676 5581 2767 5637 pro
2795 5563 3021 5620 omnibus
3044 5563 3351 5635 hominibus,
3373 5578 3464 5635 pro
3490 5561 3689 5633 regibus
3706 5602 3723 5628 ,
3752 5567 3804 5617 et

2287 5754 2303 5782 ³
2340 5758 2437 5799 Am.
2464 5755 2536 5796 Fr.
2563 5752 2615 5795 et
2636 5744 2859 5809 plerique
2876 5748 3005 5803 Mss,
3029 5741 3296 5809 habentem.
3441 5798 3453 5809 υ

2287 5814 2308 5843 ²
2340 5798 2487 5861 Editio
2509 5798 3056 5873 t.ov._,'_spiri'tuscorpus
3082 5806 3239 5873 ipsum
3262 5798 3488 5873 deserant.
3511 5799 3678 5873 Abest,

2222 5874 2448 5983 r’ltus,lah
2484 5870 2588 5921 aliis
2611 5863 2759 5929 libris,
2794 5869 2933 5931 cujus
2968 5863 3074 5918 loco
3104 5863 3510 5927 'subintelligitm‘,
3537 5863 3807 5925 prtum

2222 5945 2258 5988 C
2276 5949 2360 5987 ms
2381 5948 2413 5984 ι.
