4052 6428
227 404 348 466 875

230 526 318 580 bis
339 526 426 596 qui
450 525 505 579 in
542 523 845 579 sublimitate
880 530 1030 592 sunt,
1057 533 1110 577 ut
1152 522 1368 594 quietam
1407 527 1455 575 et
1502 517 1821 589 tranquillam

230 620 388 674 vitam
436 635 647 689 agamus
666 661 681 684 ,
708 619 762 671 in
805 618 942 672 omni
985 617 1167 688 pietate
1191 624 1238 670 et
1264 615 1508 669 charitate
1531 629 1550 668 :
1570 613 1662 666 hoc
1688 611 1820 666 enim

228 713 418 766 bonum
447 720 495 763 et
541 718 799 779 acceptum
835 717 907 765 est
948 725 1118 763 coram
1164 706 1430 764 Saluatore
1469 713 1634 760 nostro
1677 703 1820 770 Deo,

229 803 318 873 qui
346 818 523 855 omnes
546 801 772 855 homines
812 801 916 854 vult
943 801 1105 854 salvos
1142 799 1288 868 fieri,
1338 806 1385 852 et
1421 798 1475 851 in
1517 794 1825 868 agnitionem

226 895 456 948 veritatis
485 895 653 949 venire
683 893 738 964 (I
760 891 894 947 Tim.
936 909 974 948 ιι
996 934 1010 956 ,
1046 891 1202 962 1-4).
1254 891 1327 945 Ex
1363 889 1463 946 hoc
1492 889 1688 960 quippe
1714 887 1820 944 illis

227 986 578 1043 credentibus
621 995 924 1040 constructa
973 991 1098 1040 sunt
1130 982 1399 1038 domicilia
1429 980 1574 1052 pacis
1593 1021 1606 1045 ,
1635 979 1820 1035 basili-

227 1095 307 1136 ce
362 1079 779 1134 Christianarum
847 1076 1315 1148 congregationum
1346 1116 1362 1142 ,
1419 1083 1473 1130 et
1543 1072 1822 1128 novellatze

227 1174 400 1228 vinem
435 1172 616 1242 populi
657 1170 890 1226 ﬁdelium
915 1210 930 1234 ,
963 1178 1018 1225 et
1044 1169 1263 1240 plantati
1309 1165 1476 1231 horti;
1524 1165 1612 1220 ubi
1661 1164 1820 1219 etiam

230 1265 370 1320 inter
412 1265 596 1318 omnia
629 1263 772 1319 olera
815 1276 1038 1333 granum
1079 1259 1209 1314 illud
1238 1258 1435 1328 sinapis
1462 1265 1674 1327 regnat,
1723 1255 1822 1310 sub

227 1358 381 1427 cujus
411 1355 740 1412 umbraculis
769 1355 925 1424 longe
954 1353 1163 1422 lateque
1203 1349 1479 1420 porrectis,
1510 1347 1668 1402 etiam
1700 1345 1818 1400 alti-

228 1459 390 1521 petax
421 1447 670 1518 superbia
700 1445 948 1502 Gentium
994 1454 1240 1514 tanquam
1271 1441 1324 1495 in
1362 1440 1483 1496 οωιὶ
1518 1437 1821 1494 volatilibus

227 1539 592 1610 confugiendo
618 1537 908 1608 requiescit
941 1531 1166 1606 (Matth.
1205 1547 1333 1598 xm,
1375 1532 1474 1597 51,
1522 1530 1648 1601 32).
1689 1527 1818 1584 Nam

228 1633 369 1705 quod
404 1633 568 1688 etiam
609 1639 728 1702 post
753 1627 1085 1699 septuaginta
1109 1641 1278 1681 annos
1299 1667 1314 1693 ,
1355 1623 1646 1680 secundum
1675 1622 1820 1692 ejus-

227 1725 350 1781 dem
382 1723 635 1780 Jeremize
665 1721 993 1793 prophetiam
1019 1762 1034 1788 ,
1076 1719 1277 1775 reditur
1304 1733 1367 1774 ex
1399 1717 1703 1787 captivitate
1722 1757 1738 1784 ,
1768 1723 1823 1770 et

228 1816 490 1887 templum
529 1824 815 1871 renovatur
852 1813 1076 1887 (Jerem.
1113 1827 1246 1866 χιιι
1269 1852 1285 1879 ,
1330 1810 1398 1865 10
1421 1851 1436 1876 ,
1464 1819 1511 1864 et
1538 1807 1691 1863 Esdr.
1720 1807 1774 1880 ι)
1803 1826 1819 1876 ;

229 1909 348 1979 quis
377 1906 555 1962 ﬁdelis
581 1905 780 1963 Christi
807 1919 913 1960 non
957 1903 1242 1974 intelligat,
1284 1911 1406 1973 post
1433 1901 1641 1957 evoluta
1687 1908 1821 1956 tem-

229 2014 357 2071 pora
382 2041 400 2066 ,
458 2013 582 2069 quae
633 1996 920 2068 septenarii
970 1995 1181 2051 dierum
1237 1992 1446 2048 numeri
1509 1991 1822 2062 repetitione

230 2098 642 2153 transcurrunt,
669 2089 828 2146 etiam
859 2088 1013 2144 nobis
1035 2129 1050 2155 ,
1094 2086 1147 2141 id
1188 2094 1271 2143 est
1309 2085 1566 2140 Ecclesiae
1594 2085 1721 2152 Dei,
1754 2084 1821 2140 ad

232 2183 376 2240 illam
402 2182 681 2238 caelestem
706 2180 1000 2237 Jerusalem
1029 2193 1094 2234 ex
1122 2179 1280 2249 hujus
1304 2177 1486 2233 δίκαιιί
1516 2175 1825 2247 peregrina-

232 2277 374 2332 tione
403 2273 781 2331 rede‘undum?
820 2273 921 2330 Per
945 2287 1134 2344 quem,
1177 2271 1279 2326 nisi
1309 2286 1405 2341 per
1444 2270 1626 2326 Jesum
1668 2267 1824 2325 Chri-

231 2380 368 2426 stum
386 2413 402 2439 ,
438 2384 570 2425 vere
595 2365 925 2424 sacerdotem
967 2379 1216 2436 magnum
1238 2407 1253 2431 ,
1299 2364 1450 2434 cujus
1479 2363 1698 2432 ﬁguram
1725 2377 1822 2433 ge-

233 2462 383 2518 rebat
434 2461 527 2516 ille
574 2460 731 2516 Iesus
781 2457 1032 2514 sacerdos
1080 2469 1302 2525 magnus
1345 2453 1489 2508 illius
1532 2452 1820 2523 temporis,

233 2570 334 2626 quo
350 2553 623 2624 templum
648 2550 962 2608 aediﬁcatum
983 2557 1065 2604 est
1089 2557 1211 2619 post
1232 2547 1590 2617 captivitatem
1611 2548 1634 2599 ἲ
1653 2545 1822 2614 Quem

233 2645 496 2718 propheta
522 2643 806 2700 Zacharias
834 2641 964 2697 vidit
1006 2641 1060 2696 in
1088 2638 1306 2696 sordido
1335 2638 1515 2693 habitu
1541 2679 1556 2705 ,
1588 2636 1825 2693 devicto—

233 2754 334 2812 que
376 2739 602 2795 diabolo
623 2779 638 2803 ,
669 2737 759 2808 qui
785 2735 852 2792 ad
877 2734 994 2806 ejus
1022 2733 1413 2789 accusationem
1444 2730 1644 2796 stabat,
1676 2729 1823 2785 abla-

235 2841 338 2886 tam
370 2830 453 2886 illi
477 2829 754 2886 sordidam
786 2835 1008 2892 vestem,
1035 2832 1092 2881 et
1119 2824 1300 2880 datum
1329 2821 1697 2878 indumentum
1729 2821 1828 2875 ho-

235 2926 381 2979 noris
409 2932 466 2979 et
489 2922 676 2992 gloriae
705 2919 908 2993 (Zaclt.
939 2917 1030 2989 ιιι)
1063 2935 1077 2972 :
1107 2918 1242 2973 sicut
1279 2931 1472 2986 corpus
1512 2915 1640 2971 Jesu
1668 2913 1826 2970 Chri-

237 3019 302 3074 sti
340 3017 487 3088 quod
519 3025 604 3072 est
642 3015 904 3080 Ecclesia,
934 3009 1241 3069 adversario
1282 3010 1334 3065 in
1376 3009 1482 3065 ﬁne
1525 3017 1826 3078 temporum

239 3125 331 3181 per
367 3109 639 3180 judicium
689 3115 975 3178 superato,
1022 3121 1052 3160 a
1101 3105 1243 3160 luctu
1291 3101 1732 3175 peregrinationis
1771 3099 1828 3156 in

239 3201 465 3276 gloriam
497 3201 838 3272 sempiternae
864 3198 1050 3254 salutis
1073 3197 1382 3254 assumitur.
1413 3193 1565 3264 Quod
1589 3193 1747 3248 etiam
1773 3192 1829 3248 in

241 3294 453 3351 Psalmo
477 3291 830 3348 dedicationis
853 3289 1042 3345 domus
1066 3287 1397 3358 apertissime
1423 3285 1631 3340 canitur
1655 3302 1668 3338 :
1690 3281 1829 3338 Con-

241 3386 429 3442 vertisti
451 3386 647 3439 luctum
673 3398 838 3436 meum
864 3381 918 3435 in
941 3379 1185 3452 gaudium
1211 3377 1368 3443 mihi,
1397 3375 1684 3429 conscidiin
1721 3390 1832 3428 sac-

243 3494 352 3532 cum
379 3492 552 3530 meum
570 3517 587 3541 ,
624 3483 674 3529 et
693 3471 955 3527 accinxiin
982 3486 1061 3524 me
1087 3469 1297 3534 laetitia;
1322 3476 1378 3520 ut
1407 3475 1571 3520 cantet
1605 3465 1694 3518 tibi
1721 3465 1832 3534 glo-

243 3571 318 3624 ria
337 3585 451 3623 mea
475 3609 491 3632 ,
524 3575 572 3622 et
595 3582 698 3620 non
721 3579 1030 3634 compungar
1063 3559 1239 3634 (Psal.
1268 3575 1425 3625 xxxx,
1456 3555 1525 3612 Ω
1545 3599 1558 3622 ,
1592 3554 1717 3629 15).

311 3659 548 3719 CAPUT
581 3656 842 3714 XXXVII.
881 3685 952 3696 —
983 3653 1113 3723 Quis
1147 3661 1319 3722 potest
1344 3666 1410 3706 ex
1440 3649 1719 3705 occasione
1755 3647 1834 3702 al-

247 3755 414 3810 terius
455 3751 657 3822 operis,
679 3747 860 3804 omnia
899 3761 1019 3818 quae
1048 3745 1100 3799 in
1132 3743 1236 3798 illis
1265 3742 1536 3797 veteribus
1577 3739 1734 3810 Legis
1781 3725 1835 3794 et

249 3844 642 3915 Prophetarum
688 3840 838 3895 libris
893 3838 1116 3908 ﬁgurate
1162 3833 1434 3889 Christum
1481 3829 1831 3896 annuntiant,

250 3937 587 4011 quantalibet
631 3933 894 3991 brevitate
939 3925 1342 4002 perstringere?
1383 3924 1494 3980 Nisi
1537 3923 1674 3978 forte
1719 3921 1836 3991 quis

256 4040 417 4104 putat
462 4028 666 4098 ingenio
709 4026 823 4082 ﬁeri
840 4066 856 4093 ,
884 4032 943 4078 ut
969 4037 1030 4078 ea
1059 4035 1176 4091 qua:
1201 4032 1381 4074 rerum
1406 4015 1592 4072 ordine
1615 4029 1712 4085 per
1739 4025 1835 4067 sua

255 4135 506 4195 tempora
534 4123 896 4186 cucurrerunt,
916 4116 984 4171 ad
1011 4113 1208 4170 Christi
1235 4109 1647 4183 signiﬁcationes
1673 4107 1838 4161 inter-

256 4213 522 4288 pretando
546 4219 841 4268 vertantur.
871 4208 986 4263 Hoc
1003 4205 1144 4261 forte
1163 4201 1332 4259 Judaei
1360 4207 1584 4272 possunt
1623 4197 1803 4253 dicere
1821 4237 1837 4262 ,

258 4309 368 4364 sive
397 4305 595 4376 Pagani
625 4323 638 4358 :
664 4305 743 4360 eis
771 4311 949 4357 autem
989 4298 1079 4369 qui
1107 4312 1166 4352 se
1193 4293 1520 4350 Christianos
1548 4289 1719 4361 putari
1748 4303 1842 4343 vo-

260 4399 372 4454 lunt
394 4438 411 4464 ,
441 4395 645 4468 premit
667 4393 926 4449 cervicem
955 4387 1241 4459 apostolica
1277 4383 1560 4438 auctoritas
1584 4422 1599 4447 ,
1627 4380 1838 4445 dicens,

265 4489 447 4544 Omnia
505 4488 613 4542 lucc
662 4487 716 4539 in
767 4485 933 4556 ﬁgura
975 4476 1325 4549 contingebant
1373 4472 1512 4537 illis;
1569 4480 1621 4525 et
1645 4512 1660 4535 ,
1718 4468 1844 4524 Haec

264 4583 430 4638 omnia
467 4581 652 4651 ﬁgura
688 4585 874 4631 nostra:
897 4579 1099 4646 fuerunt
1126 4569 1185 4641 (l
1213 4568 1332 4624 Cor.
1365 4583 1393 4620 x
1414 4605 1430 4631 ,
1457 4566 1524 4620 10
1543 4604 1557 4628 ,
1587 4562 1682 4633 6).
1711 4561 1844 4615 Nam

265 4675 307 4730 si
330 4672 526 4728 lsmael
568 4680 623 4726 et
650 4670 797 4725 Isaac
821 4667 1064 4722 homines
1090 4663 1200 4718 nati
1218 4702 1234 4728 ,
1277 4659 1384 4714 duo
1409 4656 1748 4712 Testamenta
1773 4652 1847 4708 si-

267 4767 519 4840 gniﬁcant
549 4762 762 4834 (Gatat.
800 4776 853 4815 tv
876 4801 892 4827 ,
921 4759 1024 4824 22,
1055 4756 1158 4827 24)
1183 4770 1198 4820 ;
1246 4751 1370 4824 quid
1395 4747 1720 4805 credendum
1766 4752 1850 4840 est

269 4836 331 4915 de
370 4867 449 4913 tot
479 4857 668 4922 factis,
709 4867 827 4924 quas
853 4851 1000 4906 nullo
1027 4845 1252 4902 naturali
1295 4858 1424 4909 usu,
1469 4840 1608 4896 nulla
1653 4836 1847 4907 negotii

271 4950 589 5006 necessitate
625 4947 760 5002 facta
807 4943 971 4999 sunt?
1020 4938 1231 4995 Nihilne
1273 4932 1601 5005 signiﬁcant?
1630 4929 1687 4985 Si
1734 4929 1852 4998 quis

273 5053 511 5098 nostrum
538 5082 553 5105 ,
609 5038 698 5108 qui
745 5019 996 5090 Hehrzeas
1040 5030 1243 5084 litteras
1285 5027 1618 5096 ignoramus,
1672 5019 1725 5074 id
1769 5025 1854 5075 est

277 5135 414 5204 ipsos
451 5145 647 5187 vocum
672 5127 1007 5182 characteres
1026 5165 1042 5189 ,
1063 5119 1267 5174 videret
1291 5131 1382 5173 eas
1406 5117 1460 5169 in
1491 5114 1692 5184 pariete
1721 5126 1852 5167 con-

277 5226 522 5294 scriptas,
554 5221 815 5275 honorato
834 5215 1011 5284 aliquo
1031 5212 1180 5276 loco;
1210 5209 1329 5279 quis
1349 5213 1492 5262 esset
1511 5215 1616 5260 tam
1641 5216 1850 5266 excors,

281 5328 335 5374 ut
355 5333 421 5372 eo
448 5314 612 5370 modo
641 5311 838 5382 pictum
868 5307 1120 5378 parietem
1153 5301 1403 5372 putaret?
1432 5313 1609 5354 annon
1633 5298 1650 5330 ί
1679 5297 1857 5367 potius

282 5411 602 5479 intelligeret
639 5403 896 5474 scriptum
919 5442 936 5468 ,
965 5409 1024 5454 nt
1051 5398 1097 5453 si
1117 5397 1294 5466 legere
1337 5407 1442 5447 non
1472 5391 1706 5457 valeret,
1751 5404 1858 5443 non

286 5513 455 5560 tamen
491 5501 611 5555 illos
649 5498 828 5568 apices
870 5490 1066 5563 aliquid
1103 5486 1400 5560 signiﬁcare
1439 5482 1738 5540 dubitaret?
1783 5480 1860 5536 Ita

289 5596 428 5666 prius
478 5591 568 5648 illa
613 5588 791 5644 omnia
817 5628 833 5653 ,
863 5598 982 5655 qua:
1031 5589 1153 5637 sunt
1198 5580 1253 5634 in
1296 5576 1466 5633 veteri
1507 5575 1864 5630 instrumento

290 5661 684 5758 Scripturarum
711 5685 1012 5735 sanctarum
1029 5712 1046 5741 ,
1075 5669 1314 5743 quisquis
1338 5683 1447 5725 non
1473 5679 1724 5740 perverso
1747 5661 1866 5721 ani-

354 5887 373 5918 ι
406 5883 539 5951 Apud
565 5889 639 5935 Β.
661 5877 811 5946 Lugd.
833 5884 952 5931 ven.
973 5881 1107 5942 ων..
1123 5886 1183 5927 ac
1203 5884 1314 5927 non.
1409 5878 1466 5922 tt.

315 5961 350 6004 δι’

1510 397 1715 457 LIBER
1753 393 2211 456 DUODECIMUS.

3402 404 3510 464 276

1931 530 2021 572 mo
2044 489 2253 588 legerit,
2282 518 2359 576 sic
2381 527 2589 592 oportet
2614 524 2912 589 moveatur,
2937 527 3000 577 ut
3024 520 3224 593 aliquid
3249 534 3313 579 ea
3341 523 3510 596 signi-

1900 595 1904 598 ἢ
1930 607 2087 665 ﬁcare
2113 627 2218 666 non
2243 613 2491 682 ambigat.

2000 703 2222 762 CAPUT
2249 705 2532 762 XXXVIII.
2553 737 2626 750 -—
2644 707 2804 764 Verbi
2831 709 2973 764 enim
2997 710 3198 780 gratia;
3227 711 3507 782 numquid,

1927 797 1974 852 si
2017 799 2294 868 oportebat
2332 800 2650 870 adjutorium
2694 802 2808 856 viro
2850 789 3100 858 feminam
3148 802 3298 870 ﬁeri,
3344 803 3505 858 etiam

1928 887 2031 944 hoc
2068 891 2355 944 necessitas
2380 891 2485 945 ulla
2511 893 2760 964 cogebat,
2801 893 2882 949 vel
2919 894 3022 948 ulla
3068 894 3319 950 suadebat
3368 894 3511 950 utili-

1929 987 2044 1046 tas,
2077 991 2136 1037 ut
2158 982 2225 1036 de
2252 982 2568 1039 dormientis
2595 986 2762 1042 latere
2789 986 2942 1041 ﬁeret
2968 992 2986 1057 (
3008 985 3134 1042 Gen.
3165 1004 3233 1042 ιι.
3277 989 3345 1044 18
3367 1028 3382 1052 ,
3413 987 3503 1053 21,

1925 1071 1997 1126 22
2020 1072 2076 1142 )?
2100 1074 2147 1129 si
2175 1089 2332 1130 causa
2362 1076 2618 1130 evadendi
2645 1077 2825 1131 diluvii
2850 1093 2985 1150 opus
3009 1091 3120 1134 erat
3145 1079 3390 1134 fabricari
3419 1093 3510 1133 ar-

1927 1181 2042 1222 cam
2066 1185 2080 1232 ;
2114 1167 2239 1238 quid
2263 1183 2396 1238 opus
2421 1180 2535 1224 erat
2573 1186 2849 1226 mensuras
2873 1175 2989 1243 ejus
3012 1217 3027 1240 ,
3055 1184 3148 1230 aut
3176 1176 3315 1245 ipsas
3347 1176 3510 1243 potis-

1926 1262 2117 1316 simum
2148 1262 2260 1318 ﬁeri
2281 1303 2295 1328 ,
2327 1264 2596 1318 autetiam
2624 1264 2833 1334 scriptis
2854 1267 2917 1318 ad
2945 1267 3252 1336 religionem
3282 1268 3511 1336 posteri-

1928 1354 2020 1408 tati
2043 1356 2393 1424 propagandis
2413 1357 2861 1412 commemorari?
2889 1357 2945 1414 Si
2974 1371 3188 1430 propter
3227 1377 3390 1430 genus
3415 1377 3506 1416 re-

1926 1446 2218 1515 parandum
2243 1447 2488 1502 animalia
2521 1447 2717 1502 includi
2743 1449 3053 1518 oportebat;
3084 1452 3207 1520 quid
3235 1467 3368 1520 Opus
3395 1460 3511 1506 crat

1928 1537 2018 1592 illo
2047 1541 2377 1608 potissimum
2419 1556 2641 1596 numero
2681 1552 2897 1612 septena
2927 1543 2994 1596 de
3020 1544 3259 1607 rnuttdis,
3297 1545 3412 1598 bina
3443 1545 3510 1599 de

1929 1630 2253 1684 immundis?
2299 1631 2510 1686 Aditum
2537 1633 2603 1687 ad
2629 1649 2804 1689 arcam
2846 1634 2957 1688 ﬁeri
3000 1637 3286 1689 necessitas
3333 1636 3512 1704 utique

1926 1724 2178 1794 cogebat;
2223 1725 2278 1779 in
2323 1725 2490 1780 latere
2517 1735 2694 1781 autem
2728 1727 2876 1794 ﬁeri,
2910 1728 2993 1784 vel
3035 1729 3193 1782 etiam
3239 1731 3513 1784 memoriae

1926 1817 2288 1872 commendari
2334 1833 2428 1886 per
2469 1818 2672 1874 litteras
2701 1819 2826 1890 (1d.
2859 1836 2946 1887 v1,
2994 1821 3198 1888 M-vtt,
3241 1822 3340 1890 '5),
3387 1821 3514 1891 quid

1926 1909 2190 1980 cogehat?
2221 1908 2498 1965 lmmolare
2537 1909 2704 1965 ﬁlium
2740 1911 2956 1982 jubetur
2984 1913 3252 1968 Abraham
3289 1932 3302 1968 :
3331 1914 3515 1983 jussus

1926 1999 2029 2055 hoc
2056 2000 2246 2069 fuerit,
2280 2011 2336 2056 ut
2359 2003 2475 2072 ejus
2500 2003 2798 2059 obedientia
2821 2005 2910 2060 tali
2935 2006 3094 2061 etiam
3117 2008 3363 2063 examine
3384 2023 3516 2078 pro-

1926 2091 2079 2160 bata,
2110 2093 2339 2163 posteris
2368 2093 2757 2160 innotesceret;
2789 2097 3195 2151 convenientius
3221 2099 3357 2168 ligna
3387 2113 3514 2167 por-

1927 2185 2121 2240 taverit
2166 2185 2343 2255 ﬁlius,
2375 2201 2444 2241 ne
2484 2195 2632 2257 pater
2671 2201 2944 2258 senexque
2987 2198 3248 2259 portaret;
3296 2206 3400 2244 non
3447 2191 3518 2245 sit

1928 2285 2112 2347 postea
2137 2276 2298 2332 ﬁlium
2320 2277 2478 2333 ferire
2508 2278 2829 2348 permissus,
2863 2295 2929 2334 ne
2955 2280 3184 2336 orbitate
3203 2281 3516 2351 gravissima

1927 2383 1988 2424 se
2008 2369 2188 2424 feriret
2213 2387 2224 2423 :
2251 2370 2504 2439 numquid
2530 2371 2690 2425 etiam
2716 2371 2759 2424 si
2790 2371 2934 2426 nullo
2954 2372 3121 2428 etTuso
3146 2375 3402 2444 sanguine
3429 2387 3518 2428 re-

1929 2458 2133 2516 diretur
2152 2502 2167 2527 ,
2217 2461 2392 2514 minus
2419 2470 2559 2516 esset
2589 2461 2838 2530 probatus
2865 2461 3172 2517 Abraham?
3200 2466 3303 2519 Aut
3342 2463 3383 2516 si
3405 2463 3517 2533 jam

1929 2567 2063 2623 opus
2109 2562 2224 2608 erat
2254 2553 2435 2623 perﬁci
2464 2552 2781 2608 sacriﬁcium
2804 2595 2818 2620 ,
2864 2555 3124 2620 etiamne,
3158 2564 3217 2609 ut
3260 2555 3347 2609 ille
3376 2555 3518 2610 aries

1929 2643 1984 2699 in
2027 2659 2192 2714 vepre
2234 2643 2513 2699 adha‘reus
2559 2643 2810 2699 cornibus
2839 2653 3122 2716 appareret
3162 2643 3286 2718 (Id.
3337 2643 3513 2715 nu),

1929 2736 1997 2792 ad
2024 2737 2188 2792 ullum
2217 2746 2559 2808 augmentum
2587 2737 2817 2792 victimae
2855 2736 3198 2807 pertinebat?
3225 2737 3313 2791 Sic
3339 2735 3519 2790 omnia

1929 2846 2052 2886 cum
2103 2829 2535 2897 considerantur,
2585 2837 2640 2883 et
2689 2828 2839 2898 quasi
2886 2829 3155 2898 superﬂua
3205 2825 3520 2882 necessariis

1932 2931 2178 2978 contexta
2201 2922 2540 2977 inveniuntur
2563 2962 2577 2988 ,
2608 2920 2899 2976 admonent
2923 2919 3214 2974 humanum
3241 2919 3474 2973 animum
3499 2957 3515 2982 ,

1933 3017 1986 3074 id
2016 3025 2099 3074 est
2127 3018 2360 3072 animum
2387 3014 2699 3070 rationalem
2718 3053 2734 3080 ,
2773 3014 2922 3086 prius
2950 3013 3146 3083 aliquid
3176 3011 3476 3082 signiﬁcare
3497 3050 3513 3078 ,

1933 3111 2125 3168 deinde
2154 3110 2278 3180 quid
2306 3109 2604 3181 signiﬁcent
2632 3123 2894 3180 quaerere.
3067 3137 3072 3143 -

2004 3201 2230 3258 CAPUT
2259 3199 2501 3256 XXXIX.
2528 3231 2600 3240 -—
2622 3200 2802 3270 Itaque
2849 3199 3008 3254 etiam
3047 3197 3147 3269 ipsi
3189 3196 3392 3261 Judmi,
3424 3197 3517 3264 qui

1936 3294 2226 3361 Christum,
2258 3295 2410 3365 cujus
2439 3294 2740 3365 passionem
2783 3308 2882 3350 nos
2910 3293 3242 3362 agnovimus,
3277 3292 3352 3346 illi
3381 3291 3524 3346 deri-

1935 3387 2065 3443 dent
2087 3428 2103 3452 ,
2136 3387 2323 3442 nolunt
2363 3386 2556 3442 talibus
2585 3402 2766 3441 rerum
2792 3427 2806 3451 ,
2842 3401 2947 3441 non
2993 3394 3196 3440 tantum
3225 3384 3521 3448 dictarum,

1936 3479 2032 3535 sed
2062 3479 2222 3533 etiam
2249 3487 2516 3549 gestarum
2559 3477 2742 3549 ﬁguris
2777 3476 3184 3546 praenuntiatum
3213 3474 3401 3538 videri,
3433 3488 3526 3528 co-

1937 3580 2179 3642 guntura
2201 3569 2350 3624 nobis
2376 3569 2581 3625 discere
2604 3571 2618 3601 ¹
2647 3568 2772 3638 quid
2794 3568 2882 3623 illa
2907 3568 3202 3638 signiﬁcent
3231 3585 3242 3620 :
3276 3582 3394 3636 quae
3420 3565 3526 3620 nisi

1939 3661 2136 3731 aliquid
2168 3660 2463 3731 signiﬁcare
2491 3659 2806 3724 concedant,
2838 3669 2944 3713 tam
2971 3660 3162 3711 divinze
3189 3658 3522 3712 auctoritatis

1940 3753 2130 3810 Libros
2171 3753 2239 3808 ab
2267 3752 2562 3822 ineptarum
2592 3751 2885 3806 fabularum
2937 3749 3219 3821 ignominia
3273 3765 3378 3802 non
3430 3747 3526 3803 de-

1943 3846 2184 3902 fendunt.
2219 3845 2359 3899 Vidit
2396 3845 2498 3899 hoc
2528 3844 2683 3900 Philo
2713 3843 2949 3914 quidam,
2985 3844 3064 3896 vir
3091 3842 3376 3896 liberaliter
3405 3857 3528 3895 eru-

1943 3939 2258 4006 ditissimus,
2288 3953 2423 3993 unus
2451 3938 2683 4004 illorum,
2714 3938 2864 4006 cujus
2897 3935 3166 4005 eloquium
3198 3934 3368 3990 Graeci
3409 3933 3529 3988 Pla-

1944 4031 2056 4086 toni
2080 4044 2292 4101 aequare
2337 4045 2442 4084 non
2489 4028 2732 4082 dubitant
2762 4045 2775 4081 :
2807 4034 2860 4082 et
2884 4035 3105 4080 conatus
3133 4034 3216 4080 est
3241 4026 3418 4096 aliqua
3450 4024 3531 4078 in-

1947 4123 2247 4194 terpretari,
2294 4136 2403 4176 non
2427 4121 2493 4175 ad
2535 4121 2805 4176 Christum
2837 4118 3259 4188 intelligendum,
3291 4117 3345 4172 in
3372 4132 3530 4187 quem

1947 4232 2054 4271 non
2091 4213 2428 4279 crediderat;
2476 4213 2570 4268 sed
2618 4221 2676 4266 ut
2706 4211 2826 4266 inde
2865 4212 3029 4280 magis
3059 4217 3339 4281 appareret
3362 4223 3532 4278 quan-

1949 4313 2061 4363 tum
2089 4307 2313 4370 intersit,
2346 4315 2525 4358 utrum
2555 4302 2622 4358 ad
2645 4301 2912 4358 Christum
2945 4301 3147 4357 referas
3167 4300 3365 4366 omnia,
3405 4313 3532 4368 pro-

1950 4408 2067 4468 pter
2089 4413 2245 4468 quem
2271 4413 2398 4451 vere
2422 4397 2498 4450 sic
2522 4395 2662 4450 dicta
2688 4404 2831 4456 sunt,
2860 4411 2926 4449 an
2952 4404 3145 4464 praeter
3170 4395 3314 4448 illum
3337 4391 3535 4462 quasli-

1949 4490 2041 4545 bet
2070 4488 2402 4557 conjecturas
2430 4487 2670 4556 quolibet
2693 4487 2886 4540 mentis
2909 4487 3154 4540 acumine
3175 4484 3532 4555 persequaris;

1951 4587 2315 4649 quantumque
2341 4577 2514 4632 valeat
2539 4575 2678 4645 quod
2703 4577 2985 4644 Apostolus
3006 4576 3097 4639 ait,
3122 4575 3248 4630 Cum
3275 4576 3536 4629 transieris

1953 4670 2021 4724 ad
2050 4669 2318 4724 Dominum
2341 4711 2354 4734 ,
2402 4669 2656 4739 auferetur
2680 4669 2904 4723 velamen
2935 4668 3000 4738 (ll
3031 4668 3150 4723 Cor.
3197 4685 3276 4735 ιιι,
3313 4670 3423 4737 16).
3463 4669 3537 4724 Ut

1955 4764 2095 4820 enim
2124 4761 2373 4832 quiddam
2400 4761 2638 4831 ejusdem
2687 4760 2924 4815 Philonis
2961 4775 3374 4815 commemoan
3402 4801 3415 4823 ,
3448 4775 3538 4813 ar-

1955 4870 2070 4910 cam
2102 4854 2285 4908 diluvii
2310 4853 2599 4909 secundum
2635 4853 2896 4907 rationem
2946 4853 3160 4908 humani
3205 4852 3442 4920 corporis
3465 4849 3543 4904 fa-

1956 4949 2215 5005 bricatam
2243 4947 2430 5001 volens
2455 4945 2694 5015 intelligi,
2718 4952 2966 5016 tanquam
2999 4945 3334 5000 membratim
3362 4944 3541 4997 omnia

1959 5038 2336 5110 pertractahat.
2369 5038 2464 5091 Cui
2497 5037 2842 5093 subtilissime
2882 5052 3224 5092 numerorum
3265 5038 3424 5090 etiam
3454 5050 3543 5090 re-

1958 5130 2108 5200 gulas
2129 5128 2459 5190 consulenti,
2507 5137 2863 5196 congruenter
2916 5127 3268 5180 occurrebant
3320 5126 3541 5195 omnia,

1961 5236 2080 5291 qum
2132 5219 2198 5273 ad
2249 5217 2650 5289 intelligendum
2695 5216 2963 5272 Christum
3014 5216 3142 5270 nihil
3184 5216 3545 5286 impedirent,

1963 5313 2212 5384 quoniam
2238 5312 2292 5365 in
2318 5325 2544 5380 corpore
2572 5309 2802 5364 humano
2826 5309 2984 5362 etiam
3013 5307 3101 5361 ille
3138 5308 3351 5362 humani
3383 5326 3548 5379 gene-

1966 5407 2042 5461 ris
2070 5405 2312 5461 Salvator
2334 5404 2576 5474 apparuit
2601 5419 2616 5468 ;
2652 5417 2750 5457 nec
2776 5411 2950 5456 tamen
2977 5411 3251 5470 cogerent,
3275 5406 3395 5473 quia
3423 5418 3547 5459 cor-

1969 5513 2066 5568 pus
2094 5497 2378 5551 humanum
2407 5503 2487 5550 est
2513 5495 2693 5564 utique
2728 5502 2782 5548 et
2806 5493 3079 5548 hominum
3112 5504 3448 5550 czeterortnn.
3479 5498 3550 5550 At

1971 5591 2059 5644 uhi
2109 5598 2326 5643 ventum
2354 5594 2436 5642 est
2475 5585 2542 5641 ad
2571 5586 2763 5639 ostium
2788 5626 2803 5650 ,
2835 5585 2976 5654 quod
3027 5586 3078 5639 in
3111 5601 3246 5641 arca:
3276 5588 3444 5641 latere
3471 5587 3550 5641 fa-

1973 5689 2116 5739 ctum
2141 5688 2244 5746 est,
2263 5678 2434 5734 omnis
2462 5675 2680 5732 humani
2705 5675 2902 5748 ingenii
2923 5676 3233 5748 conjectura
3250 5676 3459 5735 defecit.
3479 5675 3554 5736 υι

2042 5863 2067 5898 ι
2096 5867 2198 5912 Am.
2217 5864 2292 5910 Er.
2316 5870 2373 5910 ac
2391 5856 2559 5921 plures
2571 5863 2699 5919 ω..
2721 5854 2901 5911 dicae.

1670 5980 1686 5996 κ
1977 5983 1987 5995 .
