4052 6428
535 435 651 501 275

541 559 722 616 tamen
740 550 942 633 aliquid
967 549 1186 632 diceret,
1210 552 1498 620 inferiores
1526 561 1765 632 corporis
1793 571 1968 632 partes
1988 604 2003 629 ,
2032 577 2128 631 per

543 668 679 724 quas
707 657 857 711 urina
888 666 941 712 et
989 657 1145 713 ﬁmus
1174 664 1480 728 egeruntur,
1526 656 1618 710 illo
1654 657 1790 710 ostio
1840 657 2126 727 signiﬁcari

541 751 704 801 ausus
733 757 814 803 ‘est
836 748 1080 815 credere,
1112 753 1272 803 ansas
1297 749 1350 803 et
1379 737 1577 812 dicere,
1607 763 1766 802 ausus
1796 757 1848 804 et
1870 748 2124 803 scribere.

539 831 660 896 Non
699 842 916 910 mnum,
944 841 989 898 si
1016 831 1152 898 ostio
1178 858 1282 897 non
1311 833 1528 898 invento
1556 843 1632 898 sic
1657 843 1872 899 erravit.
1906 844 2057 912 Quod
2083 844 2130 900 si

539 924 608 989 ad
639 927 906 991 Christum
935 923 1229 1001 transisset,
1270 931 1446 990 ablato
1467 937 1748 1001 velamine,
1781 935 2125 992 Sacramenta

542 1013 800 1081 Ecclesia:
829 1014 1098 1082 manantia
1120 1042 1186 1082 ex
1221 1019 1386 1083 latere
1409 1017 1642 1083 hominis
1669 1027 1807 1082 illius
1835 1019 2129 1084 invenisset

539 1107 722 1191 (latnt.
749 1131 864 1185 xxx,
893 1109 1004 1187 51).
1034 1106 1167 1172 Nam
1198 1119 1319 1190 quia
1345 1105 1655 1189 praedictum
1681 1111 1801 1187 est,
1831 1105 1996 1171 Erunt
2023 1109 2126 1173 duo

536 1210 593 1264 in
630 1225 782 1265 carne
806 1218 908 1265 una
937 1203 1088 1283 (Gen.
1113 1215 1173 1278 ιι,
1200 1200 1315 1284 24);
1358 1219 1634 1283 propterea
1656 1221 1710 1268 et
1737 1203 1791 1266 in
1822 1227 1946 1266 area
1975 1227 2125 1280 quae-

535 1299 660 1360 dam
684 1297 755 1361 ibi
779 1305 844 1363 ad
869 1297 1165 1376 Christum,
1192 1307 1433 1379 quaedam
1461 1323 1590 1365 vero
1617 1307 1685 1364 ad
1718 1305 2014 1364 Ecclesiam
2039 1324 2126 1364 re-

535 1394 798 1464 fcrantur,
831 1387 972 1470 quod
1004 1407 1168 1456 totum
1201 1391 1443 1458 Christus
1483 1395 1582 1457 est.
1614 1401 1703 1457 Sic
1745 1410 1798 1456 et
1835 1401 1886 1456 in
1913 1403 2126 1459 caeteris

531 1481 1064 1560 interpretationibus
1110 1483 1396 1563 ﬁgurarum
1429 1509 1524 1562 per
1565 1494 1872 1548 universum
1921 1503 2124 1549 textum

533 1577 729 1637 divinae
749 1583 1037 1654 Scriptura:
1063 1579 1189 1639 licet
1213 1583 1573 1650 considerare,
1597 1595 1651 1639 et
1670 1599 1978 1655 comparare
2001 1602 2125 1642 sen-

529 1675 627 1730 ὲιιε
655 1681 838 1730 eorum
876 1677 963 1746 qui
992 1669 1260 1731 Christum
1285 1665 1355 1730 ibi
1378 1675 1710 1746 intelligunt,
1741 1685 1795 1732 et
1822 1691 2004 1731 eorum
2031 1677 2123 1746 qui

533 1769 730 1838 prarter
753 1761 1024 1825 Christum
1058 1759 1126 1826 ad
1151 1765 1254 1825 alia
1282 1765 1534 1840 quaelibet
1573 1785 1636 1826 ea
1679 1759 1999 1840 detorquere
2027 1785 2121 1826 co-

531 1861 748 1916 nentur.

601 1943 832 2010 CAPUT
861 1941 974 2009 XL.
1001 1983 1074 1996 —
1114 1943 1223 2010 Nec
1251 1943 1446 2024 Pagani
1497 1943 1649 2009 nobis
1681 1951 1732 2009 in
1763 1943 1868 2010 hoc
1910 1954 2120 2010 obstre-

531 2043 696 2116 puni;
746 2053 920 2117 neque
949 2047 1088 2102 enim
1132 2045 1330 2102 audent
1362 2045 1748 2112 contradicere,
1778 2062 1846 2102 ne
1895 2047 1986 2101 illa
2011 2063 2120 2102 non

529 2139 706 2194 solum
737 2131 897 2206 dicta,
947 2139 1040 2196 sed
1069 2139 1228 2196 etiam
1256 2141 1412 2207 facta,
1446 2133 1665 2210 ﬁgurate
1707 2149 1924 2210 accepta
1954 2139 2120 2197 inter-

527 2233 803 2300 pretemur
826 2233 891 2287 ad
911 2229 1176 2288 Christum
1201 2225 1603 2304 intelligendum
1631 2253 1644 2288 :
1675 2235 1971 2303 prmsertim
1996 2237 2119 2307 quia

526 2325 590 2378 ba
642 2333 760 2394 quae
805 2317 1158 2396 praenuntiata
1190 2319 1552 2396 intelligimus,
1580 2326 1740 2380 etiam
1780 2325 2120 2382 demonstra-

528 2415 651 2473 inus
679 2418 890 2487 impleta
914 2437 927 2484 ;
959 2434 1079 2472 cum
1107 2416 1313 2473 fabulas
1342 2433 1466 2472 suas
1489 2425 1545 2472 ut
1571 2417 1751 2486 aliquo
1782 2418 1939 2472 modo
1964 2434 2118 2474 eom-

527 2508 801 2576 mendent,
825 2509 888 2564 ad
919 2509 1097 2565 nescio
1125 2524 1258 2580 quas
1296 2507 1658 2582 physiologias
1688 2511 1772 2565 vel
1801 2509 2112 2580 theologias,

525 2589 580 2654 id
605 2610 708 2666 est,
735 2601 967 2657 rationes
1014 2603 1300 2667 naturales,
1331 2603 1412 2656 vel
1442 2601 1668 2668 divinas,
1715 2601 2117 2673 interpretando

525 2685 730 2748 referre
766 2701 1025 2749 conentur
1057 2713 1070 2748 :
1104 2701 1169 2748 ex
1211 2704 1362 2763 parte
1388 2685 1546 2764 plane
1576 2694 1706 2748 satis
1755 2693 2051 2750 indicantes
2072 2697 2110 2762 ί,

524 2784 700 2856 qualia
751 2785 893 2854 sint;
948 2801 1012 2842 ex
1053 2791 1203 2856 part’e
1267 2796 1447 2842 autem
1513 2786 1947 2854 dissimulantes,
1988 2789 2114 2845 dum

524 2875 586 2931 ea
617 2871 792 2933 rident
834 2877 887 2934 in
918 2877 1137 2935 theatris
1181 2895 1298 2950 qua:
1341 2889 1664 2934 venerantur
1705 2880 1757 2935 in
1789 2880 2021 2951 templis,
2057 2881 2115 2936 in

523 2961 850 3039 turpitudine
894 2970 1116 3027 nimium
1164 2970 1357 3040 liberi,
1404 2970 1457 3026 in
1482 2972 1860 3042 superstitione
1887 2973 2111 3028 nimium

522 3059 688 3118 servi.

593 3155 818 3213 CAPUT
846 3156 984 3212 XLI.
1006 3187 1076 3199 —
1103 3147 1265 3214 Nobis
1288 3165 1468 3215 autem
1495 3151 1737 3231 quisquis
1763 3159 1979 3225 dixerit,
2004 3175 2112 3218 non

521 3241 646 3304 ideo
680 3241 767 3304 illa
793 3250 876 3306 vel
903 3259 1051 3320 gesta
1079 3245 1164 3307 vel
1194 3245 1388 3323 scripta
1413 3293 1429 3320 ,
1460 3261 1521 3308 ut
1569 3252 1811 3308 Christus
1837 3254 1890 3308 in
1926 3254 2006 3308 eis
2031 3255 2113 3310 in-

522 3335 806 3412 telligatur;
832 3348 1049 3413 excepta
1080 3339 1193 3414 ipsa
1221 3352 1365 3400 tanta
1391 3345 1738 3401 consonantia
1771 3360 1946 3400 rerum
1969 3362 2110 3418 prte-

521 3432 865 3505 ﬂguratarum
893 3446 946 3491 et
970 3452 1109 3492 nunc
1136 3435 1470 3507 impletarum
1489 3477 1505 3502 ,
1538 3437 1655 3491 aliis
1681 3435 1952 3507 praesagiis
1985 3454 2113 3508 pro-

522 3517 750 3596 pheticis
787 3527 986 3596 apertis
1058 3527 1462 3598 manifeStisque
1510 3526 1732 3582 ferietur
1765 3545 1778 3581 :
1811 3528 1964 3583 sicuti
2013 3538 2112 3608 est

521 3613 674 3686 illud,
720 3607 787 3673 In
816 3619 1003 3675 semine
1042 3631 1128 3675 tuo
1162 3619 1513 3675 benedicentur
1559 3637 1730 3676 omnes
1769 3630 1955 3692 gentes.
2002 3607 2111 3680 Hoc

522 3705 719 3767 dictum
740 3721 821 3767 est
853 3710 920 3767 ad
949 3711 1237 3777 Abraham,
1271 3711 1373 3766 hoc
1399 3705 1465 3766 ad
1492 3711 1672 3780 Isaac,
1703 3712 1805 3768 hoc
1847 3713 1914 3767 ad
1943 3713 2112 3769 Jacob

523 3798 633 3872 (Id.
658 3818 790 3867 χχιι,
816 3801 903 3870 18,
936 3811 983 3857 et
1007 3815 1158 3869 xxvx,
1188 3789 1241 3870 4,
1282 3812 1327 3858 et
1347 3809 1532 3868 xxvut,
1557 3802 1668 3875 14).
1699 3801 1849 3860 Unde
1875 3820 1979 3859 non
2005 3805 2109 3860 im-

524 3894 719 3950 merito
744 3893 890 3957 dicit,
921 3887 1030 3966 Ego
1047 3911 1158 3950 sunt
1175 3887 1314 3950 Deus
1341 3885 1617 3960 Abraham,
1637 3906 1684 3950 et
1704 3895 1843 3950 Deus
1864 3895 2038 3964 Isaac,
2062 3905 2110 3952 et

521 3975 661 4039 Deus
688 3976 847 4040 Jacob
870 3985 1063 4059 (Exod.
1092 3994 1171 4055 ιιι,
1199 3985 1256 4058 6)
1288 4003 1302 4040 :
1332 3987 1697 4056 completurus
1725 3988 1905 4058 utique
1931 3989 1985 4043 in
2015 3989 2109 4045 be-

521 4075 827 4135 nedictione
858 4073 1096 4135 omnium
1128 4079 1363 4150 gentium
1383 4119 1398 4147 ,
1429 4081 1571 4150 quod
1597 4095 1664 4136 ex
1689 4094 1874 4136 eorum
1902 4082 2108 4138 semine

523 4169 784 4238 promisit.
811 4170 921 4226 Nec
938 4163 1208 4227 immerito
1228 4171 1340 4240 ipse
1359 4169 1649 4238 Abraham,
1691 4187 1811 4226 cum
1847 4172 1962 4241 ejus
1989 4187 2106 4228 ser-

522 4275 620 4316 vus
649 4261 698 4318 ei
744 4259 1010 4332 iurasset,
1057 4259 1154 4318 sub
1199 4261 1402 4317 femore
1442 4277 1539 4318 suo
1563 4261 1723 4332 jussit
1757 4278 1878 4317 eum
1907 4277 2106 4332 ponere

524 4367 763 4420 manum,
797 4351 949 4426 (Gen.
982 4369 1137 4420 XXIV,
1169 4347 1224 4419 2,
1248 4349 1328 4426 9),
1352 4354 1527 4409 sciens
1549 4353 1671 4408 inde
1699 4362 1974 4407 venturam
1996 4369 2106 4409 car-

519 4462 644 4503 nem
670 4439 890 4511 Christi,
923 4449 978 4501 in
1000 4461 1107 4517 quo
1136 4443 1381 4502 benedici
1420 4459 1604 4501 omnes
1629 4452 1816 4516 gentes
1845 4460 1949 4498 non
1978 4452 2105 4502 tunc

521 4538 982 4611 praanuntiamus,
1041 4535 1139 4593 sed
1186 4537 1329 4608 quod
1371 4546 1496 4593 tunc
1540 4535 1953 4607 praenuntiatum
1983 4545 2100 4605 est,

518 4645 661 4686 nunc
677 4627 940 4685 videmus.

589 4721 816 4780 CAPUT
846 4715 1005 4779 XLII.
1043 4753 1114 4766 ——
1138 4721 1344 4778 Vellem
1383 4721 1540 4787 scire,
1572 4721 1680 4776 imo
1708 4720 1900 4776 melius
1928 4723 2101 4778 nesci-

519 4813 654 4869 erim
675 4855 692 4882 ,
723 4829 828 4884 qua
857 4813 1098 4870 caecitate
1127 4813 1289 4868 animi
1317 4811 1504 4882 legerit
1531 4809 1756 4866 Faustus
1775 4853 1791 4879 ,
1821 4813 1912 4868 ubi
1936 4829 2097 4870 voea-

515 4915 594 4962 vnt
633 4899 797 4963 Iacob
827 4907 961 4964 ﬁlios
1002 4921 1129 4962 suos
1153 4947 1169 4973 ,
1201 4915 1254 4960 et
1285 4903 1417 4958 dixit
1449 4919 1462 4956 :
1492 4903 1882 4974 Congregamini
1918 4915 1972 4958 ut
2003 4923 2099 4960 an-

519 5001 744 5055 nuntiem
772 5001 910 5056 vobis
934 5016 1046 5072 qua:
1073 5007 1344 5052 occurSura
1393 5006 1508 5051 sunt
1542 4997 1677 5050 vobis
1716 4998 1769 5051 in
1815 4999 2098 5054 novissimis

515 5091 690 5148 diebus
733 5110 753 5150 .°
799 5089 1176 5162 congregamini
1221 5098 1268 5144 et
1310 5090 1507 5155 audite,
1553 5090 1650 5158 ﬁlii
1691 5089 1873 5156 Jacob;
1904 5092 2094 5159 audite,

519 5181 704 5253 Israel,
736 5195 931 5256 patrem
956 5191 1192 5236 vestrum.
1240 5181 1338 5236 Hie
1368 5193 1512 5254 certe
1557 5196 1713 5236 nemo
1742 5181 1947 5236 dubitat
1977 5197 2098 5252 pro-

519 5275 787 5348 phetantis
815 5287 1096 5343 personam
1125 5286 1246 5328 esse
1273 5272 1633 5328 dilucidatam.
1658 5272 1949 5328 Audiamus
1969 5288 2096 5343 ergo

517 5367 641 5438 quid
671 5367 814 5422 dicat
833 5365 943 5419 ﬁlio
972 5379 1070 5419 suo
1093 5363 1246 5419 Iudae
1264 5405 1279 5429 ,
1309 5364 1377 5420 de
1397 5365 1546 5435 cujus
1572 5364 1712 5420 tribu
1739 5363 1982 5420 Christus
2001 5379 2094 5420 νεα

516 5459 596 5513 ιιὶι
622 5475 683 5513 ea:
707 5457 891 5512 semine
918 5453 1083 5508 David
1127 5456 1401 5510 secundum
1426 5472 1662 5522 carnem,
1712 5455 1846 5511 sicut
1876 5465 2091 5524 aposto-

516 5550 618 5606 lica
646 5548 884 5604 doctrina
912 5557 1137 5603 testatur
1163 5547 1336 5621 (Rom.
1381 5566 1418 5616 ι,
1449 5549 1524 5620 5).
1565 5548 1741 5616 Juda,
1799 5550 2003 5620 inquit,
2048 5559 2094 5606 te

516 5641 725 5698 laudent
742 5641 764 5673 ²
791 5645 971 5713 fratres
993 5641 1087 5706 tui;
1113 5658 1289 5696 manus
1312 5653 1408 5697 luce
1435 5659 1585 5712 super
1599 5643 1750 5696 dorsa
1775 5643 2090 5698 inimicorum

516 5731 738 5800 tuorum,
757 5732 1040 5787 adorabunt
1060 5743 1106 5787 te
1116 5735 1210 5802 ﬁlii
1233 5737 1389 5804 patris
1409 5735 1500 5786 tui.
1518 5733 1726 5788 Catulus
1755 5735 1909 5790 leonis
1927 5735 1958 5789 ,Ι
1966 5736 2086 5802 uda,

584 5871 601 5902 ί
640 5876 738 5917 Am.
759 5882 868 5919 cum
889 5867 1054 5918 multis
1083 5875 1210 5929 Mss,
1233 5867 1372 5931 plene
1393 5867 1510 5931 satis
1521 5868 1816 5931 judicanles.

591 5933 616 5964 ²
645 5938 714 5985 tta
729 5937 836 5984 Mss.
856 5932 998 5998 juxta
1018 5937 1144 5983 LXX.
1172 5937 1225 5983 At
1236 5929 1378 5994 editi,
1401 5937 1446 5981 te
1467 5929 1748 5983 laudabunt.

1377 448 1650 506 CONTRA
1688 445 2011 504 FAUSTUM
2051 444 2495 520 biANICl—I/EUM,
2537 455 2596 512 S.
2635 457 3000 517 AUGUSTINI

3711 459 3820 517 276

2239 566 2302 620 de
2337 570 2697 635 germinatione
2718 574 2858 640 ﬁlius
2885 591 3046 640 meus,
3078 575 3345 630 ascendisti
3365 575 3671 639 recumbens,
3700 579 3821 631 dor-

2239 657 2370 710 misti
2401 671 2455 711 ut
2487 659 2592 727 leo,
2626 673 2669 714 et
2707 674 2761 717 ut
2787 667 2982 720 catulus
3009 667 3184 731 leonis,
3223 670 3335 738 quis
3377 670 3634 723 suscitabit
3661 687 3779 723 eum
3799 671 3826 725 2

2238 745 2361 802 Νοη
2393 752 2548 804 deerit
2572 755 2806 826 princeps
2833 773 2895 811 ea:
2911 757 2943 810 J
2953 759 3072 831 uda,
3105 770 3150 813 et
3176 762 3284 814 dux
3300 762 3365 815 de
3378 763 3650 830 femoribus
3676 764 3786 834 ejus
3804 805 3820 830 ,

2236 839 2393 894 donec
2419 843 2617 896 veniant
2644 861 2756 915 qua:
2795 849 3012 918 reposita
3035 860 3153 904 sunt
3190 852 3266 916 ei;
3293 863 3339 906 et
3377 854 3485 922 ipse
3513 857 3824 924 exspectatio

2233 936 2485 1004 gentium,
2518 937 2737 1008 alligans
2761 941 2830 994 ad
2879 944 3072 997 vineam
3108 945 3304 1013 pullum
3336 962 3514 1014 suum,
3567 957 3614 1000 et
3649 948 3821 1001 cilicia

2235 1027 2432 1094 pullum
2461 1029 2618 1083 asinte
2648 1046 2665 1083 :
2689 1031 2871 1086 lavabit
2897 1034 2949 1086 in
2972 1035 3085 1088 vino
3114 1036 3297 1090 stolam
3325 1053 3488 1102 suam,
3522 1048 3570 1092 et
3596 1039 3649 1092 in
3695 1057 3789 1092 san
3807 1070 3824 1081 ς

2232 1116 2384 1186 guine
2416 1135 2527 1172 uva:
2563 1123 2801 1175 amictum
2831 1141 2975 1178 suum
3002 1141 3020 1178 :
3049 1126 3298 1197 fulgentes
3317 1129 3452 1182 oculi
3474 1131 3583 1200 ejus
3607 1147 3638 1182 α
3661 1132 3778 1184 υἱηο
3805 1171 3819 1196 ,

2233 1217 2278 1261 et
2316 1208 2487 1262 dentes
2530 1213 2847 1268 candidiores
2875 1214 3004 1269 lacte
3043 1214 3198 1286 (Gen.
3247 1233 3398 1284 xm,
3434 1221 3486 1287 1,
3533 1221 3588 1286 2,
3636 1221 3820 1290 8-12).

2232 1299 2388 1356 Falsa
2435 1304 2542 1358 sint
2584 1305 2682 1360 ista
2702 1347 2717 1371 ,
2746 1306 2973 1362 obscura
3002 1309 3108 1364 sint
3136 1310 3264 1375 ista,
3293 1311 3338 1365 si
3365 1326 3471 1367 non
3513 1312 3570 1368 iu
3600 1313 3822 1370 Christo

2230 1393 2626 1450 evidentissima
2670 1397 2789 1452 luce
2819 1398 3170 1467 claruerunt;
3202 1401 3249 1456 si
3279 1417 3384 1457 non
3429 1419 3551 1458 eum
3601 1405 3824 1460 laudant

2231 1483 2422 1542 fratres
2450 1488 2566 1557 ejus
2596 1491 2833 1558 Apostoli
2853 1533 2868 1557 ,
2897 1500 2953 1547 et
2983 1508 3170 1550 omnes
3202 1496 3514 1554 coheredes
3542 1498 3678 1568 ejus,
3709 1515 3822 1554 non

2229 1591 2377 1630 suam
2398 1578 2620 1646 gloriam
2652 1592 2970 1652 quaerentes,
3002 1583 3094 1640 sed
3123 1583 3288 1656 ipsius
3313 1606 3325 1642 :
3357 1590 3401 1645 si
3429 1606 3532 1644 non
3557 1601 3676 1645 sunt
3697 1607 3821 1646 mas

2228 1683 2330 1723 nus
2359 1669 2472 1739 ejus
2516 1686 2676 1742 super
2704 1673 2860 1730 dorsa
2890 1677 3225 1734 inimicorum
3251 1681 3396 1750 ejus;
3427 1684 3473 1737 si
3504 1700 3607 1739 non
3625 1684 3820 1755 depri-

2227 1769 2444 1815 muntur
2471 1771 2629 1832 atque
2655 1777 2948 1823 curvantur
2985 1770 3052 1824 ad
3075 1779 3270 1825 terram
3296 1807 3311 1838 -,
3341 1776 3706 1831 crescentibus
3728 1792 3823 1845 po-

2226 1853 2365 1923 pulis
2391 1855 2718 1925 Christianis,
2746 1861 3072 1933 quicumque
3101 1865 3178 1918 illi
3217 1865 3391 1922 adhuc
3421 1867 3775 1925 adversantur
3801 1887 3817 1925 :

2226 1945 2271 2000 si
2294 1962 2398 2000 non
2427 1962 2546 2002 eum
2577 1949 2935 2009 adoraveruut
2980 1955 3073 2010 ﬁlii
3118 1957 3283 2013 Iacob
3325 1959 3377 2015 in
3405 1961 3661 2032 reliquiis,
3689 1979 3819 2033 quae

2225 2052 2322 2107 per
2346 2039 2663 2096 electionem
2690 2045 2876 2114 gratia:
2901 2047 3062 2102 salvae
3085 2048 3237 2104 factm
3259 2060 3381 2105 sunt
3403 2053 3579 2122 (Rom.
3607 2071 3682 2121 χι,
3707 2056 3766 2126 5)
3797 2075 3814 2110 :

2225 2129 2270 2182 si
2298 2144 2403 2184 non
2426 2130 2540 2200 ipse
2567 2135 2776 2190 catulus
2801 2146 2884 2192 est
2903 2138 3093 2206 leonis,
3123 2143 3371 2210 quoniam
3400 2145 3815 2216 nasccudOpar-

2225 2222 2380 2278 vulus
2419 2223 2589 2280 factus
2615 2238 2696 2282 est
2723 2246 2739 2292 ;
2774 2242 2991 2300 pr0pter
3039 2235 3137 2288 hoc
3164 2237 3423 2303 additum,
3454 2239 3532 2294 De
3558 2243 3818 2312 germina-

2224 2315 2359 2370 tione
2375 2318 2514 2385 ﬁlius
2539 2336 2698 2374 meus.
2727 2319 2896 2378 Causa
2918 2325 3113 2396 quippe.
3136 2321 3340 2383 i-eddita
3361 2339 3444 2385 est
3472 2347 3635 2402 quare
3654 2345 3816 2388 catu-

2223 2405 2326 2472 lus,
2357 2409 2410 2462 iu
2449 2409 2598 2478 cujus
2629 2412 2786 2468 laude
2813 2415 2938 2471 alibi
2967 2419 3220 2488 scriptum
3249 2430 3359 2488 εει,
3394 2420 3607 2478 Catulus
3649 2426 3816 2481 leonis

2223 2497 2403 2568 fortior
2421 2503 2665 2568 jumentis
2689 2505 2875 2575 (Prov.
2914 2526 3040 2576 xxx,
3085 2513 3202 2583 50);
3228 2514 3328 2569 hoc
3355 2525 3457 2582 est,
3487 2518 3646 2573 etiam
3679 2535 3817 2590 par-

2221 2591 2376 2646 vulus
2402 2592 2591 2650 fortior
2609 2597 2903 2668 majoribus
2929 2620 2941 2655 :
2975 2602 3020 2656 si
3041 2619 3150 2659 non
3181 2606 3420 2662 ascendit
3458 2609 3511 2664 in
3537 2625 3696 2666 cruce
3717 2627 3816 2666 re-

2220 2683 2477 2740 cumbens
2502 2723 2516 2750 ,
2571 2702 2691 2742 eum
2739 2689 2992 2747 inclinato
3022 2697 3199 2764 capite
3233 2697 3464 2754 reddidit
3509 2701 3756 2770 spiritum
3793 2720 3810 2758 :

2219 2775 2262 2828 si
2294 2789 2399 2829 non
2429 2777 2679 2834 dormivit
2707 2791 2766 2834 ut
2793 2782 2897 2848 leo,
2921 2785 3042 2854 quia
3065 2795 3120 2841 et
3147 2786 3199 2841 iu
3232 2789 3346 2858 ipsa
3374 2799 3545 2846 morte
3584 2808 3691 2848 non
3720 2804 3813 2851 est

2220 2867 2426 2932 victus,
2477 2870 2568 2925 sed
2613 2871 2772 2939 vicit;
2805 2885 2857 2928 et
2909 2884 2964 2930 ut
2991 2877 3198 2933 catulus
3247 2880 3446 2947 leonis,
3494 2883 3616 2939 inde
3661 2887 3815 2943 enim

2218 2967 2459 3015 mortuus
2487 2962 2630 3017 unde
2656 2973 2712 3018 et
2741 2976 2896 3022 natus
2921 2986 2933 3022 :
2967 2969 3012 3023 si
3043 2985 3150 3025 non
3195 2971 3285 3028 ille
3310 2988 3434 3030 eum
3463 2978 3740 3034 suscitavit
3777 2995 3816 3035 a

2217 3051 2470 3140 mortuis,
2493 3068 2648 3121 quem
2681 3071 2842 3113 nemo
2870 3059 3144 3116 hominum
3172 3063 3335 3131 vidit,
3370 3081 3469 3122 nec
3496 3067 3674 3125 videre
3705 3086 3816 3140 po-

2217 3148 2322 3194 test
2365 3133 2408 3212 (Ι
2451 3135 2580 3197 Tim.
2616 3161 2689 3211 vr,
2733 3143 2845 3219 16).
2875 3150 2951 3205 Eo
2973 3153 3115 3206 enim
3137 3154 3280 3224 quod
3309 3155 3505 3212 dictum
3540 3169 3640 3227 est,
3674 3133 3815 3228 duis

2215 3233 2475 3288 suscitabit
2499 3239 2654 3292 eum?
2681 3239 2812 3294 satis
2846 3256 3100 3311 expressa
3122 3254 3204 3300 est
3229 3254 3481 3318 tanquam
3518 3250 3682 3321 ignoti
3729 3253 3814 3308 si-

2214 3323 2504 3395 gniﬁcatio.
2535 3327 2590 3383 Si
2620 3329 2788 3385 defuit
2817 3333 3065 3404 princeps
3093 3351 3158 3390 ex
3196 3337 3351 3404 Iuda,
3402 3349 3456 3396 et
3484 3341 3592 3398 dux
3619 3342 3690 3399 de
3721 3343 3814 3400 fe-

2214 3416 2454 3472 moribus
2474 3419 2624 3488 ejus,
2675 3419 2845 3476 donec
2897 3425 3141 3481 venirent
3183 3439 3484 3498 opportuno
3528 3442 3812 3505 tempore,

2214 3523 2334 3577 quae
2360 3510 2619 3578 promissa
2651 3521 2898 3582 tanquam
2938 3518 3173 3586 reposita
3220 3518 3454 3576 fuerant.
3487 3521 3623 3580 Sunt
3655 3526 3813 3582 enim

2215 3598 2406 3655 littera:
2448 3603 2765 3659 certissima:
2795 3605 3031 3662 historiae
3075 3609 3309 3679 ipsorum
3341 3629 3555 3685 quoque
3580 3616 3812 3672 Iudaeo-

2214 3707 2362 3758 rum,
2394 3695 2585 3763 quibus
2613 3698 2917 3754 ostenditur
2961 3701 3192 3771 primum
3235 3706 3588 3779 alienigenam
3631 3711 3816 3768 Hero-

2213 3785 2336 3841 dem
2367 3803 2543 3856 regem
2572 3787 2737 3846 fuisse
2779 3791 2830 3845 in
2861 3803 3019 3864 gente
3050 3795 3382 3867 Iudaeorum,
3412 3817 3519 3871 quo
3559 3811 3812 3875 tempore

2213 3887 2369 3933 natus
2395 3877 2640 3935 Christus
2657 3889 2744 3936 est
2765 3881 2979 3955 (Matth.
3008 3901 3066 3951 ιι,
3088 3887 3141 3954 5,
3167 3888 3243 3959 7).
3266 3889 3342 3944 Ita
3369 3905 3476 3946 non
3505 3891 3674 3952 defuit
3702 3910 3810 3952 rex

2212 3970 2280 4028 de
2309 3973 2513 4028 semine
2541 3973 2675 4029 Iuda
2695 4015 2712 4040 ,
2739 3974 2911 4032 donec
2938 3979 3182 4034 venirent
3210 3996 3330 4051 qua
3371 3983 3606 4053 reposita
3645 3993 3812 4043 erant

2211 4065 2307 4120 illi.
2338 4059 2443 4122 Sed
2471 4068 2592 4138 quia
2620 4072 2728 4124 non
2759 4070 2888 4125 solis
2912 4071 3112 4129 Iudaeis
3140 4074 3387 4132 ﬁdelibus
3427 4077 3625 4148 profuit
3652 4079 3809 4150 quod

2213 4159 2534 4228 promissum
2579 4169 2693 4228 est,
2725 4161 2844 4217 vide
2881 4164 3009 4232 quid
3059 4177 3312 4236 sequatur
3340 4185 3354 4222 :
3388 4168 3457 4222 Et
3483 4171 3593 4240 ipse
3620 4187 3808 4242 exspe-

2210 4253 2362 4308 ctatio
2387 4255 2628 4324 gentium.
2652 4255 2770 4325 Ipse
2797 4257 3027 4328 alligavit
3053 4260 3123 4311 ad
3157 4259 3355 4314 vineam
3387 4263 3586 4331 pullum
3619 4280 3802 4331 situm,
3828 4241 3843 4252 ’

2209 4343 2264 4399 id
2300 4353 2400 4410 est,
2435 4346 2686 4415 populum
2723 4362 2908 4414 suum,
2961 4348 3014 4402 in
3049 4349 3222 4404 cilicio
3263 4351 3560 4420 prcedicaus
3588 4363 3642 4410 et
3684 4355 3806 4409 cla-

2208 4453 2382 4503 mans,
2410 4441 2556 4511 Agite
2583 4443 2922 4510 paenitentiam
2939 4457 2960 4507 ;
2977 4444 3402 4514 appropinquavit
3430 4447 3560 4500 enim
3580 4464 3804 4518 regnum

2207 4534 2446 4589 calorum
2470 4533 2578 4605 (Id.
2607 4551 2686 4601 ιιι,
2704 4535 2784 4606 2).
2812 4535 3072 4606 Populum
3093 4545 3271 4592 autem
3293 4525 3538 4593 Gentium
3567 4539 3644 4593 illi
3665 4539 3803 4595 sub-

2206 4624 2374 4680 ditum
2404 4626 2774 4696 cognoscimus
2813 4626 2956 4695 pullo
2993 4628 3159 4684 asina:
3179 4638 3572 4698 comparatum,
3613 4628 3665 4683 in
3686 4644 3800 4700 quo

2205 4718 2366 4774 etiam
2395 4717 2535 4772 sedit
2559 4717 2762 4772 ducens
2783 4733 2902 4772 eum
2925 4719 2976 4772 in
3005 4719 3299 4774 Jerusalem
3329 4718 3444 4790 (Id.
3465 4736 3583 4787 xxi,
3609 4720 3793 4790 2-10),

2205 4809 2259 4865 id
2279 4819 2380 4876 est,
2409 4811 2460 4864 in
2484 4809 2742 4864 visionem
2770 4810 2940 4879 pacis,
2965 4810 3167 4866 docens
3187 4820 3492 4867 mansuetos
3508 4812 3621 4866 vias
3641 4827 3792 4868 suas.

2207 4902 2262 4956 Si
2287 4919 2393 4956 non
2425 4901 2552 4955 lavit
2579 4903 2631 4955 in
2657 4903 2781 4957 vino
2807 4902 3001 4956 stolam
3028 4917 3178 4956 suam
3208 4919 3221 4955 :
3248 4902 3361 4972 ipsa
3387 4910 3470 4958 est
3495 4901 3638 4957 enim
3666 4903 3793 4972 glo-

2204 4996 2345 5051 riosa
2381 4996 2648 5059 Ecclesia,
2692 5011 2852 5065 quam
2891 4996 2992 5049 sibi
3038 4995 3282 5062 exhibet,
3336 5010 3444 5050 non
3499 4993 3793 5050 habentem

2204 5088 2468 5144 maculam
2490 5096 2581 5142 aut
2609 5103 2791 5159 rugam
2813 5087 3030 5158 (Ephes.
3061 5103 3114 5152 v,
3146 5084 3236 5158 27)
3263 5104 3275 5140 :
3309 5087 3392 5141 cui
3414 5085 3609 5141 dicitur
3624 5085 3791 5141 etiam

2201 5197 2296 5254 per
2316 5182 2523 5244 Isaiam,
2554 5180 2614 5236 Si
2639 5181 2825 5252 fuerint
2857 5191 3058 5251 peccata
3094 5189 3254 5234 vestra
3287 5180 3419 5233 sicut
3447 5178 3783 5250 phrenicium,

2201 5286 2440 5347 tanquam
2483 5277 2644 5330 nivem
2673 5274 2914 5330 dwlbabo
2945 5273 3096 5343 (lsai.
3132 5275 3185 5339 1,
3217 5273 3329 5343 18).
3364 5271 3544 5336 Unde,
3578 5270 3679 5326 nisi
3719 5269 3788 5325 de

2202 5369 2434 5424 dimissis
2462 5367 2730 5436 peccatis?
2756 5365 2811 5420 In
2853 5383 2959 5436 quo
2999 5381 3126 5436 ergo
3152 5366 3304 5432 vino,
3331 5365 3432 5420 nisi
3463 5364 3552 5418 illo
3578 5362 3646 5421 de
3676 5377 3788 5432 quo

2200 5461 2413 5527 dicitur,
2441 5459 2582 5530 quod
2605 5476 2700 5530 pro
2719 5460 2890 5513 ntultis
2909 5458 3194 5525 e/fundetur
3219 5459 3273 5512 in
3297 5457 3642 5512 remissionem
3668 5472 3786 5526 pec-

2199 5563 2425 5607 catorum
2446 5551 2660 5621 (Matth.
2693 5566 2840 5614 xxvr,
2877 5549 3016 5620 28)?
3045 5551 3160 5619 Ipse
3185 5558 3269 5604 est
3295 5550 3438 5603 enim
3479 5548 3664 5602 botrus
3692 5547 3783 5600 ille

2198 5644 2286 5715 qui
2333 5643 2583 5712 pependit
2617 5642 2668 5696 in
2700 5641 2839 5711 ligno
2865 5639 3052 5711 (Num.
3085 5655 3210 5705 xui,
3249 5639 3362 5709 24).
3394 5638 3683 5707 Propterea
3726 5643 3782 5690 et

2198 5735 2284 5790 hic
2315 5735 2431 5789 vide
2465 5733 2590 5803 quid
2619 5733 2868 5803 adjuugat
2889 5775 2905 5800 ,
2933 5731 3002 5786 Et
3035 5734 3086 5786 in
3112 5733 3358 5803 sanguine
3396 5746 3505 5785 uvae
3539 5729 3778 5783 amictum

2195 5843 2362 5882 suum.
2393 5824 2510 5880 Jam
2536 5839 2664 5879 vero
2680 5823 2883 5894 fulgere
2907 5823 3090 5878 oculos
3109 5823 3224 5893 ejus
3251 5838 3280 5875 a
3303 5822 3445 5888 vino,
3469 5821 3556 5876 illa
3577 5821 3632 5874 in
3653 5834 3774 5874 cor-

2197 5931 2331 5990 pore
2357 5917 2472 5988 ejus
2511 5916 2750 5974 membra
2784 5923 3112 5987 cognoscunt
3135 5957 3152 5988 ,
3180 5915 3372 5987 quibus
3399 5913 3657 5973 donatum
3686 5918 3770 5969 est
