4052 6422
241 474 358 532 977

239 598 430 649 sancta
456 589 684 660 quadam
709 587 968 646 ebrietate
994 589 1234 644 alienatas
1271 581 1464 644 mentis
1492 587 1559 642 ab
1589 585 1726 643 intra
1749 581 1829 641 la-

241 683 497 738 bentibus
523 683 902 754 temporalibus
926 691 1177 736 aeternam
1199 682 1369 736 lucem
1400 679 1672 750 sapientiae
1701 695 1833 734 con-

245 774 408 832 tueri.
433 771 590 830 Unde
622 773 871 842 quiddam
899 772 1054 844 paulo
1093 781 1216 828 ante
1270 771 1830 850 commemoravimus,

239 867 460 922 dicente
487 865 685 930 Paulo,
717 865 836 922 Sive
877 853 1012 920 enim
1053 875 1216 920 mente
1261 867 1580 932 excessimus,
1613 864 1742 920 Deo.
1769 863 1836 920 lii

245 967 370 1012 sunt
391 958 644 1028 fulgentes
673 943 804 1012 oculi
834 975 865 1011 a
892 959 1026 1012 vino.
1059 957 1164 1013 Sed
1195 966 1371 1012 tamen
1413 955 1534 1028 quia
1577 951 1834 1028 sequitur,

247 1053 366 1106 Sive
395 1065 731 1122 temperantes
747 1071 935 1120 sumus,
965 1051 1100 1108 uobis
1125 1035 1190 1124 (11
1214 1053 1329 1108 Cor.
1357 1049 1415 1120 'v,
1449 1052 1560 1122 15);
1589 1068 1688 1108 nec
1711 1067 1836 1122 par-

247 1145 352 1198 vuli
383 1147 764 1216 relinquuntur
783 1145 956 1202 adhuc
979 1147 1116 1202 lacte
1141 1145 1406 1202 nutrieudi
1431 1143 1612 1218 (Hebr.
1645 1161 1694 1210 ν,
1721 1143 1835 1215 12),

245 1235 368 1306 quia
389 1247 446 1292 et
469 1239 558 1292 hic
583 1235 930 1312 sequitur,_Et
959 1241 1128 1322 Identes
1157 1237 1266 1310 ejus
1286 1235 1602 1322 candidiores
1630 1235 1776 1289 lacte.

315 1319 549 1378 CAPUT
569 1321 755 1377 XLlll.
777 1353 844 1362 —
865 1313 1002 1390 Quid
1029 1313 1094 1377 ad
1117 1321 1231 1376 haec
1253 1313 1608 1391 respondistis,
1627 1315 1840 1400 insani?

245 1411 452 1484 Nempe
485 1415 589 1469 ista
619 1415 898 1470 manifesta
928 1421 1088 1480 sunt;
1134 1427 1326 1483 nempe
1353 1411 1560 1479 omnes,
1589 1427 1692 1466 non
1717 1407 1840 1465 'dic‘o

245 1505 552 1560 calumnias
579 1505 1044 1570 contradictionis,
1077 1501 1171 1560 scd
1203 1501 1362 1560 etiam
1392 1497 1611 1559 nebulas
1636 1499 1842 1558 dubita-

245 1599 408 1653 tionis
437 1579 914 1670 cxpeilutitﬂl'alia
955 1601 1176 1669 quan-ite
1211 1599 1384 1670 primo
1419 1599 1472 1652 in
1501 1579 1838 1662 illis'Libris,

247 1689 445 1746 talibus
471 1691 648 1760 primo
673 1691 892 1758 credite,
922 1709 1038 1761 qua:
1057 1697 1196 1745 nunc
1218 1707 1246 1745 a
1266 1705 1350 1745 me
1371 1705 1468 1745 nec
1492 1691 1666 1744 etnnia
1693 1705 1842 1743 emn-

247 1783 548 1837 memorari
577 1793 826 1854 possunt,
853 1779 976 1854 quia
999 1783 1219 1837 uit'uiu'tn
1241 1797 1354 1848 eSt;
1389 1795 1488 1836 nec
1515 1779 1698 1846 multa,
1724 1780 1845 1849 quia

249 1877 472 1946 longum
501 1887 615 1942 est;
645 1893 744 1933 nec
775 1891 942 1946 pauca
971 1879 1159 1932 vellem
1181 1916 1196 1942 ,
1227 1891 1292 1930 ne
1324 1873 1437 1930 sola
1475 1871 1846 1930 existimentur

249 1973 320 2024 ab
361 1969 444 2024 eis
468 1972 562 2040 qui
593 1963 682 2024 illa
725 1986 828 2025 non
881 1969 1097 2040 legunt,
1151 1977 1205 2024 ct
1234 1985 1299 2024 ne
1331 1963 1500 2022 lidelis
1534 1983 1594 2022 ac
1621 1965 1846 2036 diligens

251 2061 428 2118 lector
453 2079 544 2118 me
583 2047 938 2132 reprehendat
961 2106 974 2130 ,
1005 2078 1125 2117 cum
1155 2063 1300 2133 plura
1327 2061 1654 2116 evidentiora
1695 2071 1848 2130 rvpe-

253 2157 420 2224 rerit,
451 2157 598 2226 quod
632 2155 732 2211 ista
769 2157 1106 2226 potissimum
1137 2153 1402 2225 posuerim
1435 2169 1552 2223 qua:
1595 2149 1728 2206 i‘nihi
1759 2155 1848 2206 (ic-

249 2265 474 2304 currere
523 2249 578 2303 in
637 2247 919 2320 prazsentia
971 2247 1258 2318 potuerunt
1309 2263 1321 2296 :
1367 2243 1648 2300 invenietis
1705 2237 1847 2297 enim

253 2346 420 2398 multa
442 2359 566 2414 qua:
608 2345 826 2398 omnino
867 2357 970 2399 nec
1011 2329 1098 2396 tali
1127 2339 1316 2396 saltem
1351 2337 1618 2422 indigeant
1659 2335 1846 2391 adiuu-

255 2439 480 2504 nitioue,
511 2438 656 2508 quali
697 2437 856 2492 modo
881 2452 1008 2491 usus
1032 2451 1150 2492 sum
1189 2433 1242 2488 in
1289 2433 1463 2488 verbis
1493 2417 1687 2508 'Jacob.
1717 2427 1846 2496 Quis

253 2533 396 2587 enim
421 2531 538 2600 jam
563 2540 766 2600 quaerat
791 2529 1150 2600 expositorem
1178 2525 1302 2580 dum
1351 2523 1474 2594 legit
1500 2567 1514 2590 ,
1537 2505 1700 2578 'i’elut
1743 2523 1848 2575 ovis

251 2625 318 2676 ad
347 2625 606 2677 victimam
633 2623 813 2676 ductus
841 2631 944 2686 est;
991 2629 1046 2676 et
1093 2619 1268 2674 omnia
1297 2634 1414 2688 qua:
1453 2615 1561 2670 illic
1597 2613 1850 2683 multipli-

253 2717 386 2770 citer
413 2725 468 2770 et
505 2715 784 2770 evidenter
808 2713 1077 2778 dicuntur,
1102 2711 1234 2780 Quia
1267 2711 1418 2764 livore
1439 2709 1544 2778 ejus
1574 2699 1738 2761 sanati
1758 2723 1846 2759 su-

255 2825 386 2874 mus,
408 2807 548 2875 Quia
571 2817 774 2876 peccata
802 2815 974 2859 nostra
1007 2805 1114 2874 ipse
1141 2803 1352 2874 portavit
1375 2799 1526 2868 (Isai.
1555 2815 1664 2862 LIII,
1687 2797 1800 2868 7,5)
1823 2797 1848 2850 Τ

253 2902 384 2968 Quis
413 2917 526 2956 non
553 2901 704 2972 quasi
731 2899 1078 2969 Evangelium
1105 2895 1307 2950 cantari
1334 2893 1641 2957 arbitretur,
1679 2889 1850 2946 Fode-

257 3003 374 3047 runt
401 3009 589 3047 manus
617 3009 754 3046 meas
792 3001 838 3044 et
863 2989 1038 3061 pedes,
1071 2989 1510 3042 diuumeraveruut
1533 2983 1708 3038 omnia
1737 2999 1850 3037 ossa

255 3103 388 3154 mea;
419 3089 522 3158 ipsi
553 3103 668 3142 vero
695 3085 1131 3140 consideraverunt
1157 3091 1202 3136 et
1229 3087 1594 3149 conspexerunt
1624 3093 1742 3130 me:
1772 3075 1850 3128 di-

253 3182 476 3236 uiserunt
504 3181 600 3233 sibi
623 3180 910 3234 vestimenta
947 3194 1077 3242 mea,
1119 3165 1164 3230 et
1190 3191 1342 3246 super
1361 3181 1541 3228 vestem
1568 3188 1728 3225 meam
1751 3169 1849 3223 mi-

253 3283 426 3327 serunt
465 3281 654 3326 sortem
677 3271 702 3324 ?
725 3269 857 3338 Quis
893 3269 996 3323 nisi
1029 3267 1250 3324 nimium
1279 3281 1452 3321 caecus
1491 3261 1598 3334 jam
1643 3260 1852 3332 impleri

255 3381 364 3420 non
395 3373 608 3429 cernat,
640 3357 1177 3417 Commemorabuntur
1203 3367 1248 3412 et
1277 3353 1622 3410 convertentur
1647 3354 1714 3407 ad
1743 3351 1850 3407 Do-

255 3463 452 3514 minum
479 3459 702 3513 universi
728 3459 852 3526 ﬁnes
897 3468 1043 3509 terra:
1062 3497 1076 3520 ,
1105 3443 1150 3507 et
1171 3449 1460 3530 adorabunt
1499 3451 1552 3503 in
1583 3445 1852 3518 conspectu

257 3556 366 3622 ejus
409 3553 662 3606 universi:
701 3549 879 3622 patria:
905 3543 1130 3620 gentium
1162 3543 1331 3626 (Psal.
1359 3543 1472 3608 itm,
1505 3543 1592 3608 i7,
1641 3541 1726 3608 18,
1763 3537 1848 3606 19,

259 3645 388 3716 28)?
417 3645 560 3713 Quid
609 3627 742 3698 illud
782 3644 832 3696 in
879 3625 1200 3716 Evangelia,
1229 3625 1414 3693 rTriStis
1445 3649 1514 3716 est
1543 3638 1712 3690 anima
1743 3651 1854 3689 mea

261 3713 418 3806 usam
438 3737 510 3789 ad
541 3745 748 3791 mortem
778 3715 988 3804 (Matih.
1023 3749 1168 3810 x_xv1,
1193 3715 1292 3810 ’58)
1319 3748 1332 3796 ;
1366 3739 1439 3796 ct,
1479 3713 1637 3783 Nunc
1683 3729 1854 3782 anima

261 3805 374 3882 mea
400 3813 606 3880 turbata
627 3836 698 3880 est
733 3824 911 3897 (Joan.
943 3840 1034 3888 xu,
1055 3805 1192 3893 97)?
1231 3805 1418 3876 Nonne
1453 3819 1601 3890 prius
1629 3817 1682 3872 in
1707 3817 1857 3874 Psal-

261 3935 357 3974 mn
387 3919 586 3980 sonuit,
621 3916 846 3971 Dormivi
875 3914 1237 3969 conturbatus?
1257 3911 1337 3967 Et
1363 3909 1503 3966 unde
1547 3909 1743 3965 factum
1775 3915 1858 3966 es:

267 4019 334 4086 ut
349 4010 648 4065 dormiret?
665 4023 892 4086 quorum
912 4008 1162 4086 vocibus‘
1177 4007 1523 4086 acclamatum
1549 3995 1651 4086 est,
1665 3999 1858 4059 'Cru'c‘i-

263 4081 392 4173 ﬁge,
407 4101 642 4171 cruciﬁge
655 4083 805 4176 (Luc.
825 4081 1042 4165 xiutj?!
1057 4081 1396 4176 {animum
1413 4081 1535 4152 étin
1555 4081 1766 4151 PSalmo
1781 4111 1859 4151 se-

215 4251 224 4258 ,
262 4205 424 4250 Culus
453 4187 789 4263 przrnnntial,
811 4175 1419 4256 Filiilh'ominum,ilentes
1439 4185 1859 4256 'eor‘uin'arm'a,'et

263 4281 484 4357 sagittae,
513 4296 561 4340 et
599 4287 774 4358 lingua
809 4283 990 4340 earum
1032 4271 1232 4357 gladius
1262 4286 1482 4338 acutus"?
1519 4275 1654 4350 Quid
1680 4279 1858 4338 autem

267 4371 531 4438 iecerunt.
557 4379 684 4450 quid
704 4379 998 4433 nocuerunt
1015 4373 1404 4443 resllrreCtttro,
1435 4371 1490 4431 et
1516 4371 1860 4446 superemus

273 4467 585 4536 asc‘ensur‘o,
609 4467 662 4527 et
689 4467 858 4526 totum
875 4465 1069 4526 'orb'e'm
1085 4463 1360 4524 terrarum
1384 4453 1550 4538 gloria
1567 4463 1660 4523 ‘sui
1689 4467 1862 4523 nenii-

277 4563 354 4618 nis
383 4553 742 4632 possessum"?
767 4557 902 4618 Vide
929 4553 1232 4617 titrumihoc
1259 4557 1502 4616 Psalm'tts
1527 4557 1860 4616 atl't'e'tactie-

277 4655 340 4709 rit
387 4673 404 4709 :
452 4649 694 4723 sequitur
717 4653 858 4710 enim
882 4696 894 4720 ,
937 4649 1184 4708 Exultare
1231 4667 1383 4722 super
1411 4651 1590 4717 rwlos,
1613 4645 1782 4720 ‘Deus,
1816 4665 1864 4708 et

273 4766 420 4820 super
445 4766 646 4802 onmem
689 4759 872 4802 terram
905 4737 1067 4819 "gloria
1096 4757 1180 4801 tua
1204 4743 1371 4816 (Psal.
1405 4751 1507 4810 uit,
1538 4747 1590 4814 5,
1609 4747 1693 4818 '6).
1733 4747 1862 4816 Quis

277 4845 508 4912 unquam
541 4839 610 4894 de
635 4829 860 4895 ’Chris’to
903 4837 1102 4895 dictum
1131 4829 1423 4904 illibita'vit,
1445 4835 1704 4893 :D‘omi'nus
1733 4841 1864 4895 dixit

277 4935 340 4986 ad
365 4951 460 4996 me,
501 4931 670 4985 Filius
691 4949 830 4984 meus
858 4947 908 4985 es
934 4935 1006 4998 t'u,
1035 4943 1124 5000 ego
1151 4931 1299 4984 hodie
1321 4933 1470 5001 genui
1489 4927 1581 4997 "te;
1605 4931 1806 5003 postilla
1831 4950 1863 4986 a

281 5041 372 5082 me,
405 5033 452 5075 et
483 5025 615 5076 dabo
647 5021 732 5075 tibi
779 5021 959 5076 Gentes
1009 5019 1351 5076 hwr‘er’litatem
1390 5031 1547 5086 tuam,
1587 5023 1640 5077 ἐι
1670 5033 1868 5095 posses-

282 5115 469 5166 sionem
521 5125 660 5166 luam
705 5115 942 5166 terminos
987 5121 1133 5168 terra:
1177 5111 1342 5184 (Psal.
1391 5121 1453 5179 ‘n,
1507 5113 1866 5186 7,3)?‘Quis

285 5207 438 5260 alium
483 5205 784 5275 intelligere
825 5205 1115 5275 permissus
1133 5203 1246 5271 'est,
1289 5207 1376 5260 ubi
1413 5205 1672 5262 Je'remias
1699 5203 1864 5279 dicit,

287 5299 530 5352 nimirum
563 5295 947 5365 de'Sapientia,
967 5289 1200 5351 Tradidit
1223 5297 1366 5351 illam
1389 5297 1552 5353 Jatob
1575 5317 1728 5369 puero
1751 5317 1864 5366 suo,

287 5391 328 5442 'et
355 5387 520 5443 Israel
549 5391 702 5443 electo
726 5404 816 5442 suo
845 5405 864 5442 :
886 5397 996 5458 post
1028 5391 1134 5442 hare
1155 5389 1208 5442 in
1233 5389 1378 5444 terris
1403 5389 1536 5444 visus
1557 5401 1648 5458 est,
1669 5393 1726 5446 "et
1753 5407 1869 5447 cum

288 5481 567 5535 Hominibus
593 5485 914 5535 conversatus
941 5489 1016 5534 est
1050 5475 1294 5551 (Bai-ach.
1325 5493 1405 5548 ut,
1435 5483 1522 5548 57,
1555 5483 1693 5554 38)?

341 5573 580 5629 'CA'PUT
611 5571 792 5630 XLIV.
830 5601 904 5613 --
941 5571 1075 5639 Quis
1113 5579 1219 5628 non
1241 5571 1494 5630 ‘eumdem
1531 5573 1868 5633 'Salvatorem

288 5675 536 5734 agnoscat
553 5665 690 5736 apud
715 5665 1007 5732 Danielem,
1029 5681 1152 5722 cum
1171 5665 1395 5738 antiquo
1419 5667 1625 5724 diei-mu
1649 5667 1870 5726 offertur

289 5755 427 5812 filius
447 5757 700 5823 hominis,
721 5765 778 5813 et
800 5757 995 5828 accipit
1021 5774 1244 5830 regnum
1264 5760 1382 5816 sine
1407 5761 1534 5828 line,
1559 5771 1618 5816 ut
1636 5763 1870 5819 serviant

288 5890 546 6003 «fugam,
569 5891 890 5956 nuth
923 5892 1128 5946 vocibus.
1154 5893 1319 5956 Abest,
1354 5891 1468 5956 nisi,
1498 5894 1562 5946 ab
1591 5895 1736 5950 editis
1759 5897 1870 5951 aliis

1515 445 2216 528 'LIBER'DUODECIMUS.

3410 447 3524 527 iis

1937 587 1988 642 ei
2016 603 2200 643 onmes
2227 597 2409 660 gentes
2437 589 2456 661 (
2475 577 2622 643 Dan.'
2637 577 2708 643 vit
2731 567 3526 659 ,’1’5,’14’)ἳ²1ἐ1²ή’Ἠῶ’ἐ1τ1υ-ο

1939 695 2058 760 cum
2087 661 2235 736 illum
2265 697 2418 760 quem
2447 667 2880 760 comtiic'nmravit
2910 671 3516 750 D‘oi‘tiiuus‘ex‘ehisidéiu

1941 755 2173 826 Danielis
2197 757 2496 842 prophetia,
2514 755 2637 828 Cum
2666 769 2888 829 uideritis
2915 765 3524 828 ab'o‘it'tiuatiorié‘m‘nasia-

1941 861 2090 918 tionis
2117 861 2230 942 quia
2257 865 2387 918 dicta
2416 869 2484 918 est
2511 861 2552 942 'a_
2569 847 2778 920 Daniele
2799 867 2837 942 1,
2862 861 3155 942 sto’n'tein‘i'n
3176 861 3285 921 ιόἓο
3311 871 3524 932 sancto;

1941 958 2027 1028 qui
2061 939 2178 1030 legit
2199 1001 2213 1024 ,
2243 945 2490 1030 intelligat
2522 939 2639 1030 (id.
2673 977 2724 1014 ix
2749 1003 2764 1024 ,
2791 941 2893 1026 E7;
2929 941 3113 1014 Ὲιὰὶῒὴ.
3148 953 3445 1029 έήινβιῦ),
3477 957 3528 1014 Si

1944 1033 2238 1120 supputatis
2276 1051 2433 1106 etiam
2481 1035 2805 1122 temporibus
2847 1033 3238 1108 hebd‘oiiia'd'u'm
3262 1093 3276 1118 ,
3309 1043 3528 1108 iﬁe’iiii-

1943 1158 2124 1200 merus
2151 1133 2531 1216 poi-tractetur;
2565 1161 2670 1200 non
2712 1141 2883 1200 solum
2927 1143 3173 1204 Christus
3195 1135 3338 1214 ,“ised
3370 1137 3527 1202 etiam

1945 1244 2152 1307 tempus
2174 1233 2458 1310 reperitur,
2482 1229 2727 1308 quocum
2757 1239 2991 1308 Oportuit
3015 1237 3202 1296 venire
3225 1239 3528 1311 pa‘SSUrum.

1945 1330 2258 1402 Quanquam
2279 1373 2296 1398 ,
2329 1341 2382 1387 et
2410 1333 2524 1388 sine
2553 1327 2946 1400 computatione
2992 1343 3288 1404 temporum
3309 1376 3325 1409 ,
3355 1335 3530 1389 maui-

1947 1423 2094 1478 lestis
2121 1440 2300 1500 rerum
2327 1419 2604 1480 effectibus
2633 1419 2848 1500 Iudaeos
2882 1441 3071 1496 urgere
3098 1423 3384 1492 soleamus,
3409 1443 3530 1482 cum

1945 1514 2138 1585 quibus
2163 1513 2334 1583 nobis,
2363 1531 2466 1570 non
2497 1526 2678 1572 utrum
2709 1517 2758 1570 in
2791 1495 3006 1572 Christo
3037 1503 3104 1571 sit
3134 1518 3274 1596 salus
3301 1515 3483 1573 nostra
3512 1561 3528 1585 ,

1949 1608 2042 1663 sed
2073 1617 2246 1664 utrum
2271 1609 2380 1680 jam
2419 1599 2628 1666 venerit
2651 1653 2664 1674 ,
2697 1627 2988 1680 passusque
3031 1609 3190 1665 fuerit
3215 1603 3532 1680 disceptatio

1949 1711 2050 1756 est.
2073 1701 2470 1756 Convincuntur
2489 1713 2666 1758 autem
2693 1704 2852 1758 rebus
2881 1697 3007 1773 ipsis
3028 1703 3394 1774 apertissimis,
3424 1719 3533 1758 non

1949 1793 2120 1847 solum
2152 1792 2218 1847 de
2250 1793 2350 1846 [ide
2397 1795 2633 1848 omnium
2679 1796 2953 1864 gentium,
2991 1801 3125 1865 'quas
3165 1795 3212 1848 ei
3244 1791 3534 1848 servituras

1951 1883 2159 1950 eadem,
2181 1883 2264 1938 cui
2290 1884 2481 1940 cedere
2510 1897 2790 1954 coguntur,
2820 1883 3092 1954 Scriptura
3121 1881 3382 1958 priedixit,
3414 1881 3533 1956 quae

1952 1974 2022 2028 ita
2049 1975 2292 2030 clarescit
2319 1984 2430 2030 toto
2461 1965 2591 2033 orbe
2621 1973 2904 2045 terrarum,
2939 1987 2997 2033 ut
3023 1973 3258 2033 omnium
3285 1979 3538 2048 tergiver-

1953 2070 2184 2124 santium
2205 2053 2388 2126 oculos
2421 2069 2602 2134 feriat;
2634 2088 2816 2126 verum
2843 2067 3002 2126 etiam
3029 2071 3095 2127 de
3121 2069 3186 2125 iis
3211 2087 3328 2140 qua?
3349 2071 3401 2125 in
3426 2071 3538 2140 ipsa

1951 2160 2254 2216 Iudaeorum
2277 2172 2430 2232 gente
2451 2163 2562 2234 jam
2589 2163 2722 2218 facta
2745 2153 2886 2228 sunt,
2909 2145 3050 2234 quod
3078 2163 3364 2218 sacrarium
3385 2179 3538 2218 ever-

1951 2269 2068 2308 sum
2099 2263 2199 2320 est,
2227 2254 2366 2324 quod
2397 2257 2620 2310 cessavit
2651 2245 2822 2310 hostia
2847 2298 2861 2322 ,
2888 2267 2938 2310 et
2969 2249 3239 2322 sacerdos,
3272 2269 3324 2310 et
3359 2255 3538 2310 unctio

1953 2346 2176 2415 pristina
2203 2364 2216 2400 :
2241 2363 2359 2418 qua:
2381 2349 2554 2402 nuntia
2587 2331 2768 2403 Daniel
2793 2359 2916 2404 tunc
2943 2345 3310 2419 pratnuntiavit
3337 2349 3534 2414 futura,

1957 2437 2169 2507 quando
2198 2440 2321 2520 ungi
2351 2427 2600 2524 Sanctmn
2635 2431 2944 2516 sanctorum
2985 2441 3178 2512 liquide
3206 2441 3540 2512 prophetavit

1959 2527 2134 2600 (Dan.
2165 2546 2214 2584 Ix
2240 2573 2254 2596 ,
2283 2530 2450 2612 24727
2471 2533 2512 2604 ).
2543 2531 2671 2610 cum
2715 2527 2871 2604 igitur
2899 2533 2986 2588 illa
3029 2531 3206 2588 omnia
3249 2533 3358 2603 jam
3403 2531 3542 2588 facta

1953 2621 2078 2688 sint,
2107 2623 2333 2693 exigitur
2354 2625 2421 2680 ab
2445 2625 2522 2678 eis
2552 2625 2710 2680 etiam
2741 2615 2930 2702 unctus
2955 2623 3183 2681 Sanctus
3209 2635 3536 2692 sanctorum,

1954 2723 2009 2767 et
2032 2713 2155 2782 quid
2187 2715 2543 2786 respondeant
2571 2732 2676 2770 non
2724 2713 3021 2772 inveniunt.
3051 2715 3332 2784 Quomodo
3361 2726 3538 2770 autem

1953 2793 2230 2860 uobiscum
2277 2822 2384 2860 non
2427 2809 2492 2862 de
2535 2789 2786 2874 Christo,
2818 2809 2908 2864 sed
2953 2805 3155 2864 tantum
3201 2807 3268 2864 de
3309 2807 3542 2863 adventu

1955 2898 2070 2968 ejus
2088 2899 2468 2969 disceptarent,
2489 2901 2586 2955 nisi
2613 2901 2750 2958 bene
2773 2899 2990 2958 nossent
3017 2919 3136 2958 eum
3159 2901 3209 2956 in
3233 2903 3344 2957 suis
3364 2901 3542 2956 Libris

1955 2988 2368 3066 prophetatum?
2394 2991 2499 3046 Cur
2526 3007 2555 3045 a
2586 2991 2789 3048 Joanne
2818 3003 3062 3064 quaerunt
3080 3035 3096 3062 ,
3129 3003 3306 3048 utrum
3333 2993 3446 3064 ipse
3472 2993 3542 3047 sit

1953 3079 2198 3136 Christus
2236 3081 2425 3152 (John.
2473 3099 2521 3148 ι,
2576 3085 2719 3156 19)?
2767 3085 2875 3142 Cur
2930 3083 3029 3160 ipsi
3075 3085 3301 3142 Domino
3323 3087 3539 3146 dicunt.

1958 3170 2212 3238 Quamdiu
2237 3173 2460 3228 animum
2490 3187 2712 3256 nostram
2743 3177 2876 3231 tollis
2893 3179 2919 3231 Ρ
2950 3177 3009 3234 Si
3036 3179 3088 3233 tu
3109 3195 3160 3234 es
3190 3173 3434 3244 Christus,
3460 3177 3544 3230 (lic

1955 3265 2099 3322 nobis
2135 3265 2306 3338 palam
2335 3267 2462 3340 (Id.
2495 3286 2549 3336 χ,
2586 3261 2692 3342 24)
2719 3271 2741 3324 ?
2771 3263 2876 3326 Cur
2907 3269 3094 3328 Petrus
3125 3281 3179 3328 et
3207 3273 3446 3328 Andreas
3489 3281 3547 3326 et

1957 3357 2232 3430 Philippus
2253 3361 2436 3416 dicunt
2453 3349 2786 3432 Nathanaéli,
2815 3361 3103 3420 Invenimus
3121 3347 3384 3430 Messium,
3408 3366 3548 3434 quod

1954 3451 2316 3518 interpretatur
2333 3453 2560 3516 Christus
2583 3435 2706 3530 (id.
2735 3473 2772 3518 ι,
2799 3453 2924 3530 41),
2949 3457 3048 3511 nisi
3075 3453 3196 3528 quia
3224 3457 3325 3512 hoc
3351 3461 3546 3511 nomen

1957 3541 2012 3624 in
2041 3544 2132 3598 illa
2157 3553 2316 3616 gente
2345 3561 2438 3615 per
2465 3531 2840 3626 illasllsitleras
2871 3555 2926 3603 et
2953 3533 3240 3612 sciebatur,
3271 3558 3322 3604 et
3349 3549 3546 3618 exspe-

1955 3621 2392 3692 ctabatur?Nam
2437 3639 2578 3694 nulla
2620 3619 2721 3694 alia
2767 3635 2899 3710 gens
2941 3635 3097 3710 rcges
3135 3627 3190 3696 et
3238 3639 3548 3694 sacerdotes

1957 3741 2085 3782 suos
2105 3727 2334 3782 christos
2357 3717 2548 3782 habuit
2573 3739 2626 3783 et
2649 3721 2874 3801 vocavit,
2897 3727 3120 3800 quorum
3144 3729 3548 3801 sighilicativat'n

1959 3817 2268 3873 unctionem
2301 3832 2512 3873 cessare
2542 3817 2617 3872 {as
2645 3797 2896 3892 nutriuit,
2925 3821 3024 3875 nisi
3051 3835 3170 3875 cum
3197 3809 3284 3894 ille
3312 3821 3550 3876 venisset

1957 3911 2048 3986 qui
2073 3909 2126 3962 in
2147 3910 2226 3965 eis
2249 3903 2754 3982 praenuntiabatur“
2769 3899 3098 3982 Re'gxdﬂ,
3115 3905 3160 3966 et
3181 3903 3349 3966 Εὲεοιι.
3369 3909 3545 3982 XXIX).

1962 4001 2052 4058 Sic
2077 4002 2218 4058 enim
2241 3993 2410 4057 Judaai
2437 3997 2694 4058 neverant
2719 3987 2840 4058 illus
2870 3991 3098 4059 christos
3119 4001 3265 4071 su'os,
3293 3995 3349 4058 ut
3369 4009 3548 4059 tamen

1961 4112 2125 4152 unum
2156 4106 2452 4166 Sperarent,
2477 4113 2569 4166 per
2593 4089 2753 4176 quem
2777 4073 2994 4176 hensum
3023 4095 3378 4152 liberarentur
3407 4112 3420 4149 :
3455 4095 3551 4152 sed

1963 4165 2216 4243 exca:cati
2237 4181 2444 4243 occulta
2462 4165 2665 4260 iustitia
2689 4169 2805 4256 Dei,
2825 4165 2954 4244 tdum
2979 4185 3146 4245 solam
3169 4189 3284 4260 ejus
3301 4183 3552 4246 virtutem

1963 4281 2216 4350 cogitant,
2247 4279 2632 4348 inﬁrmitatem,
2653 4273 2840 4353 inqua
2869 4298 2966 4352 pro
2995 4273 3148 4337 nobis
3177 4275 3420 4338 mo'i't'uus
3445 4293 3548 4348 est,

1965 4349 2072 4426 non
2103 4371 2500 4450 intellexerunt.
2533 4371 2667 4427 Hinc
2813 4349 2973 4450 verba
3002 4373 3054 4428 in
3081 4367 3235 4429 'libhro
3265 4369 3555 4444 Sapientia!

1966 4461 2033 4517 de
2061 4461 2166 4517 illis
2191 4447 2440 4532 praedicta
2468 4457 2838 4534 cognoscimus
2868 4483 2881 4519 :
2909 4443 3081 4520 jlorie
3108 4461 3398 4536 turpisii'ma
3427 4479 3552 4518 con-

1967 4552 2254 4632 demnemus
2271 4543 2412 4632 illum
2427 4572 2445 4618 ;
2465 4543 2556 4608 erit
2574 4551 3038 4632 cuiui'resp'ectus'in
3058 4551 3366 4610 sermonibus
3385 4556 3519 4612 illius
3533 4573 3555 4611 :

1966 4635 2011 4698 si
2039 4661 2148 4698 vere
2177 4625 2226 4696 Γ
2229 4645 2344 4699 ilius
2375 4627 2467 4700 Dei
2484 4637 2573 4712 est,
2592 4625 2827 4722 suscipiet
2853 4641 3018 4716 illum,
3036 4641 3316 4703 etliberabit
3335 4647 3478 4702 illuni
3491 4648 3554 4702 de

1969 4735 2200 4789 manibus
2229 4737 2615 4790 contrariorum.
2639 4729 2768 4792 Ἡίεσ
2795 4735 3137 4811 τοῇῑτὴυὲναηι
3163 4750 3208 4794 et
3231 4739 3556 4804 erraverunt;

1970 4819 2234 4882 excatcavit
2278 4827 2408 4883 enim
2452 4829 2567 4884 illos
2597 4827 2790 4884 malitia
2819 4849 2990 4886 eorum
3020 4831 3190 4902 (Sap.
3231 4827 3288 4896 it,
3325 4829 3551 4901 18-21).

1970 4905 2120 4988 Quod
2149 4921 2308 4974 etiam
2337 4905 2406 4975 de
2435 4911 2549 4976 istis
2576 4917 2849 4976 veris'simc
2877 4923 2980 4978 dici
3007 4929 3197 4992 potest,
3223 4921 3312 4990 qui
3339 4921 3390 4974 in
3409 4929 3554 4976 tanta

1970 5005 2303 5066 multitudine
2330 5009 2778 5078 testimOniorum,
2803 5011 2854 5066 in
2883 5022 3027 5067 tanta
3052 5007 3398 5080 dispdsilione
3419 5025 3556 5079 prte-

1972 5105 2328 5160 nuntiatarum
2377 5121 2595 5172 rerum,
2639 5105 2690 5160 in
2740 5115 2882 5160 tanta
2933 5103 3360 5159 manifesmtione
3409 5117 3557 5158 com-

1975 5201 2256 5270 pletarum,
2283 5199 2460 5254 adhuc
2489 5199 2668 5254 dicunt
2709 5189 2992 5268 scripturis
3023 5197 3125 5250 illis
3158 5187 3425 5250 Christum
3452 5211 3560 5252 non

1974 5307 2092 5345 esse
2109 5289 2498 5360 prophetatum.
2522 5289 2672 5358 Quod
2694 5291 2736 5345 'si
2761 5289 2948 5344 iterum
2967 5297 3124 5356 atque
3145 5283 3336 5341 iterum
3355 5287 3557 5356 dicant,

1975 5399 2073 5440 nos
2103 5385 2291 5439 iterum
2321 5379 2482 5454 atque
2525 5381 2718 5437 iterum
2765 5395 3044 5452 possumus
3081 5377 3398 5436 documenta
3439 5397 3561 5451 pro-

1975 5473 2150 5542 ferre,
2173 5475 2455 5544 adjuvaute
2483 5475 2572 5528 illo
2609 5473 2698 5542 qui
2739 5481 2932 5526 tantam
2969 5473 3175 5544 copiam
3206 5473 3427 5543 prmbuit
3469 5473 3561 5527 ad-

1975 5585 2162 5626 versus
2203 5567 2494 5624 calumnias
2543 5567 2741 5622 erroris
2769 5563 3034 5636 humani,
3083 5561 3142 5623 tit
3184 5583 3246 5624 ea
3293 5581 3410 5638 qua:
3449 5563 3560 5636 jam

1975 5661 2509 5718 commemoravimus
2525 5699 2539 5725 ,
2563 5675 2670 5712 non
2704 5669 3024 5730 repetamus.
3233 5733 3242 5738 _

2045 5741 2272 5807 C'A‘PU‘T
2297 5751 2458 5805 ἮΝ.
2485 5745 2690 5806 -'-*Js‘m
2701 5757 2878 5822 ευριπ»
2893 5753 3059 5808 utinm
3087 5752 3267 5808 Fausti
3293 5749 3556 5821 κτείνετε

1975 5847 2257 5911 sationem,
2281 5859 2437 5914 quam
2465 5844 2626 5900 credo
2646 5861 2766 5902 cum
2791 5855 2846 5903 et
2865 5847 2978 5921 ipse
3001 5844 3406 5920 praeclarissima
3433 5857 3558 5914 pro-

2040 5961 2060 5992 ι
2095 5964 2146 6007 tn
2166 5963 2272 6009 Mss.
2297 5955 2460 6022 deest,
2482 5969 2516 6010 α
2533 5957 2752 6014 Melo.
3579 6031 3586 6040 ‘

3533 6053 3598 6084 -.J
