4052 6438
505 438 615 499 2⁸19

506 558 705 631 phetite
721 556 843 614 luce
858 556 1311 626 repercuteretur,
1333 542 1726 603 eallidissimam
1748 553 1807 594 se
1826 534 2091 591 invenisse

509 653 796 708 arbitratus
840 658 960 716 est,
993 648 1155 705 etiam
1198 642 1442 699 refellere
1488 636 1669 708 piget,
1700 649 1768 688 ne
1811 636 2093 703 propterea

508 754 723 818 putetur
750 741 949 815 aliquid
993 740 1223 804 dixisse,
1252 734 1374 804 quia
1417 731 1467 787 ei
1514 725 1824 799 responderi
1872 722 2091 793 dignum

506 838 743 893 habitum
761 812 862 891 est.
886 833 1015 900 Quis
1027 830 1170 885 enim
1190 822 1621 881 dementissimus
1640 819 1864 884 diceret,
1882 812 2093 869 enervis

504 942 625 984 esse
658 926 800 991 ﬁdei,
831 924 899 979 de
922 921 1134 977 Christo
1160 918 1276 971 sine
1299 923 1435 971 teste
1461 928 1568 969 non
1597 908 1857 966 credere?
1886 905 2091 961 Vellem

506 1020 639 1075 mihi
666 1019 750 1072 isti
778 1014 1194 1085 responderent,
1225 1008 1432 1064 cuinam
1460 1005 1527 1060 de
1552 1003 1767 1059 Christo
1794 999 1893 1069 ipsi
1920 994 2093 1052 credi-

505 1112 708 1167 dissent
742 1128 753 1162 :
787 1123 855 1161 an
886 1107 1031 1160 illam
1062 1118 1248 1158 vocem
1291 1100 1359 1155 de
1385 1099 1521 1153 caelo
1547 1095 1868 1154 audierunt,
1898 1087 1997 1142 Hic
2022 1094 2094 1141 est

508 1202 675 1255 Filius
702 1216 837 1253 meus
872 1196 1095 1269 (Matth.
1127 1211 1205 1259 ιιι,
1240 1192 1328 1257 17,
1362 1206 1488 1256 xvn,
1510 1188 1553 1243 ‘5
1572 1187 1631 1257 )?
1658 1185 1722 1240 Ei
1751 1183 1947 1269 quippe
1974 1177 2093 1232 voci

505 1289 681 1357 potius
710 1284 937 1339 Faustus
966 1297 1063 1338 nos
1083 1282 1232 1350 jubet
1259 1277 1500 1341 credere,
1529 1274 1621 1344 qui
1648 1272 1714 1327 de
1740 1268 1954 1325 Christo
1987 1279 2092 1319 non

505 1381 617 1435 vult
666 1378 887 1433 testibus
935 1375 1241 1430 hominibus
1288 1370 1474 1437 credi,
1507 1367 1657 1437 quasi
1700 1364 1769 1419 ad
1805 1376 1903 1417 nos
1931 1361 2093 1415 etiam

502 1472 743 1541 ejusdem
776 1470 917 1523 vocis
961 1468 1146 1523 notitia
1174 1466 1289 1520 sine
1317 1462 1533 1517 homine
1576 1466 1713 1514 teste
1749 1453 2089 1527 pervenerit,

506 1582 627 1619 cum
657 1574 709 1617 ct
746 1562 1086 1616 manifestum
1117 1558 1187 1612 sit
1227 1557 1305 1611 sic
1344 1569 1462 1610 eam
1490 1550 1822 1623 pervenisse,
1851 1555 1909 1600 ut
1946 1546 2091 1614 Apo-

506 1658 675 1713 stolus
702 1656 863 1719 dicat,
902 1651 1163 1719 Quomodo
1192 1656 1357 1701 autem
1382 1644 1681 1699 invocabant
1700 1683 1715 1708 ,
1744 1644 1795 1696 in
1821 1655 1965 1708 quem
1990 1653 2091 1690 non

503 1748 868 1805 crediderunt?
908 1756 994 1799 aut
1032 1740 1282 1815 quomodo
1328 1739 1525 1793 credent
1554 1738 1570 1767 ¹
1604 1751 1749 1804 quem
1780 1749 1879 1786 non
1909 1728 2092 1783 audie-

503 1844 667 1897 runt?
696 1841 971 1909 Quomodo
1009 1848 1179 1892 autem
1226 1834 1430 1889 audient
1473 1832 1581 1885 sine
1626 1824 1967 1900 praedicante?
2005 1830 2094 1875 aut

504 1938 753 2003 (μιοηιοάο
776 1933 1140 2005 ρνίεάὶεαὸιιηι,
1166 1932 1210 1984 si
1238 1945 1339 1983 non
1367 1926 1628 1979 mittantur
1645 1921 1671 1975 ζ)
1698 1920 1826 1973 sicut
1851 1916 2093 1985 scriptum

504 2042 608 2095 est,
650 2030 812 2093 Quam
838 2024 1052 2095 speciosi
1080 2039 1252 2077 eorum
1277 2019 1428 2091 pedes
1450 2016 1534 2086 qui
1563 2012 1866 2067 annuntiant
1893 2023 2087 2079 pacem,

500 2139 587 2191 qui
625 2117 1083 2191 mmunliuntobona
1111 2113 1286 2185 (Rom.
1320 2127 1377 2175 Χ,
1407 2109 1476 2164 14
1496 2148 1510 2173 ,
1544 2103 1644 2177 15)
1669 2104 1683 2157 ἰ
1715 2101 1918 2157 Videtis
1946 2106 2092 2154 certe

499 2210 955 2282 quemadmodum
985 2204 1419 2277 praedicationem
1457 2198 1715 2255 doctrinm
1741 2193 2048 2266 apostolicae
2072 2232 2088 2258 ,

501 2304 872 2375 propheticum
921 2298 1282 2354 testimonium
1329 2293 1633 2349 comitetur.
1679 2288 1750 2345 Ut
1795 2286 1937 2342 enim
1984 2298 2091 2339 non

499 2405 992 2459 contemnerentur,
1014 2404 1184 2461 neque
1206 2386 1446 2442 fabulosa
1466 2382 1791 2439 ducerentur
1810 2392 1930 2449 qum
1950 2376 2092 2444 Apo-

500 2489 623 2545 stoli
649 2486 1055 2550 annuntiabant,
1081 2478 1587 2537 demonstrabantur
1613 2474 1728 2529 haec
1752 2487 1781 2526 a
1809 2467 2093 2539 Prophetis

497 2592 623 2637 ante
651 2580 814 2635 fuisse
857 2576 1107 2648 praedicta
1142 2592 1152 2625 :
1183 2575 1308 2644 quia
1353 2570 1455 2626 etsi
1501 2565 1889 2623 attestahantur
1926 2559 2091 2615 mira-

500 2676 641 2739 cula,
678 2688 784 2727 non
810 2671 1107 2726 defuissent
1133 2667 1293 2740 (sicut
1318 2664 1477 2719 etiam
1504 2673 1645 2715 nunc
1670 2657 1844 2713 adhuc
1878 2652 2092 2724 quidam

498 2746 821 2831 mussitant)
844 2763 932 2832 qui
955 2760 1174 2830 magica:
1196 2755 1450 2828 potentiae
1467 2760 1655 2807 cuncta
1674 2750 1759 2804 illa
1777 2748 2091 2810 tribuerent,

498 2858 603 2914 nisi
630 2858 746 2911 talis
762 2871 946 2910 eorum
968 2851 1219 2925 cogitatio
1239 2845 1625 2904 contestatione
1646 2841 1954 2913 prophetica
1971 2838 2094 2893 vin-

499 2956 730 3005 ceretur.
748 2946 960 3015 Magicis
976 2943 1119 2999 enim
1133 2940 1335 2995 artibus
1351 2939 1507 3007 longe
1519 2944 1801 3004 antequam
1819 2944 2097 2985 nascerem-

502 3053 590 3097 tur
603 3044 643 3107 ³,
666 3038 960 3109 Prophetas
976 3036 1076 3091 sibi
1093 3033 1414 3089 constituere
1428 3045 1458 3084 a
1474 3028 1666 3099 quibus
1680 3022 2096 3096 praenuntiaren-

501 3146 608 3201 tur,
633 3149 791 3190 nemo
813 3133 993 3201 utique
1024 3130 1241 3185 diceret.
1272 3125 1377 3182 Sed
1401 3122 1649 3178 videlicet
1670 3126 1814 3174 vetat
1834 3132 1931 3172 nos
1954 3115 2096 3169 Fau-

499 3240 619 3285 stus
638 3228 704 3282 de
729 3241 857 3281 vero
879 3224 1089 3280 Christo
1108 3219 1344 3276 llebraais
1364 3214 1647 3286 Prophetis
1664 3211 1887 3267 testibus
1908 3206 2095 3262 crede-

499 3336 587 3389 re,
618 3322 710 3391 qui
737 3320 804 3374 de
832 3318 965 3372 falso
992 3316 1204 3371 Christo
1233 3313 1520 3368 Persarum
1549 3305 1821 3363 erroribus
1847 3300 2092 3357 credidit.

576 3412 802 3469 CAPUT
831 3410 1014 3465 XLVI.
1040 3439 1109 3448 —
1138 3406 1337 3461 Verum
1369 3402 1647 3471 disciplina
1677 3398 1941 3454 catholica
1969 3409 2096 3463 pro-

506 3515 687 3579 pterea
716 3502 942 3572 simplici
973 3500 1079 3555 ﬁde
1107 3498 1253 3568 prius
1284 3494 1483 3551 nutriri
1502 3499 1749 3562 oportere
1769 3489 1927 3543 docet
1945 3501 2098 3541 men-

506 3576 615 3653 tem
646 3594 986 3649 christianum
1008 3634 1021 3657 ,
1056 3600 1114 3646 ut
1151 3604 1270 3645 eam
1318 3599 1566 3652 capacem
1612 3581 1772 3637 faciat
1797 3579 1865 3635 ad
1902 3576 2099 3632 intelli-

506 3687 677 3759 genda
698 3699 927 3755 superna
945 3693 999 3738 et
1015 3690 1236 3737 aeterna.
1256 3678 1346 3735 Sic
1366 3675 1564 3733 etenim
1587 3680 1642 3728 et
1656 3671 1917 3744 propheta
1933 3668 2093 3724 dicit:

510 3778 631 3835 Nisi
647 3777 979 3841 credideritis,
1004 3790 1105 3828 non
1120 3770 1407 3841 intelligetis
1424 3768 1441 3838 (
1460 3766 1587 3822 Isai.
1607 3780 1700 3829 vn,
1719 3762 1811 3835 9).
1828 3766 1897 3816 At
1912 3760 2099 3830 eaipsa

507 3880 593 3928 est
631 3870 857 3937 simplex
886 3866 1017 3921 ﬁdes
1040 3906 1056 3931 ,
1094 3880 1197 3934 qua
1233 3860 1533 3926 credimus,
1579 3865 1863 3927 antequam
1898 3866 2100 3924 cogno-

490 3954 727 4021 scamus
755 3960 1241 4031 supereminentem
1272 3954 1546 4011 scientiam
1577 3949 1852 4005 cbaritatis
1879 3946 2099 4012 Christi,

512 4066 574 4111 ut
616 4055 934 4124 impleamur
964 4051 1018 4104 in
1062 4063 1275 4104 omnem
1321 4043 1701 4117 plenitudinem
1746 4040 1841 4096 Dei
1870 4037 2100 4110 (Ephes.

514 4164 604 4211 ιιι,
638 4146 772 4215 19),
806 4160 915 4199 non
956 4141 1071 4196 sine
1108 4154 1267 4195 causa
1312 4136 1761 4208 dispensationem
1790 4131 2104 4187 humilitatis

515 4240 656 4309 ejus,
682 4252 786 4306 qua
813 4235 1118 4289 humanitus
1146 4240 1301 4287 natus
1329 4238 1381 4285 et
1408 4244 1598 4300 passus
1617 4234 1720 4293 est,
1743 4240 1774 4280 a
1800 4223 2101 4293 Prophetis,

484 4400 485 4403 η
519 4349 615 4402 per
648 4329 1008 4399 propheticam
1038 4337 1276 4397 gentem,
1302 4340 1401 4396 per
1430 4321 1795 4393 propheticum
1824 4317 2099 4388 populum,

518 4443 615 4497 per
643 4423 1005 4494 propheticum
1036 4436 1254 4492 regnum
1285 4426 1432 4473 tanto
1456 4423 1581 4470 ante
1624 4413 1964 4485 praedictam;
2006 4409 2106 4463 nisi

519 4522 641 4588 quia
669 4519 719 4570 in
749 4517 832 4571 illa
863 4513 1086 4570 stultitia
1126 4528 1244 4583 quae
1272 4508 1564 4580 sapientior
1588 4514 1670 4562 est
1698 4503 2024 4567 hominibus,
2053 4507 2110 4557 et

519 4610 572 4663 in
607 4610 693 4663 illa
728 4608 1031 4662 inﬁrmitate
1060 4620 1179 4675 qum
1221 4602 1407 4658 fortior
1449 4610 1531 4655 est
1559 4596 1863 4653 hominibus
1904 4592 1958 4667 (1
1986 4590 2104 4648 Cor.

520 4720 558 4769 ι,
582 4701 687 4772 25)
715 4715 960 4769 magnum
991 4695 1193 4767 aliquid
1220 4694 1348 4749 latet
1374 4692 1441 4747 ad
1460 4689 1893 4762 justiﬁestionem
1919 4695 1974 4741 et
1995 4684 2110 4754 glo-

522 4796 873 4851 rilicationem
898 4801 1159 4846 nostram.
1191 4786 1359 4843 Et'ibi
1388 4793 1512 4840 sunt
1537 4797 1730 4839 omnes
1758 4777 1992 4834 thesauri
2019 4791 2108 4831 sa-

523 4886 736 4956 pientiae
773 4896 826 4938 et
874 4882 1111 4937 scientim
1156 4876 1451 4934 absconditi
1488 4873 1711 4945 (Coloss.
1751 4886 1809 4935 ιι,
1860 4870 1970 4938 5),
2019 4867 2111 4938 qni

527 4983 650 5034 nulli
675 4978 983 5048 aperiuntur
1005 5016 1019 5041 ,
1050 4975 1093 5029 si
1121 4973 1241 5033 sibi,
1268 4986 1362 5042 per
1388 4976 1682 5024 maternam
1710 4978 1924 5018 carnem
1951 4960 2113 5031 traje-

528 5085 671 5127 ctum
694 5070 891 5135 cibum,
922 5067 972 5122 id
1000 5077 1099 5133 est,
1122 5080 1215 5134 per
1231 5060 1516 5131 apostolica
1535 5066 1588 5113 et
1618 5054 1922 5127 pr0phetica
1948 5052 2112 5107 ubera

557 5165 677 5217 mis
736 5163 985 5215 alimenta
1042 5153 1454 5223 contempserit;
1520 5157 1576 5204 et
1624 5157 1874 5217 tanquam
1942 5143 2114 5199 infan-

530 5262 671 5310 .tlem
705 5254 900 5308 vietum
929 5250 1080 5322 quasi
1110 5244 1409 5317 praegrandi
1438 5249 1594 5298 aetate
1621 5240 1895 5295 fastidiens
1921 5281 1935 5306 ,
1964 5237 2113 5309 prius

530 5351 581 5402 iu
613 5362 813 5402 venena
859 5342 1231 5397 haereticorum
1282 5350 1441 5406 quam
1489 5336 1543 5389 in
1596 5331 1870 5404 sapientia:
1914 5331 2113 5399 cibum,

530 5441 612 5494 cui
640 5454 697 5492 se
724 5437 969 5491 idoneum
1003 5443 1201 5486 temere
1227 5427 1513 5483 arbitratur
1536 5468 1550 5492 ,
1587 5424 1819 5479 irruerit.
1848 5421 1960 5476 Non
1989 5436 2116 5493 ergo

530 5530 673 5601 quod
697 5528 924 5583 dicimus
962 5520 1317 5578 necessariam
1352 5516 1648 5589 simplicem
1679 5515 1870 5582 ﬁdem,
1899 5522 2115 5570 contra-

596 5692 614 5722 ι
649 5696 722 5738 Er.
743 5685 890 5748 Lugd.
916 5692 1034 5749 Ven.
1059 5690 1169 5733 Lov.
1195 5680 1392 5749 addunt,
1413 5678 1476 5749 ej.
1570 5682 1629 5727 ill.

597 5755 617 5784 ¹
651 5736 752 5802 λιιι.
778 5736 839 5799 εἴ
850 5753 926 5797 Er.
950 5744 1264 5807 nasceretur;
1287 5748 1342 5795 et
1379 5736 1518 5802 infra,
1541 5736 1966 5804 prtenwttiaretur.

1318 424 1594 488 CONTRA
1630 418 1955 482 FAUSTUM
1991 413 2439 486 MANICHAEUM,
2477 417 2537 477 S.
2576 415 2947 475 AUGUSTINI

3676 414 3785 473 280

2197 537 2336 593 rium
2384 545 2466 593 est
2508 537 2558 593 ei
2598 535 2739 608 quod
2775 536 3000 591 dicimus
3051 541 3108 590 ut
3151 531 3429 603 Prophetis
3472 533 3720 589 credatur
3765 550 3779 587 :

2198 629 2365 699 magis
2395 629 2537 684 enim
2565 628 2632 684 ad
2661 627 2765 684 hoc
2794 628 3056 699 pertinet,
3088 635 3146 681 ut
3187 626 3466 695 Prophetis
3492 626 3744 682 credatur
3764 671 3780 696 ,

2198 722 2506 793 priusquam
2537 730 2754 793 purgata
2794 730 2849 777 et
2885 721 3133 776 roborata
3161 729 3340 777 mente
3369 722 3535 793 possit
3563 722 3785 795 intelligi

2198 814 2288 885 qui
2324 828 2417 882 per
2441 813 2735 884 Prophetas
2763 814 2839 868 sic
2864 813 3195 883 loquebatur.

2214 912 2217 915 ’
2270 908 2494 966 CAPUT
2533 908 2740 964 XLVII.
2769 938 2840 949 -
2870 909 2935 962 At
2959 907 3098 963 enim
3125 907 3170 962 si
3199 906 3467 963 Christum
3496 908 3787 978 propheta-

2198 1011 2423 1069 verunt,
2456 1018 2561 1058 non
2602 1002 2761 1073 digne
2790 996 2964 1071 neque
2987 1010 3342 1071 congruenter
3368 1015 3463 1056 sua
3494 1001 3789 1071 propheta-

2198 1095 2341 1150 tione
2367 1095 2630 1150 vixerunt.
2660 1093 2813 1150 Unde
2842 1093 2943 1149 hoc
2970 1092 3154 1148 scitis?
3180 1093 3261 1147 An
3295 1092 3422 1162 quid
3451 1093 3520 1147 sit
3542 1094 3624 1147 vel
3645 1094 3787 1149 bene

2198 1188 2285 1242 vel
2314 1186 2452 1242 male
2480 1187 2657 1241 vivere
2681 1228 2695 1253 ,
2724 1185 2963 1254 judicare
3007 1199 3105 1261 vos
3147 1185 3366 1254 potestis
3389 1226 3403 1249 ,
3432 1200 3656 1254 quorum
3696 1184 3789 1255 ju-

2198 1283 2338 1338 stitia
2366 1276 2448 1338 est
2475 1283 2652 1354 potius
2684 1281 3101 1337 succurrendum
3143 1294 3261 1336 esse
3291 1280 3486 1334 meloui
3518 1296 3619 1334 non
3660 1295 3790 1334 son-

2198 1376 2370 1441 tienti,
2402 1384 2460 1430 ut
2488 1391 2612 1431 eum
2640 1391 2735 1429 vos
2782 1374 3147 1436 manducetis,
3181 1388 3337 1443 quam
3380 1371 3625 1427 mendico
3656 1388 3786 1428 csu-

2198 1469 2388 1533 rienti,
2445 1477 2505 1523 ut
2551 1466 2976 1523 manducandum
3030 1465 3224 1536 aliquid
3270 1464 3447 1521 detis?
3493 1464 3789 1522 Catholicis
3832 1456 3839 1467 ’

2198 1570 2373 1615 autem
2401 1560 2653 1633 parvulis,
2688 1569 2971 1629 antequam
3005 1559 3174 1614 sciant
3218 1573 3337 1629 quae
3362 1558 3431 1613 sit
3456 1559 3648 1614 animae
3684 1560 3791 1613 hu-

2197 1668 2369 1707 manae
2414 1652 2642 1721 perfecta
2691 1652 2893 1722 justitia
2923 1693 2936 1719 ,
2978 1659 3033 1706 et
3084 1660 3337 1722 quantum
3386 1651 3593 1706 intersit
3646 1652 3789 1707 inter

2197 1744 2367 1813 ipsam
2394 1745 2478 1799 cui
2505 1744 2817 1813 suspiratur,
2847 1751 2901 1798 et
2924 1743 3079 1797 istam
3106 1758 3208 1814 qua
3239 1743 3322 1797 hic
3349 1743 3563 1809 vivitur,
3589 1744 3789 1800 sufﬁcit

2196 1837 2263 1893 de
2303 1837 2406 1891 illis
2433 1836 2558 1891 viris
2591 1835 2689 1891 hoc
2717 1835 3058 1899 existimare,
3090 1834 3232 1905 quod
3270 1835 3607 1891 commendat
3651 1852 3787 1906 apo-

2196 1930 2399 1987 stolicae
2419 1929 2673 1983 doctrinae
2693 1930 2913 1994 sanitas,
2935 1927 3057 1996 quia
3070 1928 3243 1998 justus
3263 1942 3324 1980 ea:
3343 1926 3445 1993 ﬁde
3463 1926 3579 1979 vivit
3602 1926 3783 1996 (Rom.

2196 2036 2235 2088 ι,
2270 2022 2392 2090 17).
2420 2019 2644 2076 Credidit
2671 2028 2837 2073 autem
2864 2018 3121 2072 Abraham
3148 2017 3277 2084 Deo,
3308 2026 3352 2071 et
3383 2018 3673 2088 deputatum
3711 2025 3788 2073 est

2195 2113 2275 2167 illi
2300 2112 2366 2166 ad
2401 2112 2678 2183 justitiam.
2724 2109 3016 2165 Prtevidens
3057 2110 3189 2163 enim
3228 2108 3499 2180 Scriptura
3522 2152 3535 2175 ,
3567 2110 3685 2181 quia
3722 2126 3789 2164 ea:

2197 2205 2561 2277 ﬁdejustiﬁcat
2582 2213 2751 2275 gentes
2775 2202 2935 2270 Deus,
2960 2202 3313 2273 prtenuntiavit
3332 2201 3567 2267 Abrahae,
3592 2202 3784 2267 dicens,

2200 2298 2333 2365 Quia
2362 2299 2415 2352 in
2453 2297 2638 2353 semine
2662 2306 2745 2350 tuo
2787 2295 3135 2349 benedicentur
3161 2311 3330 2348 omnes
3373 2303 3540 2365 gentes
3566 2292 3588 2366 '(
3611 2293 3784 2348 Galat.

2196 2404 2275 2456 ιιι,
2308 2389 2361 2454 6,
2393 2388 2483 2460 8).
2516 2386 2757 2458 Apostoli
2786 2386 2948 2441 verba
2988 2395 3129 2441 sunt.
3160 2385 3242 2441 Ad
3271 2386 3422 2456 cujus
3453 2395 3558 2440 tam
3584 2387 3786 2442 claram

2196 2492 2412 2554 tamque
2433 2483 2681 2540 omnibus
2704 2481 3033 2538 notissimam
3058 2495 3265 2547 vocem,
3296 2480 3392 2535 sia
3413 2479 3604 2535 vestris
3630 2479 3787 2534 falla-

2196 2576 2426 2632 cissimis
2477 2576 2695 2631 somniis
2748 2574 3113 2645 evigilaretis,
3162 2573 3517 2642 sequeremiui
3566 2572 3788 2643 vestigia

2197 2668 2364 2738 patris
2392 2668 2560 2723 nostri
2590 2666 2856 2721 Abraham
2879 2707 2894 2733 ,
2925 2675 2979 2721 et
3005 2666 3059 2720 in
3108 2665 3222 2735 ejus
3252 2665 3456 2720 semine
3499 2663 3789 2721 benedice-

2196 2762 2389 2817 remini
2434 2777 2556 2817 cum
2600 2760 2847 2817 omnibus
2891 2761 3157 2831 gentibus.
3210 2757 3330 2831 Ipse
3369 2761 3510 2815 enim
3552 2761 3787 2830 accepit,

2198 2859 2338 2914 sicut
2362 2856 2492 2911 dicit
2518 2855 2804 2925 Apostolus
2830 2895 2843 2918 ,
2874 2855 3073 2925 signum
3113 2854 3477 2907 cirumcisionis
3499 2896 3514 2921 ,
3545 2854 3789 2925 signacu-

2199 2951 2306 3006 lum
2322 2950 2537 3021 justitite
2578 2948 2697 3017 ﬁdei
2721 2990 2735 3013 ,
2767 2962 2881 3017 qua:
2924 2956 2996 3000 est
3040 2946 3094 2999 in
3147 2945 3424 3016 prteputio,
3470 2953 3522 2997 ut
3551 2946 3615 2999 sit
3645 2954 3793 3015 pater

2199 3043 2422 3097 omnium
2442 3039 2749 3094 credentium
2773 3055 2859 3107 per
2886 3036 3224 3107 praeputium;
3248 3045 3307 3105 ut
3336 3035 3599 3106 deputetur
3618 3045 3663 3091 et
3684 3038 3791 3091 illis

2200 3138 2267 3191 ad
2290 3136 2537 3203 iustitiam
2563 3150 2582 3188 :
2607 3143 2661 3187 ut
2686 3133 2750 3187 sit
2780 3141 2923 3202 pater
2945 3131 3359 3197 circumcisionis,
3392 3147 3493 3185 non
3521 3131 3598 3185 his
3621 3132 3791 3186 solum

2200 3235 2284 3304 qui
2312 3250 2375 3287 ea:
2402 3230 2779 3285 circumcisione
2803 3236 2918 3283 sunt
2942 3270 2956 3294 ,
2988 3226 3077 3281 sed
3116 3235 3164 3280 et
3201 3226 3263 3280 iis
3292 3226 3378 3296 qui
3406 3234 3679 3294 sequuntur
3707 3242 3793 3280 ve-

2200 3328 2351 3398 stigia
2370 3367 2383 3390 ,
2411 3339 2522 3395 qua:
2546 3330 2618 3377 est
2645 3323 2699 3375 in
2726 3320 2973 3392 praeputio
3008 3318 3129 3388 ﬁdei
3166 3319 3325 3389 patris
3352 3319 3509 3372 nostri
3532 3317 3794 3371 Abraham

2202 3417 2380 3489 (Rom.
2413 3430 2485 3479 tv,
2519 3413 2607 3480 11,
2640 3410 2758 3485 12).
2786 3411 2952 3481 Cujus
2990 3424 3117 3480 ergo
3156 3409 3359 3480 justitia
3390 3407 3512 3463 ﬁdei
3542 3408 3695 3463 nobis
3721 3408 3792 3463 ad

2202 3510 2505 3579 exemplum
2530 3505 2787 3563 imitanda
2818 3504 3083 3575 proposita
3108 3512 3210 3567 est,
3238 3511 3297 3557 ut
3323 3511 3378 3557 et
3401 3517 3499 3556 nos
3514 3500 3795 3571 iustiﬁcati

2204 3619 2271 3660 ex
2299 3601 2423 3667 ﬁde,
2453 3615 2638 3672 pacem
2669 3596 2959 3654 habeamus
2987 3595 3055 3650 ad
3082 3594 3272 3659 Deum,
3300 3593 3595 3663 intelligere
3622 3591 3793 3646 debe-

2203 3711 2324 3753 mus
2349 3691 2793 3767 quemadmodum
2823 3689 3051 3752 vixerit,
3097 3702 3205 3743 non
3252 3683 3645 3757 reprehendere
3678 3699 3691 3734 :
3722 3697 3796 3738 ne

2204 3798 2328 3846 ante
2358 3803 2451 3859 per
2476 3785 2722 3843 abortum
2752 3782 2992 3837 labamur
3015 3794 3081 3835 ex
3106 3787 3259 3834 utero
3287 3777 3471 3831 matris
3502 3773 3757 3830 Ecclesia:
3775 3815 3794 3839 ,

2206 3897 2364 3954 quam
2410 3895 2505 3950 per
2549 3876 2796 3933 stabilem
2841 3880 3158 3944 conceptum
3208 3869 3419 3927 formati
3466 3866 3797 3940 perfectique

2207 3992 2513 4035 naseamur.

2280 4069 2503 4128 CAPUT
2541 4064 2771 4123 XLVIII.
2796 4093 2868 4105 —
2891 4062 3004 4118 Hoc
3045 4061 3241 4117 Fausto
3276 4074 3374 4130 pro
3409 4058 3647 4114 moribus
3687 4056 3794 4112 Pa.

2209 4163 2560 4221 triarcharum
2580 4168 2634 4214 et
2658 4156 3045 4228 Prophetarum
3073 4169 3139 4209 ex
3168 4166 3297 4207 voce
3325 4151 3667 4222 parvulorum
3695 4165 3799 4204 no-

2209 4267 2441 4315 strorum
2461 4253 2695 4309 breviter
2712 4248 3080 4320 responderim
3101 4266 3114 4301 :
3134 4246 3271 4301 inter
3289 4238 3423 4317 quos
3444 4252 3496 4299 et
3516 4258 3601 4297 me
3623 4242 3801 4313 ipsum

2210 4350 2620 4423 deputaverim,
2667 4347 2794 4402 dum
2836 4353 3015 4400 tamen
3054 4358 3163 4397 non
3206 4338 3590 4410 reprehendam
3636 4337 3799 4391 vitam

2211 4451 2517 4501 sanctorum
2546 4440 2908 4508 antiquorum,
2930 4435 3092 4491 etiam
3114 4433 3160 4488 si
3188 4446 3295 4487 non
3316 4430 3606 4501 intelligam
3637 4443 3802 4498 quam

2212 4539 2437 4612 mystice
2477 4535 2741 4602 vixerint,
2793 4547 3019 4605 quorum
3062 4531 3225 4586 vitam
3272 4528 3427 4583 nobis
3470 4524 3805 4581 laudabiliter

2213 4630 2457 4704 Apostoli
2510 4625 2797 4697 Evangelio
2838 4639 2936 4680 suo
2981 4622 3369 4695 praedicarunt,
3414 4619 3550 4674 sicut
3591 4617 3665 4671 illi
3707 4626 3807 4671 sua

2215 4722 2491 4796 prophetia
2502 4719 2709 4776 futuros
2725 4716 3009 4788 Apostolos
3026 4714 3403 4786 praedixerunt,
3418 4720 3475 4765 ut
3493 4705 3808 4765 elamentad

2215 4833 2276 4875 se
2300 4818 2526 4872 invicem
2554 4813 2661 4869 duo
2684 4807 3317 4877 Testamenta,sicutduo
3344 4804 3642 4875 Seraphim,
3670 4801 3813 4857 San-

2217 4920 2346 4975 ctus,
2365 4915 2587 4972 sanctus,
2601 4914 2805 4960 sanctus
2825 4902 3073 4957 Dominus
3090 4899 3229 4954 Deus
3240 4898 3448 4954 sabaoth
3471 4895 3521 4968 (I
3526 4896 3622 4951 sai.
3637 4911 3710 4958 v1,
3729 4892 3810 4965 5).

2217 5002 2352 5059 Cum
2375 5015 2504 5056 vero
2528 4998 2753 5070 emperit
2781 4996 3005 5051 Faustus
3034 4991 3369 5048 Patriarchas
3394 4998 3448 5044 ct
3474 4988 3775 5060 Prophetas
3798 5028 3814 5052 ,

2217 5112 2325 5152 non
2348 5092 2580 5166 generali
2608 5101 2767 5162 atque
2794 5088 3067 5145 indeﬁnita
3088 5084 3505 5156 reprehensione
3524 5126 3540 5151 ,
3566 5082 3703 5137 sicut
3724 5078 3815 5134 hic

2220 5188 2364 5257 fecit,
2394 5187 2486 5243 sed
2517 5184 2732 5257 proprie
2765 5183 2899 5239 facta
2925 5196 3111 5237 eorum
3134 5175 3601 5235 commemorando
3624 5171 3811 5229 crimi-

2221 5281 2358 5346 nari,
2410 5277 2680 5349 adjuvabit
2725 5290 2812 5330 me
2856 5273 3113 5328 Dominus
3158 5271 3301 5327 Deus
3343 5283 3550 5333 eorum,
3594 5264 3684 5337 qui
3728 5270 3817 5319 est

2222 5375 2383 5431 etiam
2417 5380 2600 5427 noster
2621 5412 2636 5436 ,
2666 5378 2723 5424 ut
2750 5368 2817 5423 ad
2846 5367 3054 5438 singula
3079 5371 3436 5435 congruenter
3469 5370 3699 5432 apteque
3727 5372 3815 5412 re-

2224 5465 2535 5538 Spondeam.
2581 5460 2730 5517 Nunc
2763 5474 2891 5515 vero
2928 5458 3048 5513 illos
3095 5457 3339 5512 homines
3376 5455 3606 5510 Faustus
3642 5450 3818 5505 Mani-

2224 5560 2405 5617 chacus
2427 5557 2712 5625 vituperat,
2743 5552 2940 5608 Paulus
2965 5558 3142 5608 autem
3172 5548 3446 5620 apostolus
3471 5546 3695 5611 laudat:
3723 5542 3820 5601 eli-

2223 5662 2313 5726 gat
2337 5652 2563 5724 quisque
2588 5647 2673 5705 cui
2698 5646 2904 5703 credat.
