4052 6448
197 403 305 469 8i

265 890 496 948 CAPUT
520 888 1128 947 PR1MUM.-—Fsus'rus
1157 889 1292 946 dixit
1311 909 1324 946 :
1341 890 1619 958 Quomodo
1629 891 1786 948 Chri-

197 995 338 1043 stum
360 985 563 1052 colitis,
599 984 894 1055 Prophetas
925 983 1288 1055 repudiantes,
1311 1001 1534 1056 quorum
1561 1003 1626 1043 ex
1649 1003 1786 1057 pra:-

197 1079 357 1147 sagiis
383 1077 648 1147 accipitur
667 1075 831 1132 fuisse
851 1076 1148 1132 venturus?
1173 1074 1442 1132 Christum
1463 1078 1676 1148 quidem
1699 1095 1788 1135 no-

198 1176 387 1232 strum,
419 1166 476 1221 id
501 1177 606 1232 est,
638 1166 806 1222 ﬁlium
827 1166 944 1231 Dei,
974 1166 1319 1222 Hebraeorum
1346 1167 1552 1237 aliquos
1581 1184 1789 1224 annun-

197 1260 358 1316 tiassc
380 1259 700 1329 Prophetas,
731 1261 913 1314 nescio
937 1274 1006 1313 an
1037 1258 1264 1330 probare
1287 1259 1406 1330 quis
1437 1260 1636 1330 possit,
1665 1275 1784 1316 cum

197 1365 282 1407 res
305 1352 535 1420 coeperit
561 1350 872 1406 examinari.
900 1349 1281 1406 Verumtamen
1308 1352 1469 1406 etiam
1503 1352 1550 1407 si
1587 1351 1688 1406 hoc
1717 1353 1787 1408 ita

198 1457 255 1497 se
279 1441 496 1509 habeat,
524 1442 650 1512 quid
678 1442 746 1496 ad
772 1441 907 1497 nos?
932 1441 1057 1496 Illos
1077 1452 1257 1496 manet
1279 1442 1392 1497 haec
1420 1441 1784 1513 reprehensio,

199 1537 286 1606 qui
338 1551 404 1590 ex
445 1535 722 1590 Judaismo
765 1535 900 1591 forte
933 1535 1000 1589 ad
1038 1534 1497 1590 Christianismum
1546 1535 1790 1589 conversi

199 1629 296 1683 sub
342 1629 681 1688 testimoniis.
725 1637 782 1683 ut
825 1629 1101 1699 perhibes,
1150 1629 1560 1699 Prophetarum,
1610 1638 1788 1698 postea

200 1722 536 1792 neglexerint
556 1737 668 1788 eos,
701 1733 759 1776 ut
781 1721 1161 1778 beneficiorum
1183 1722 1392 1792 ingrati.
1421 1722 1589 1777 Porro
1613 1731 1790 1775 autem

200 1829 300 1869 nos
330 1825 517 1868 natura
537 1814 781 1871 Gentiles
801 1830 1014 1881 sumus,
1042 1815 1093 1869 id
1119 1826 1202 1871 est
1219 1856 1234 1881 ,
1262 1814 1404 1886 quod
1433 1815 1626 1870 Paulus
1653 1829 1792 1884 prae-

202 1908 412 1980 putium
458 1917 612 1964 vocat
655 1907 890 1979 (Ep/tes.
916 1924 986 1974 ιι,
1020 1907 1147 1977 11),
1191 1907 1292 1962 sub
1328 1907 1430 1961 alia
1469 1907 1577 1962 nati
1617 1907 1791 1977 lege‘,

202 2006 258 2055 et
285 1997 658 2069 praefatoribus
700 1999 817 2054 aliis
849 2013 984 2070 quos
1027 1997 1308 2054 Gcntilitas
1335 2007 1484 2052 vates
1525 1997 1791 2068 appellat,

202 2099 371 2161 atque
409 2107 476 2146 ex
513 2091 598 2146 his
641 2101 823 2163 postea
862 2108 1045 2147 sumus
1082 2092 1150 2146 ad
1176 2091 1638 2148 Christianismum
1665 2106 1795 2146 con-

204 2187 354 2240 versi
387 2204 401 2240 :
427 2201 532 2240 non
556 2194 680 2240 ante
702 2184 877 2241 eﬁ‘ecti
905 2184 1092 2251 Judaei,
1118 2193 1176 2240 ut
1204 2185 1395 2240 merito
1418 2185 1796 2239 Hebraicorum

206 2278 599 2348 Prophetarum
630 2294 976 2349 sequeremur
1003 2277 1182 2354 ﬁdem,
1212 2285 1398 2334 euntes
1440 2277 1506 2331 ad
1545 2276 1800 2333 Christia-

207 2373 444 2426 nismum
463 2413 479 2438 ,
511 2371 603 2426 sed
631 2371 741 2426 sola
767 2372 928 2426 exciti
962 2370 1098 2425 fama
1117 2413 1132 2438 ,
1165 2380 1218 2426 et
1246 2371 1499 2425 virtutum
1528 2370 1797 2440 opinione,

208 2477 370 2536 atque
397 2465 657 2535 sapientia
683 2463 1006 2520 Liberatoris
1032 2463 1198 2518 nostri
1234 2462 1432 2518 Christi
1459 2463 1606 2518 Jesu.
1651 2462 1801 2518 Unde

209 2558 257 2615 si
282 2557 419 2612 mihi
443 2556 613 2610 adhuc
640 2555 692 2610 in
729 2563 944 2625 paterna
972 2555 1230 2625 religione
1255 2554 1517 2618 moranti,
1545 2553 1800 2622 praedica-

213 2656 300 2703 tor
324 2648 632 2715 adveniens,
651 2648 918 2704 Christum
940 2648 1098 2704 vellet
1122 2663 1189 2702 ex
1213 2646 1491 2716 Prophetis
1513 2646 1800 2711 insinuare,

211 2741 360 2797 hunc
402 2757 501 2813 ego
542 2742 780 2812 protinus
823 2740 1125 2796 dementem
1170 2749 1432 2810 putarem,
1475 2739 1566 2809 qui
1610 2736 1806 2793 Gentili

213 2836 372 2901 mihi,
413 2847 469 2891 et
512 2835 664 2906 longe
701 2834 918 2890 alterius
959 2833 1230 2905 religionis
1273 2831 1496 2900 homini,
1536 2831 1603 2886 de
1640 2830 1806 2899 magis

214 2929 398 2985 dubiis
422 2927 578 2984 dubia
603 2936 885 2983 conaretur
911 2937 1171 2982 astruere.
1203 2925 1340 2994 Quid
1364 2940 1492 2995 ergo
1509 2939 1642 2994 opus
1670 2930 1805 2987 erat,

216 3022 330 3078 nisi
368 3031 424 3076 ut
459 3031 580 3076 ante
615 3019 896 3090 Prophetis
934 3018 1062 3074 mihi
1100 3018 1422 3074 credendum
1451 3031 1568 3072 esse
1593 3030 1812 3087 persua-

221 3114 396 3179 deret,
427 3122 478 3168 et
506 3123 633 3168 tunc
658 3127 753 3181 per
780 3111 1075 3182 Prophetas
1099 3109 1351 3166 Christo?
1379 3109 1531 3177 Quod
1558 3109 1730 3178 ipsum
1757 3116 1814 3164 ut

222 3208 402 3275 ﬁeret,
427 3222 560 3276 opus
586 3207 713 3260 item
739 3214 854 3260 erat
877 3204 996 3259 aliis
1019 3203 1323 3274 PrOphetis,
1353 3202 1442 3270 qui
1473 3215 1569 3272 pro
1596 3201 1710 3256 istis
1737 3200 1815 3255 fa-

227 3307 418 3356 cerent
448 3296 626 3352 ﬁdem.
658 3297 990 3366 Quapropter
1015 3296 1059 3350 si
1083 3304 1138 3349 tu
1157 3294 1427 3350 Christum
1458 3309 1554 3364 per
1578 3292 1816 3363 Prophe-

229 3393 313 3440 tas
338 3381 706 3452 accipiendum
735 3390 908 3452 putas,
931 3379 1224 3450 Prophetas
1254 3395 1348 3450 per
1367 3394 1523 3450 quem
1549 3379 1816 3449 accipies?

223 3478 309 3532 An
336 3475 578 3530 dicturus
596 3474 723 3539 eris,
752 3473 858 3528 Per
883 3472 1174 3535 Christum,
1203 3480 1260 3525 ut
1279 3471 1531 3538 vicissim,
1555 3470 1608 3524 id
1635 3480 1736 3538 est,
1761 3477 1820 3526 ut

224 3570 363 3624 alter
405 3567 632 3622 alterum
673 3564 1047 3629 commendet,
1097 3562 1340 3618 Christus
1391 3561 1680 3632 prophetas
1705 3603 1719 3628 ,
1765 3569 1820 3616 et

226 3661 514 3730 PrOphette
549 3658 850 3715 Christum?
893 3657 998 3714 Sed
1037 3657 1281 3727 Paganus
1320 3656 1595 3725 utriusque
1633 3668 1819 3710 eorum

225 3752 540 3808 conditione
566 3751 728 3816 liber,
757 3765 856 3806 nec
879 3749 1166 3820 Prophetis
1194 3748 1261 3804 de
1284 3747 1498 3804 Christo
1523 3747 1820 3802 dicentibus

227 3845 504 3910 crederet,
536 3858 633 3899 nec
663 3840 875 3898 Christo
917 3841 984 3897 de
1022 3840 1319 3910 Prophetis.
1366 3839 1441 3894 lta
1482 3846 1650 3894 totum
1693 3838 1822 3893 nulli

228 3939 352 4005 alii,
380 3953 544 4008 quam
561 3953 666 3992 suae
687 3936 808 3994 ﬁdei
836 3935 1014 4002 debet,
1041 3935 1360 4006 quicumque
1388 3935 1448 3989 ﬁt
1470 3949 1536 3988 ex
1564 3932 1823 3989 Gentibus

227 4029 602 4086 Christianus.
631 4029 796 4100 Atque
835 4038 894 4083 ut
933 4027 1177 4098 exemplo
1214 4026 1306 4080 ﬁat
1343 4025 1396 4079 id
1426 4024 1567 4096 quod
1599 4024 1824 4080 dicimus

231 4124 504 4194 apertius,
543 4135 796 4192 ponamus
837 4120 1068 4192 aliquem
1103 4135 1244 4175 nunc
1271 4134 1302 4173 a
1327 4118 1481 4173 nobis
1510 4115 1825 4173 catechizari

236 4213 530 4278 Gentilem,
554 4213 634 4268 cui
655 4212 954 4268 assidentes
972 4211 1230 4278 dicamus,
1253 4209 1424 4266 Crede
1445 4209 1678 4278 Christo,
1705 4208 1828 4279 quia

239 4307 386 4362 Deus
401 4314 506 4360 est.
526 4304 617 4360 llle
637 4319 783 4371 vero,
807 4303 962 4361 Unde
990 4302 1093 4358 hoc
1117 4302 1249 4358 mihi
1278 4285 1530 4372 probitis,
1555 4299 1733 4355 dicat?
1762 4299 1830 4353 Et

238 4415 342 4457 nos
388 4398 774 4469 respondentes
819 4397 1078 4464 dicamus,
1135 4397 1214 4451 Ex
1254 4396 1549 4466 prophetis.
1598 4395 1829 4449 Rursum

241 4491 337 4547 illo
363 4500 658 4562 quaerente,
687 4490 889 4558 Quibus
919 4487 1240 4559 Prophetis?
1271 4501 1369 4541 nos
1390 4485 1828 4556 respondeamus,

241 4581 503 4638 Hebraeis.
534 4582 707 4651 Atque
736 4579 825 4635 ille
852 4579 1134 4635 subridens
1161 4577 1335 4641 dicat,
1367 4574 1473 4631 Sed
1498 4576 1582 4630 his
1605 4590 1704 4644 ego
1735 4575 1836 4629 mi-

242 4675 390 4729 nime
423 4673 608 4729 credo.
645 4672 754 4728 Nos
795 4680 974 4726 autem
1014 4668 1454 4739 respondeamus,
1495 4667 1654 4736 Quid,
1690 4665 1836 4737 quod

244 4782 341 4824 eos
368 4765 618 4822 Christus
645 4765 962 4820 conﬁrmat?
1003 4763 1146 4818 Idem
1178 4777 1304 4818 vero
1341 4762 1510 4817 multo
1548 4761 1719 4830 magis
1758 4761 1837 4816 ri-

245 4860 399 4924 dens,
427 4859 589 4923 dicat,
623 4857 778 4925 Quid,
806 4855 946 4927 quod
974 4870 1073 4927 ego
1092 4869 1192 4910 nec
1217 4854 1316 4924 ipsi
1336 4853 1531 4908 credo?
1559 4851 1696 4922 Quid
1726 4851 1836 4919 ﬁet,

247 4952 334 5008 his
375 4952 448 5006 ita
494 4949 853 5004 transactis”?
894 4961 1071 5002 nonne
1112 4945 1452 5012 haerebimus,
1498 4953 1553 5000 et
1588 4944 1680 5000 ille
1717 4943 1842 4999 risis

247 5043 404 5098 nobis
443 5052 696 5111 tanquam
743 5037 1181 5108 imprudentibus,
1209 5036 1468 5092 remeabit
1495 5036 1561 5090 ad
1586 5035 1724 5092 sua?
1766 5035 1842 5091 lta

248 5135 406 5200 nihil,
436 5143 497 5188 ut
520 5133 660 5197 dixi,
693 5131 946 5186 Ecclesiae
972 5128 1288 5184 Christianae
1316 5127 1663 5183 Hebraeorum
1689 5128 1842 5184 testi-

249 5228 433 5282 monia
480 5226 805 5291 conferunt,
855 5239 975 5295 quae
1019 5223 1188 5294 magis
1231 5230 1439 5278 constet
1481 5237 1548 5278 ex
1587 5221 1844 5278 Gentibus

253 5337 415 5390 quam
447 5335 512 5375 ex
552 5317 770 5374 Judzeis.
815 5315 956 5372 Sane
993 5315 1038 5371 si
1078 5322 1201 5370 sunt
1235 5313 1432 5384 aliqua,
1461 5321 1520 5370 ut
1556 5313 1695 5368 fama
1740 5323 1843 5383 est,

257 5412 476 5483 Sibyllae
500 5411 567 5465 de
587 5407 802 5465 Christo
822 5407 1102 5479 praesagia,
1133 5417 1224 5462 aut
1248 5405 1512 5462 Hermetis
1535 5448 1551 5473 ,
1580 5421 1738 5476 quem
1767 5406 1848 5461 di-

255 5515 387 5560 cunt
411 5504 839 5574 Trismegistum,
867 5509 959 5556 aut
985 5499 1205 5570 Orphei,
1227 5499 1558 5571 aliorumque
1578 5501 1630 5555 in
1661 5499 1846 5556 Genti-

255 5598 407 5654 litate
428 5606 609 5653 vatum
631 5637 646 5662 ,
678 5595 794 5652 haec
823 5609 923 5650 nos
949 5594 1222 5664 aliquanto
1247 5594 1315 5649 ad
1340 5593 1500 5650 ﬁdem
1529 5594 1720 5665 juvare
1755 5609 1851 5665 p0«

258 5701 481 5761 terunt,
516 5692 607 5763 qui
649 5705 721 5746 ex
765 5688 1024 5747 Gentibus
1071 5687 1335 5746 efﬁcimur
1377 5689 1664 5746 Christiani
1697 5707 1710 5745 :
1744 5688 1848 5746 He-

334 5853 353 5885 ί
386 5851 701 5915 Pluresjvtssq
716 5848 1004 5915 subalienati
1022 5862 1056 5901 a
1071 5848 1192 5915 lege.

338 5915 360 5949 ²
385 5913 603 5966 nonnulli
630 5910 758 5978 Mss,
775 5910 1009 5965 tractatis.

1379 402 1580 459 LIBER
1619 399 1912 457 TERTIUS
1950 398 2268 456 DECIMUS.

770 617 1247 729 LIBER
1328 616 2001 727 TERTIUS
2078 621 2820 734 DECIMUS.

1891 895 2156 951 braaorum
2201 910 2328 952 vero
2366 897 2667 952 testimonia
2705 899 2892 967 nobis,
2936 899 3144 956 etiamsi
3177 900 3283 958 sint
3308 914 3470 969 vera,

1893 997 2018 1044 ante
2046 988 2203 1044 ﬁdem
2230 989 2435 1044 inutilia
2466 1000 2608 1056 sunt,
2637 999 2756 1061 post
2776 993 2931 1048 ﬁdem
2958 1008 3318 1064 supervacua;
3349 995 3472 1067 quia

1893 1093 2019 1140 ante
2046 1084 2259 1154 quidem
2287 1084 2365 1140 eis
2391 1085 2614 1142 credere
2649 1100 2756 1141 non
2797 1096 3097 1157 poteramus
3121 1131 3137 1158 ,
3179 1074 3325 1144 nunc
3344 1104 3476 1145 vero

1895 1192 1961 1232 ex
1987 1176 2256 1245 superﬂuo
2275 1177 2559 1234 credimus.

1965 1272 2189 1328 CAPUT
2227 1273 2366 1327 ll.—-
2389 1273 2724 1329 AUGUSTINUS
2746 1273 3022 1342 respondit
3041 1290 3053 1326 :
3070 1273 3358 1329 Prosithoc
3375 1289 3479 1328 no-

1893 1361 1978 1417 bis
2000 1364 2120 1418 loco
2138 1362 2206 1416 ad
2231 1363 2541 1418 brevitatem
2572 1362 2929 1432 respondendi
2952 1365 3194 1434 superior
3213 1372 3318 1418 tam
3347 1379 3474 1433 pro-

1895 1454 2001 1508 lixa
2024 1456 2322 1524 responsio.
2350 1455 2484 1511 Puto
2513 1456 2654 1511 enim
2672 1457 2781 1525 jam
2803 1457 2892 1526 qui
2927 1457 3070 1510 illam
3102 1457 3308 1528 legerit,
3341 1457 3480 1512 ridet

1896 1546 2054 1602 istum
2077 1547 2201 1601 talia
2228 1546 2573 1612 delirantem,
2603 1556 2658 1601 et
2682 1547 2855 1602 adhuc
2879 1547 3142 1603 dicentem
3164 1590 3178 1615 ,
3203 1549 3477 1603 Christum

1898 1638 2089 1693 Filium
2119 1637 2214 1692 Dei
2236 1637 2489 1692 Hebraeos
2518 1652 2623 1692 non
2651 1638 3036 1707 prmnuntiasse
3055 1638 3350 1707 Prophetas
3374 1658 3387 1692 :
3419 1640 3474 1692 in

1897 1745 2001 1800 qua
2027 1730 2140 1785 sola
2160 1738 2317 1800 gente
2343 1744 2536 1785 nomen
2561 1731 2730 1800 ipsum
2751 1730 2891 1800 quod
2919 1731 3112 1786 dicitur
3135 1729 3397 1796 Christus,
3426 1739 3482 1786 et

1897 1822 1950 1878 in
1969 1837 2112 1892 rege,
2132 1832 2184 1877 et
2205 1822 2258 1875 in
2279 1822 2553 1877 sacerdote
2572 1822 2986 1877 sacratissimum
3005 1824 3099 1878 fuit
3115 1823 3305 1893 (Exod.
3321 1841 3443 1879 xxix
3464 1843 3482 1894 ;

1899 1913 1920 1966 1
1949 1913 2077 1984 Reg.
2107 1929 2159 1977 x,
2187 1915 2240 1978 1,
2267 1923 2314 1968 et
2342 1913 2509 1968 Exod.
2539 1929 2625 1968 xxx
2647 1913 2702 1984 );
2743 1930 2840 1969 nec
2867 1914 2990 1968 inde
3019 1915 3302 1980 sublatum,
3335 1925 3486 1971 ante-

1899 2019 2059 2075 quam
2087 2005 2201 2074 ipse
2225 2005 2495 2072 venisset,
2530 2005 2620 2074 qui
2647 2005 2699 2059 in
2723 2005 2827 2060 illis
2857 2005 3177 2075 ﬁgurabatur
3206 2005 3377 2078 (Dan.
3409 2023 3485 2076 Ix,

1899 2100 2012 2171 24).
2044 2099 2421 2170 ReSpondcant
2448 2107 2625 2154 autem
2648 2100 2768 2168 ipsi,
2798 2099 2992 2154 Christi
3024 2115 3216 2154 nomen
3241 2100 3380 2156 unde
3407 2101 3491 2156 di-

1903 2190 2149 2247 dicerint.
2194 2189 2250 2245 Si
2290 2205 2320 2244 a
2356 2190 2676 2255 Manichaeo,
2707 2205 2887 2260 quzero
2914 2191 3012 2261 ipsi
3037 2191 3329 2246 Manichan
3357 2208 3489 2262 quo-

1903 2281 2064 2338 modo
2087 2280 2428 2345 crediderint,
2462 2289 2520 2336 ut
2549 2281 2680 2335 alios
2710 2289 2934 2345 taceam,
2965 2281 3210 2335 homines
3242 2281 3352 2336 Afri
3387 2281 3488 2336 ho-

1904 2377 2032 2432 mini
2073 2376 2249 2430 Persa‘
2284 2394 2297 2430 :
2329 2390 2452 2430 cum
2481 2373 2706 2428 Faustus
2735 2372 3091 2444 reprehendat
3116 2373 3406 2438 Romanos,
3437 2383 3492 2429 et

1907 2468 2143 2535 Graecos,
2176 2468 2260 2522 vel
2299 2468 2429 2521 alias
2456 2467 2672 2530 Gentes,
2704 2465 2750 2520 si
2792 2465 3030 2521 Hebraeis
3062 2464 3342 2536 Pmphetis
3373 2474 3494 2520 tan-

1908 2577 2070 2633 quam
2113 2561 2423 2631 alienigenis
2465 2559 2532 2614 de
2577 2558 2789 2614 Christo
2843 2557 3205 2623 crediderint;
3251 2558 3497 2627 dicatque

1910 2654 2016 2708 illis
2040 2651 2518 2708 accommodatiora
2541 2666 2660 2706 esse
2678 2650 2920 2705 vaticinia
2947 2649 3164 2720 Sybillze
3185 2658 3239 2705 et
3257 2649 3454 2718 Orphei
3476 2692 3492 2714 ,

1909 2747 1996 2801 vel
2030 2747 2077 2800 si
2111 2762 2212 2816 qua
2243 2744 2378 2800 forte
2403 2745 2505 2799 alia
2536 2753 2660 2799 sunt
2689 2752 2864 2798 vatum
2888 2741 3198 2808 Gentilium,
3227 2750 3286 2795 ut
3310 2739 3499 2795 creda-

1915 2850 2000 2895 tur
2036 2840 2091 2894 in
2133 2838 2441 2895 Christum:
2467 2852 2564 2893 nec
2588 2836 2824 2892 attendat
2849 2823 3377 2891 in-nullis‘Ecclesiis
3406 2833 3495 2888 illa

1913 2931 2162 2998 recitari,
2201 2946 2320 2986 cum
2347 2929 2556 2986 Hebraei
2585 2929 2866 2998 Pr0phetae
2899 2928 2952 2982 in
2981 2926 3229 2981 omnibus
3253 2925 3500 2996 gentibus

1915 3025 2169 3088 clareant,
2197 3031 2353 3092 atque
2373 3021 2440 3077 ad
2466 3021 2815 3078 Christianam
2838 3019 3065 3076 salutem
3088 3026 3234 3074 tanta
3261 3016 3500 3073 ﬁdelium

1917 3115 2161 3172 examina
2183 3114 2466 3170 adducant.
2500 3114 2687 3169 Dicere
2707 3121 2882 3168 autem
2905 3127 3011 3167 non
3028 3126 3148 3168 esse
3166 3118 3342 3181 aptam
3368 3108 3507 3166 Gen-

1919 3209 2058 3265 tibus
2083 3207 2360 3264 Hebrzeam
2387 3206 2742 3277 pr0phetiam,
2766 3214 2822 3260 ut
2844 3203 3067 3260 credant
3102 3204 3157 3257 in
3189 3201 3462 3257 Christum
3485 3241 3504 3264 ,

1919 3314 2041 3356 cum
2063 3300 2241 3356 videat
2275 3314 2462 3355 omnes
2502 3307 2686 3370 gentes
2728 3313 2826 3367 per
2854 3296 3131 3352 Hebmam
3171 3293 3506 3365 prophetiam

1921 3392 2142 3448 credere
2165 3391 2219 3447 in
2249 3390 2541 3458 Christum,
2573 3389 2796 3445 ridicula
2825 3388 3028 3443 insania
3056 3396 3157 3443 est.

1992 3483 2220 3542 CAPUT
2259 3483 2345 3539 111.
2390 3482 2644 3552 Displicet
2672 3481 2820 3536 vobis
2867 3480 2988 3535 talis
3031 3477 3293 3544 Christus,
3338 3475 3511 3547 qualis

1923 3591 2021 3648 per
2052 3575 2306 3630 Hebraeos
2332 3574 2718 3644 praenuntiatus
2754 3580 2836 3627 est
2866 3589 2880 3626 :
2906 3579 2962 3626 et
2988 3579 3164 3625 tamen
3189 3582 3376 3624 omnes
3404 3581 3509 3638 po-

1923 3668 2036 3739 puli
2059 3666 2305 3723 Gentium
2325 3708 2340 3733 ,
2372 3665 2509 3736 apud
2535 3679 2669 3734 quos
2699 3663 2978 3718 Hebraeam
3018 3659 3352 3729 prophetiam
3388 3657 3508 3710 nul-

1925 3759 2037 3814 lum
2069 3756 2276 3827 pondus
2299 3755 2627 3811 auctoritatis
2658 3753 2857 3809 habere
2877 3751 3227 3815 arbitramini,
3262 3749 3315 3803 in
3345 3748 3508 3803 talem

1926 3848 2194 3905 Christum
2225 3848 2468 3914 credunt,
2498 3847 2668 3917 qualis
2701 3861 2796 3916 per
2836 3844 3091 3900 Hebraeos
3130 3842 3513 3913 praenuntiatus

1928 3950 2042 4007 est;
2072 3940 2382 4010 accipiendo
2416 3939 2620 3996 scilicet
2654 3938 2998 4009 Evangelium
3017 3978 3033 4005 ,
3069 3935 3204 4006 quod
3233 3933 3372 3988 Dens
3399 3944 3516 3987 ante

1931 4033 2246 4106 promiserat,
2273 4032 2408 4087 sicut
2439 4032 2723 4101 Apostolus
2745 4035 3147 4093 commemorat,
3176 4044 3264 4098 per
3284 4025 3517 4096 PrOphe-

1931 4137 2008 4182 tas
2045 4143 2162 4182 suos
2189 4129 2240 4180 in
2273 4126 2552 4196 Scripturis
2592 4125 2778 4178 sanctis
2813 4124 2875 4176 de
2909 4121 3048 4176 Filio
3084 4137 3197 4188 suo,
3233 4121 3319 4190 qui
3355 4124 3517 4190 factus

1932 4231 2004 4277 est
2028 4222 2074 4276 ei
2095 4237 2157 4276 ea:
2175 4221 2361 4274 semine
2392 4218 2555 4272 David
2572 4217 2846 4272 secundum
2869 4231 3072 4269 carnem
3097 4214 3270 4285 (Rom.
3302 4229 3339 4278 ι,
3365 4211 3420 4278 2,
3439 4208 3517 4283 3).

1932 4314 2088 4371 Unde
2109 4311 2367 4384 propheta
2390 4310 2552 4366 Isaias
2575 4309 2726 4376 dixit,
2756 4308 2866 4362 Erit
2885 4308 3036 4361 radix
3057 4305 3218 4369 Iesse,
3242 4304 3328 4374 qui
3347 4318 3523 4356 exsur-

1934 4415 2014 4478 get
2042 4421 2253 4476 regnare
2274 4403 2328 4457 in
2353 4403 2579 4475 gentibus
2611 4419 2625 4456 :
2649 4403 2703 4456 in
2733 4417 2845 4455 eum
2871 4409 3039 4472 gentes
3064 4398 3334 4468 sperabunt
3362 4394 3516 4469 (Isai.

1936 4517 2020 4567 x1,
2046 4500 2113 4556 10
2132 4500 2189 4570 );
2231 4507 2305 4565 et,
2337 4497 2470 4552 Ecce
2503 4496 2657 4567 Virgo
2685 4495 2950 4565 concipiet,
2981 4504 3028 4548 et
3058 4493 3217 4563 pariet
3253 4492 3416 4560 ﬁlium
3435 4530 3449 4555 ,
3475 4498 3523 4543 et

1938 4591 2184 4646 uocabunt
2222 4606 2400 4644 nomen
2441 4591 2549 4660 ejus
2586 4587 2886 4641 Emmanuel
2924 4585 3050 4658 (Id.
3077 4601 3184 4648 vn,
3215 4583 3353 4654 14),
3393 4582 3527 4653 quod

1941 4683 2318 4752 interpretatur,
2348 4679 2626 4734 Nobiscum
2651 4678 2784 4732 Deus
2815 4676 3027 4750 (Matth.
3043 4679 3066 4732 1
3082 4718 3096 4740 ,
3117 4676 3209 4746 25)
3233 4693 3244 4729 :
3267 4689 3366 4729 nec
3394 4677 3408 4705 ‘
3433 4689 3530 4743 pu-

1942 4781 2057 4829 tent
2104 4773 2223 4840 isti,
2263 4769 2552 4827 hominem
2593 4769 2959 4825 tantummodo
3009 4766 3279 4823 Christum
3323 4767 3388 4820 ab
3429 4765 3532 4819 lle-

1944 4864 2102 4920 bracis
2127 4863 2410 4934 Prophetis
2435 4861 2881 4932 praenuntiatum;
2914 4859 3018 4916 hoc
3042 4861 3183 4914 enim
3211 4857 3423 4911 videtur
3449 4864 3529 4909 te-

1947 4957 2128 5028 tigisse
2159 4956 2406 5024 Faustus,
2429 4970 2549 5011 cum
2565 4955 2640 5009 ait
2652 4954 2922 5010 Christum
2942 4951 3156 5023 quidem
3176 4959 3414 5005 nostrum
3436 4947 3498 5002 Fi
3511 4979 3524 4988 -

1947 5051 2077 5107 lium
2101 5050 2190 5106 Dei
2207 5067 2222 5116 ;
2241 5048 2390 5119 quasi
2418 5047 2627 5102 Hebraei
2647 5046 2917 5102 Christum
2932 5059 3085 5100 suum
3105 5057 3209 5099 non
3220 5041 3412 5096 Filium
3433 5041 3524 5095 Del

1949 5144 2213 5200 dicerent.
2244 5138 2384 5197 Ecce
2405 5138 2504 5196 nos
2527 5137 2860 5196 ostendimus
2880 5138 3048 5192 Deum
3075 5133 3345 5191 Christum
3369 5133 3420 5186 vi
3430 5131 3533 5201 rgi-

1950 5235 2035 5292 nis
2073 5233 2264 5289 Filium
2300 5247 2369 5289 ex
2406 5232 2628 5288 Hebraea
2664 5228 2964 5302 prophetia.
2992 5227 3127 5282 Nam
3155 5225 3336 5294 utique
3365 5231 3420 5278 et
3447 5222 3539 5316 lu;

1952 5329 2054 5386 dmi
2082 5327 2346 5396 carnales,
2372 5341 2441 5382 ne
2465 5325 2569 5381 hoc
2606 5324 2779 5394 solum
2807 5327 3057 5393 putarent
3082 5333 3204 5374 esse
3223 5316 3496 5373 Christum
3523 5356 3538 5380 ,

1953 5422 2095 5495 quod
2122 5430 2340 5493 propter
2379 5434 2477 5476 nos
2516 5418 2688 5474 factus
2712 5426 2795 5472 est
2819 5416 2980 5470 homo
3009 5429 3078 5469 ex
3105 5412 3311 5468 semine
3349 5410 3537 5476 David,
3588 5445 3599 5484 λ

1955 5515 2210 5571 admonet
2231 5527 2326 5569 eos
2350 5512 2464 5581 ipse
2485 5509 2740 5565 Dominus
2761 5522 2827 5562 ex
2846 5503 3126 5576 prophetia
3160 5501 3402 5573 ejusdem
3433 5500 3540 5554 Da-

1955 5605 2066 5672 vid,
2083 5619 2330 5676 quaerens
2357 5603 2425 5658 ab
2447 5603 2526 5658 eis
2553 5599 2680 5671 quid
2705 5598 2784 5654 eis
2809 5596 3080 5653 videretur
3105 5595 3174 5652 de
3201 5593 3433 5659 Christo,
3447 5607 3542 5648 cu-

1952 5698 2041 5771 jus
2065 5714 2186 5754 eum
2201 5698 2439 5754 dicerent
2463 5708 2582 5751 esse
2610 5692 2822 5748 Filium.
2850 5691 3095 5761 Quicum
3114 5687 3538 5761 respondissent,

1962 5791 2129 5847 Dauid
2144 5809 2165 5858 ;
2209 5805 2276 5846 ne
2302 5790 2406 5845 hoc
2431 5787 2602 5844 solum
2624 5829 2640 5856 ,
2673 5794 2732 5841 ut
2756 5784 2889 5855 dixi,
2912 5793 3186 5857 putaretur
3203 5823 3220 5852 ,
3243 5791 3300 5840 et
3322 5793 3428 5838 non
3455 5791 3541 5835 re-

2026 5905 2044 5938 ι
2078 5903 2210 5970 Apud
2224 5909 2298 5953 In.
2321 5903 2468 5968 Lugd.
2487 5909 2608 5955 Ven.
2628 5907 2763 5966 ωνο,
2784 5913 2862 5952 ne.
2940 5906 3000 5949 It.
