4016 6450
553 487 658 550 283

552 609 820 678 spicerent
840 605 904 661 ad
933 604 1263 668 Emmanuel,
1294 601 1432 673 quod
1461 610 1542 655 est
1567 600 1992 667 interpretatum,
2023 593 2128 648 No-

553 699 754 754 biscum
798 699 958 762 Deus,
1003 696 1069 750 Et
1109 695 1372 766 quomodo,
1407 693 1593 762 inquit,
1622 693 1728 760 ipse
1762 689 1926 742 David
1956 689 2004 740 in
2026 687 2133 755 spi-

527 793 648 845 ritu
677 792 795 845 dicit
824 807 934 844 eum
965 788 1236 842 Dominunt
1255 829 1268 852 ,
1299 787 1464 839 dicens
1492 801 1510 838 :
1539 781 1682 836 Dixit
1728 781 1973 834 Dominus
2021 779 2129 832 Do-

551 884 685 936 mino
717 898 864 947 meo,
911 879 1042 935 Sede
1086 878 1153 931 ad
1196 877 1450 930 dexteram
1500 890 1693 937 meum,
1744 873 1900 925 donec
1946 886 2131 940 ponam

550 973 774 1026 inimicos
809 981 917 1025 tuos
951 969 1219 1023 scabellum
1261 966 1443 1038 pedum
1479 974 1677 1019 tuorum
1725 961 1954 1034 (Matth.
1988 977 2090 1015 χχιι
2111 1000 2128 1029 ,

548 1064 771 1134 42-44)?
817 1063 976 1129 Ecce,
994 1061 1242 1131 inquam,
1284 1073 1379 1113 nos
1426 1055 1754 1113 ostendimus
1792 1069 1860 1109 ex
1908 1053 2131 1108 Hebraza

549 1157 824 1228 prophetia
881 1155 1148 1210 Christum
1205 1153 1411 1208 Deum:
1448 1165 1544 1208 vos
1594 1150 1857 1205 ostendite
1899 1149 2130 1220 aliquam

548 1250 876 1322 prophetiam
923 1256 1188 1314 vestram,
1243 1245 1385 1300 unde
1435 1260 1630 1300 nomen
1679 1241 1876 1299 Christi
1926 1241 2130 1298 didice-

549 1344 681 1398 ritis.

503 1425 512 1430 ’
614 1435 838 1491 CAPUT
856 1434 944 1490 lV.
962 1464 1032 1475 —
1047 1432 1364 1488 Manichzeus
1385 1431 1524 1486 enim
1552 1435 1732 1486 vester
1753 1444 1856 1484 non
1885 1429 1981 1484 fuit
2005 1442 2129 1498 pro-

546 1525 702 1597 pheta
733 1525 942 1580 venturi
983 1525 1176 1579 Christi
1207 1540 1221 1577 :
1251 1522 1547 1592 apostolum
1580 1521 1775 1590 quippe
1815 1519 1932 1590 ejus
1962 1533 2020 1573 se
2049 1517 2129 1572 di-

544 1619 637 1686 cit,
695 1617 1152 1688 impudentissima
1190 1615 1404 1687 quidem
1455 1614 1694 1679 fallacia;
1747 1627 1867 1666 nam
1919 1619 2129 1666 constat

544 1725 649 1764 non
679 1711 850 1764 solum
879 1717 1000 1778 post
1030 1709 1435 1771 Tertullianum,
1464 1721 1649 1762 verum
1679 1705 1840 1759 etiam
1877 1712 1997 1774 post
2025 1703 2128 1773 Cy-

544 1802 786 1872 prianum
827 1800 963 1855 hanc
992 1800 1237 1855 lneresim
1264 1806 1527 1853 exortam.
1577 1795 1774 1852 Omnes
1797 1805 1973 1850 tamen
2011 1795 2127 1861 ejus

497 1953 506 1957 ,
543 1893 782 1962 epistolae
826 1894 897 1948 ita
937 1892 1286 1948 exordiuntur
1342 1889 1658 1944 Manio/usus
1695 1889 1954 1959 apostolus
2000 1873 2127 1940 Jesu

545 1985 750 2039 Christi.
781 1985 914 2040 liuic
931 1999 1027 2040 vos
1045 1984 1114 2039 de
1140 1982 1350 2039 Christo
1377 1997 1541 2053 quare
1567 1980 1902 2036 credidistis?
1928 1978 2126 2046 Quem-

543 2090 666 2130 nam
693 2085 881 2131 testem
909 2074 1058 2130 vobis
1083 2074 1162 2128 sui
1187 2073 1513 2144 apostolatus
1542 2071 1802 2126 adduxit?
1827 2083 2126 2138 nomenque

543 2168 715 2236 ipsum
743 2167 959 2232 Christi,
992 2167 1132 2237 quod
1160 2182 1264 2222 non
1288 2167 1485 2220 scimus
1515 2164 1616 2218 nisi
1642 2165 1694 2218 in
1723 2177 1889 2232 regno
1909 2161 2126 2216 Iudaeo-

540 2272 661 2312 rum
711 2259 764 2313 in
800 2257 1167 2314 sacerdotibus
1209 2267 1263 2311 et
1309 2255 1523 2326 regibus
1570 2255 1888 2320 institutum,
1923 2261 1979 2306 ut
2018 2267 2126 2307 non

541 2350 712 2404 solum
739 2349 828 2405 ille
856 2358 946 2403 aut
972 2349 1062 2404 ille
1103 2348 1284 2413 homo,
1334 2346 1429 2402 sed
1469 2347 1712 2400 universa
1744 2345 1856 2414 ipsa
1879 2358 2012 2414 gens
2049 2352 2128 2397 to-

542 2450 758 2513 tumque
783 2457 1001 2513 regnum
1042 2440 1298 2510 propheta
1342 2439 1494 2493 lieret
1519 2434 1716 2490 Christi
1746 2434 2126 2503 christianique

541 2536 711 2604 regni,
743 2550 840 2589 cur
868 2534 966 2589 iste
997 2532 1209 2597 invasit,
1257 2547 1356 2586 cur
1382 2529 1675 2600 usurpavit,
1707 2527 1798 2598 qui
1844 2526 2126 2595 l’rophctis

541 2628 778 2684 Hebraeis
803 2643 902 2683 vos
928 2636 1069 2682 vetat
1089 2626 1328 2692 credere,
1358 2634 1527 2679 utvos
1551 2623 1666 2678 falsi
1683 2621 1879 2677 Christi
1911 2620 2126 2675 fallaces

541 2720 829 2790 discipulos
861 2721 1023 2776 falsus
1049 2728 1105 2774 et
1125 2719 1283 2773 fallax
1307 2718 1578 2788 apostolus
1599 2715 1757 2771 faciat
1780 2715 1804 2768 ‘I
1827 2714 2123 2778 Postremo,

543 2829 609 2870 ne
635 2814 899 2868 diceretur
923 2813 993 2877 ei,
1041 2811 1298 2877 Mentiris,
1333 2809 1615 2880 protulerit
1648 2807 1802 2864 vobis
1841 2806 2046 2876 aliquos
2075 2814 2129 2860 et

543 2906 847 2978 prophetas,
898 2904 1189 2960 secundum
1242 2902 1588 2957 assertionem
1650 2915 1800 2954 suam
1855 2896 2127 2952 Christum

547 2998 966 3069 praenuntiantes
997 3013 1010 3049 :
1040 2995 1164 3066 quid
1193 2994 1393 3049 facietis
1419 2993 1491 3061 ei,
1523 2993 1735 3062 qualem
1775 2990 2006 3044 Faustus
2035 3004 2128 3043 ca-

543 3091 912 3148 techizandum
942 3090 1040 3145 sub
1066 3089 1310 3157 exemplo
1338 3086 1633 3157 proposuit,
1677 3085 1767 3154 qui
1796 3098 1970 3152 neque
2001 3082 2129 3150 ipsis

542 3199 714 3253 neque
761 3184 842 3238 illi
894 3183 1114 3238 credere
1157 3180 1418 3236 voluerit?
1456 3181 1536 3233 An
1581 3178 1867 3248 Apostolos
1913 3185 2128 3230 nostros

542 3291 639 3347 pro
663 3292 721 3332 se
753 3284 915 3332 testes
940 3275 1190 3330 vocabit?
1221 3273 1356 3339 Non,
1389 3272 1599 3340 opinor,
1652 3269 1896 3324 homines
1925 3267 2126 3336 produ-

541 3380 648 3438 cet,
679 3369 771 3424 sed
802 3369 986 3422 Libros
1011 3366 1216 3434 aperiet
1249 3382 1260 3417 :
1290 3376 1422 3432 quos
1443 3377 1548 3416 non
1578 3376 1675 3431 pro
1708 3375 1788 3426 se,
1819 3357 1915 3413 sed
1943 3364 2130 3411 contra

540 3475 600 3517 se
630 3469 843 3531 apertos
863 3459 1110 3528 reperiet.
1143 3455 1217 3510 lbi
1244 3455 1384 3510 enim
1411 3453 1678 3508 Christum
1710 3461 1891 3505 natum
1919 3466 1985 3504 ex
2018 3449 2126 3502 Ma-

541 3555 621 3610 ria
650 3554 872 3623 virgine,
921 3553 992 3606 ibi
1024 3551 1218 3605 Filium
1252 3548 1345 3602 Dei
1385 3547 1580 3602 factum
1613 3561 1679 3600 ex
1723 3545 1926 3600 semine
1966 3542 2132 3597 David

541 3647 833 3702 secundum
883 3659 1098 3698 carnem
1157 3643 1381 3711 legimus
1437 3649 1490 3694 et
1544 3638 1799 3693 docemus
1828 3634 1936 3707 (Id.
1970 3632 2133 3699 1,22-

539 3740 643 3806 25;
686 3739 812 3794 Luc.
842 3755 900 3803 ιι,
933 3739 985 3803 7,
1010 3747 1054 3790 et
1083 3735 1233 3790 Rom.
1277 3750 1315 3800 ι,
1348 3734 1426 3804 5').
1453 3731 1605 3799 Quod
1641 3732 1684 3785 si
1730 3746 1823 3784 eos
1857 3728 2132 3783 infalsatos

544 3832 760 3896 dixerit,
807 3831 920 3900 ipse
952 3830 1164 3884 testium
1213 3841 1430 3882 suorum
1487 3823 1644 3878 ﬁdem
1688 3818 2015 3892 Oppugnabit
2043 3836 2055 3872 :
2088 3817 2134 3871 si

541 3938 717 3982 autem
747 3925 902 3986 alios,
931 3939 1063 3992 quos
1083 3921 1226 3977 dicat
1255 3919 1632 3989 Apostolorum
1663 3924 1991 3978 nostrorum,
2039 3924 2131 3965 co-
2161 3969 2164 3971 ,

541 4018 688 4072 dices
717 4015 1018 4086 protulerit,
1052 4012 1316 4083 quomodo
1356 4011 1433 4065 eis
1476 4010 1591 4079 ipse
1629 4007 1996 4062 auctoritatem
2041 4003 2135 4056 da-

543 4109 641 4175 bit,
691 4122 849 4178 quam
887 4121 987 4176 iper
1024 4103 1289 4159 Ecclesias
1330 4099 1530 4178 Christi
1553 4101 1639 4153 'ab
1684 4098 1813 4166 ipsis
1862 4094 2133 4165 Apostolis

543 4171 857 4255 constitutas
894 4171 1008 4250 non
1035 4193 1258 4262 accepit,
1291 4201 1347 4246 ut
1376 4171 1496 4244 inde
1546 4189 1611 4242 ad
1641 4197 1887 4258 posteros
1928 4187 2135 4239 firmata

543 4290 1010 4349 commendatione
1025 4283 1450 4347 transcurreret?
1473 4281 1748 4350 Quomodo
1777 4281 1886 4346 ille,
1915 4279 2000 4332 cui
2029 4293 2134 4332 non

545 4386 729 4454 credo,
763 4383 966 4454 profert
996 4380 1126 4435 mihi
1146 4378 1448 4448 Scripturas
1475 4375 1666 4446 quibus
1685 4373 1753 4429 de
1775 4373 1864 4427 illo
1884 4371 2132 4436 credam;

546 4489 602 4535 et
626 4480 703 4534 eis
741 4478 856 4547 ipse
885 4483 1108 4530 conatur
1147 4471 1276 4528 dare
1318 4468 1707 4534 auctoritatem,
1757 4480 1878 4519 cum
1906 4478 2005 4535 ego
2035 4462 2138 4532 ipsi

541 4579 653 4629 ‘non
680 4571 894 4627 credam
920 4569 944 4622 ?
2008 4578 2017 4587 -

619 4662 846 4720 CAPUT
873 4662 936 4716 V.
959 4690 1032 4702 —
1057 4659 1114 4715 Si
1143 4666 1320 4713 autem
1356 4655 1511 4710 fama:
1549 4652 1617 4708 de
1672 4650 1884 4707 Christo
1913 4647 2141 4704 credidi-

551 4757 669 4823 stis;
692 4756 796 4811 hoc
821 4754 963 4810 enim
981 4761 1039 4808 et
1058 4752 1285 4807 Faustus
1306 4748 1510 4819 magnis
1533 4745 1793 4816 angustiis
1809 4749 2136 4805 coarctatus,

553 4852 889 4906 transeunter
908 4843 1100 4913 attigit,
1133 4853 1211 4897 ’ne
1239 4840 1443 4896 scilicet
1467 4845 1558 4892 aut
1578 4851 1672 4891 eos
1702 4835 1868 4889 libros
1897 4830 2140 4902 proferre

554 4948 851 5012 cogeretur,
899 4947 1122 5007 quorum
1151 4931 1440 4988 auctoritas
1479 4928 1627 4983 nulla
1654 4935 1755 4992 est,
1797 4932 1887 4979 aut
1934 4923 2001 4977 ad
2047 4939 2142 4978 eos

554 5032 828 5104 ligaretur,
859 5042 1087 5100 quorum
1115 5024 1404 5080 auctoritas
1429 5021 1477 5076 ei
1499 5018 1766 5076 contraria
1789 5024 1872 5070 est
1898 5034 1910 5070 :
1939 5029 2067 5084 ergo
2097 5013 2144 5067 si

555 5127 622 5183 de.
648 5125 862 5182 Christo
883 5121 1038 5177 famae
1075 5116 1377 5177 credidistis
1397 5157 1410 5181 ,
1445 5114 1628 5169 videte
1658 5121 1837 5166 utrum
1868 5110 2002 5163 fama
2033 5106 2145 5161 ido-

533 5236 656 5307 .nea
689 5221 840 5274 testis
889 5217 979 5283 sit,
1021 5214 1304 5283 diligenter
1328 5208 1665 5264 considerate
1701 5220 1805 5276 quo
1836 5219 1929 5258 vos
1959 5198 2146 5272 praaci-

555 5292 756 5382 pitetis.
793 5309 932 5364 Mala
957 5308 1100 5362 enim
1137 5305 1301 5360 multa
1324 5302 1391 5358 de
1431 5300 1584 5356 vobis
1631 5297 1772 5352 fama
1811 5292 2142 5355 disseminat,

556 5404 643 5458 cui
663 5401 810 5457 credi
864 5416 968 5456 non
990 5399 1169 5454 vultis.
1213 5398 1345 5465 Qua:
1394 5393 1554 5463 igitur
1597 5391 1734 5446 ratio
1763 5398 1862 5453 est,
1914 5386 2052 5439 hanc
2080 5382 2147 5438 de

559 5493 776 5549 Christo
818 5491 956 5546 velle
1003 5501 1273 5552 veraccm,
1325 5499 1484 5556 quam
1529 5483 1596 5539 de
1622 5481 1774 5536 vobis
1821 5478 1982 5532 vultis
2027 5489 2147 5529 esse

559 5583 878 5641 mendacem
901 5583 924 5636 ’ἔ
949 5580 1264 5652 Quidquod
1289 5579 1450 5634 etiam
1479 5571 1631 5630 fam-.e
1659 5571 1858 5628 Christi
1877 5565 2146 5624 contradi—

559 5678 731 5737 'citis‘l
760 5678 844 5734 'Ea
868 5663 1063 5748 quippe
1103 5675 1320 5740 clarior,
1357 5685 1421 5727 ea
1441 5665 1868 5740 prtepolleutior,
1915 5676 2071 5716 aures
2098 5669 2151 5715 et

555 5782 777 5829 mentes
802 5780 855 5827 et
883 5767 1354 5840 linguas-omnium
1383 5764 1620 5834 gentium
1657 5766 1823 5825 tenet,
1853 5771 1971 5827 qua:
1999 5754 2154 5808 Chri-

570 5873 656 5919 sto
683 5880 749 5918 ex
775 5862 980 5917 semine
1008 5858 1174 5915 David
1219 5855 1510 5912 secundum
1550 5853 1852 5922 Scripturas
1900 5847 2153 5903 llebraaas

569 5956 936 6024 disseminato,
969 5953 1173 6025 implet,
1204 5939 1346 6022 quod
1384 5948 1457 6006 ibi
1478 5947 1735 6018 scriptum
1767 5955 1870 6014 est,
1917 5942 2152 6016 promis-
2191 5994 2241 6038 ν,

1398 484 1672 542 comas
1699 479 2023 539 FAUSTUM
2063 473 2510 544 nmen/sun,
2552 477 2612 533 s.
2651 477 3018 536 AUGUSTlNl
3076 447 3094 453 “

2240 605 2356 646 sum
2387 594 2631 658 Abrahm,
2667 603 2721 648 et
2751 594 2915 660 Isaac,
2946 603 2998 649 et
3025 593 3212 660 Jacob,
3260 592 3328 647 In
3353 594 3538 648 semine
3563 600 3646 648 tuo
3671 594 3819 649 bene-

2239 683 2466 737 dicentur
2493 695 2843 756 omnes'gente's
2873 684 3021 756 (Gen.
3055 671 3147 751 22,
3180 671 3274 752 18,
3302 701 3450 751 XXVI,
3478 685 3533 752 4,
3559 695 3608 740 et
3635 701 3820 755 xxvut,

2236 777 2348 846 14).
2379 777 2515 844 Quid
2547 792 2672 846 ergo
2701 777 3056 847 respondetis,
3107 778 3317 832 cuinam
3349 776 3415 832 de
3457 775 3670 832 Christo
3697 791 3825 832 cre-

2237 869 2500 938 dideritis,
2555 871 2747 942 quibus
2801 879 2965 926 testes
3021 871 3335 941 alienigenis
3389 875 3499 924 tto‘n
3567 869 3824 939 pittcent?

2239 962 2553 1018 Nostrorum
2587 977 2749 1032 porro
2788 961 3068 1018 Librorum
3108 962 3416 1026 auctoritas,
3460 968 3540 1016 tot
3583 961 3827 1030 gentium

2235 1056 2607 1118 consensione,
2662 1071 2756 1125 per
2779 1055 3148 1110 sacccssiones
3172 1055 3569 1124 Apostolorum,
3611 1053 3826 1121 episco-

2237 1160 2447 1214 porum,
2479 1147 2936 1216 conciliorumque
2964 1146 3234 1212 roborata,
3265 1146 3416 1200 vobis
3440 1144 3665 1200 adversa
3692 1153 3776 1199 est
3800 1161 3825 1199 ε

2235 1246 2534 1292 vestrorum
2562 1246 2740 1292 autem
2765 1238 2907 1291 nulla
2929 1247 3030 1303 est,
3059 1237 3182 1308 quia
3210 1247 3267 1293 et
3293 1253 3323 1292 a
3356 1247 3464 1292 tam
3485 1238 3666 1308 paucis
3687 1252 3826 1306 pro—

2233 1332 2419 1395 fertur,
2469 1340 2524 1386 et
2551 1333 2617 1386 ab
2661 1332 2724 1386 iis
2769 1332 2859 1401 qui
2904 1333 3071 1387 Deum
3115 1340 3170 1387 et
3196 1331 3465 1388 Christum
3507 1330 3826 1386 mendacem

2232 1424 2429 1478 colunt.
2453 1422 2607 1478 Unde
2631 1435 2813 1477 contra
2839 1438 3026 1480 eorum
3054 1423 3366 1478 mendacem
3398 1422 3698 1478 doctrinam
3735 1423 3820 1484 fit,

2233 1515 2334 1568 nisi
2363 1522 2417 1568 et
2467 1513 2565 1582 ipsi
2608 1522 2852 1582 tanquam
2903 1514 3198 1568 imitatores
3249 1514 3342 1568 Dei
3383 1522 3438 1568 et
3485 1511 3684 1566 Christi
3731 1510 3822 1565 sui

2233 1608 2516 1663 mendaces
2544 1607 2856 1662 habeantur.
2883 1606 3050 1662 Fama
3076 1619 3204 1662 vero
3232 1607 3391 1661 etiam
3413 1607 3525 1676 ipsa
3548 1603 3816 1667 ctmsulta,

2232 1710 2286 1755 et
2313 1716 2408 1755 vos
2435 1701 2695 1770 pessimos
2737 1703 2920 1771 jactat,
2950 1709 3004 1756 et
3031 1698 3296 1756 Christum
3328 1716 3394 1754 ex
3424 1699 3627 1755 semine
3653 1697 3823 1752 David

2231 1800 2413 1848 contra
2439 1806 2534 1847 vos
2571 1792 2862 1863 praedicare
2900 1808 3006 1847 non
3055 1802 3247 1848 cessat.
3297 1792 3494 1846 Vecem
3542 1791 3712 1845 Patris
3743 1787 3813 1843 de

2231 1883 2366 1938 ctelo
2386 1897 2491 1938 non
2519 1883 2741 1938 audistis
2783 1882 2992 1954 (Matth.
3021 1899 3101 1948 ιιι,
3145 1884 3228 1947 l7,
3275 1892 3321 1936 et
3355 1898 3486 1948 xvn,
3511 1882 3590 1951 ὅ),
3647 1880 3816 1950 opera

2230 1973 2428 2030 Christi
2453 1975 2645 2044 quibus
2665 1974 2731 2029 de
2769 1977 2944 2044 seipso
2975 1975 3372 2041 testiticabatnr,
3425 1987 3529 2028 non
3557 1973 3764 2028 vidistis
3793 1989 3814 2026 :

2231 2069 2442 2124 codices
2471 2071 2523 2124 in
2550 2069 2741 2140 quibus
2771 2068 2885 2122 haec
2911 2068 3107 2137 scripta
3132 2077 3273 2130 sunt,
3302 2076 3361 2122 ut
3379 2065 3564 2138 specie
3573 2065 3825 2121 christia-

2231 2177 2298 2216 na
2342 2161 2555 2225 fallatis,
2588 2162 2731 2215 velut
2756 2160 3035 2229 accipitis;
3081 2173 3146 2214 ne
3174 2169 3350 2216 tamen
3391 2172 3574 2216 contra
3597 2175 3690 2214 vos
3736 2159 3825 2214 le—

2231 2257 2436 2317 gantnr,
2486 2245 2760 2300 infalsatos
2798 2245 2992 2300 dicitis.
3065 2246 3320 2300 Profertis
3374 2246 3497 2300 inde
3545 2245 3826 2300 Christum

2231 2338 2517 2405 dicentem,
2565 2338 2626 2392 Si
2645 2338 2768 2391 mihi
2792 2354 2892 2392 non
2921 2337 3143 2404 creditis,
3175 2339 3406 2407 aperibtts
3427 2338 3611 2392 credite
3635 2335 3822 2410 (Joan.

2232 2446 2285 2497 x,
2315 2430 2435 2500 58);
2471 2438 2546 2490 el,
2577 2427 2686 2500 Ego
2715 2446 2829 2483 sum
2853 2429 2938 2497 qui
2967 2429 3305 2483 testimonium
3337 2427 3571 2498 perhibeo
3611 2429 3673 2481 de
3716 2446 3823 2497 me,

2231 2530 2276 2576 et
2306 2521 2643 2575 testimonium
2665 2519 2888 2591 perhibet
2918 2520 2981 2573 de
3010 2537 3106 2583 me,
3126 2520 3210 2588 qui
3235 2520 3366 2573 misit
3389 2537 3484 2587 me,
3511 2519 3666 2572 Pater
3701 2519 3826 2588 (Id.

2234 2629 2344 2676 vm,
2378 2613 2464 2682 18)
2490 2623 2569 2666 :ct
2592 2627 2696 2668 non
2722 2612 2883 2667 vultis
2909 2619 3095 2666 contra
3124 2626 3219 2666 vos
3241 2611 3363 2666 inde
3381 2612 3624 2679 proferri,
3657 2610 3826 2665 Sera-

2233 2707 2409 2759 tamini
2432 2705 2744 2774 Scripturas,
2773 2705 2825 2758 in
2853 2705 3032 2774 quibus
3060 2705 3250 2774 putatis
3281 2721 3368 2758 vos
3389 2705 3543 2758 vitam
3577 2714 3828 2758 cateruam

2234 2798 2444 2861 habere;
2469 2799 2596 2869 ipsa:
2621 2797 2955 2852 testimonium
2983 2797 3240 2867 perhibent
3274 2796 3337 2849 de
3360 2811 3478 2860 me;
3515 2804 3589 2858 et.
3619 2795 3677 2850 Si
3705 2812 3832 2849 cre-

2233 2890 2414 2944 deretis
2448 2889 2637 2960 Moysi,
2666 2889 2932 2944 crederetis
2959 2899 3003 2942 et
3025 2889 3151 2942 mihi
3171 2904 3192 2953 ;
3236 2888 3298 2943 de
3327 2905 3405 2942 me
3429 2888 3559 2941 enim
3592 2887 3677 2941 ille
3695 2888 3825 2941 scri-

2233 2983 2354 3052 psit;
2373 2991 2448 3049 et,
2471 2979 2667 3034 Habent
2680 2981 2746 3035 ibi
2769 2980 2980 3051 Moysen
2996 2989 3042 3034 et
3057 2979 3361 3050 Pmpltetas,
3381 2979 3684 3032 audianteos
3706 2977 3821 3048 (Id.

2232 3088 2284 3138 ν,
2319 3072 2409 3136 '59,
2442 3069 2563 3141 46);
2593 3079 2668 3134 et,
2707 3070 2766 3125 Si
2795 3069 3009 3140 Moysen
3037 3079 3083 3123 et
3111 3069 3396 3140 PrOphetas
3444 3086 3542 3122 non
3583 3067 3822 3134 audiunt,

2234 3181 2324 3218 nec
2344 3167 2387 3218 si
2419 3166 2530 3234 quis
2560 3181 2593 3216 a
2618 3164 2831 3217 mortuis
2852 3163 3197 3227 resurrexerit,
3224 3163 3422 3217 credent
3447 3164 3492 3216 ei
3535 3161 3687 3230 (Luc.
3709 3177 3825 3228 xvn,

2232 3256 2324 3321 29,
2357 3257 2418 3310 5|
2451 3261 2468 3327 )
2497 3258 2509 3310 !
2546 3256 2695 3312 Unde
2721 3256 2824 3310 huc
2847 3255 3064 3310 existis?
3089 3256 3227 3310 unde
3244 3255 3556 3310 confiditis?
3583 3256 3831 3326 Scriptu-

2234 3364 2322 3403 ras
2364 3358 2507 3402 tanta
2561 3348 2875 3402 auctoritate
2911 3348 3147 3401 firmatas
3184 3346 3688 3415 commendatasqne
3737 3363 3831 3401 re-

2235 3440 2442 3510 spuitis,
2472 3439 2724 3494 miracula
2752 3454 2855 3492 non
2884 3437 3092 3493 facitis‘.
3119 3454 3239 3508 quae
3270 3437 3314 3492 si
3355 3437 3598 3492 faceretis
3617 3479 3633 3503 ,
3664 3438 3833 3493 etiam

2236 3533 2348 3604 ipsa
2379 3534 2431 3586 in
2457 3532 2609 3586 vobis
2631 3545 2962 3595 caveremus,
2998 3539 3349 3599 praestruente
3395 3545 3490 3585 nos
3525 3531 3749 3584 Domino
3775 3541 3838 3586 et

2235 3624 2765 3694 dicente,E:csurgent
2806 3623 2953 3676 multi
3009 3621 3374 3692 pseudochristi
3419 3632 3465 3676 et
3497 3622 3829 3692 pseudopro-

2237 3719 2420 3789 phelte,
2451 3728 2497 3771 et
2522 3719 2707 3788 facient
2732 3717 2879 3787 signa
2905 3725 2954 3770 et
2993 3716 3224 3786 prodigia
3246 3716 3426 3781 multa,
3456 3725 3507 3768 ut
3534 3715 3750 3784 fallant,
3787 3733 3840 3772 st

2237 3810 2349 3878 ﬁeri
2385 3818 2565 3880 potest,
2595 3810 2744 3862 etiam
2785 3808 2965 3862 electos
3001 3822 3156 3861 :ecce
3185 3807 3406 3876 praedixi
3439 3805 3574 3861 vobis
3617 3805 3836 3876 (Matth.

2235 3917 2386 3966 xxrv,
2409 3900 2499 3962 24,
2532 3900 2646 3971 25).
2676 3898 2857 3970 Usque
2886 3898 3021 3952 adeo
3041 3898 3174 3952 nihil
3204 3897 3348 3953 credi
3378 3898 3542 3952 voluit
3569 3897 3843 3954 adversus

2242 3999 2612 4048 con‘irmatam
2655 3984 3048 4061 Scripturaer
3088 3991 3481 4057 auctoritatem,
3513 4006 3631 4061 quae
3669 3989 3842 4044 (idem

2241 4099 2394 4140 suam
2425 4084 2582 4139 rebus
2614 4083 2742 4153 ipsis
2772 4083 2982 4152 probat,
3015 4097 3133 4151 qua:
3155 4096 3253 4151 per
3290 4090 3588 4150 temporum
3612 4094 3837 4136 succes-

2241 4177 2422 4230 siones
2468 4175 2583 4228 hazc
2623 4174 2830 4241 impleri
2867 4184 2920 4228 et
2957 4173 3094 4228 effici
3138 4173 3390 4240 ostendit,
3419 4189 3538 4244 qua:
3571 4183 3716 4228 tanto
3747 4188 3847 4228 an-

2241 4279 2456 4339 tequam
2489 4266 3113 4334 lierent,.pra?nuntiavit.

2311 4361 2536 4418 CAPUT
2567 4361 2651 4415 Vl.
2670 4390 2742 4400 —
2761 4359 2945 4415 Restat
2968 4369 3026 4414 ut
3056 4360 3315 4415 rationem
3346 4373 3440 4415 vos
3467 4358 3718 4415 exhibere
3755 4357 3852 4414 di-

2241 4453 2396 4520 catis,
2429 4461 2534 4506 tam
2561 4460 2762 4507 certam
2790 4458 2843 4505 et
2869 4450 3141 4516 invictam,
3184 4458 3242 4505 ut
3266 4466 3360 4520 per
3390 4450 3621 4519 seipsam
3643 4448 3844 4504 decla-

2241 4555 2356 4601 rata
2408 4544 2662 4609 veritate,
2729 4543 2926 4596 nullam
2983 4542 3133 4596 testis
3181 4541 3574 4607 auctoritatem,
3632 4540 3853 4596 nullam

2232 4637 2482 4692 miraculi
2505 4635 2780 4689 veritatem
2807 4631 3060 4702 requirat.
3108 4631 3247 4699 Quid
3287 4631 3506 4686 dicitis?
3559 4629 3686 4700 quid
3717 4645 3859 4699 pro—

2243 4727 2435 4785 fertis?
2465 4742 2622 4797 quam
2653 4727 2937 4788 rationem,
2969 4739 3125 4793 quam
3154 4723 3473 4778 veritatem?
3521 4720 3725 4777 Fabula
3753 4721 3857 4777 illa

2244 4833 2328 4878 est
2379 4823 2534 4890 longa
2586 4828 2640 4874 et
2683 4833 2838 4883 vana,
2880 4816 3081 4888 puerile
3125 4816 3431 4880 ludibrium,
3481 4823 3535 4869 et
3575 4813 3863 4868 muliebre

2237 4917 2602 4985 jocamentum
2637 4913 2678 4976 ί,
2713 4920 2767 4966 et
2791 4910 3062 4965 aniculare
3088 4909 3519 4972 deliramehtum,
3549 4907 3863 4961 continens

2247 5007 2452 5062 initium
2483 5015 2750 5068 truncum,
2779 5012 2836 5059 et
2863 5002 3094 5058 medium
3125 5001 3418 5072 putridnm,
3455 5009 3506 5055 et
3529 4999 3685 5054 finem
3722 4999 3864 5053 rui-

2247 5111 2458 5153 nosum.
2491 5094 2622 5150 Cum
2647 5095 2790 5149 enim
2818 5093 2967 5147 vobis
3004 5108 3069 5147 ex
3107 5091 3223 5161 ejus
3245 5091 3395 5145 initio
3427 5090 3626 5144 dictum
3658 5086 3862 5156 fuerit,

2250 5186 2562 5253 lmmortali,
2594 5185 2863 5247 invisibili,
2897 5183 3282 5252 incorruptibili
3312 5182 3441 5246 Deo,
3478 5180 3603 5250 quid
3633 5178 3867 5235 factura

2249 5289 2365 5337 erat
2389 5293 2516 5350 gens
2549 5276 2914 5337 tenebrarum,
2941 5275 2987 5329 si
3009 5289 3126 5329 cum
3155 5286 3478 5342 eapugnare
3506 5270 3774 5324 noluisset
3805 5269 3873 5323 η

2249 5380 2305 5427 et
2328 5370 2393 5425 de
2421 5370 2596 5424 medio
2622 5368 2758 5436 ejus,
2799 5365 3094 5433 Quomodo
3115 5374 3197 5420 est
3226 5362 3640 5432 incorrUptibilis
3683 5370 3747 5416 et
3781 5361 3879 5415 in-

2251 5462 2680 5520 contaminabilis
2726 5461 2746 5490 ³
2793 5461 2954 5525 Deus,
3007 5459 3158 5527 cujus
3207 5455 3445 5511 membra
3483 5453 3536 5508 in
3569 5452 3747 5522 pomis
3805 5463 3885 5510 et.

2253 5557 2491 5612 oleribus
2520 5553 2892 5610 manducando
2914 5561 2968 5608 et
2992 5551 3283 5624 digerendo
3313 5549 3588 5604 conteritis
3621 5556 3676 5601 ut
3719 5563 3878 5615 pur-

2251 5650 2425 5722 getis?
2472 5657 2526 5703 ct
2551 5647 2618 5702 de
2644 5647 2748 5702 fine
2769 5647 2905 5716 ejus,
2949 5645 3092 5712 Quid
3124 5643 3458 5699 fecit-anima
3508 5642 3737 5707 misera,
3806 5651 3883 5695 ut

2321 5763 2336 5792 ί
2373 5760 2596 5822 Plerique
2617 5765 2748 5822 Mss,
2772 5761 3147 5822 avocamentum.

2258 5886 2274 5936 ι
2315 5825 2341 5895 ,³
2375 5815 2529 5932 va.,'
2552 5819 2787 5870 t'oiuisset.
2825 5821 2993 5870 verius
3033 5827 3131 5866 Am.
3171 5823 3242 5865 Er.
3281 5823 3335 5867 et
3374 5815 3543 5880 plures
3573 5821 3681 5865 I56.
3704 5850 3722 5877 ,
3769 5827 3883 5866 no-

2279 5897 2435 5936 utht’.
3107 5928 3114 5936 .
3174 5931 3180 5936 .

2279 5900 2509 5999 mgmtdulti
2532 5944 2742 6006 codices,
2767 5949 2813 5994 et
2830 5928 3241 5994 incommutabilis.
