4052 6482
227 548 329 610 285

223 665 272 720 in
291 661 455 734 globo
478 658 824 717 tenebrarum
851 667 1114 731 perpetuo
1141 658 1354 714 vinculo
1369 658 1654 728 puniatur,
1681 670 1799 724 quin

219 771 320 811 non
370 769 470 810 suo
509 755 656 818 vitio,
701 753 796 808 sed
844 753 1020 808 alieno
1063 753 1346 815 maculata,
1395 752 1503 806 Deo
1544 766 1640 804 suo
1668 748 1802 803 deii-

221 849 387 903 ciente
414 846 662 902 mandari
692 862 796 900 non
814 846 1008 916 potuit,
1041 861 1148 915 quo
1176 846 1418 899 mittente
1449 843 1650 912 polluta
1677 841 1799 896 est?

222 941 589 996 hasitantibus
614 941 786 1007 vobis,
827 938 1044 1010 etquid
1090 938 1460 1008 respondeatis
1509 952 1615 991 non
1665 936 1805 990 iuve—
1851 930 1856 935 ⁷

220 1033 507 1098 mentibus,
538 1041 906 1102 conspuuntur
935 1033 952 1063 ί
977 1040 1083 1086 tam
1103 1031 1260 1086 multi
1290 1041 1343 1085 et
1371 1038 1480 1083 tam
1523 1027 1754 1098 grandes
1781 1028 1801 1058 ⁸

220 1137 268 1182 et
295 1136 406 1180 tam
432 1127 658 1196 pretiosi
684 1125 898 1182 codices
923 1125 1119 1189 vestri;
1163 1133 1219 1179 et
1239 1125 1462 1178 multum
1507 1121 1755 1176 delentur
1781 1119 1803 1152 ⁸

224 1217 429 1273 labores
458 1218 904 1288 antiquariorum,
932 1225 990 1272 et
1012 1215 1223 1271 saccelli
1249 1215 1593 1276 miserorum,
1623 1219 1681 1266 et
1699 1215 1802 1279 ’pa-

220 1311 294 1364 nis
308 1309 684 1380 deceptorum.
701 1309 757 1366 Si
773 1325 903 1380 ergo
929 1321 1030 1365 nec
1047 1308 1438 1377 Scriptu‘rarum
1475 1304 1803 1359 auctoritatis

218 1403 526 1472 antiquitas,
553 1418 658 1459 nec
708 1403 1086 1458 miraculorum
1133 1408 1394 1470 potestas,
1447 1409 1548 1452 nec
1585 1401 1800 1450 morum

218 1496 436 1562 sanitas,
467 1510 571 1550 nec
595 1494 820 1549 rationis
848 1495 1065 1558 veritas,
1096 1506 1191 1546 vos
1217 1492 1447 1554 asserit;
1499 1489 1642 1544 abite
1677 1501 1806 1542 con-

219 1589 338 1654 tusi,
363 1597 423 1643 et
441 1589 612 1645 redite
638 1589 888 1654 confessi,
921 1589 1093 1658 ipsum
1121 1599 1243 1641 esse
1258 1582 1534 1638 Christum
1566 1582 1806 1636 omnium

221 1681 267 1734 in
289 1695 352 1735 se
379 1681 716 1737 credentium
743 1681 1077 1737 Satratomm
1109 1697 1122 1732 :
1154 1678 1306 1748 cujus
1353 1685 1549 1731 numen
1575 1685 1630 1730 et
1653 1675 1806 1743 cujus

218 1771 513 1828 Eeclesiam
559 1774 630 1828 ita
693 1773 948 1829 exhibent
1003 1771 1286 1842 praesentia
1343 1777 1610 1838 tempora,
1667 1767 1808 1822 sicut

219 1865 491 1932 praeterita
513 1865 859 1930 nuntiarunt;
907 1880 1016 1918 non
1059 1878 1156 1932 per
1191 1861 1484 1932 quemlibet
1521 1859 1588 1915 de
1614 1871 1808 1914 caver-

219 1955 365 2011 nosis
413 1956 633 2012 latebris
677 1956 1078 2027 procedentem,
1129 1953 1475 2024 sed‘qu’adam
1519 1961 1700 2022 gente,
1752 1959 1808 2005 et

219 2049 452 2118 quodam
480 2064 645 2119 regno
672 2049 740 2103 ad
779 2050 881 2103 hoc
903 2053 1198 2119 propagato
1244 2057 1298 2102 et
1342 2046 1605 2111 instituto,
1651 2054 1712 2098 ut
1735 2044 1808 2100 ibi

217 2139 281 2196 de
309 2142 404 2196 illo
429 2151 620 2196 cuncta
663 2141 846 2212 ﬁguris
877 2145 1332 2210 immolarentur,
1380 2143 1498 2208 qua:
1525 2143 1672 2192 nunc
1716 2153 1808 2191 ex-

219 2248 405 2303 pressa
427 2234 585 2288 rebus
602 2242 1041 2304 agnoscerentur,
1069 2241 1124 2286 et
1141 2231 1214 2286 ibi
1229 2247 1330 2302 per
1347 2230 1642 2300 Prophetas
1671 2235 1810 2298 pra:-

221 2325 360 2380 dicta
389 2327 773 2394 scriberentur,
797 2343 916 2396 quae
934 2341 1074 2380 nunc
1095 2340 1192 2395 per
1219 2325 1503 2395 Apostolus
1523 2323 1810 2394 praedicata

220 2426 677 2488 prasentarentur
718 2418 776 2471 ‘2‘

279 2509 520 2566 CAPUT
542 2509 650 2564 Vll.
681 2535 754 2550 ——-
776 2509 1008 2564 Proinde
1033 2510 1343 2566 constituite
1373 2509 1526 2565 vobis
1568 2509 1802 2580 aliquem

217 2603 654 2658 catechizandum
676 2603 931 2673 gentilem
945 2637 961 2666 ,
987 2603 1043 2656 in
1059 2617 1166 2673 quo
1186 2601 1412 2670 Faustus
1430 2602 1687 2656 defecisse
1711 2615 1810 2656 nos

221 2698 337 2752 risit
368 2713 385 2752 ε
419 2697 510 2752 ubi
541 2711 645 2750 non
677 2695 952 2763 ridendus,
983 2695 1078 2751 sed
1098 2695 1430 2766 plangendus
1457 2696 1572 2766 ipse
1594 2695 1806 2750 defecit.

221 2789 271 2845 Si
294 2790 451 2844 enim
478 2788 769 2844 dixerimus
790 2787 993 2844 homini
1015 2789 1222 2858 gentili,
1247 2789 1408 2843 crede
1427 2788 1656 2852 Christo,
1682 2789 1810 2857 quia

220 2881 359 2935 Deus
373 2891 489 2944 est;
523 2889 577 2935 et
593 2880 948 2950 responderit,
985 2879 1136 2936 Unde
1163 2880 1365 2935 credo?
1393 2881 1703 2950 prolataque
1725 2889 1812 2934 au-

217 2973 470 3027 ctoritate
482 2971 895 3041 Prophetarum,
910 2972 990 3027 eis
1012 2986 1069 3025 se
1084 2987 1188 3026 non
1201 2972 1422 3026 credere
1435 2971 1648 3038 dixerit,
1666 2970 1807 3040 quod

219 3063 297 3119 illi
356 3062 600 3117 Hebraei.
621 3063 747 3128 sint,
799 3063 914 3132 ipse
955 3077 1231 3133 paganus;
1275 3063 1607 3118 ostendimus
1649 3063 1808 3118 tidem

221 3151 610 3222 Prophetarum
637 3153 782 3208 exiis
799 3168 918 3223 qua:
941 3162 1165 3208 ventura
1186 3154 1500 3208 cecinerunt
1523 3163 1577 3209 et
1598 3156 1810 3210 venisse

219 3254 533 3302 cernuntur.
551 3245 725 3302 Credo
743 3245 885 3301 enim
907 3245 1049 3316 quod
1071 3253 1192 3301 eum
1214 3258 1321 3300 non
1347 3247 1555 3313 lateret,
1587 3256 1810 3318 quantas

219 3351 251 3392 a
273 3337 494 3408 regibus
526 3337 682 3407 hujus
709 3339 891 3393 seaculi
919 3338 1324 3407 persecutiones
1351 3341 1497 3410 prius
1527 3340 1809 3409 pertulerit

219 3430 510 3487 christiana
540 3431 761 3502 religio:
783 3440 876 3487 aut
898 3432 943 3486 si
967 3432 1179 3499 lateret,
1215 3447 1312 3502 per
1339 3433 1506 3503 ipsam
1529 3431 1809 3488 historiam

219 3525 456 3596 gentium
506 3533 562 3579 et
630 3523 936 3593 imperiales
993 3523 1137 3594 leges
1188 3523 1382 3579 litteris
1433 3525 1811 3593 memor-imque

222 3617 526 3683 mandatas,
557 3617 607 3672 ei
641 3616 797 3672 facile
817 3616 1134 3686 probaretur
1159 3635 1172 3672 :
1197 3618 1340 3687 quod
1362 3633 1482 3672 cum
1512 3626 1658 3671 tanto
1687 3628 1810 3673 ante

221 3709 542 3780 praedictum
571 3724 639 3764 ex
667 3709 925 3780 propheta
963 3717 1312 3778 cognosceret
1339 3709 1570 3775 dicente,
1620 3708 1811 3779 thuid

219 3803 540 3870 fremuerunt
592 3808 798 3870 gentes,
847 3808 893 3854 et
933 3799 1112 3871 populi
1151 3799 1379 3853 meditati
1427 3810 1543 3853 sunt
1595 3800 1811 3854 inania?

221 3891 506 3946 Astiterunt
525 3907 664 3961 reges
686 3902 851 3959 ten-aa,
865 3902 912 3946 et
932 3892 1187 3963 principes
1199 3892 1535 3946 convenerunt
1556 3894 1608 3946 in
1631 3904 1806 3956 unum,

217 3986 472 4040 adversus
509 3985 781 4040 Dominum
809 3996 854 4039 et
892 3985 1160 4040 adversum
1194 3985 1450 4041 Christum
1497 3987 1606 4056 ejus
1630 3983 1810 4055 :quod

216 4093 339 4134 non
371 4079 440 4132 de
461 4079 576 4148 ipso
602 4079 760 4134 David
782 4078 946 4134 fuisse
974 4079 1197 4146 dictum,
1231 4081 1285 4134 in
1312 4079 1502 4135 eodem
1525 4081 1640 4148 ipso
1669 4078 1810 4148 psal-

219 4185 316 4225 mo
343 4169 505 4226 facile
532 4179 767 4240 apparet.
815 4171 890 4227 lbi
917 4172 1059 4226 enim
1085 4172 1282 4227 dicitur
1302 4171 1461 4227 etiam
1486 4167 1634 4237 illud,
1667 4170 1810 4240 quod

220 4262 470 4320 homines
497 4265 792 4335 quamlibet
811 4266 1265 4336 pertinacissimos
1287 4260 1400 4337 ipsa
1429 4274 1606 4322 rerum
1636 4267 1808 4320 mani-

221 4353 509 4411 festatione
548 4356 844 4421 confundit,
890 4356 1144 4413 Dominus
1195 4359 1324 4412 dixit
1372 4359 1440 4411 ad
1491 4357 1810 4412 nterFilius

221 4462 427 4501 mea
447 4456 526 4509 tu,
566 4464 658 4518 ego
684 4449 832 4502 hodie
851 4449 1001 4520 genui
1040 4459 1123 4515 te:
1172 4456 1371 4520 pustula
1399 4453 1430 4503 it
1463 4465 1561 4516 me,
1593 4460 1644 4504 et
1681 4439 1810 4504 dabo

220 4539 500 4611 tibigentcs
546 4540 894 4596 ltwreditatcm
943 4553 1099 4606 tuam,
1163 4551 1210 4596 et
1263 4543 1626 4612 possessionem
1671 4547 1811 4595 luant

224 4633 464 4688 terminos
490 4641 642 4690 teme
687 4633 862 4708 (Pshl.
895 4649 952 4700 η,
988 4637 1038 4702 l,
1065 4630 1119 4699 2,
1154 4636 1206 4699 7,
1239 4635 1292 4706 8)
1319 4635 1491 4706 :quod
1533 4636 1677 4706 genti
1717 4635 1810 4691 Ju.

221 4724 457 4782 deorum
480 4728 537 4782 in
564 4743 668 4797 qua
697 4729 938 4798 regnavit
967 4729 1152 4794 David,
1179 4741 1284 4783 non
1314 4735 1434 4783 esse
1459 4736 1806 4794 concessum;

223 4818 419 4876 Christi
467 4831 650 4876 autem
699 4822 914 4876 nomine
959 4821 1115 4890 longe
1144 4822 1356 4891 lateque
1401 4825 1588 4876 omnes
1625 4828 1811 4892 gentes

221 4923 542 4981 occupante,
599 4921 759 4966 nemo
812 4909 1017 4966 dubitat
1059 4925 1180 4966 esse
1231 4912 1577 4980 completum.
1637 4911 1811 4966 Credo

223 5011 550 5067 moreretur,
597 5015 717 5057 cum
751 5003 873 5057 hinc
897 5013 952 5058 et
976 5003 1079 5057 alia
1114 5004 1277 5058 multa
1307 5017 1372 5058 ex
1408 5001 1682 5073 prophetis
1720 5018 1812 5057 au-

222 5095 376 5161 diret,
405 5113 527 5167 qua:
554 5105 696 5150 nttnc
731 5097 975 5167 persequi
1023 5097 1236 5167 longum
1266 5103 1366 5152 est.
1398 5095 1616 5151 Viderat
1650 5098 1812 5152 etiam

221 5188 369 5257 ipsos
400 5195 554 5258 reges
583 5198 741 5242 teme
778 5187 974 5242 Christi
1007 5186 1229 5256 imperio
1256 5189 1364 5257 jam
1391 5189 1673 5243 salubriter
1690 5189 1812 5243 sub-

222 5279 459 5350 iugatus,
523 5291 820 5350 omnesque
849 5287 1032 5349 gentes
1073 5280 1245 5334 eidem
1282 5281 1575 5337 servientes
1612 5297 1625 5336 :
1657 5291 1711 5336 et
1741 5282 1811 5337 te.

217 5381 441 5441 geretur
464 5374 512 5426 ei
541 5372 606 5426 de
641 5371 856 5426 Psalmo
887 5379 1039 5426 tanto
1074 5381 1194 5426 ante
1235 5373 1566 5441 prtedicwm,
1618 5373 1814 5427 Adam-

218 5465 344 5517 bunt
379 5475 488 5518 eum
533 5477 705 5519 omnes
731 5477 872 5536 reges
894 5472 1064 5530 teri-az,
1106 5471 1278 5519 omnes
1319 5475 1487 5536 gentes
1523 5467 1734 5519 servient
1768 5467 1816 5521 ei

218 5556 401 5627 (Paul.
429 5574 578 5624 uxr,
606 5556 696 5627 ll)
725 5574 740 5610 :
770 5559 1046 5629 totumque
1067 5558 1326 5629 psalmum
1349 5558 1542 5630 ipsum,
1565 5559 1655 5631 qui
1683 5560 1815 5630 ligu-

282 5737 304 5799 ξ
332 5733 562 5798 Plerique
587 5744 714 5796 Mss.,
739 5735 1116 5799 conspicantur.

283 5793 306 5863 ᾖ
343 5803 400 5846 ιιι
417 5793 538 5863 uss,
560 5805 606 5863 et
629 5793 728 5848 tam
745 5793 1012 5863 grandwtvi.
1306 5793 1310 5795 ’
1618 5841 1620 5843 .

283 5862 307 5930 ξ
343 5867 482 5930 tot,
491 5859 934 5930 deleruquatelius
951 5872 1056 5930 Am.
1078 5868 1130 5930 et
1152 5874 1247 5910 non
1258 5864 1404 5930 pauci
1425 5870 1554 5927 Mss,
1571 5863 1812 5926 delentur;

217 5921 326 5981 vel,
353 5928 415 5970 ut
425 5921 522 5980 alii,
545 5921 759 5972 dolendi.
783 5923 932 5972 Editio
947 5931 1019 5972 Er.
1045 5925 1210 5981 habet,
1237 5921 1413 5975 dolent.

284 5984 310 6016 δ
346 5992 454 6034 Am.
478 5989 551 6035 Er.
573 5992 626 6039 et
645 5984 830 6050 aliquot
844 5993 974 6050 Mss,
998 5991 1363 6049 prastat-etum.

440 6019 454 6032 ο
479 6019 526 6035 υ.
539 6021 551 6035 ο
573 6019 626 6039 νδ
645 6019 830 6050 manu.
844 6019 974 6050 me,
999 6019 1044 6049 ἸΙ
1058 6019 1191 6040 ωσνωσ
1206 6019 1333 6038 νικκι
1351 6022 1363 6035 ο

1391 539 1593 596 LIBER
1631 533 1924 593 TERTIUS
1964 535 2276 600 DECIMUS.

3377 551 3485 612 286

1908 666 2021 713 rate
2053 669 2296 731 tanquam
2327 662 2380 718 in
2405 661 2744 720 Salomonem
2773 664 2984 733 dicitur,
3018 666 3062 722 si
3088 667 3269 739 legere
3286 665 3468 737 vellet,

1909 751 2169 809 inveniret
2189 755 2457 810 Christum
2487 774 2607 813 vere
2633 773 2814 829 regem
2837 760 3117 829 paciﬁcum
3141 778 3156 826 ;
3211 761 3311 815 hoc
3337 765 3480 818 enim

1910 843 2210 900 Salomonis
2233 863 2431 903 nomen
2461 849 2840 919 interpretatur
2871 869 2884 905 :
2915 853 2966 906 in
3009 868 3115 922 quo
3142 863 3488 924 cognosceret

1909 938 2170 1007 Completa
2195 940 2374 994 omnia
2401 956 2518 1009 quae
2546 942 2615 994 ibi
2645 942 2915 1009 dicuntur,
2951 946 3103 1014 longe
3129 946 3489 1001 remotissima

1909 1029 2098 1084 abillo
2133 1030 2347 1086 homine
2391 1031 2673 1088 Salomone
2716 1050 2839 1104 rege
2881 1035 3062 1089 lsrael.
3111 1035 3255 1090 lllum
3307 1037 3492 1091 itidem

1907 1123 2190 1192 psalmum,
2209 1125 2293 1179 ubi
2312 1125 2657 1180 Deus'uuctus
2673 1143 2701 1180 a
2717 1128 2825 1183 Deo
2843 1128 3053 1194 dicitur,
3077 1139 3130 1182 ct
3146 1129 3326 1198 utique
3342 1130 3493 1185 Chri-

1910 1223 2026 1269 stus
2057 1215 2170 1285 ipsa
2184 1219 2434 1271 unctione
2446 1217 2778 1282 declaratur;
2817 1220 3064 1290 idemque
3088 1220 3333 1275 Christus
3349 1222 3491 1275 Deus

1910 1307 2244 1375 apertissime
2287 1309 2600 1375 ostenditur,
2645 1325 2763 1364 cum
2789 1309 2928 1364 Deus
2970 1321 3159 1364 unctus
3191 1313 3492 1365 insinuatur

1907 1397 2084 1469 (Psal.
2132 1417 2275 1466 xuv,
2323 1401 2378 1470 8)
2414 1404 2497 1455 :si
2539 1401 2880 1457 considerare
2916 1403 3076 1457 vellet
3125 1417 3243 1472 quin
3291 1403 3362 1457 ibi
3423 1403 3492 1457 de

1910 1491 2148 1558 Christo,
2178 1494 2391 1563 quznde
2427 1495 2539 1564 ipsa
2588 1495 2826 1550 Ecclesia
2871 1495 3013 1548 dicta
3061 1504 3206 1562 sunt,
3254 1511 3373 1564 qua:
3419 1494 3490 1549 ibi

1909 1585 2124 1653 quidem
2163 1587 2417 1655 praedicta
2468 1587 2687 1656 legeret,
2729 1588 2780 1641 iu
2826 1589 2956 1642 orbe
3001 1597 3176 1641 autem
3227 1597 3490 1641 terrarum

1911 1678 2130 1747 impleta
2157 1681 2490 1750 conspiceret
2520 1698 2534 1745 ;
2567 1680 2771 1734 videret
2813 1687 3022 1749 quoque
3057 1679 3169 1747 ipsa
3207 1679 3490 1733 simulacra

1905 1773 2147 1842 gentium
2175 1788 2274 1841 per
2300 1773 2500 1827 Christi
2543 1789 2736 1828 nomen
2765 1773 2841 1827 sic
2867 1774 3044 1842 perire
3071 1771 3138 1825 de
3165 1771 3294 1824 orbe
3323 1781 3491 1823 torra-

1909 1881 2053 1932 rum,
2085 1865 2244 1935 idque
2273 1867 2444 1936 ipsum
2472 1882 2499 1918 a
2529 1864 2812 1934 PrOphetis
2839 1865 3152 1934 praedictum
3183 1877 3303 1916 esse
3330 1861 3496 1914 disce-

1907 1963 1995 2012 ret
2023 1976 2036 2011 :
2070 1958 2276 2011 audiret
2302 1958 2587 2012 Jercmiam
2613 1957 2898 2022 dicentem,
2938 1957 3025 2010 Sic
3047 1955 3219 2008 dicetis
3239 1953 3342 2006 illis
3370 1968 3383 2004 :
3412 1951 3497 2004 Dii

1911 2050 1996 2120 qui
2021 2049 2200 2104 caelum
2223 2060 2268 2102 et
2292 2058 2475 2103 terram
2495 2066 2595 2103 non
2621 2052 2873 2119 fecerunt,
2909 2056 3113 2118 pereant
3135 2062 3165 2099 a
3196 2056 3346 2108 terra,
3371 2043 3498 2096 etde

1911 2143 2001 2195 sub
2031 2143 2154 2195 cwlo
2179 2143 2388 2213 (Jerem.
2416 2145 2475 2209 it,
2505 2139 2615 2210 li).
2647 2141 2775 2195 item
2799 2141 2910 2192 alio
2940 2139 3064 2193 loco
3093 2153 3213 2192 cum
3249 2134 3497 2190 eumdem

1909 2235 2224 2305 prophetam
2251 2235 2512 2290 dicentem
2541 2235 2770 2299 audiret,
2820 2233 3053 2297 Domine,
3084 2230 3330 2301 fortitudo
3364 2242 3493 2291 mea,

1905 2330 2295 2399 et_ad7'utoriunt
2335 2346 2520 2395 meum,
2552 2338 2596 2381 et
2628 2329 2879 2399 refugium
2917 2343 3081 2378 meum
3124 2326 3182 2377 in
3207 2324 3287 2377 die
3332 2325 3496 2376 malo-

1909 2395 2024 2480 rttm
2053 2440 2070 2478 :
2094 2424 2166 2477 ad
2194 2433 2238 2475 te
2266 2432 2433 2493 gentes
2462 2427 2653 2476 venient
2681 2422 2742 2474 ab
2769 2431 2990 2475 extremo
3019 2429 3182 2486 terrm,
3225 2428 3272 2471 et
3309 2419 3494 2484 dicent,

1910 2522 2081 2586 ﬂuam
2115 2522 2245 2590 falsa
2269 2519 2593 2592 possederunt
2615 2526 2780 2587 patres
2809 2515 2966 2569 nostri
2990 2515 3280 2578 simulacra,
3312 2520 3358 2564 et
3395 2528 3497 2565 non

1907 2619 1984 2673 est
2011 2605 2063 2671 in
2093 2618 2161 2670 eis
2186 2613 2419 2668 utilitas!
2457 2613 2499 2665 si
2527 2611 2674 2682 faciet
2702 2609 2849 2662 homo
2871 2607 2988 2660 deos
3043 2615 3090 2659 et
3128 2604 3227 2674 ipsi
3252 2619 3348 2656 non
3381 2608 3498 2656 sunt

1911 2710 2006 2765 ‘dii.
2045 2708 2328 2778 Propterea
2369 2719 2478 2758 ecce
2516 2720 2604 2773 ego
2643 2701 2901 2755 ostendam
2926 2697 3030 2751 illis
3045 2701 3097 2750 in
3123 2707 3343 2765 tempore
3367 2694 3500 2756 illo;

1915 2805 2122 2854 manum
2143 2803 2305 2852 meam
2327 2795 2586 2850 ostendam
2607 2793 2730 2858 illis,
2754 2801 2798 2844 et
2816 2790 3047 2843 virtutem
3065 2803 3248 2852 meam,
3279 2794 3323 2839 et
3336 2785 3491 2838 scient

1914 2893 2151 2964 quoniam
2201 2895 2290 2960 ego
2347 2887 2593 2940 Dominus
2637 2882 2773 2954 (ld.
2805 2874 2920 2943 xvi,
2970 2879 3113 2934 19-21
3155 2878 3194 2947 ),
3244 2877 3370 2931 Ηωο
3409 2890 3502 2929 au-

1909 2975 2067 3040 diens
2101 2984 2167 3037 de
2191 2981 2460 3050 Scriptura
2487 2976 2817 3048 prophetica,
2841 2981 2894 3028 et
2914 2985 3143 3026 cernens
3169 2970 3220 3024 in
3253 2969 3500 3022 universa

1915 3083 2077 3143 terra,
2133 3075 2258 3146 quid
2311 3073 2486 3128 dicam
2541 3066 2986 3140 quemadmodum
3052 3067 3364 3117 moveretur
3432 3058 3500 3114 ad

1909 3169 2096 3236 ﬁdem,
2127 3159 2336 3238 quando
2361 3174 2415 3220 et
2435 3165 2536 3218 hoc
2564 3162 2724 3217 rebus
2751 3159 2880 3229 ipsis
2905 3157 3214 3228 probamus,
3249 3169 3369 3209 cum
3405 3167 3501 3222 per

1915 3262 2247 3336 prophetiam
2279 3268 2401 3312 ante
2424 3267 2661 3325 tempora
2688 3251 3066 3320 conscriptam,
3101 3257 3155 3303 et
3180 3246 3266 3301 his
3291 3255 3496 3312 tempo-

1915 3356 2064 3410 ribus
2108 3351 2415 3422 impletam,
2462 3345 2627 3403 corda
2677 3342 2912 3398 ﬁdelium
2961 3341 3040 3395 sic
3079 3337 3280 3393 ﬁrmari
3315 3349 3506 3407 cogno-

1913 3447 2113 3502 scimus
2136 3447 2160 3500 ?

1985 3533 2213 3592 CAPUT
2231 3529 2365 3588 Vill.
2383 3562 2454 3574 —
2469 3529 2584 3587 Jam
2598 3541 2725 3583 vero
2745 3542 2813 3581 ne
2839 3525 3130 3589 hominem,
3162 3521 3299 3576 sicut
3327 3517 3504 3589 magni

1915 3628 2131 3699 quidam
2175 3624 2416 3678 homines
2459 3621 2710 3684 fuerunt,
2751 3615 3021 3672 Christum
3066 3617 3312 3684 putaret,
3361 3609 3502 3664 idem

1913 3705 2174 3792 propheta
2215 3708 2318 3772 hoc
2357 3713 2430 3792 illi
2472 3707 2539 3769 de
2580 3713 2898 3782 cogitatione
2930 3715 3220 3763 excuteret.
3254 3701 3328 3757 lbi
3360 3702 3502 3756 enim

1913 3813 2155 3884 sequitur
2187 3817 2243 3865 ’ct
2276 3808 2407 3864 dicit
2439 3813 2456 3862 ξ
2488 3803 2790 3862 Malctlictzts
2819 3805 2965 3855 homo
2996 3799 3081 3869 qui
3109 3813 3247 3886 spem
3278 3794 3421 3848 habet
3449 3794 3504 3846 in

1917 3908 2134 3969 frontiue,
2161 3903 2206 3959 et
2233 3901 2402 3972 ﬁrmat
2431 3907 2631 3955 carnem
2660 3893 2849 3952 brachii
2878 3895 2976 3956 sui,
3009 3891 3054 3947 et
3085 3899 3116 3945 tt
3148 3889 3362 3943 Domino
3393 3887 3502 3940 dis-

1915 3993 2046 4055 cedit
2088 4005 2174 4052 cor
2215 3998 2323 4068 ejus
2361 4010 2378 4048 :
2413 3997 2459 4048 el
2522 3985 2615 4046 erit
2645 3987 2772 4045 sicui
2807 3989 3024 4042 tamarix
3051 3985 3065 4016 ¹
3095 4000 3204 4054 qua:
3231 3984 3282 4035 in
3313 3981 3504 4034 deserto

1915 4088 2029 4158 est:
2072 4103 2171 4146 non
2210 4075 2389 4144 videbil
2428 4103 2540 4140 cum
2579 4086 2772 4140 venient
2813 4083 2940 4136 bona
2965 4123 2979 4145 ,
3021 4075 3068 4133 ei
3106 4071 3344 4130 habitabit
3379 4074 3506 4125 inter

1915 4179 2111 4253 iniquos
2138 4185 2189 4237 in
2218 4177 2350 4236 terra
2380 4172 2574 4233 deserta
2592 4219 2607 4244 ,
2638 4173 2689 4229 i'n
2719 4171 2850 4228 terra
2878 4173 3012 4227 salsa
3040 4171 3151 4241 qua:
3179 4169 3278 4221 non
3308 4163 3508 4219 inhabi-

1918 4273 2228 4338 tabiturml,
2263 4265 2563 4326 Benedictus
2593 4263 2740 4320 boum
2764 4265 2848 4335 qui
2876 4261 3081 4330 conﬁdit
3110 4261 3160 4312 in
3196 4257 3427 4320 Domino,
3462 4259 3507 4307 et

1917 4355 2010 4426 erit
2039 4365 2287 4423 Dominus
2315 4371 2426 4436 spes
2453 4365 2560 4435 ejus
2585 4379 2603 4417 :
2624 4349 2812 4430 eritque
2842 4359 3077 4426 tanquam
3108 4349 3298 4423 lignum
3329 4341 3506 4416 [ηιάί-

1918 4459 2080 4532 ferum
2118 4476 2257 4514 secus
2285 4471 2469 4526 aquam
2493 4497 2507 4521 ,
2548 4455 2593 4507 et
2630 4453 2682 4505 in
2710 4449 2916 4503 humare
2943 4448 3098 4499 mittet
3129 4443 3322 4496 radices
3348 4439 3506 4504 suas;

1917 4569 2018 4607 non
2049 4547 2232 4604 timebit
2261 4563 2376 4601 cum
2406 4543 2592 4600 uenerit
2619 4554 2789 4606 (estus,
2820 4543 2865 4593 et
2892 4539 3034 4592 erant
3054 4537 3107 4589 i'n
3128 4551 3183 4588 eo
3206 4532 3507 4603 propagines

1916 4653 2192 4699 nemorosa:
2208 4659 2224 4707 ;
2254 4642 2305 4694 in
2332 4656 2464 4693 anno
2490 4635 2726 4692 siccitatis
2753 4639 2853 4687 non
2880 4631 3086 4695 timebit,
3113 4629 3158 4682 et
3185 4635 3284 4681 non
3309 4625 3508 4693 deficiet

1919 4735 2150 4811 faciendo
2187 4735 2428 4806 fructum.
2472 4727 2567 4787 llic
2607 4725 2753 4784 certe
2790 4742 2909 4782 cum
2941 4722 3277 4778 maledictum
3308 4711 3509 4811 diceret

1919 4807 2039 4888 eum
2078 4827 2166 4900 qui
2198 4835 2346 4896 spem
2376 4823 2522 4894 ponit
2553 4811 2603 4875 in
2636 4819 2852 4874 homine
2872 4859 2886 4880 .
2921 4819 3143 4884 eamque
3174 4807 3506 4866 maledictio-

1919 4929 2040 4979 iiem
2079 4917 2405 4992 propheticis
2441 4911 2874 4971 similitudinibus
2906 4909 3237 4978 explicaret;
3267 4913 3320 4957 et
3347 4901 3507 4955 bene-

1919 5009 2117 5072 dictum
2140 5013 2224 5083 qui
2251 5012 2303 5066 in
2330 5010 2552 5064 Domino
2575 5003 2868 5061 confideret
2892 5047 2905 5070 ,
2932 5017 3152 5070 eamque
3177 4995 3508 5052 benedictio-

1921 5119 2044 5166 ‘nem
2085 5104 2332 5178 congruis
2368 5097 2548 5158 itidem
2589 5097 3023 5153 similitudinibus
3050 5100 3294 5155 texet'ct;
3331 5087 3509 5142 turba-

1920 5199 2066 5257 retur
2106 5197 2328 5252 fortasse
2371 5195 2457 5248 ille
2481 5235 2496 5260 ,
2538 5186 2804 5261 quomodo
2844 5187 2929 5252 ei,
2975 5199 3040 5238 ne
3079 5196 3228 5250 spem
3266 5193 3415 5234 suam
3456 5178 3507 5231 in

1925 5287 2194 5349 hominem
2233 5294 2494 5358 poneret,
2537 5281 2701 5336 Deum
2732 5279 3001 5334 Christum
3032 5272 3468 5328 annuntiaremus
3493 5311 3508 5336 ,

1922 5385 1973 5446 ei
2006 5397 2217 5443 rursum
2246 5387 2366 5438 cum
2395 5393 2500 5434 non
2529 5394 2592 5432 ex
2617 5374 2829 5446 prepria
2860 5375 3042 5424 natura
3069 5409 3083 5430 ,
3113 5363 3206 5420 sed
3236 5381 3300 5420 ex
3328 5373 3510 5418 nostra

1924 5479 2244 5538 mortalitate
2283 5471 2529 5544 sustepta
2568 5459 2837 5524 hominem
2879 5463 3193 5516 diceremus.
3245 5459 3336 5514 Sic
3365 5459 3509 5513 enim

1921 5576 2135 5648 quidam
2164 5573 2328 5626 Deum
2351 5565 2617 5624 credendo
2637 5559 2928 5621 Christum,
2955 5564 3009 5609 et
3027 5555 3292 5607 hominem
3318 5567 3510 5621 negan-

1926 5645 1992 5725 do
2024 5663 2370 5722 erraverunt:
2396 5670 2448 5715 et
2477 5670 2661 5712 rursus
2691 5649 2902 5728 quidam
2937 5647 3205 5702 hominem
3236 5645 3469 5716 putando
3493 5684 3508 5706 ,

1925 5757 1980 5819 El
2005 5761 2170 5815 Deum
2201 5743 2460 5825 negando,
2496 5749 2586 5802 aut
2610 5749 3064 5814 Contempserunt,
3099 5743 3189 5793 aut
3214 5739 3267 5795 in
3296 5735 3511 5792 homine

1989 5985 2008 6017 ί
2042 5992 2143 6034 am.
2164 5986 2237 6032 Er.
2262 5989 2372 6031 cum
2387 5975 2607 6040 pluribus
2629 5978 2756 6034 Mss,
2775 5965 3032 6021 πωγωνίας.
