4052 6430
563 433 670 493 287

564 568 718 627 spem
743 566 895 608 suam
921 559 1199 622 ponentes,
1226 548 1280 602 in
1307 545 1435 601 illud
1460 542 1801 599 maledictum
1829 537 2148 593 inciderunt.

565 646 665 705 Hic
697 660 823 717 ergo
850 646 949 701 iste
976 644 1186 716 gentilis
1215 642 1259 696 si
1290 639 1611 703 turbaretur,
1641 636 1844 691 diceret
1872 640 2057 688 contra
2087 629 2153 685 ﬁ-

561 741 689 796 dem
720 747 958 794 nostram
994 739 1153 793 istum
1182 734 1497 805 prophetam
1529 731 1763 787 locutum
1794 728 1959 784 fuisse
1989 743 2003 780 :
2030 724 2154 797 quia

566 847 664 887 nos
694 831 989 886 secundum
1016 827 1361 899 apostolicam
1384 823 1682 880 doctrinam
1702 837 1810 878 non
1830 828 2154 876 tantummo-

560 924 634 979 do
661 924 826 977 Deum
852 922 1121 976 Christum
1145 918 1466 982 diceremus,
1491 915 1620 970 utin
1644 930 1709 970 eo
1733 928 1855 983 spes
1875 909 2154 968 securissi-

563 1028 650 1067 me
688 1022 949 1081 ponatur,
981 1009 1075 1065 sed
1104 1008 1265 1064 etiam
1295 1007 1639 1063 Mediatorem
1668 1005 1765 1060 Dei
1795 1014 1849 1059 et
1875 1004 2151 1058 hominum

562 1105 836 1158 hominem
881 1102 1062 1157 Jesum
1108 1100 1152 1173 (1
1182 1100 1318 1154 Tim.
1356 1115 1414 1165 ιι,
1446 1099 1537 1168 5);
1568 1098 1727 1151 istum
1766 1103 1944 1150 autem
1983 1094 2151 1147 Deum

564 1204 767 1249 tantum
795 1194 1013 1258 dixisse,
1039 1192 1107 1248 de
1128 1201 1315 1246 natura
1337 1205 1467 1246 vero
1486 1189 1718 1243 humana
1740 1187 1941 1241 nullam
1961 1184 2153 1239 fecisse

564 1287 889 1341 mentionem
916 1303 929 1338 :
955 1284 1150 1339 ibidem
1179 1282 1419 1353 ejusdem
1442 1281 1717 1352 prophetae
1737 1292 1923 1333 vocem
1945 1275 2154 1331 audiret

560 1394 623 1432 se
653 1378 987 1433 admonentis
1017 1384 1072 1431 et
1100 1375 1438 1445 corrigentis,
1469 1372 1630 1427 Grave
1658 1388 1743 1426 cor
1772 1387 1862 1441 per
1886 1369 2077 1436 omnia,
2108 1375 2155 1422 et

563 1470 714 1524 homo
738 1480 832 1534 est,
861 1479 905 1523 et
931 1470 1040 1540 quis
1065 1480 1296 1539 agnoscet
1320 1485 1433 1522 eum
1454 1466 1666 1535 (Jerem.
1693 1480 1829 1529 xvii,
1858 1463 2005 1534 5-9)?
2029 1462 2154 1518 Ideo

561 1564 763 1633 quippe
800 1564 949 1618 homo
970 1606 984 1629 ,
1027 1572 1085 1617 ut
1119 1577 1307 1633 graves
1345 1560 1507 1616 corde
1541 1575 1636 1629 per
1665 1559 1890 1613 formam
1916 1556 2057 1613 servi
2086 1570 2153 1611 ex

565 1653 671 1708 ﬁde
698 1664 1033 1719 sanarentur,
1064 1660 1117 1708 et
1141 1668 1260 1708 eum
1291 1659 1640 1721 agnoscerent
1685 1651 1873 1713 Deum,
1901 1648 1990 1717 qui
2039 1661 2155 1716 pro-

572 1755 690 1815 pter
729 1760 822 1801 eos
863 1745 1029 1800 iactus
1072 1753 1153 1799 est
1181 1744 1372 1807 homo,
1394 1757 1459 1796 ne
1487 1742 1540 1797 in
1571 1741 1788 1796 homine
1817 1754 1940 1809 spes
1968 1752 2153 1793 eorum

563 1845 746 1904 esset,
792 1836 887 1893 sed
924 1838 976 1891 in
1008 1835 1223 1892 homine
1249 1837 1379 1891 Deo.
1419 1835 1486 1890 Et
1516 1843 1693 1889 tamen
1716 1875 1732 1902 ,
1765 1849 1915 1905 grave
1941 1848 2028 1886 cor
2066 1847 2156 1902 per

562 1929 737 1983 omnia
758 1971 774 1996 ,
818 1937 863 1982 et
901 1929 1049 1983 homo
1078 1937 1148 1982 est
1177 1944 1195 1982 :
1228 1929 1444 1998 formam
1481 1927 1606 1981 servi
1642 1926 1909 1995 accipiens.
1942 1924 2011 1978 Et
2042 1923 2155 1995 quis

563 2020 790 2092 agnoscit
816 2036 927 2073 eum
948 2021 971 2073 ?
995 2021 1080 2089 qui
1105 2036 1221 2074 cum
1244 2020 1298 2072 in
1330 2022 1493 2091 forma
1514 2018 1609 2071 Dei
1632 2025 1775 2084 esset,
1798 2034 1898 2071 non
1919 2016 2155 2085 rapinam

564 2112 837 2165 arbitratus
860 2122 932 2167 est
957 2127 1064 2166 esse
1091 2111 1298 2181 (equalis
1326 2109 1433 2165 Deo
1465 2108 1734 2183 (Philipp.
1763 2123 1834 2175 ιι,
1864 2109 1894 2161 7
1915 2147 1930 2173 ,
1962 2104 2053 2177 6).
2091 2105 2156 2159 Ει

569 2203 722 2258 homo
749 2213 822 2257 est
844 2219 862 2257 :
883 2204 1005 2274 quia
1045 2202 1259 2257 Verbum
1283 2220 1400 2256 caro
1430 2202 1621 2272 factum
1649 2208 1738 2268 est,
1771 2209 1816 2255 et
1842 2200 2079 2255 habitavit
2101 2200 2157 2254 in

568 2295 732 2349 nobis.
757 2292 826 2348 Et
849 2295 959 2365 quis
979 2304 1209 2365 agnoscet
1236 2311 1347 2349 eum
1364 2295 1389 2345 ?
1411 2295 1533 2363 quia
1550 2294 1602 2347 in
1626 2294 1874 2365 principio
1899 2302 2005 2348 erat
2032 2291 2157 2348 Ver-

567 2388 704 2454 bum,
733 2398 778 2443 et
814 2387 1031 2443 Verbum
1060 2397 1169 2443 erat
1196 2387 1334 2458 apud
1361 2387 1543 2454 Deum,
1574 2397 1620 2441 et
1647 2386 1785 2440 Deus
1805 2396 1911 2441 erat
1944 2386 2156 2440 Verbum

567 2478 745 2550 (Joan.
779 2495 816 2541 ι,
848 2479 934 2545 14,
968 2476 1043 2550 l).
1075 2478 1143 2533 Et
1170 2493 1296 2533 vere
1322 2493 1474 2549 grave
1496 2494 1582 2531 cor
1610 2494 1697 2547 per
1721 2477 1890 2531 omnia
1912 2493 1931 2531 :
1954 2491 2077 2531 nam
2101 2484 2158 2532 et

564 2569 622 2625 in
653 2569 925 2640 discipulis
950 2570 1064 2639 ejus
1094 2569 1265 2641 ipsum
1292 2584 1454 2639 grave
1482 2584 1573 2623 cor
1601 2568 1719 2635 fuit,
1752 2583 1873 2622 cum
1902 2568 1981 2622 eis
2011 2566 2159 2623 dice-

564 2659 689 2728 bat,
734 2659 895 2714 Tanto
934 2670 1153 2729 tempore
1193 2661 1443 2714 vobiscum
1483 2677 1631 2725 sum,
1661 2668 1834 2713 etnon
1859 2659 2157 2730 cognovistis

566 2769 646 2807 me
666 2754 692 2807 ?
719 2753 854 2818 Quid
881 2762 963 2808 est
990 2752 1155 2818 enim,
1183 2751 1348 2806 Tanto
1376 2762 1596 2823 tempore
1621 2752 1873 2805 vobiscum
1894 2767 2027 2819 sum,
2056 2750 2159 2805 nisi

569 2842 713 2913 quod
744 2842 828 2898 hic
854 2842 1067 2909 dicitur,
1100 2840 1167 2895 Et
1194 2842 1342 2896 homo
1370 2842 1486 2897 est?
1513 2841 1649 2909 Quid
1676 2849 1758 2896 est
1786 2850 1963 2896 autem
1991 2841 2120 2897 illud
2138 2881 2154 2907 ,

569 2934 639 2989 Et
673 2952 773 2990 non
807 2936 1105 3006 cognovistis
1134 2952 1211 2988 me
1230 2937 1256 2990 Ρ
1282 2935 1383 2990 nisi
1413 2934 1551 3005 quod
1579 2934 1667 2989 hic
1694 2934 1888 2989 dicitur
1907 2976 1922 3003 ,
1954 2934 2021 2989 Et
2048 2936 2159 3007 quis

568 3034 803 3096 agnoscet
826 3041 938 3078 eum
958 3025 984 3079 ?
1006 3025 1195 3093 Quem,
1223 3025 1324 3079 nisi
1349 3041 1470 3081 eum
1497 3025 1585 3095 qui
1612 3024 1757 3090 dicit,
1789 3024 1890 3091 Qui
1913 3041 1991 3079 me
2010 3026 2155 3095 vidit,

570 3117 694 3170 vidit
718 3125 763 3170 et
788 3114 997 3170 Patrem
1023 3115 1132 3185 (Id.
1159 3132 1265 3182 xiv,
1291 3116 1390 3186 9)?
1419 3116 1488 3171 Ut
1516 3132 1637 3186 spes
1666 3126 1847 3171 nostra
1872 3131 1977 3172 non
2004 3118 2075 3171 sit
2102 3118 2158 3172 in

570 3207 786 3264 homine
805 3251 821 3275 ,
855 3216 1070 3279 propter
1096 3208 1223 3263 illud
1254 3222 1348 3277 per
1372 3205 1682 3278 prophetam
1710 3207 1909 3262 editum
1937 3207 2160 3263 maledi-

570 3309 714 3356 ctum
740 3302 757 3332 ¹
790 3319 802 3353 :
832 3301 925 3357 sed
954 3301 1024 3356 sit
1050 3300 1105 3355 in
1141 3300 1356 3356 homine
1391 3300 1501 3355 Deo
1521 3341 1536 3366 ,
1569 3299 1623 3354 id
1656 3307 1738 3355 est
1760 3340 1775 3367 ,
1817 3300 1870 3353 in
1897 3298 2033 3353 Filio
2063 3299 2159 3356 Dei

571 3391 848 3447 Salvatore
876 3390 1001 3447 Jesu
1029 3390 1244 3446 Christo
1269 3433 1284 3459 ,
1315 3390 1604 3446 Mediatore
1631 3389 1727 3445 Dei
1757 3398 1812 3445 et
1841 3389 2114 3446 hominum
2139 3407 2155 3456 ;

572 3492 628 3539 et
652 3500 757 3555 quo
784 3485 938 3539 Pater
973 3484 1143 3554 major
1166 3493 1249 3540 est
1274 3492 1493 3554 propter
1516 3483 1740 3537 formam
1768 3482 1908 3538 servi
1933 3524 1948 3551 ,
1981 3490 2036 3538 et
2061 3483 2157 3553 qui

575 3574 720 3630 Patri
746 3575 962 3646 arqualis
986 3584 1069 3631 est
1093 3582 1309 3646 propter
1337 3574 1561 3628 formam
1593 3573 1707 3629 Dei.

642 3666 870 3723 CAPUT
911 3666 1076 3721 IX.—
1094 3666 1230 3721 Dicit
1257 3674 1311 3720 et
1336 3665 1496 3720 Isaias
1516 3682 1529 3719 :
1552 3663 1917 3719 Humiliabitur
1943 3673 1990 3720 et
2014 3666 2162 3722 cadet

573 3759 877 3814 contumelia
902 3756 1162 3813 hominum
1188 3760 1232 3827 ³,
1263 3768 1312 3813 et
1341 3758 1641 3812 exaltabitur
1667 3756 1916 3813 Dominus
1942 3759 2078 3814 solus
2105 3760 2161 3814 in

572 3849 665 3903 illa
692 3850 772 3904 die
794 3864 813 3903 :
839 3857 886 3903 et
908 3850 1137 3904 manibus
1163 3848 1409 3919 fabricata
1432 3848 1603 3903 omnia
1626 3849 1931 3903 abscondent
1956 3850 2011 3903 in
2039 3866 2158 3921 spe-

577 3938 738 3992 luncis
779 3948 826 3993 et
868 3939 920 3992 in
949 3938 1177 3999 scissuris
1216 3946 1472 4009 petrarum
1498 3946 1545 3993 et
1580 3940 1634 3991 in
1662 3940 1886 3993 cavernis
1913 3947 2060 3995 terra:
2081 3981 2096 4007 ,
2128 3959 2162 3995 a

576 4032 705 4103 facie
746 4032 937 4086 timoris
976 4030 1185 4085 Domini
1217 4040 1265 4087 et
1304 4048 1337 4086 a
1367 4031 1625 4101 maiestate
1651 4032 1847 4086 virtutis
1884 4035 2011 4104 ejus,
2046 4049 2163 4088 cum

576 4125 846 4178 surrexerit
887 4124 1202 4195 confringere
1246 4132 1449 4179 terram.
1500 4123 1607 4179 Illa
1648 4125 1781 4179 enim
1819 4125 1901 4180 die
1930 4112 2162 4199 proficiet

578 4217 727 4272 homo
755 4216 1148 4272 abominationes
1177 4233 1357 4272 aureas
1385 4226 1433 4272 et
1458 4225 1720 4288 argenteas
1739 4259 1753 4283 ,
1785 4234 1911 4287 quas
1939 4222 2162 4289 fecerunt

576 4318 633 4365 ut
658 4311 925 4365 adorarent
949 4326 1317 4381 supervacanea
1346 4319 1393 4364 et
1422 4310 1572 4364 noxia
1595 4309 1743 4378 (Isai.
1773 4325 1831 4376 ιι,
1864 4310 2065 4381 17-20).
2094 4310 2164 4365 Et

577 4401 713 4458 forte
752 4400 852 4457 iste
888 4401 1133 4471 gentilis,
1174 4417 1332 4473 quem
1370 4400 1790 4466 cateehizamus,
1834 4416 1991 4471 quem
2028 4401 2164 4456 dixit

577 4498 803 4553 Faustus
827 4513 945 4553 cum
972 4497 1084 4552 risu
1108 4497 1373 4553 dicturum
1388 4525 1417 4565 ,-
1430 4495 1548 4550 Non
1575 4495 1736 4551 credo
1756 4495 2036 4566 Pmphetis
2059 4495 2163 4551 He-

576 4592 734 4648 braeis
760 4633 776 4658 ,
807 4592 982 4660 aliqua
1011 4605 1170 4644 manu
1196 4588 1450 4644 fabricata
1478 4587 1619 4642 idola
1649 4586 1928 4642 abscondit
1954 4588 2008 4643 in
2032 4602 2161 4658 spe-

577 4683 730 4738 lunca
754 4724 770 4749 ,
805 4692 895 4737 aut
922 4683 975 4737 in
1004 4682 1233 4737 scissura
1264 4688 1430 4750 petrae
1456 4720 1469 4744 ,
1500 4688 1592 4734 aut
1618 4680 1673 4733 in
1702 4694 1931 4734 caverna
1959 4688 2118 4734 terra:
2141 4719 2158 4747 ,

577 4787 665 4832 aut
692 4777 923 4847 aliquem
947 4776 1176 4830 amicum
1202 4788 1355 4828 suum
1383 4772 1483 4827 scit
1510 4771 1611 4827 hoc
1636 4771 1845 4837 fecisse,
1880 4780 1970 4826 aut
2001 4772 2053 4825 in
2079 4770 2161 4825 ci-

577 4870 756 4935 vitate,
788 4869 871 4923 vel
898 4868 952 4922 in
982 4866 1145 4921 fundo
1171 4880 1269 4921 suo
1297 4865 1396 4921 scit
1422 4865 1617 4920 factum
1648 4877 1766 4918 esse
1790 4878 1821 4916 a
1846 4862 1980 4917 facie
2007 4863 2165 4917 timo-

578 4963 649 5017 ris
680 4960 881 5014 Domini
909 5001 922 5023 ,
955 4958 1044 5028 qui
1069 4972 1163 5027 per
1188 4972 1341 5028 reges
1369 4966 1525 5012 terrae
1550 4997 1565 5022 ,
1596 4955 1889 5010 secundum
1918 4954 2162 5011 eamdem

579 5052 930 5122 prophetiam,
949 5052 1061 5121 jam
1091 5050 1190 5105 sibi
1217 5057 1513 5105 sementes
1543 5062 1707 5117 seque
1732 5046 2041 5115 adorantes,
2071 5062 2162 5104 se-

580 5144 868 5199 \erissimis
912 5144 1114 5214 legibus
1151 5153 1347 5198 terram
1376 5139 1660 5210 confringit
1684 5182 1697 5207 ,
1731 5140 1783 5194 id
1811 5148 1893 5196 est
1916 5184 1930 5205 ,
1963 5144 2164 5198 terreni

578 5237 751 5289 cuntis
788 5233 979 5304 frangit
1022 5233 1315 5289 audaciam.
1359 5230 1636 5299 Quomodo
1676 5246 1804 5301 ergo
1839 5230 2013 5299 dicat,
2046 5232 2163 5289 Non

578 5327 735 5380 crudo
766 5326 1045 5396 Prophetis
1073 5324 1343 5390 Hebraeis,
1376 5337 1497 5377 cum
1525 5330 1581 5378 et
1603 5323 1657 5377 in
1686 5338 1746 5379 se
1776 5323 1893 5394 ipso
1921 5324 2163 5395 comple-

580 5430 686 5473 tum
716 5419 853 5475 forte
878 5425 1181 5489 cognoscat,
1210 5415 1353 5486 quod
1377 5415 1502 5471 olim
1528 5414 1844 5485 praedictum
1868 5424 1950 5472 est
1974 5432 2006 5473 a
2033 5417 2164 5473 Pro-

581 5513 754 5575 phetis
781 5511 1037 5567 Hebraeis.

649 5606 872 5662 CAPUT
909 5605 978 5659 X.
1018 5602 1180 5672 Magis
1212 5602 1502 5659 verendum
1531 5609 1675 5671 erat,
1708 5618 1777 5659 ne
1803 5610 1947 5658 tanta
1977 5617 2163 5659 rerum

579 5698 842 5755 evidentia
868 5693 1221 5751 circumfusus
1242 5735 1257 5761 ,
1285 5694 1514 5752 fortasse
1539 5694 1782 5763 diceret,
1811 5703 2161 5767 posteaquam

644 5858 661 5924 ξ
696 5866 798 5924 Am.
822 5860 973 5924 Erret
989 5853 1182 5924 quidam
1213 5854 1562 5924 Mss._,edictum
1585 5851 1912 5907 maledictum.

642 5920 664 5952 ³
697 5917 887 5981 Aliquot
906 5923 1033 5981 Mss,
1059 5917 1372 5970 contumacia.
1808 5968 1829 5981 ,_
1878 5965 1882 5969 .

1396 425 1669 484 CONTRA
1707 417 2033 479 FAUSTUM
2067 412 2517 483 MAMCHASUM,
2555 412 2614 470 S.
2654 412 3023 472 AUGUSTINI

2002 5963 2052 5999 ’τι
2091 5962 2189 5998 ἠε

2183 6015 2193 6026 ι

2164 6032 2216 6042 --ν

3745 412 3868 472 288

2266 534 2367 590 ista
2390 546 2487 603 per
2509 530 2764 587 mundum
2792 530 2907 588 ﬁeri
2934 535 3236 602 coeperunt,
3256 527 3589 586 Christianos
3611 527 3711 586 has
3734 528 3861 586 Lit-

2264 632 2409 682 teras
2445 625 2811 695 composuisse
2839 666 2856 692 ,
2889 631 2950 678 ut
2976 631 3102 679 ante
3129 622 3383 678 divinitus
3412 622 3665 692 praedicta
3695 628 3861 691 puta-

2262 726 2469 787 rentur,
2508 733 2579 772 ne
2603 715 2758 788 quasi
2787 726 2989 771 temere
3028 714 3336 770 humanitus
3365 713 3501 770 facta
3534 723 3861 770 contemne-

2262 819 2468 867 rentur.
2505 809 2619 865 Hoc
2656 808 2949 865 verendum
2989 815 3124 874 erat,
3167 806 3271 862 nisi
3305 816 3450 863 esset
3488 807 3597 862 late
3634 821 3863 877 sparsus

2263 903 2476 975 lateque
2500 912 2660 960 notus
2686 902 2911 974 populus
2938 900 3245 957 Judmorum
3270 918 3284 953 :
3311 900 3443 956 Cain
3470 899 3561 955 ille
3589 901 3743 971 signo
3766 915 3866 956 ac-

2262 1003 2437 1067 cepto,
2469 1011 2536 1051 ne
2564 996 2633 1051 ab
2659 996 2838 1067 aliquo
2863 994 3215 1050 interﬁciatur
3240 992 3391 1068 (Gen.
3417 1009 3495 1061 ιν,
3525 993 3613 1066 15)
3636 1036 3650 1061 ,
3682 1002 3738 1051 et
3766 994 3863 1049 ille

2262 1083 2431 1141 Cham
2462 1100 2648 1141 servus
2674 1086 2899 1142 fratrum
2929 1100 3146 1143 suorum
3171 1084 3299 1158 (Id.
3330 1101 3383 1140 lx
3406 1125 3424 1153 ,
3447 1084 3560 1158 25)
3591 1086 3863 1156 portando

2262 1176 2474 1245 Libros,
2503 1178 2696 1248 quibus
2722 1178 2797 1233 illi
2826 1178 3162 1246 erudiantur,
3194 1178 3308 1248 ipse
3334 1187 3591 1235 oneretur
3613 1179 3715 1250 (a).
3751 1180 3864 1235 Per

2264 1284 2450 1325 eorum
2472 1271 2669 1341 quippe
2689 1270 2901 1327 codices
2920 1271 3230 1341 probamus,
3253 1286 3360 1327 non
3381 1286 3411 1325 a
3430 1271 3585 1327 nobis
3601 1280 3858 1342 tanquam

2263 1360 2332 1416 de
2354 1375 2534 1416 rerum
2559 1370 2755 1417 eventu
2781 1361 3121 1417 commonitis
3145 1362 3246 1417 ista
3268 1377 3389 1418 esse
3408 1364 3731 1434 conscripta,
3760 1362 3860 1418 sed

2261 1454 2390 1510 olim
2433 1454 2489 1508 in
2532 1454 2623 1508 illo
2651 1468 2817 1524 regno
2855 1453 3106 1524 praedicta
3134 1461 3295 1525 atque
3323 1462 3553 1520 servata,
3586 1470 3725 1510 nunc
3756 1469 3859 1509 au-

2262 1554 2373 1601 tem
2410 1546 2743 1601 manifestata
2773 1554 2829 1600 et
2855 1545 3070 1617 impleta
3102 1564 3114 1599 :
3144 1546 3195 1600 in
3225 1544 3418 1617 quibus
3446 1555 3501 1602 et
3540 1562 3601 1603 ea
3632 1562 3752 1618 quae
3782 1547 3861 1602 ibi

2262 1638 2440 1694 minus
2466 1637 2748 1708 perspicua
2772 1646 2917 1705 sunt,
2939 1637 3064 1708 quia
3082 1638 3136 1691 in
3157 1636 3324 1709 ﬁgura
3343 1638 3693 1710 contingebant
3711 1639 3818 1693 illis
3836 1656 3860 1704 ;

2262 1730 2451 1799 scripta
2477 1739 2597 1784 sunt
2619 1738 2788 1784 autem
2818 1739 3025 1801 prapter
3048 1744 3160 1795 nos,
3186 1730 3241 1783 in
3264 1745 3390 1800 quos
3414 1730 3533 1799 ﬁnis
3552 1731 3858 1785 seculorum

2261 1820 2453 1875 obvenit
2481 1820 2529 1891 (ι
2553 1819 2671 1877 Cor.
2698 1837 2755 1887 ι,
2784 1820 2875 1893 H)
2894 1862 2910 1889 ,
2934 1821 3046 1893 jam
3076 1835 3218 1876 nunc
3240 1820 3501 1877 illustrata
3528 1822 3853 1890 solvuntur;

2261 1921 2316 1968 et
2342 1928 2461 1983 quae
2487 1913 2692 1969 umbris
2718 1913 3013 1968 futurarum
3038 1911 3216 1969 adhuc
3241 1926 3423 1969 rerum
3451 1912 3819 1984 opacabantur
3835 1954 3853 1982 ,

2256 2003 2368 2075 jam
2396 2004 2653 2060 factarum
2683 2004 2805 2062 luce
2828 2002 3263 2061 maniiestantur.

2332 2100 2558 2157 CAPUT
2580 2099 2744 2157 XL—
2758 2100 2923 2156 Forte
2941 2100 3102 2156 etiam
3124 2098 3250 2155 hinc
3274 2114 3335 2156 se
3353 2099 3554 2156 diceret
3576 2114 3859 2171 permove-

2260 2196 2330 2261 ri,
2362 2196 2506 2267 quod
2544 2196 2669 2268 ipsi,
2690 2197 2745 2252 in
2771 2212 2999 2268 quorum
3024 2196 3199 2254 Libris
3217 2197 3333 2254 hac
3352 2198 3705 2255 inveniuntur
3731 2215 3857 2256 esse

2261 2288 2613 2359 praenuntiata
2633 2331 2649 2356 ,
2678 2304 2799 2360 quae
2827 2304 2971 2345 nunc
2994 2298 3289 2346 cernuntur
3314 2290 3537 2362 impleta
3556 2332 3571 2360 ,
3617 2307 3724 2348 non
3751 2305 3855 2347 no-

2260 2380 2468 2438 biscum
2512 2391 2696 2438 tenent
2739 2382 2982 2455 ejusdem
3021 2382 3297 2456 Evangelii
3340 2385 3673 2441 societatem.
3718 2382 3858 2440 Cum

2260 2488 2390 2529 vero
2427 2473 2708 2530 doceretur
2746 2475 2908 2532 etiam
2941 2475 3044 2532 hoc
3082 2476 3151 2532 ab
3191 2476 3395 2534 eisdem
3424 2476 3706 2549 Prophetis
3732 2492 3857 2533 esse

2262 2564 2573 2636 praedictum
2600 2608 2617 2633 ,
2648 2575 2904 2638 quantum
2933 2574 3237 2624 moveretur
3263 2568 3332 2624 ad
3361 2568 3562 2637 ﬁdem;
3592 2569 3711 2641 quis
3739 2578 3855 2625 tam

2262 2654 2488 2712 demens
2515 2666 2597 2714 est
2617 2699 2632 2725 ,
2662 2668 2723 2713 ut
2749 2673 2859 2715 non
2885 2659 3104 2715 videat?
3134 2660 3253 2731 quis
3277 2671 3388 2717 tam
3414 2660 3695 2732 impudens
3731 2663 3750 2693 ¹
3795 2671 3853 2717 ut

2263 2763 2324 2805 se
2363 2749 2545 2806 videre
2595 2749 2937 2807 dissimulet?
2965 2752 3095 2821 Quis
3124 2752 3267 2808 enim
3297 2753 3507 2809 dubitet
3532 2754 3635 2810 hoc
3661 2754 3727 2810 de
3755 2754 3856 2810 Ju-

2263 2838 2396 2896 dteis
2424 2838 2589 2897 fuisse
2615 2842 2989 2913 prophetatum
3013 2885 3030 2911 ,
3069 2858 3191 2900 cum
3234 2844 3398 2901 Isaias
3430 2844 3609 2912 dicat,
3643 2845 3860 2916 Agnovit

2264 2929 2353 2984 bos
2391 2947 2724 3001 possessorem
2764 2950 2914 2988 suum
2935 2976 2951 3002 ,
2983 2942 3030 2989 et
3054 2936 3230 2990 asinus
3256 2951 3480 3008 prasepe
3506 2936 3698 2991 domini
3732 2938 3858 3005 sui;

2262 3018 2431 3075 Israel
2458 3032 2628 3077 autem
2654 3040 2733 3078 me
2757 3041 2859 3080 non
2886 3026 3139 3097 cognovit,
3168 3034 3216 3080 et
3242 3026 3622 3102 populus‘meus
3650 3043 3730 3082 me
3756 3044 3861 3082 non

2262 3114 2510 3171 intellexit
2533 3116 2688 3189 (Isai.
2716 3134 2735 3172 ι
2754 3159 2769 3185 ,
2800 3119 2853 3190 5)
2882 3135 2897 3186 ;
2926 3126 3019 3174 aut
3046 3119 3177 3175 illud
3215 3119 3358 3190 quod
3387 3121 3674 3190 Apostolus
3701 3135 3862 3177 com-

2263 3217 2565 3275 memorat,
2600 3209 2727 3265 Tota
2762 3210 2844 3265 die
2878 3211 3098 3282 expandi
3132 3228 3312 3267 manus
3351 3228 3490 3267 meas
3517 3213 3586 3265 ad
3612 3212 3862 3283 populum

2266 3315 2369 3354 non
2409 3300 2691 3355 credentem
2730 3311 2778 3356 et
2815 3303 3234 3358 contradicentem
3276 3302 3513 3374 (Roma:
3538 3345 3554 3371 ,
3579 3304 3646 3360 21
3678 3320 3695 3370 ;
3724 3303 3860 3359 Isai.

2264 3405 2370 3445 va
2393 3430 2409 3457 ,
2448 3388 2506 3462 2)
2531 3410 2547 3457 ;
2578 3400 2634 3447 et
2668 3392 2897 3449 maxime
2936 3394 3066 3451 illud
3089 3436 3105 3462 ,
3140 3393 3294 3448 Dedit
3323 3396 3426 3449 illis
3454 3394 3594 3450 Deus
3621 3396 3863 3467 spiritum

2264 3484 2667 3554 compunctionis
2685 3525 2700 3551 ,
2743 3485 2914 3541 oculos
2941 3495 2997 3540 ut
3025 3502 3126 3540 non
3153 3484 3388 3553 videant,
3416 3496 3465 3542 et
3492 3503 3637 3543 aures
3665 3500 3721 3541 ut
3760 3504 3865 3543 non

2264 3575 2478 3630 audiant
2505 3585 2553 3630 et
2580 3592 2682 3632 non
2707 3578 2989 3650 intelligant
3014 3577 3209 3651 (Rom.
3233 3596 3309 3647 xl,
3342 3580 3411 3647 8;
3439 3579 3565 3637 Isai.
3598 3598 3670 3647 vr,
3704 3582 3776 3638 10
3801 3583 3860 3655 );

2265 3676 2323 3724 et
2351 3668 2514 3723 multa
2544 3668 2850 3739 hujusmodi
2870 3669 2894 3723 ?
2918 3669 3070 3738 Quod
3096 3670 3141 3725 si
3167 3670 3391 3740 diceret,
3421 3672 3559 3741 Quid
3583 3687 3712 3743 ergo
3736 3689 3865 3743 pee-

2266 3768 2525 3816 caverunt
2551 3759 2720 3815 Judaei
2743 3801 2758 3827 ,
2790 3761 2837 3816 si
2866 3760 3007 3816 Deus
3036 3760 3157 3816 illos
3185 3762 3472 3817 excaecavit
3501 3779 3569 3818 ne
3596 3778 3859 3834 agnosce-

2265 3860 2389 3907 rent
2424 3850 2736 3907 Christum?
2769 3860 3028 3922 quantum
3066 3866 3379 3922 possemus,
3417 3853 3707 3910 imbuendo
3741 3857 3865 3911 rudi

2266 3942 2472 3998 homini
2510 3943 2917 3999 ostenderemus
2953 3960 3021 4001 ex
3056 3944 3175 4001 aliis
3214 3945 3439 4002 occultis
3478 3948 3714 4017 peccatis
3751 3948 3865 4005 Deo

2265 4034 2511 4105 cognitis,
2543 4034 2729 4091 venire
2749 4033 2951 4105 justam
2976 4049 3188 4105 poenam
3214 4036 3371 4107 hujus
3401 4038 3655 4093 caecitatis
3682 4056 3695 4091 :
3721 4040 3866 4109 quod

2266 4137 2375 4179 non
2403 4124 2575 4180 solum
2601 4124 2801 4180 dixisse
2826 4124 3146 4195 Apostolum
3173 4125 3242 4183 de
3268 4126 3607 4199 quibusdam,
3642 4128 3867 4201 Pr0ptcr

2267 4215 2362 4269 hoc
2388 4214 2598 4269 tradidit
2621 4216 2737 4270 illos
2760 4213 2902 4270 Deus
2925 4215 2980 4270 in
3001 4218 3459 4286 concupiscentiam
3477 4219 3645 4275 cordis
3666 4236 3864 4290 eorum,

2267 4306 2347 4361 vel
2368 4308 2421 4361 in
2450 4307 2718 4377 reprobum
2746 4324 2983 4375 sensum,
3010 4319 3065 4363 ut
3089 4310 3281 4381 faciant
3302 4327 3418 4382 qute
3438 4328 3541 4367 non
3565 4314 3868 4369 conveniunt

2268 4396 2446 4468 (Rom.
2468 4413 2506 4464 ι,
2528 4398 2620 4465 24,
2642 4396 2757 4469 28),
2782 4399 3053 4454 volentem
3076 4400 3362 4456 ostendere
3380 4402 3620 4472 quasdam
3646 4413 3867 4474 peccata

2266 4488 2548 4545 manifesta
2566 4529 2581 4554 ,
2613 4505 2677 4544 ex
2706 4504 2865 4561 poena
2893 4491 3078 4547 venire
3106 4493 3461 4563 quorumdam
3485 4495 3863 4564 occultorum;

2265 4581 2364 4636 sed
2400 4596 2500 4637 nec
2539 4582 2685 4651 ipsos
2724 4581 2827 4637 hoc
2856 4583 3090 4639 tacuisse
3128 4582 3431 4655 Prophetas
3460 4585 3866 4645 demonstrare-

2266 4689 2407 4730 mus.
2432 4674 2567 4730 Nam
2591 4690 2657 4730 ne
2685 4689 2901 4745 pergam
2930 4675 3167 4747 longius,
3202 4677 3343 4734 idem
3368 4679 3725 4737 Jeremias'eo
3747 4682 3867 4754 ipso

2266 4765 2385 4822 loco
2404 4807 2419 4832 ,
2452 4766 2542 4821 ubi
2571 4765 2683 4831 ait,
2714 4764 2784 4820 Et
2813 4754 2964 4822 homo
2989 4777 3060 4824 est
3083 4810 3099 4836 ,
3131 4778 3179 4823 et
3203 4770 3318 4840 quis
3345 4780 3582 4843 agnoscet
3608 4788 3723 4827 eum
3746 4773 3774 4827 ἵ
3799 4790 3868 4830 ne

2266 4858 2415 4929 quasi
2441 4856 2544 4913 hoc
2567 4857 2684 4928 ipso
2705 4862 2945 4915 excusati
2965 4870 3148 4917 essent
3166 4860 3363 4930 Judaei,
3385 4863 3511 4933 quia
3532 4879 3640 4920 non
3662 4879 3869 4936 cogno-

2266 4960 2478 5019 verunt,
2518 4950 2581 5006 Si
2619 4952 2750 5005 enim
2784 4953 3145 5023 cognovissent,
3188 4953 3327 5009 sicut
3367 4955 3671 5025 Apostolus
3712 4956 3864 5027 dicit,

2267 5058 2523 5112 nunquam
2550 5041 2824 5096 Dominum
2848 5044 3025 5114 gloria:
3054 5043 3421 5113 cruciﬁxissent
3454 5044 3496 5118 (Ι
3522 5045 3640 5100 Cor.
3666 5062 3735 5111 ιι,
3765 5046 3823 5117 8)
3849 5065 3864 5115 ;

2268 5136 2526 5206 sequitur,
2568 5144 2625 5191 et
2661 5134 2897 5192 ostendit
2937 5136 3132 5191 occulti
3171 5150 3359 5192 eorum
3398 5138 3573 5194 meriti
3608 5138 3777 5196 fuisse
3809 5149 3870 5197 ut

2267 5243 2377 5283 non
2405 5235 2806 5299 cognoscerent.
2840 5228 2928 5283 Ait
2959 5230 3102 5284 enim
3132 5247 3147 5284 :
3176 5228 3288 5302 Ego
3322 5229 3573 5288 Dominus
3596 5274 3611 5298 ,
3638 5234 3863 5290 interro-

2267 5336 2391 5391 gans
2416 5319 2571 5375 corda
2590 5361 2606 5387 ,
2636 5329 2683 5373 et
2710 5318 2930 5390 probans
2952 5335 3094 5374 renes
3116 5361 3134 5385 ,
3170 5330 3224 5375 ut
3251 5320 3367 5376 dem
3390 5324 3658 5395 unicuique
3683 5341 3869 5381 secun-

2268 5410 2390 5465 dum
2413 5412 2518 5465 vias
2541 5411 2671 5481 ejus,
2693 5418 2738 5465 et
2760 5410 3034 5464 secundum
3059 5414 3277 5483 fructum
3302 5414 3587 5469 studiorum
3614 5416 3747 5487 ejus.

2337 5501 2563 5559 CAPUT
2578 5502 2766 5557 Xll.——
2779 5502 2948 5559 Porro
2969 5505 3015 5560 si
3029 5504 3131 5560 hoc
3152 5506 3367 5575 gentilis
3398 5506 3488 5563 ille
3513 5517 3826 5566 moveretur
3844 5551 3865 5581 ,

2268 5612 2365 5653 cur
2391 5597 2552 5652 etiam
2579 5594 2682 5665 ipsi
2719 5596 2809 5665 qui
2846 5596 3183 5667 appellantur
3219 5596 3548 5670 Christiani,
3578 5601 3632 5658 in
3660 5602 3864 5660 multas

2269 5689 2503 5746 htereses
2531 5686 2810 5758 variasque
2834 5686 3116 5745 discedunt
3144 5708 3159 5746 :
3184 5705 3360 5764 neque
3386 5692 3491 5755 hoc
3519 5710 3551 5752 a
3574 5694 3868 5775 Prophetis

2341 5849 2362 5913 ξ
2388 5855 2490 5913 Am.
2507 5853 2561 5897 et
2579 5846 2747 5909 plures
2767 5852 2897 5913 Mss,
2912 5845 3210 5913 imprudens.

2343 5909 2415 5973 (a)
2438 5914 2712 5971 uttetract.,
2738 5922 2842 5973 cap.
2864 5912 2912 5976 7,
2938 5909 2990 5962 ni
3006 5912 3050 5963 3.
