4052 6430
196 405 306 466 289

195 520 437 579 Hebraeis
482 517 906 592 praetenuissum
953 526 1077 575 esse
1124 513 1462 573 duceremus.
1509 514 1786 584 Tanquam

197 607 340 662 enim
364 612 516 662 esset
537 618 900 676 consequens,
928 610 989 659 ut
1012 601 1210 659 Judaeis
1235 602 1291 657 in
1320 616 1414 657 sua
1435 599 1673 656 caecitate
1697 596 1792 652 de-

197 697 510 753 monstratis
533 738 550 765 ,
580 696 684 752 hoc
712 696 790 750 illi
819 694 1029 752 veniret
1055 693 1112 750 in
1149 702 1382 762 mentem
1408 734 1424 760 ,
1461 690 1603 762 quod
1628 689 1790 744 etiam

197 791 350 848 multi
391 791 494 846 sub
533 793 750 845 nomine
791 787 1099 844 Christiano
1132 787 1200 842 ab
1229 786 1343 858 ipsa
1369 783 1670 842 Christiana
1697 797 1790 838 so-

199 883 392 937 cietate
429 880 710 937 deviarent
732 921 748 948 ,
779 879 894 950 ipse
924 878 1184 934 Jeremias
1209 919 1224 944 ,
1254 877 1400 932 velut
1428 871 1792 930 catechizandi

198 974 447 1030 ordinem
474 972 631 1029 nobis
659 971 954 1038 insinuans,
978 969 1232 1025 continuo
1257 967 1483 1038 subjecit
1507 984 1521 1020 :
1545 963 1794 1019 Clamavit

201 1065 400 1137 perdix,
448 1063 770 1136 congregavit
811 1078 924 1133 qua:
960 1077 1064 1116 non
1103 1061 1326 1133 peperit,
1368 1059 1556 1130 faciens
1595 1056 1797 1111 divitias

203 1174 320 1211 suos
344 1173 449 1211 non
469 1173 586 1211 cum
600 1155 822 1228 judicio.
847 1153 1035 1210 Perdix
1058 1154 1201 1210 enim
1225 1150 1383 1207 nimis
1403 1165 1501 1205 con
1512 1149 1795 1204 tentiosum

202 1247 440 1314 animal,
469 1255 656 1303 notum
683 1255 766 1302 est
788 1254 982 1316 quanta
1010 1244 1268 1300 aviditate
1294 1243 1460 1313 ipsius
1489 1237 1794 1296 contentio-

205 1341 288 1393 nis
331 1349 517 1396 currat
560 1340 615 1394 in
653 1339 928 1408 laqueum.
971 1336 1086 1392 Non
1127 1337 1268 1392 enim
1308 1335 1580 1410 disputare
1619 1339 1799 1386 amant

203 1430 468 1494 haeretici,
501 1429 596 1486 sed
625 1444 838 1500 quoquo
867 1428 1029 1484 modo
1056 1441 1309 1497 superare
1336 1423 1797 1495 impudentissima

203 1524 507 1596 pervicacia
531 1565 547 1590 ,
580 1531 640 1578 ut
664 1529 992 1593 congregent
1013 1563 1029 1589 ,
1062 1521 1199 1576 sicut
1225 1519 1310 1575 hic
1338 1518 1509 1584 dixit,
1541 1532 1661 1588 qua:
1689 1531 1797 1572 non

205 1623 557 1686 pepererunt.
587 1613 918 1670 Christianos
952 1612 1100 1669 enim
1123 1654 1139 1679 ,
1179 1625 1314 1682 quos
1341 1609 1572 1665 maxime
1600 1607 1801 1664 Christi

203 1709 427 1764 nomine
451 1707 747 1774 seducunt,
771 1705 880 1777 jam
909 1719 1008 1776 per
1031 1703 1198 1774 ipsius
1226 1701 1426 1758 Christi
1450 1699 1796 1770 Evangelium

204 1809 366 1856 natos
405 1799 717 1866 inveniunt,
757 1807 811 1854 et
844 1797 1043 1852 faciunt
1082 1795 1202 1850 illos
1232 1794 1442 1850 divitias
1470 1807 1596 1848 suas
1635 1809 1648 1846 :
1690 1807 1800 1847 non

206 1907 346 1946 sane
369 1905 493 1946 cum
517 1889 724 1960 judicio
745 1931 760 1955 ,
792 1887 884 1942 sed
909 1903 1028 1943 cum
1059 1887 1361 1942 temeritate
1387 1883 1798 1939 inconsiderata.

205 1983 334 2040 Non
376 1982 521 2039 enim
561 1981 864 2052 intelligunt
904 1980 978 2036 ibi
1015 1994 1136 2036 esse
1179 1993 1358 2034 veram
1397 1977 1664 2032 salubrem
1689 2017 1705 2043 ,
1747 1985 1804 2033 et

208 2077 446 2150 quodam
467 2077 626 2134 modo
646 2091 953 2149 germanam
973 2084 1132 2146 atque
1152 2073 1441 2130 radicalem
1456 2071 1803 2128 christianam

209 2171 527 2226 societatem
552 2210 568 2235 ,
610 2168 750 2224 unde
788 2168 921 2224 istos
955 2173 1380 2238 separaverunt,
1421 2178 1558 2235 quos
1585 2163 1652 2219 ad
1681 2177 1805 2218 suas

209 2261 430 2317 divitias
468 2268 872 2332 congregarunt.
904 2259 976 2315 Et
1017 2259 1144 2330 quia
1182 2257 1250 2314 de
1283 2256 1475 2312 talibus
1503 2256 1630 2312 dicit
1657 2257 1804 2323 Apo-

211 2354 427 2423 stolus,
473 2353 614 2410 Sicut
655 2353 786 2408 enim
825 2351 1036 2406 Jamues
1109 2360 1157 2405 et
1223 2348 1475 2403 Mambres
1517 2347 1805 2402 restiterunt

215 2443 390 2517 ιονιξ
410 2487 429 2513 ,
452 2446 524 2501 sic
546 2455 593 2500 et
615 2445 698 2500 isti
721 2445 960 2499 resistunt
994 2442 1227 2507 veritati;
1259 2441 1484 2494 homines
1507 2446 1670 2492 mente
1695 2453 1807 2490 coro

213 2539 360 2608 rupti
383 2580 398 2604 ,
429 2538 624 2609 reprobi
651 2538 785 2592 circa
814 2537 966 2606 [idem
1008 2550 1026 2590 :
1066 2534 1155 2588 sed
1185 2534 1322 2588 ultra
1373 2548 1473 2586 non
1513 2529 1803 2602 proﬁcient,

216 2632 474 2686 timentia
510 2633 640 2686 enim
677 2647 853 2685 eorum
888 2629 1155 2701 manifesta
1187 2627 1280 2681 erit
1315 2625 1564 2691 omnibus,
1601 2626 1728 2678 sicut
1760 2629 1808 2677 et

216 2725 430 2780 illorum
465 2725 556 2794 fuit
579 2723 647 2796 (ll
675 2723 810 2779 Tim.
833 2739 911 2790 ιιι,
935 2722 989 2791 8,
1012 2721 1067 2793 9)
1092 2739 1108 2776 :
1129 2719 1368 2790 sequitur
1389 2727 1442 2774 et
1461 2718 1549 2772 hic
1571 2715 1809 2786 Propbeo

219 2823 299 2883 ta,
325 2825 383 2872 et
409 2815 537 2872 dicit
559 2816 626 2872 de
652 2815 890 2886 perdice,
923 2813 1012 2884 qui
1032 2815 1049 2844 ¹
1071 2811 1409 2883 congregavit
1437 2825 1554 2880 qua:
1578 2823 1682 2864 non
1711 2823 1808 2878 pe-

221 2910 409 2980 perit,
440 2908 506 2964 In
542 2909 751 2964 dimidio
784 2909 981 2963 dierum
1015 2908 1123 2978 ejus
1152 2904 1491 2975 derelinquent
1516 2920 1647 2970 eum,
1674 2911 1721 2958 et
1756 2902 1811 2958 in

221 3001 510 3057 novissimis
546 3001 650 3056 suis
688 3001 782 3055 erit
817 2999 1057 3069 insipiens
1083 3015 1102 3052 :
1127 2997 1179 3053 id
1217 3005 1318 3061 est,
1359 2996 1450 3066 qui
1486 2994 1660 3065 primo
1690 3001 1811 3048 tan-

221 3109 384 3166 quam
414 3108 508 3164 per
539 3092 975 3165 pollicitationem
1002 3101 1058 3146 et
1095 3088 1506 3145 ostentationem
1537 3085 1810 3142 excellen-

221 3186 294 3242 tis
315 3185 592 3257 sapientiae
616 3184 921 3251 seducebat,
951 3183 1053 3240 erit
1076 3182 1353 3254 insipiens,
1382 3180 1435 3236 id
1458 3188 1558 3246 est,
1588 3193 1815 3250 appare-

220 3280 300 3336 bit
324 3280 604 3350 insipiens.
635 3278 726 3334 Eis
753 3277 948 3349 quippe
982 3275 1175 3348 quibus
1215 3273 1386 3344 primo
1423 3272 1636 3344 sapiens
1666 3277 1811 3339 erat,

223 3380 351 3427 tunc
393 3371 498 3426 erit
535 3369 828 3440 insipiens,
870 3382 991 3424 cum
1034 3365 1350 3437 apparebit,
1387 3363 1508 3435 quia
1547 3361 1815 3418 dementia

225 3463 343 3534 eius
369 3472 497 3518 nota
524 3462 627 3517 erit
654 3461 923 3516 omnibus.

293 3554 526 3613 CAPUT
556 3553 691 3609 XIII.
720 3583 793 3593 —
816 3553 883 3608 Et
919 3559 1167 3623 tanquam
1204 3549 1296 3605 ille
1321 3561 1479 3619 quem
1517 3545 1817 3601 catechiza-

225 3665 349 3706 mus
367 3691 384 3715 ,
416 3654 682 3720 quareret
707 3654 761 3702 et
782 3644 988 3701 diceret
1010 3686 1026 3712 ,
1054 3643 1172 3712 Quo
1208 3656 1335 3711 ergo
1357 3641 1509 3710 signo
1537 3638 1818 3693 manifesto

228 3739 406 3796 adhuc
434 3738 720 3810 parvulus,
750 3744 805 3792 et
840 3735 1076 3792 nondum
1105 3733 1294 3789 valens
1321 3731 1573 3802 liquidam
1608 3729 1818 3784 discer-

229 3846 361 3887 nere
390 3845 420 3884 a
446 3838 527 3885 tot
550 3827 824 3885 erroribus
847 3827 1162 3890 veritatem;
1191 3839 1296 3895 quo
1318 3821 1600 3877 manifesto
1627 3820 1821 3876 indicio

228 3923 427 3980 tenebo
466 3921 759 3978 Ecelesiam
789 3917 1006 3986 Christi,
1036 3918 1088 3974 in
1118 3931 1274 3988 quem
1296 3916 1406 3985 jam
1432 3913 1650 3968 credere
1677 3919 1822 3966 tanta

230 4031 423 4072 rerum
451 4023 605 4070 antea
636 4014 1007 4086 praedictarum
1035 4007 1464 4066 manifestatione
1492 4003 1823 4075 compellor?

231 4107 485 4178 sequitur
525 4105 660 4162 idem
717 4104 1008 4178 propheta,
1057 4108 1110 4158 et
1150 4109 1401 4170 tanquam
1442 4107 1619 4152 motus
1661 4095 1821 4150 animi

234 4200 355 4270 ejus
395 4198 790 4254 ordinatissime
833 4195 1138 4266 excipiens,
1170 4192 1328 4248 docet
1365 4206 1486 4246 eum
1532 4188 1823 4244 Ecclesiam

237 4291 435 4346 Christi
476 4291 645 4360 ipsam
675 4303 794 4345 esse
821 4286 1160 4358 praedictam,
1196 4299 1314 4354 quae
1353 4281 1599 4338 omnibus
1627 4279 1828 4335 eminet

238 4392 292 4439 et
317 4392 560 4454 apparet.
594 4383 711 4452 Ipsa
739 4381 881 4438 enim
907 4387 990 4435 est
1013 4376 1168 4434 sedes
1201 4375 1417 4446 gloriae,
1461 4373 1529 4428 de
1569 4387 1668 4442 qua
1700 4370 1828 4427 dicit

241 4478 528 4547 Apostolus
551 4495 566 4530 :
600 4475 870 4546 Temﬂum
904 4472 1036 4526 enim
1069 4469 1160 4523 Dei
1181 4475 1412 4522 sanctum
1436 4475 1528 4533 est,
1555 4470 1688 4532 quod
1713 4464 1828 4519 estis

242 4587 324 4624 eos
354 4570 394 4642 (l
425 4569 546 4624 Cor.
579 4583 658 4634 ιιι,
691 4568 802 4639 l7).
835 4563 986 4621 Unde
1015 4563 1115 4618 iste
1144 4560 1308 4616 dicit:
1342 4558 1501 4614 Sedes
1524 4565 1689 4611 autent
1714 4557 1827 4626 glo-

244 4665 331 4718 ria
353 4664 581 4719 excitata
604 4670 710 4728 est,
741 4657 1076 4728 sanctiﬁcatio
1102 4663 1276 4709 nostra
1311 4649 1520 4723 (Jerem.
1560 4666 1702 4716 xvu,
1738 4649 1831 4704 10-

247 4757 354 4829 ιε).
384 4757 614 4826 Propter
634 4754 734 4810 hos
753 4753 894 4809 enim
916 4758 1093 4806 motus
1115 4746 1476 4820 parvulorum,
1499 4745 1587 4814 qui
1610 4751 1832 4814 possunt

245 4849 424 4905 seduci
452 4848 521 4904 ab
549 4844 884 4907 hominibus,
928 4839 1411 4897 manifestationem
1436 4835 1691 4892 claritatis
1728 4834 1832 4888 Ec-

245 4941 421 4997 clesiae
460 4938 720 4996 Dominus
761 4949 970 5007 quoque
1007 4930 1339 5003 prtevidens,
1369 4929 1476 4996 ait,
1525 4925 1646 4980 Non
1675 4933 1834 4997 potest

248 5034 422 5088 civitas
457 5029 698 5087 abscondi
737 5043 892 5099 supra
931 5031 1153 5079 montem
1198 5020 1468 5076 constituta
1509 5015 1736 5088 (Matth.
1775 5030 1832 5082 v,

251 5124 338 5193 li)
367 5143 378 5175 τ
409 5123 530 5194 quia
559 5121 743 5192 utique
771 5116 912 5172 sedes
948 5113 1126 5186 gloria:
1152 5111 1374 5167 excitata
1409 5117 1514 5174 est,
1545 5106 1836 5176 sanctiﬁca-

255 5217 321 5271 tio
350 5226 553 5282 nostra,
583 5222 642 5270 ut
684 5227 788 5268 non
818 5209 1103 5267 audiantur
1151 5205 1226 5260 illi
1273 5203 1364 5274 qui
1408 5202 1476 5258 ad
1522 5201 1836 5271 religionum

253 5310 510 5366 scissuras
537 5306 861 5367 traducunt,
891 5301 1130 5358 dicentes
1150 5339 1166 5363 ,
1207 5295 1340 5350 Ecce
1363 5294 1443 5348 hic
1481 5302 1551 5347 est
1578 5290 1834 5358 Christus,

255 5417 366 5455 ecce
384 5401 509 5455 illic.
531 5400 719 5454 Partes
746 5396 890 5452 enim
915 5391 1234 5454 ostendunt,
1268 5387 1534 5450 dicentes,
1565 5383 1696 5438 Ecce
1719 5383 1799 5434 In'c
1822 5423 1836 5447 ,

258 5509 369 5546 ecce
394 5491 518 5546 illic.
565 5490 698 5544 Cum
741 5487 830 5542 illa
872 5485 1057 5542 civitas
1096 5496 1256 5552 super
1280 5487 1517 5534 montem
1555 5475 1655 5534 sit;
1683 5486 1842 5543 quem

259 5591 518 5649 montem,
545 5581 648 5636 nisi
677 5595 798 5636 eum
824 5573 1224 5648 quisecundum
1252 5569 1585 5642 prophetiam
1613 5565 1844 5621 Danielis

261 5690 327 5730 ex
353 5690 516 5746 parvo
545 5672 720 5743 lapide
743 5670 929 5735 crevit,
958 5677 1013 5724 et
1037 5667 1204 5722 lactus
1223 5675 1305 5720 est
1329 5677 1483 5719 mons
1504 5673 1745 5732 magnus,
1775 5659 1844 5712 ita

262 5778 326 5825 ut
347 5768 595 5840 impleret
629 5767 932 5822 universam
961 5771 1154 5818 terram
1183 5758 1346 5834 (Dan.
1374 5773 1444 5826 ιι,
1472 5757 1562 5825 54,
1589 5754 1712 5826 '55)?
1739 5752 1849 5809 Nec

331 5901 348 5935 ⁸
383 5905 435 5951 ιιι
452 5897 602 5965 Lugd.
628 5903 681 5950 et
699 5904 840 5958 Ven.,
861 5891 990 5959 qtu‘a.
1045 5896 1102 5944 It.

1367 394 1569 460 LIBER
1606 390 1907 456 TERTIUS
1945 392 2268 454 DECIMUS.

1901 507 1978 564 illi
2014 510 2311 577 audiantur,
2343 507 2433 582 qui
2467 509 2567 566 sub
2603 510 2820 568 nomine
2843 511 2994 583 quasi
3023 497 3246 569 secretae
3273 521 3328 570 et
3356 529 3485 583 apo-

1898 599 2113 672 crypha:
2138 601 2374 657 veritatis
2399 610 2453 657 et
2484 603 2755 658 hominum
2785 604 3068 674 paucitatis
3097 605 3313 670 dicunt,
3356 604 3486 659 Ecce

1899 692 1953 746 in
1990 692 2260 758 cubiculis,
2303 710 2414 749 ecce
2449 695 2503 749 in
2546 695 2739 750 deserto
2779 694 2993 766 (Matth.
3035 713 3187 763 xxiv,
3218 696 3316 763 2'5,
3349 697 3440 767 26)
3471 715 3483 750 :

1900 783 2022 854 quia
2049 801 2150 839 non
2199 794 2357 854 potest
2387 787 2624 841 abscondi
2659 788 2834 844 civitas
2869 806 3020 860 super
3059 800 3278 844 montem
3305 791 3490 844 consti-

1903 885 2028 940 tuta,
2063 877 2184 947 quia
2210 878 2351 932 sedes
2375 880 2552 950 gloriae
2575 880 2797 935 exaltata
2817 890 2910 947 est,
2938 882 3271 950 sanctiﬁcatio
3294 893 3486 936 nostra.

1972 969 2200 1028 CAPUT
2236 971 2376 1027 XIV.
2403 1003 2476 1014 -
2499 971 2630 1028 Cum
2660 989 2786 1044 ergo
2818 975 3030 1044 gentilis
3076 975 3176 1030 iste
3222 976 3303 1030 his
3331 986 3490 1045 atque

1901 1059 2205 1131 hujusmodi
2243 1063 2359 1118 aliis
2391 1065 2704 1119 testimoniis
2736 1065 3117 1134 Prophetarum
3145 1066 3212 1121 de
3243 1080 3491 1135 persecu-

1905 1150 2050 1206 tione
2075 1167 2258 1222 regum
2287 1161 2340 1207 et
2367 1154 2706 1224 pepulerum,
2727 1155 2794 1210 de
2831 1157 2933 1211 lide
2964 1173 3150 1227 regum
3187 1166 3240 1212 et
3273 1158 3490 1227 populo-

1904 1259 2055 1309 rum,
2086 1243 2153 1300 de
2182 1245 2466 1301 abolitione
2494 1245 2778 1314 idolorum,
2806 1247 2872 1302 de
2899 1249 3136 1304 caecitate
3161 1249 3488 1316 Judmorum,

1905 1335 1972 1391 de
2016 1337 2330 1406 probatione
2373 1339 2617 1394 codicum
2662 1341 2730 1394 ab
2786 1341 2914 1410 ipsis
2957 1342 3377 1406 custoditorum,
3424 1343 3493 1398 de

1906 1431 2133 1483 amentia
2159 1429 2552 1497 ltmreticorum,
2585 1431 2652 1486 de
2676 1431 2987 1486 excellentia
3013 1441 3207 1488 sanctae
3237 1434 3492 1490 Ecclesia:

1907 1535 2153 1575 verorum
2175 1530 2227 1575 et
2241 1536 2616 1593 germanorum
2633 1520 3078 1590 Christianorum,
3098 1533 3221 1580 ante
3242 1525 3493 1594 przedicta

1906 1618 1960 1665 et
1983 1626 2125 1666 nunc
2153 1613 2368 1683 impleta
2399 1613 2760 1683 conspiceret;
2795 1613 2918 1685 quid
2961 1614 3221 1670 inveniret
3264 1615 3364 1670 [ide
3407 1615 3493 1669 di-

1905 1704 2094 1774 gnius,
2140 1720 2296 1775 quam
2339 1706 2462 1761 illos
2507 1707 2834 1777 Prophetas,
2876 1709 3067 1779 quibus
3108 1701 3174 1764 de
3221 1709 3495 1765 divinitate

1907 1793 2102 1853 Christi
2131 1798 2354 1870 eligeret
2377 1801 2640 1856 credere?
2668 1802 2878 1857 Etenim
2905 1803 2950 1858 si
2973 1813 3254 1874 antequam
3277 1805 3371 1857 ista
3395 1803 3493 1859 lie-

1907 1898 2061 1957 rent,
2093 1891 2390 1962 ingererem
2421 1893 2603 1964 gentili
2642 1893 2939 1964 Prophetas
2985 1895 3237 1951 Hebraeos
3258 1938 3272 1963 ,
3304 1895 3498 1966 quibus

1908 1998 1971 2039 ea
1999 1983 2170 2039 futura
2198 1986 2459 2053 crederet,
2488 2002 2607 2056 quae
2633 1985 2767 2041 facta
2790 1986 3025 2042 nondum
3051 1986 3275 2054 videret,
3307 1988 3498 2042 merito

1910 2075 2137 2131 fortasse
2164 2077 2364 2132 diceret
2391 2097 2404 2132 :
2445 2077 2579 2146 Quid
2611 2079 2739 2132 mihi
2769 2088 2852 2134 est
2885 2095 3004 2134 cum
3036 2079 3153 2135 istis
3178 2079 3457 2150 Prophetis
3478 2122 3497 2148 ,

1911 2181 2044 2238 quos
2089 2167 2230 2225 unde
2277 2184 2495 2224 veraces
2537 2170 2793 2239 probem,
2848 2186 2952 2225 non
3002 2171 3131 2225 mihi
3171 2173 3496 2227 ostenditur?

1911 2257 2044 2313 Cum
2072 2274 2199 2314 vero
2229 2269 2331 2314 tam
2362 2276 2551 2332 magna
2577 2270 2631 2315 et
2653 2269 2759 2316 tam
2788 2262 2952 2316 multa
2976 2277 3093 2333 qum
3117 2262 3495 2332 praedixerunt,

1907 2349 2017 2420 jam
2045 2350 2111 2404 ad
2152 2350 2396 2406 eﬂ'ectum
2439 2352 3026 2423 manifestationemque
3071 2355 3323 2424 perducta
3360 2355 3497 2417 sint;

1912 2442 2069 2511 plane
2092 2442 2200 2510 ille,
2233 2443 2277 2498 si
2305 2458 2587 2513 perversus
2610 2459 2729 2498 esse
2750 2445 2934 2512 nollet,
2966 2461 3066 2500 nec
3091 2445 3190 2500 ista
3212 2445 3318 2501 ullo
3338 2446 3499 2502 modo

1912 2541 2299 2603 contemneret,
2327 2550 2444 2605 quae
2472 2543 2618 2590 tanto
2637 2543 2782 2603 ante,
2811 2543 2866 2590 et
2888 2545 3031 2591 tanto
3060 2545 3334 2607 apparatu,
3362 2553 3500 2608 prae-

1912 2624 2142 2680 videnda
2191 2634 2246 2680 et
2295 2625 2697 2696 prmuuntianda
2748 2628 3110 2682 commendari
3158 2639 3498 2697 meruerunt,

1913 2731 2016 2772 nec
2043 2716 2162 2771 illos
2207 2733 2236 2772 a
2281 2717 2470 2787 quibus
2519 2718 2796 2788 praevideri
2843 2729 2896 2774 et
2929 2721 3273 2790 prmuuntiari
3309 2731 3501 2792 potue-

1913 2815 2061 2863 runt.
2092 2808 2260 2863 Nullis
2279 2811 2418 2864 enim
2448 2809 2760 2879 prudentius
2781 2811 3070 2877 credimus,
3093 2812 3174 2866 vel
3190 2812 3258 2868 de
3283 2823 3504 2883 praeter-

1914 2899 2002 2955 itis
2024 2916 2141 2971 quae
2169 2900 2296 2955 olim
2324 2900 2458 2956 facta
2487 2911 2644 2965 sunt,
2673 2901 2755 2956 vel
2782 2902 2852 2958 de
2899 2903 3088 2958 futuris
3117 2919 3236 2974 qua:
3261 2904 3496 2960 nondum

1915 2991 2054 3048 facta
2081 3002 2238 3060 sunt,
2285 3010 2441 3065 quam
2472 2995 2550 3050 eis
2579 2996 2669 3067 qui
2708 2995 2860 3052 nobis
2889 2996 3047 3051 ﬁdem
3075 2997 3358 3054 verborum
3390 3014 3510 3052 suo~

1915 3101 2034 3141 rum
2064 3096 2168 3142 tam
2198 3088 2377 3143 multis
2407 3098 2618 3160 tamque
2643 3090 2882 3160 magnis,
2910 3106 3028 3161 quae
3053 3091 3122 3147 ab
3148 3093 3224 3146 eis
3255 3093 3510 3163 praedicta.

1913 3176 2023 3248 jam
2052 3177 2190 3233 facta
2218 3189 2359 3247 sunt,
2393 3179 2776 3250 probaverunt.

1989 3271 2215 3328 CAPUT
2254 3273 2368 3328 XV.
2396 3304 2468 3314 —
2493 3274 2692 3346 Sibylla
2719 3289 2880 3346 porro
2899 3318 2914 3344 ,
2947 3276 3028 3332 vel
3055 3276 3270 3348 Sibylla:
3287 3318 3303 3346 ,
3327 3286 3380 3333 et
3402 3277 3511 3334 Oro

1920 3365 2110 3436 pheus,
2142 3377 2197 3424 et
2225 3368 2406 3424 nescio
2435 3369 2556 3438 quis
2585 3368 2829 3436 Hermes,
2861 3377 2914 3424 et
2938 3369 2984 3425 si
3019 3371 3108 3441 qui
3136 3372 3225 3427 alii
3250 3382 3396 3427 vates
3422 3371 3508 3426 vel

1921 3459 2190 3532 theologi,
2221 3461 2306 3516 vel
2351 3461 2616 3532 sapientes
2638 3477 2658 3527 ,'
2696 3462 2780 3518 vel
2824 3461 3125 3533 philosophi
3166 3463 3413 3519 Gentium
3441 3463 3510 3518 de

1921 3549 2059 3604 Filio
2106 3551 2230 3618 Dei,
2280 3560 2371 3606 aut
2411 3551 2478 3608 de
2523 3551 2680 3608 Patre
2733 3553 2842 3607 Deo
2885 3568 3008 3609 vera
3055 3554 3366 3624 praedixisse
3413 3570 3511 3609 seu

1923 3640 2119 3696 dixisse
2142 3642 2508 3712 perhibentur,
2541 3643 2680 3698 valet
2703 3642 2916 3713 quidem
2945 3643 3144 3713 aliquid
3171 3644 3236 3698 ad
3269 3645 3512 3714 Pagano-

1926 3748 2044 3788 rum
2072 3733 2359 3789 vanitatem
2401 3734 2808 3799 revincendam,
2846 3750 2952 3789 non
2980 3744 3154 3790 tamen
3182 3735 3248 3790 ad
3287 3735 3513 3791 istorum

1926 3824 2292 3880 auctoritatem
2341 3825 2801 3895 amplectendam;
2844 3841 2964 3880 cum
3008 3825 3157 3880 illum
3199 3827 3366 3882 Deum
3412 3843 3514 3883 nos

1927 3919 2104 3974 colere
2141 3917 2470 3973 ostendimus
2490 3958 2503 3983 ,
2535 3917 2603 3972 de
2631 3933 2737 3988 quo
2763 3932 2864 3973 nec
2890 3917 2965 3972 illi
2990 3926 3166 3973 tacere
3191 3927 3514 3988 potuerunt,

1928 4013 2019 4084 qui
2047 4027 2173 4068 suos
2200 4011 2530 4082 congentiles
2569 4011 2798 4081 populos
2837 4010 2977 4065 idola
3014 4018 3070 4064 et
3110 4010 3371 4066 daemonia
3416 4026 3515 4066 eo-

1929 4105 2086 4162 lenda
2119 4105 2309 4176 partim
2334 4104 2528 4160 docere
2550 4103 2666 4158 ausi
2695 4111 2838 4170 sunt,
2871 4102 3063 4173 partim
3089 4102 3372 4171 prohibere
3399 4101 3518 4158 ausi

1931 4215 2036 4255 non
2063 4206 2205 4254 sunt.
2230 4197 2297 4250 At
2325 4197 2399 4252 illi
2431 4196 2598 4252 sancti
2625 4205 2874 4250 auctores
2895 4193 3062 4249 nostri
3089 4209 3211 4250 eum
3240 4194 3514 4265 populum,

1931 4305 2048 4344 eam
2077 4286 2492 4358 rempublicam,
2529 4287 2630 4342 tale
2660 4301 2881 4357 regnum
2900 4327 2914 4351 ,
2948 4285 3246 4356 imperante
3284 4294 3338 4340 et
3367 4285 3520 4356 adju-

1935 4391 2095 4438 vante
2125 4383 2254 4446 Deo,
2307 4391 2735 4452 propagaverunt
2774 4387 2932 4450 atque
2972 4386 3252 4445 rexerunt,
3292 4377 3384 4432 ubi
3428 4393 3520 4433 sa—

1933 4475 2206 4546 crilegium
2247 4480 2420 4536 esset,
2449 4470 2589 4542 quod
2620 4471 2736 4524 istis
2774 4469 2962 4540 religio
2991 4469 3106 4524 fuit.
3138 4469 3318 4540 Itaque
3356 4483 3399 4524 sn
3429 4469 3522 4540 qui

1935 4569 2042 4624 illic
2069 4570 2123 4622 in
2164 4567 2364 4622 cultum
2403 4565 2807 4620 simulacrorum
2847 4572 2902 4619 et
2942 4563 3243 4619 dmmonum
3275 4563 3524 4619 laberen-

1937 4672 2041 4722 tur,
2075 4667 2166 4714 aut
2191 4673 2350 4731 pmna
2393 4655 2777 4726 plectebantur,
2809 4655 2937 4726 ipsis
2964 4669 3073 4711 sua:
3109 4655 3417 4726 reipublica:
3447 4655 3524 4709 le-

1936 4753 2111 4824 gibus,
2144 4759 2234 4805 aut
2263 4749 2534 4805 liberrimo
2563 4748 2763 4802 tonitru
2791 4749 2807 4779 ¹
2835 4747 3220 4802 coercebantur
3247 4745 3524 4817 pr0pheti-

1938 4845 2017 4901 cis
2044 4843 2280 4898 vocibus.
2312 4841 2458 4897 Unus
2477 4839 2620 4895 enim
2640 4838 2708 4892 ab
2728 4838 2930 4894 eisdem
2952 4839 3225 4894 colebatur
3245 4838 3408 4904 Deus,
3433 4835 3526 4908 qui

1940 4937 2066 4993 fecit
2091 4936 2286 4992 caelum
2312 4944 2366 4989 et
2394 4944 2612 5000 terram,
2645 4930 2959 5002 prophetico
2985 4945 3112 4985 sane
3139 4930 3265 4997 ritu,
3299 4930 3400 4984 hoc
3418 4937 3524 4997 est,

1941 5029 2289 5101 signiticativo
2332 5025 2666 5090 futurorum;
2719 5023 2990 5094 quiritus
3031 5021 3355 5087 aboleretur,
3403 5034 3528 5076 cum

1942 5123 2030 5176 illa
2057 5121 2328 5177 venissent
2356 5134 2474 5190 qua:
2501 5133 2596 5189 per
2633 5133 2756 5173 eum
2785 5115 3219 5189 signiﬁcabantur
3244 5128 3364 5170 esse
3393 5129 3533 5170 ven-

1943 5225 2098 5273 tura:
2133 5212 2564 5286 quandoquidem
2603 5212 2777 5283 ipsum
2807 5226 3026 5282 regnum
3066 5223 3288 5288 magnus
3313 5208 3531 5280 quidam

1945 5309 2204 5382 prepheta
2231 5307 2355 5372 fuit,
2385 5306 2471 5361 ubi
2499 5321 2626 5372 rex,
2657 5314 2712 5360 et
2738 5303 2988 5359 sacerdos
3016 5300 3239 5372 mystica
3268 5301 3537 5372 signiﬁca-

1947 5405 2091 5459 tione
2119 5400 2450 5471 ungebantur
2482 5397 2658 5471 (Deut.
2685 5412 2809 5451 xvm
2830 5435 2846 5460 ,
2879 5395 2980 5460 15;
3015 5391 3161 5447 Psal.
3193 5409 3251 5461 ιι,
3281 5394 3349 5458 6;
3387 5393 3533 5449 Psal.

1949 5510 2062 5564 cxx,
2091 5495 2154 5560 4;
2187 5494 2203 5547 Ι
2236 5493 2362 5562 Reg.
2395 5508 2424 5545 ιι
2447 5531 2462 5558 ,
2492 5490 2545 5558 l,
2579 5497 2624 5544 et
2653 5487 2822 5543 Exod.
2862 5486 3049 5556 xxix);
3077 5485 3216 5555 quod
3241 5501 3346 5541 non
3375 5495 3535 5552 ante,

1951 5589 2081 5659 ipsis
2105 5601 2318 5658 quoque
2343 5583 2543 5639 Judaeis
2571 5580 2936 5652 ignorantibus
2957 5622 2972 5647 ,
3018 5594 3080 5634 ac
3109 5595 3204 5650 per
3233 5580 3333 5634 hoc
3361 5579 3541 5632 invitis

1953 5683 2186 5738 ablatum
2226 5686 2303 5735 cst
2329 5718 2344 5744 ,
2389 5677 2491 5732 nisi
2529 5692 2650 5731 cum
2678 5675 2912 5731 venisset
2952 5675 3042 5731 ille
3080 5674 3249 5746 gratia
3279 5671 3539 5742 spirituali

2021 5820 2038 5851 ι
2073 5817 2146 5886 sic
2162 5825 2262 5886 Am.
2298 5819 2352 5864 et
2372 5819 2479 5864 Mss.
2513 5816 2570 5863 At
2588 5816 2664 5863 Er.
2689 5817 2742 5864 et
2761 5817 2903 5874 non,
2941 5814 3025 5862 aut
3065 5803 3345 5871 liberrime;
3367 5803 3547 5866 omissa

1961 5893 2103 5944 voce,
2127 5884 2323 5930 tonitru.
