4016 6466
505 356 605 426 291

507 480 694 528 unctus
723 471 862 527 Deus
890 484 1000 552 prie
1029 472 1368 549 participibus
1399 475 1534 538 suis,
1571 474 1658 530 ille
1696 484 1908 533 sanctus
1951 489 2076 542 sane

504 573 707 620 ειοιιυιη
731 600 736 604 .
759 562 913 634 (Dan.
944 579 992 616 lx
1014 605 1028 627 ,
1211 573 1254 615 et
1290 563 1430 617 Psal.
1462 580 1602 629 XLIV,
1712 607 1727 632 ,
1760 567 1898 628 idem
1924 581 2080 628 γετυε

504 674 596 714 rex
638 659 967 714 consulendo
1009 661 1192 724 nobis.
1242 668 1294 712 ct
1343 657 1478 712 idem
1531 674 1688 714 verus
1731 660 1979 721 sacerdos
2022 675 2080 724 se

441 736 453 741 ’
506 749 674 818 ipsum
709 750 979 803 otTerendo
1004 766 1099 819 pro
1126 749 1296 811 nobis.
1329 748 1684 816 Quamobrem
1714 760 1966 822 quantum
1993 751 2080 808 di-

508 849 611 892 stat
648 839 714 892 de
743 839 939 894 Christi
977 841 1207 894 adventu
1251 840 1390 894 inter
1436 842 1864 908 praedicationem
1905 845 2082 914 Ange-

505 929 676 984 lorum
717 941 770 985 et
802 932 1185 986 confessionem
1229 931 1644 996 daemoniorum,
1695 943 1900 1002 tantum
1945 935 2081 989 inter

439 1015 451 1028 “
505 1024 870 1078 auttoritatem
918 1021 1302 1090 PrOphetarum
1352 1032 1406 1080 et
1449 1025 1810 1082 curiositatem
1861 1027 2083 1084 sacrile-

505 1128 709 1182 gorum.
1855 1207 1869 1219 ‘
1985 1207 1997 1219 .

578 1202 800 1219 μηππ..
840 1200 954 1219 ινιτ.
1099 1202 1180 1219 ...Α
1253 1213 1263 1219 .
1301 1211 1313 1219 .
1473 1218 1478 1219 ,

575 1202 800 1258 CAPUT
840 1200 976 1258 XVI.
999 1233 1071 1244 —
1099 1202 1190 1257 His
1216 1213 1270 1258 et
1300 1204 1492 1264 talibus
1511 1245 1524 1269 ,
1553 1221 1669 1275 quae
1693 1222 1833 1268 nllllc
1855 1207 2084 1262 breviter

505 1297 798 1366 tangimus,
842 1305 968 1351 tunc
1007 1295 1141 1350 forte
1181 1311 1278 1366 pro
1324 1299 1639 1354 necessitate
1667 1297 1964 1368 depellendi
1996 1317 2082 1356 vc-

505 1386 705 1441 ternosi
737 1387 933 1441 erroris
967 1385 1236 1455 aliquanto
1275 1387 1430 1440 latius
1465 1383 1773 1458 disputatis,
1817 1398 1868 1444 et
1894 1390 2083 1445 robore

506 1476 766 1532 uberioris
795 1476 1120 1546 probationis
1142 1478 1380 1538 assertis.
1412 1478 1498 1532 ille
1519 1480 1727 1550 gentilis
1749 1496 1902 1548 quem
1931 1483 2083 1538 nobis

505 1566 936 1622 catechizandum
977 1566 1204 1622 Faustus
1244 1570 1545 1638 proposuit,
1578 1571 1621 1624 si
1667 1572 1886 1634 salutem
1932 1588 2083 1632 suam

505 1661 738 1728 peccatis
790 1662 899 1714 suis
949 1671 1318 1729 prmponerct,
1374 1662 1610 1740 profecto
1664 1675 1964 1720 moveretur
2017 1665 2083 1721 ad

505 1733 664 1804 Iidem
691 1769 703 1801 :
733 1767 832 1820 qua
865 1751 1096 1805 imbutus
1120 1762 1172 1806 et
1211 1753 1261 1806 in
1296 1735 1546 1823 Ecclesia)
1572 1754 1846 1812 catholica:
1881 1758 2084 1826 gremio

503 1839 762 1898 fovendus
791 1843 1106 1909 collocatus,
1154 1855 1542 1914 consequenter
1577 1848 1733 1900 etiam
1778 1857 2084 1908 moneretur

504 1947 638 2003 quos
666 1948 842 1988 mores
871 1942 1053 1989 tenere
1083 1933 1321 1989 deberet.
1354 1935 1534 2018 Neque
1571 1937 1966 2006 perturbaretur
1991 1955 2081 1995 eo-

501 2039 618 2078 rum
648 2025 1005 2092 multitudine,
1039 2026 1089 2079 in
1121 2027 1310 2095 quibus
1336 2042 1396 2080 ea
1425 2043 1527 2081 non
1556 2027 1816 2095 inveniret
1837 2045 1953 2099 qua:
1983 2030 2081 2086 ob-

500 2131 715 2171 servare
739 2118 1016 2187 juberetur
1042 2137 1054 2173 :
1087 2121 1329 2189 quamvis
1350 2136 1468 2176 cum
1497 2137 1561 2175 eo
1586 2124 1929 2196 corporaliter
1953 2140 2080 2180 con-

499 2218 843 2278 gregarentur
871 2209 919 2262 in
955 2211 1263 2274 Ecclesiam,
1294 2221 1347 2265 et
1375 2212 1558 2266 eadem
1589 2214 1932 2271 Sacramenta
1957 2233 2079 2288 per-

498 2298 755 2370 ciperem.
787 2299 958 2355 Sciret
1000 2316 1117 2354 eum
1151 2302 1332 2370 paucis
1374 2303 1732 2358 hrereditatem
1781 2306 1910 2372 Dei,
1957 2323 2077 2362 cura

496 2389 676 2444 multis
701 2398 874 2445 autem
898 2391 1163 2462 signacula
1188 2393 1300 2460 ejus
1321 2395 1680 2463 participanda
1709 2415 1721 2450 :
1751 2411 1869 2456 cum
1896 2401 2075 2467 paucis

495 2481 887 2535 communicare
914 2483 1248 2536 sanctitatem
1277 2483 1417 2549 vitae,
1467 2495 1516 2538 et
1564 2486 1760 2540 donum
1805 2487 2076 2544 charitatis

493 2571 696 2628 diffusa:
734 2573 785 2627 in
813 2574 1058 2629 cordibus
1085 2577 1278 2628 nostris
1316 2592 1411 2648 per
1439 2577 1690 2647 Spiritum
1717 2590 1955 2635 sanctum
1985 2583 2073 2652 qui

491 2662 648 2718 datus
673 2674 751 2719 est
790 2665 944 2719 nobis
974 2665 1147 2737 (Rom.
1177 2683 1228 2730 v,
1255 2667 1328 2736 5),
1359 2667 1420 2719 ad
1450 2685 1603 2738 quem
1631 2668 1828 2724 fontem
1858 2672 2074 2726 interio-

491 2768 602 2810 rem
633 2756 806 2809 nullus
829 2756 1031 2810 alienus
1054 2757 1290 2822 accedit;
1323 2774 1441 2812 cum
1473 2760 1651 2813 multis
1676 2773 1850 2816 autem
1879 2765 2074 2832 sancti-

491 2852 651 2898 tatem
680 2845 1006 2899 Sacramenti
1030 2888 1042 2911 ,
1085 2847 1222 2916 quod
1252 2849 1337 2918 qui
1369 2850 1648 2903 manducat
1690 2860 1744 2905 et
1771 2853 1902 2908 bibit
1931 2856 2069 2910 indi-

491 2950 624 3004 gne,
650 2935 903 3004 judicium
946 2936 1042 2990 sibi
1080 2937 1360 2992 manducat
1398 2949 1447 2992 et
1478 2940 1607 2994 bibit
1641 2941 1681 3012 (I
1711 2940 1826 2997 Cor.
1858 2961 1930 3011 xv,
1952 2946 2065 3016 2ft),

490 3027 577 3096 qui
614 3036 787 3079 autem
834 3027 1153 3081 manducare
1183 3031 1504 3095 contemnit,
1551 3048 1656 3087 non
1686 3032 1899 3089 habebit
1934 3039 1984 3090 in
2012 3052 2072 3106 se,

487 3116 648 3170 vitam
681 3115 854 3186 (Joan.
884 3133 955 3176 vt,
985 3117 1097 3187 54),
1127 3127 1178 3171 et
1207 3117 1324 3171 ideo
1363 3134 1466 3174 non
1511 3125 1778 3191 perveniet
1818 3125 1882 3181 ad
1909 3128 2066 3182 vitam

488 3217 760 3263 aeternam.
799 3208 1132 3278 Eosdemque
1157 3226 1353 3279 paucos
1375 3254 1388 3278 ,
1423 3213 1472 3265 in
1502 3218 1896 3283 comparatione
1933 3221 2066 3292 mul-

487 3299 728 3353 titudinis
775 3299 1034 3352 malorum
1061 3340 1075 3365 ,
1121 3316 1316 3369 paucos
1345 3301 1480 3367 dici;
1526 3318 1643 3358 esse
1671 3315 1845 3361 autem
1890 3324 1982 3378 per
2010 3326 2067 3367 se

487 3390 630 3461 ipsos
655 3391 1018 3446 consideratos
1063 3391 1115 3445 in
1159 3408 1349 3463 magno
1388 3411 1644 3463 numero,
1691 3399 1908 3468 diffusos
1957 3411 2067 3459 toto

486 3481 617 3538 orbe
673 3490 960 3547 terrarum,
1006 3495 1306 3538 crescentes
1365 3487 1502 3541 inter
1561 3489 1790 3556 zizania,
1850 3503 2065 3550 etcum

485 3574 632 3644 palea
663 3590 827 3644 usque
867 3574 932 3628 ad
978 3575 1115 3630 diem
1150 3578 1339 3630 messis
1369 3589 1422 3632 et
1451 3583 1807 3638 ventilationis
1853 3584 2060 3656 (Matth.

486 3678 614 3729 xm,
643 3663 745 3729 25,
782 3665 871 3727 26,
917 3675 961 3718 et
997 3681 1084 3728 III,
1139 3667 1252 3738 12).
1299 3668 1409 3736 Hoc
1455 3669 1505 3724 in
1548 3671 1835 3743 Evangelio
1866 3676 2062 3733 dictum

484 3765 597 3822 est,
641 3757 740 3813 hoc
774 3773 804 3812 a
848 3758 1125 3830 Prophetis
1177 3771 1300 3816 ante
1355 3763 1684 3831 prredictum.
1739 3771 1875 3823 Ante
1919 3772 2061 3827 enim

483 3849 791 3918 praedictum
838 3859 945 3913 est,
999 3851 1140 3904 Sicut
1187 3854 1345 3905 lilium
1385 3855 1436 3907 in
1476 3857 1638 3910 medio
1667 3860 1955 3929 spinarum,
1995 3865 2065 3918 ita

483 3940 712 4010 proxima
748 3957 859 3993 mea
896 3941 948 3994 in
986 3943 1148 3994 medio
1193 3944 1416 4010 ﬁliarum
1455 3947 1637 4016 (Cant.
1685 3966 1748 4017 II,
1791 3952 1880 4023 2).
1928 3955 2063 4011 Ante

451 4089 455 4094 η
483 4030 794 4100 prmdictum
827 4040 926 4095 est,
957 4030 1246 4086 Inhabitavi
1275 4037 1325 4088 in
1372 4039 1702 4096 tabernaculis
1733 4043 1925 4109 Ccdar;
1953 4066 2065 4102 cum

485 4105 564 4174 Itis
603 4122 688 4191 qui
717 4121 922 4175 oderant
953 4140 1124 4192 pacem
1145 4167 1156 4187 ,
1190 4141 1324 4178 eram
1353 4131 1592 4197 paciﬁcus
1626 4132 1791 4199 (Psal.
1827 4153 1975 4204 cxtx,
2007 4142 2059 4206 5,

483 4211 560 4282 7).
590 4214 725 4266 Ante
753 4213 1058 4282 pmodictum
1094 4225 1202 4282 est,
1247 4218 1406 4289 Signa
1432 4221 1482 4273 in
1510 4223 1673 4290 fronte
1698 4243 1780 4280 eos
1807 4231 1824 4260 ί
1865 4233 1949 4299 qui
1977 4250 2063 4302 ge-

481 4312 622 4356 munt
650 4311 696 4355 et
716 4313 919 4356 mmrent
949 4304 1008 4357 ob
1036 4305 1321 4378 iniquitates
1347 4313 1523 4380 populi
1552 4316 1676 4379 mei,
1717 4335 1829 4384 quia
1857 4322 1983 4389 ﬁunt
2009 4325 2060 4378 in

481 4395 644 4446 medio
669 4410 838 4447 eorum
863 4394 1068 4466 (Ezech.
1100 4413 1172 4463 ιχ,
1205 4399 1281 4468 l).
1317 4401 1494 4471 Itaque
1523 4404 1618 4458 iste
1641 4411 1868 4476 gentilis,
1904 4430 2058 4484 quem

482 4483 572 4536 tali
605 4485 836 4553 alloquio
866 4485 1223 4555 ﬁrmaremus,
1253 4491 1362 4560 jam
1393 4493 1562 4549 factus
1599 4498 1728 4552 civis
1757 4514 2056 4561 Sanctorum

480 4581 534 4627 et
557 4573 875 4630 domesticus
908 4577 1025 4642 Dei,
1060 4595 1160 4634 nec
1184 4581 1289 4648 jam
1319 4583 1522 4640 alienus
1553 4588 1619 4643 ab
1651 4588 1805 4645 Israel
1845 4595 2054 4665 (ΕρΙιίε.

478 4680 536 4728 ιι,
567 4665 650 4727 19,
682 4665 794 4737 l2),
824 4668 916 4721 sed
949 4685 1105 4724 verus
1141 4671 1406 4743 Israelita,
1442 4678 1490 4731 in
1519 4695 1623 4749 quo
1658 4683 1810 4737 dolus
1843 4704 1944 4742 non
1973 4706 2055 4745 es-

479 4763 561 4808 set
591 4754 766 4827 (Joan.
805 4773 840 4817 ι,
870 4759 993 4828 47),
1028 4760 1258 4818 disceret
1287 4767 1444 4820 etiam
1491 4769 1586 4822 ista
1619 4775 1774 4829 verba
1805 4793 1868 4830 ex
1895 4781 2055 4838 corde

477 4847 701 4915 simplici
729 4847 936 4915 dicere,
968 4866 1086 4920 qum
1111 4855 1495 4924 subsequenter
1514 4866 1748 4919 contexit
1777 4867 1912 4923 idem
1945 4872 2055 4942 ipse

475 4939 1054 4998 JeretniaszPatientia
1099 4945 1286 5014 Israel,
1338 4949 1584 5018 Domine;
1626 4960 1844 5015 universi
1883 4967 1966 5029 qui
2007 4975 2054 5020 te

475 5032 854 5102 derelinquunt,
897 5046 1192 5090 terreantur.
1228 5039 1357 5094 Cum
1385 5045 1526 5100 enim
1557 5048 1624 5102 de
1656 5055 1863 5119 perdicc
1892 5057 2055 5114 dixis-

474 5131 574 5184 set.
603 5124 690 5192 qui
711 5125 732 5156 '
761 5125 956 5179 clamat
982 5135 1035 5180 et
1063 5143 1343 5200 congregat
1371 5151 1486 5205 quae
1514 5155 1619 5196 non
1650 5147 1879 5214 peperit,
1908 5165 2054 5204 com-

473 5213 744 5270 tncndavit
771 5218 1137 5273 excellentiam
1165 5222 1392 5281 civitatis
1419 5246 1577 5300 super
1604 5246 1834 5292 montem
1869 5244 2050 5309 posita:

474 5319 590 5374 qua:
611 5307 858 5362 abscondi
883 5325 988 5367 non
1020 5322 1210 5380 potest,
1237 5327 1293 5370 ut
1319 5319 1384 5372 ab
1411 5319 1644 5379 Ecclesia
1671 5307 1927 5386 catholica
1957 5335 2052 5390 ho-

473 5397 670 5454 minem
699 5399 931 5456 haeretici
962 5419 1064 5458 non
1097 5419 1345 5476 separent
1373 5411 1410 5478 ³,
1446 5414 1662 5484 dicens,
1699 5420 1856 5476 Sedes
1885 5436 2049 5482 autent

537 5551 552 5624 ξ
588 5550 880 5638 Iov;
911 5553 1037 5605 Titan
1062 5558 1111 5608 in
1132 5561 1293 5638 fronte
1312 5579 1418 5638 eos.
1445 5570 1608 5633 Abest,
1647 5573 1794 5638 Thau,
1819 5583 1878 5628 ab
1908 5584 2050 5636 edit's

473 5612 579 5661 aliis
604 5618 654 5660 et
675 5625 704 5660 ει
720 5612 823 5663 Mss.
849 5629 1034 5665 necnon
1052 5633 1077 5666 a
1101 5612 1404 5683 gruéeolLilt‘.

535 5677 554 5706 ²
589 5680 680 5734 Er.,
706 5686 831 5736 quin.
899 5683 954 5724 Μ.

535 5737 554 5767 ³
587 5745 684 5826 Ain‘
725 5737 1414 5826 ῊᾉᾸἝῘῙΞΥΞἾΫ..ί²ίῖῗῗξξέἵ¹ηέ
1447 5767 1540 5806 ηοη
1584 5769 1843 5825 separaret.
1881 5767 2048 5826 Plures

471 5799 596 5860 3155.,
621 5797 855 5850 hominem
876 5799 1156 5855 hmreticwu
1171 5797 1430 5872 separaret.

1357 351 1628 418 coN'rna
1665 350 1992 438 Faustus;
2017 347 2472 440 umentem;
2511 365 2568 430 s.
2609 363 2974 432 AUGUSTINI

3647 374 3759 446 99.3

2190 474 2366 544 gloriae
2400 481 2620 542 emaltata
2643 493 2717 540 est
2735 527 2751 551 ,
2794 488 3127 558 summque
3158 497 3348 556 nostra.
3378 491 3583 560 Deinde
3603 496 3768 566 quasi.

2191 569 2398 626 veniret
2423 572 2474 628 in
2503 586 2732 636 tuentem
2749 618 2762 643 ,
2791 577 2928 646 Quid
2952 596 3076 650 ergo
3103 582 3322 647 facimus
3345 583 3418 644 de.
3445 602 3554 646 tam
3574 590 3768 648 multis

2189 660 2364 722 malis,
2388 663 2476 735 qui
2505 675 2648 723 tanto
2668 671 2892 738 amplius
2914 673 3110 743 ubique
3129 680 3376 744 permixti
3395 692 3535 746 sunt,
3559 694 3763 754 quanto

2189 752 2534 812 excellentior
2561 769 2639 813 est
2662 759 2857 818 Christi
2880 763 3045 833 gloria
3071 767 3122 820 in
3151 770 3345 828 unitate
3373 752 3607 831 omnium
3629 792 3766 846 gen-

2189 843 2358 902 tium?
2397 847 2620 916 subjecit
2653 852 2856 918 statim,
2899 853 3152 912 Patientia
3175 858 3367 928 Israel,
3405 843 3766 923 Dominejpa-

2188 932 2384 1009 tienter
2425 939 2566 996 enim
2606 941 2874 999 terendum
2904 957 2984 1003 est
3021 951 3162 1019 quod
3203 955 3305 1022 ait,
3349 955 3514 1014 Sinite
3550 970 3767 1032 utraque

2188 1039 2405 1080 crescere
2429 1044 2580 1100 usque
2603 1033 2670 1085 ad
2697 1051 2900 1098 messem
2931 1038 3138 1110 (Matth.
3170 1060 3260 1100 xm
3280 1089 3295 1111 ,
3328 1048 3418 1117 30)
3446 1068 3458 1104 :
3492 1067 3558 1106 ne
3585 1053 3763 1124 impa-

2189 1113 2370 1170 tientia
2399 1119 2654 1176 tolerandi
2679 1127 2880 1195 malos,
2913 1131 3274 1202 relinquant-ur
3305 1113 3458 1203 boui,
3503 1145 3596 1213 qui
3636 1161 3766 1216 pro-

2189 1208 2302 1276 prie
2326 1221 2450 1266 sunt
2472 1228 2664 1283 corpus
2687 1217 2916 1287 Christi;
2947 1235 3002 1279 et
3026 1226 3145 1284 ideo
3169 1246 3288 1286 cum
3319 1233 3416 1303 ipsi
3445 1237 3763 1309 relinquun-

2191 1307 2308 1364 tur,
2351 1301 2442 1358 ille
2485 1306 2816 1378 relinquitur.
2875 1315 3020 1372 Unde
3063 1320 3286 1391 subjecit
3323 1301 3479 1396 atque
3517 1301 3760 1401 addidit,

2195 1389 2420 1453 L'uivcrsi
2453 1399 2536 1466 qui
2563 1407 2608 1464 te
2641 1401 3012 1474 derelinquunt,
3043 1389 3320 1472 terreantur
3341 1433 3359 1471 :
3383 1424 3764 1492 confundantur

2188 1482 2274 1550 qui
2298 1499 2600 1544 recesserunt
2637 1491 2688 1550 in
2718 1505 2921 1556 terram.
2955 1499 3119 1562 Terra
3143 1514 3226 1564 est
3252 1509 3390 1564 enim
3420 1512 3578 1569 homo
3603 1516 3669 1572 de
3698 1533 3760 1574 se

2189 1585 2542 1644 prtesumens,
2574 1591 2732 1653 atque
2754 1587 2885 1654 alios
2914 1599 2971 1645 ut
2997 1593 3064 1650 de
3089 1596 3203 1665 ipso
3227 1615 3578 1669 prtesumatur
3604 1609 3763 1666 indu-

2188 1677 2313 1728 cens
2339 1683 2350 1718 :
2379 1677 2432 1721 et
2459 1669 2574 1726 ideo
2599 1677 2852 1746 sequitur,
2884 1679 3198 1756 Evertentur,
3226 1694 3464 1760 quoniam
3483 1700 3762 1774 derelique-

2187 1764 2300 1808 rtmt
2340 1757 2526 1824 fontem
2566 1765 2679 1820 vita:
2718 1767 3010 1828 Dominum.
3054 1777 3186 1844 Quid
3217 1783 3362 1838 enim
3395 1787 3536 1843 aliud
3562 1791 3764 1849 clamat

2187 1849 2389 1916 perdix,
2422 1853 2524 1908 nisi
2547 1858 2686 1926 apud
2712 1875 2770 1916 se
2795 1879 2916 1920 esse
2939 1876 2992 1922 et
3019 1883 3048 1922 a
3075 1886 3133 1926 se
3153 1872 3267 1928 dari
3294 1877 3488 1940 fontem
3517 1884 3657 1950 vitae,
3686 1889 3764 1944 ad

2186 1953 2342 2012 quem
2372 1951 2671 2018 congregati
2700 1954 2952 2013 recedant
2979 1975 3007 2011 a
3034 1960 3270 2030 Christo,
3301 1967 3495 2025 Christi
3524 1979 3759 2043 promis-

2186 2027 2336 2088 sione
2365 2032 2602 2106 decepti,
2634 2044 2784 2112 cujus
2815 2049 3028 2106 nomine
3047 2051 3156 2120 jam
3189 2059 3500 2116 tenebantur
3524 2027 3762 2125 imbuti?

2185 2119 2299 2179 Νοιι
2327 2126 2465 2182 enim
2498 2146 2629 2199 quos
2652 2139 2876 2204 peperit,
2908 2157 3229 2215 congregat:
3263 2152 3357 2206 sed
3385 2164 3439 2209 ut
3467 2171 3762 2232 congreget

2185 2578 2228 2652 (Ι
2252 2581 2366 2642 Cor.
2397 2603 2468 2655 ιιι,
2498 2589 2588 2665 21)
2617 2613 2630 2648 :
2664 2605 2717 2650 et
2757 2599 2854 2654 iste
2893 2578 3488 2680 subjungit,quoniam
3509 2578 3759 2692 marinae

2181 2687 2291 2744 mea
2313 2686 2364 2730 tu
2385 2695 2436 2734 es
2457 2681 2664 2760 (dorem.
2692 2704 2821 2758 xvn,
2855 2694 2937 2757 15,
2970 2698 3077 2768 lxi).
3106 2702 3194 2757 llis
3223 2707 3391 2762 modis
3415 2728 3509 2767 nos
3536 2715 3759 2773 instrui-

2180 2781 2298 2836 mus
2328 2769 2593 2831 hominem
2625 2794 2688 2834 ex
2719 2788 3004 2852 apostolica
3030 2795 3442 2870 propheticaque
3474 2803 3714 2864 doctrina
3735 2855 3752 2879 ,

2180 2867 2240 2926 ut
2262 2861 2548 2921 azditicetur
2578 2884 2735 2941 super
2763 2873 3099 2956 fundamenta
3127 2861 3498 2958 Apostolorum
3524 2907 3576 2952 et
3611 2861 3756 2957 Pro:

2179 2949 2455 3018 phetarum
2483 2956 2696 3034 (Ep/tes.
2727 2980 2783 3032 II,
2807 2967 2920 3041 ‘20).

2249 3063 2472 3126 CAPUT
2509 3071 2668 3128 XVII.
2697 3108 2767 3118 —
2793 3081 3016 3140 Faustus
3035 3097 3209 3145 autem
3238 3099 3502 3164 quomodo
3526 3118 3753 3172 persua-

2178 3157 2328 3216 deret
2357 3161 2678 3223 divinitatem
2705 3171 2930 3244 Christi,
2960 3178 3157 3238 homini
3192 3191 3408 3258 gentili,
3441 3211 3597 3264 quem
3624 3214 3753 3256 con-

2177 3249 2347 3306 stituit
2370 3252 2650 3325 dicentem,
2677 3261 2786 3318 Nec
2809 3266 3088 3338 Prophetis
3113 3249 3271 3332 credo
3293 3281 3358 3335 de
3381 3249 3617 3352 Christo;
3647 3307 3752 3347 nec

2175 3338 2392 3401 Christo
2415 3345 2480 3401 de
2507 3349 2816 3421 PrOphctis?
2843 3359 2922 3413 An
2951 3361 3160 3420 Christo
3189 3370 3430 3428 crederet
3456 3375 3521 3432 de
3539 3392 3596 3433 se
3627 3381 3750 3450 ipso

2172 3712 2346 3778 potius
2371 3729 2468 3783 pro
2495 3719 2612 3774 aliis
2637 3739 2792 3790 quam
2817 3743 2911 3796 pro
2933 3745 2989 3784 se
3016 3734 3128 3802 ipso
3149 3740 3446 3798 testiﬁcanti
3472 3747 3741 3807 crederet.

2170 3799 2266 3856 Hic
2296 3803 2427 3860 forte
2453 3808 2676 3866 Faustus
2704 3815 2909 3882 irrisus,
2941 3799 3166 3896 Sihpllas
3195 3829 3391 3889 homini
3421 3835 3650 3908 legeret,
3685 3855 3745 3900 et

2168 3891 2456 3964 Orpheum,
2491 3909 2545 3956 et
2570 3913 2792 3965 caeteros
2823 3910 3139 3986 hujusmodi,
3169 3923 3210 3976 si
3233 3941 3364 3994 quos
3390 3929 3520 3985 alios
3549 3932 3743 3991 Genti-

2168 3987 2296 4042 lium
2338 3994 2596 4060 reperiret
2622 3998 2688 4052 de
2712 4003 2921 4058 Christo
2961 4009 3154 4080 aliquid
3184 3987 3600 4083 pramnntiasse?
3628 4027 3741 4084 Sed

2169 4093 2275 4133 non
2301 4080 2532 4139 faceret:
2560 4103 2653 4144 eos
2677 4093 2868 4164 quippe
2891 4098 2988 4152 sibi
3017 4080 3306 4174 incognitos
3333 4111 3500 4167 lassus
3521 4128 3619 4182 est,
3652 4119 3744 4174 di-

2167 4185 2321 4238 cens,
2365 4174 2501 4229 Sane
2533 4179 2576 4231 si
2614 4193 2731 4234 sunt
2771 4187 2966 4255 aliqua,
3000 4203 3054 4245 ut
3079 4196 3216 4264 fama
3259 4210 3357 4267 est,
3414 4205 3626 4278 Sibi/tlte
3670 4214 3743 4268 de

2165 4259 2362 4318 Christo
2383 4271 2654 4338 prwsagia,
2685 4284 2772 4326 aut
2801 4275 3069 4348 Hermetis,
3097 4303 3237 4355 quem
3259 4293 3429 4349 dicunt
3460 4298 3740 4373 Trismegi—

2163 4361 2314 4416 sttmt,
2344 4367 2428 4408 aut
2459 4356 2646 4426 Orphei
2687 4365 2997 4440 aliorumque
3024 4392 3076 4428 tn
3104 4378 3391 4440 Gentilitate
3409 4399 3591 4446 vatum.
3621 4395 3738 4451 ιιο-

2164 4457 2280 4498 rum
2311 4461 2436 4516 ergo
2477 4449 2574 4506 isto
2616 4453 2816 4512 litteras
2853 4466 3124 4536 nesciens,
3175 4475 3591 4548 quandoquidem
3638 4503 3740 4555 per

3112 4533 3119 4536 _
3191 4533 3206 4541 -
3402 4533 3415 4548 .
3459 4533 3470 4535 ~
3638 4533 3704 4555 ινν

2162 4533 2354 4590 famam
2387 4549 2535 4608 putat
2559 4559 2678 4602 esse
2706 4550 2907 4620 aliquos
2938 4558 3085 4627 tales,
3119 4577 3223 4616 non
3253 4583 3342 4623 eas
3373 4571 3549 4643 utique
3587 4577 3710 4648 lege

2161 4637 2244 4682 ret
2285 4631 2355 4686 illi
2400 4633 2621 4703 dicenti,
2664 4639 2770 4696 Nec
2815 4645 3089 4716 PrOphetis
3126 4657 3316 4726 credo,
3360 4677 3456 4718 nec
3495 4665 3732 4726 Christo.

2159 4721 2296 4787 Quid
2328 4725 2482 4795 igitur
2505 4729 2734 4788 faceret?
2765 4737 2844 4791 An
2877 4743 3132 4807 proferret
3166 4749 3510 4812 Manichaeum
3531 4803 3545 4828 ,
3579 4773 3631 4817 et
3661 4781 3734 4822 ex

2159 4812 2249 4866 illo
2277 4819 2671 4877 commendaret
2696 4824 2997 4887 Christum?
3021 4835 3294 4909 Nunquam
3324 4846 3422 4902 hoc
3453 4849 3691 4909 fecerunt
3719 4877 3734 4913 :

2159 4905 2254 4960 sed
2292 4909 2464 4975 potius
2500 4911 2565 4966 de
2592 4914 2821 4984 Christo,
2849 4923 2998 4994 cujus
3020 4927 3128 4996 jam
3157 4905 3349 4990 nomen
3386 4940 3577 5010 ubique
3607 4945 3735 5001 dul-

2157 5001 2287 5054 citcr
2330 5003 2527 5060 clarum
2568 5021 2674 5078 est,
2711 5013 3052 5077 Manichaeum
3101 5040 3312 5098 semper
3354 5039 3737 5098 commendare

2156 5094 2329 5149 conati
2371 5107 2524 5165 sunt,
2555 5111 2611 5156 ut
2638 5103 2739 5160 hoc
2768 5111 2926 5166 melle
2950 5116 3148 5173 scilicet
3173 5127 3412 5180 venenati
3443 5131 3522 5183 sui
3555 5137 3735 5200 poculi

2156 5186 2298 5242 labra
2350 5205 2718 5264 perungerent.
2769 5201 2898 5256 Cum
2947 5208 3084 5262 enim
3131 5211 3374 5271 Christus
3426 5224 3737 5288 promiserit

2154 5279 2264 5333 suis
2285 5320 2299 5344 ,
2335 5284 2612 5340 missurum
2643 5303 2702 5343 se
2728 5290 3053 5352 Paracletum
3075 5343 3088 5368 ,
3120 5302 3169 5357 id
3199 5316 3307 5373 est,
3337 5313 3734 5374 consolatorem

2159 5370 2237 5424 vel
2279 5372 2585 5432 advocatum
2608 5420 2622 5444 ,
2673 5383 2925 5453 Spiritum
2955 5394 3189 5452 veritatis
3231 5370 3408 5468 (Joan.
3457 5422 3564 5472 xxv,
3599 5409 3733 5479 I6);

2154 5478 2249 5532 per
2275 5464 2411 5522 hanc
2442 5473 2806 5539 promissionis
2828 5484 3156 5541 occasionem
3178 5531 3191 5552 ,
3224 5488 3365 5548 hunc
3395 5494 3734 5559 Paracletum

2154 5555 2388 5614 dicentes
2413 5578 2530 5618 esse
2559 5565 2898 5626 Manichzeum
2919 5615 2934 5638 ,
2967 5578 3047 5631 vel
3091 5580 3140 5633 in
3186 5581 3509 5654 Manichaee,
3537 5594 3737 5650 subre-

2153 5660 2286 5716 ptmt
2332 5653 2378 5704 in
2426 5654 2694 5712 hominum
2740 5673 2942 5722 mentes
2982 5669 3278 5738 ignorantes
3319 5678 3406 5733 ille
3444 5696 3472 5734 a
3515 5682 3739 5743 Christo

2154 5745 2441 5810 promissus
2472 5753 2680 5817 quando
2707 5755 2773 5808 sit
2798 5760 3007 5813 missus.
3038 5762 3134 5829 Qui
3162 5775 3333 5820 autem
3368 5770 3609 5842 legerunt
3635 5793 3734 5832 ca-

2153 5835 2398 5892 nonicum
2429 5839 2648 5912 librum,
2681 5847 2768 5916 qui
2799 5849 2958 5907 Actus
2991 5852 3361 5924 Apostolorum
3400 5835 3740 5948 insatihitur,
