4052 6436
1039 279 1050 292 ,
1132 270 1195 312 “:3

169 488 353 540 vident
379 480 523 536 illam
563 469 757 535 Christi
800 464 1209 559 promissionem
1247 469 1356 543 illic
1391 489 1578 547 rursus
1605 488 1757 551 com;

171 583 554 641 memoratam,
585 582 638 625 et
665 570 773 624 illic
801 567 1231 645 manifestissime
1260 566 1527 647 impletum
1557 564 1687 637 (Act.
1717 581 1756 637 ι,

172 671 227 732 8,
256 678 300 721 et
326 683 389 734 ιι,
430 666 573 732 1-4).
606 663 710 718 Sed
754 662 914 718 modo
941 660 1226 731 quzrrimus
1246 702 1259 724 ,
1308 659 1449 721 unde
1478 658 1549 715 illi
1578 656 1759 731 gentili

177 762 324 814 Iidem
371 757 573 812 laceret
613 755 679 809 de
707 753 956 821 Christo?
983 753 1118 807 Puto
1156 752 1296 805 enim
1345 750 1609 805 neminem
1640 764 1760 809 esse

174 864 275 907 tam
300 865 502 906 ca-cum
525 889 538 913 ,
569 848 660 918 qui
692 848 820 903 velit
846 846 1057 913 dicere,
1090 844 1378 913 Manichteo
1404 842 1602 901 credo:
1634 857 1754 901 cum

172 945 339 1005 dicat,
364 940 588 995 Christo
621 953 725 993 non
751 936 931 992 credo.
963 935 1165 989 Deinde
1192 934 1237 988 si
1268 948 1372 988 non
1404 932 1615 1001 ridens,
1650 932 1760 987 sal-

173 1047 273 1089 tem
299 1034 643 1087 stomachans
663 1031 881 1107 diceret,
909 1029 1057 1084 Itane
1077 1027 1305 1083 Persicis
1329 1027 1477 1081 libris
1498 1042 1581 1079 nte
1601 1025 1758 1095 juch

170 1124 411 1187 credere,
444 1124 532 1192 qui
560 1122 795 1177 Hebraeis
821 1137 906 1177 me
930 1119 1113 1175 dixisti
1139 1120 1157 1151 ¹
1186 1133 1290 1173 non
1323 1118 1582 1173 credere?
1612 1116 1754 1186 Quo-

173 1217 323 1269 modo
358 1230 491 1285 ergo
517 1224 771 1285 capturus
797 1227 887 1277 es,
923 1211 1203 1275 hmretice,
1250 1210 1407 1263 istum
1450 1208 1715 1263 hominem
1736 1249 1752 1275 ,

176 1310 269 1362 nisi
305 1308 418 1377 jam
449 1307 649 1361 nomini
679 1305 873 1361 Christi
904 1304 1087 1379 aliquo
1114 1302 1273 1357 modo
1308 1301 1574 1356 subditum
1602 1301 1753 1355 inve-

173 1399 340 1462 neris;
374 1406 436 1451 ut
472 1398 599 1467 quia
642 1396 731 1452 ille
765 1395 874 1466 jam
910 1394 1123 1450 Christo
1148 1391 1471 1447 credendum
1502 1405 1618 1446 esse
1648 1405 1755 1445 non

174 1491 393 1555 dubitat,
422 1498 672 1560 tanquam
715 1488 907 1543 melius
951 1486 1257 1558 praedicanti
1286 1484 1553 1540 Christum
1591 1483 1755 1538 Mani-

173 1581 317 1638 chaee
344 1580 605 1649 deceptus
627 1577 969 1649 acquiescat?
997 1576 1137 1632 Ecce
1162 1584 1245 1631 cst
1287 1574 1376 1629 ille
1419 1573 1600 1644 perdix
1625 1589 1757 1629 con-

172 1688 395 1743 gregans
422 1689 544 1743 quae
582 1688 685 1727 non
726 1670 949 1740 peperit.
992 1669 1136 1725 Itane
1163 1684 1284 1723 eum
1330 1667 1562 1722 nondum
1603 1666 1758 1722 dere-

174 1766 430 1836 inquitis,
463 1780 560 1820 vos
584 1779 716 1835 quos
739 1770 1040 1833 congregat,
1070 1769 1124 1817 et
1159 1760 1392 1816 nondum
1421 1759 1565 1814 vobis
1594 1773 1756 1830 appa-

174 1866 249 1913 ret
272 1856 553 1926 insipiens,
571 1854 658 1925 qui
686 1853 815 1909 dicit
840 1853 1181 1908 Hebraeorum
1210 1851 1508 1906 testimonia
1535 1849 1687 1903 nobis
1708 1850 1753 1917 ³,

173 1950 329 2004 etiam
357 1949 404 2003 si
431 1962 558 2004 vera
581 1949 711 2015 sint,-
731 1955 852 2003 ante
875 1945 1031 2002 ﬁdem
1054 1945 1257 2001 inutilia
1285 1958 1422 2011 esse,
1455 1951 1573 2014 post
1594 1942 1754 1997 ﬁdem

175 2056 524 2112 supervacua.

236 2134 470 2191 CAPUT
502 2133 689 2190 XVIII.
713 2164 786 2177 -—
812 2133 1077 2205 Abjiciant
1113 2147 1243 2203 ergo
1267 2128 1356 2202 qui
1393 2128 1752 2197 crediderunt,

175 2241 360 2281 omnes
390 2225 565 2281 libros
595 2242 689 2297 per
715 2240 847 2296 quos
875 2225 1072 2280 factum
1103 2233 1185 2279 est
1207 2230 1266 2277 ut
1288 2221 1590 2277 crederent.
1621 2218 1753 2275 Nam

175 2320 213 2371 si
243 2318 347 2372 hoc
375 2332 563 2372 verum
588 2325 670 2372 est
691 2358 707 2384 ,
736 2332 831 2372 cur
868 2316 955 2371 vel
984 2316 1156 2388 ipsum
1186 2312 1526 2385 Evangelium
1553 2311 1752 2367 Christi
1777 2332 1787 2340 ~

178 2424 202 2460 a
246 2406 501 2463 ﬁdelibus
551 2408 772 2478 legatur,
805 2421 913 2462 nou
952 2405 1127 2462 video.
1175 2406 1312 2460 Ante
1359 2403 1514 2458 ﬁdem
1558 2390 1755 2474 quippe

176 2498 357 2556 inutile
383 2508 503 2567 est,
533 2499 651 2571 quia
680 2499 768 2554 ille
791 2500 1024 2571 gentilis,
1072 2512 1228 2569 quem
1271 2496 1533 2552 ridentem
1579 2496 1756 2550 riden-

177 2593 269 2649 dus
288 2634 307 2661 ,
336 2593 428 2649 vel
452 2594 630 2664 potius
653 2593 861 2649 ﬂendus
889 2593 1119 2649 Faustus
1166 2590 1401 2657 inducit,
1431 2605 1536 2644 non
1588 2589 1785 2645 credit,

178 2684 405 2743 Christo.
465 2686 594 2740 Post
637 2685 795 2741 ﬁdem
843 2691 1018 2739 autem
1064 2696 1467 2754 supervacuum,
1500 2680 1545 2735 si
1595 2680 1753 2736 etiam

179 2777 316 2832 veris
358 2776 431 2831 de
469 2775 684 2831 Christo
725 2776 1005 2846 prteconiis
1048 2775 1157 2845 jam
1204 2772 1471 2844 superﬂuo
1496 2770 1750 2839 creditur,

178 2883 293 2924 eum
324 2870 380 2923 in
426 2878 549 2933 eum
574 2869 836 2929 creditum
880 2869 1053 2925 fuerit.
1085 2867 1182 2922 Hic
1220 2865 1359 2921 forte
1389 2864 1575 2919 dicetis
1604 2880 1619 2917 :
1646 2861 1753 2918 Sed

175 2959 516 3033 Evangelium
545 2962 702 3017 debet
730 2962 904 3034 legero
926 2962 1035 3031 jam
1066 2958 1267 3025 ﬁdelis,
1298 2973 1367 3012 ne
1410 2956 1753 3013 obliviscatur

178 3052 312 3123 quod
320 3053 567 3109 credidit.
580 3053 669 3109 Sic
678 3068 834 3124 ergo,
850 3051 1039 3119 insani,
1055 3051 1213 3106 etiam
1233 3049 1615 3119 Prophetarum
1629 3060 1755 3103 vera

177 3147 513 3212 testimonia,
544 3162 613 3204 ne
640 3147 984 3202 obliviscatur
1004 3158 1170 3215 quare
1191 3141 1475 3199 crediderit
1500 3156 1514 3193 :
1540 3138 1677 3208 quod
1708 3139 1754 3194 si

178 3239 368 3295 oblitus
395 3240 571 3306 fuerit,
595 3241 804 3295 ﬁrmum
826 3239 962 3309 apud
982 3239 1105 3295 eum
1131 3251 1234 3292 non
1262 3234 1452 3306 poterit
1477 3246 1595 3288 esse
1612 3229 1754 3302 quod

178 3331 418 3399 credidit.
451 3333 557 3388 Aut
582 3330 821 3402 plojicite
858 3330 968 3401 jam
1012 3328 1177 3384 libros
1222 3324 1515 3389 Manichaci,
1563 3321 1753 3392 quibus

177 3428 397 3485 testibus
424 3425 723 3489 credidistis
744 3426 914 3480 lucem
933 3437 1195 3494 pugnasse
1211 3434 1331 3475 cum
1356 3415 1609 3481 tenebris,
1635 3429 1755 3485 quae

176 3517 263 3579 lux
292 3520 408 3590 ipse
434 3520 577 3576 Deus
624 3527 766 3585 erat;
798 3526 853 3573 et
880 3526 938 3572 ut
957 3524 1139 3587 posset
1159 3515 1323 3585 ligare
1348 3512 1436 3567 lux
1467 3509 1751 3577 tenebras,

179 3611 316 3680 prius
345 3624 466 3667 esse
492 3610 667 3673 lucem
693 3624 725 3669 a
765 3606 1002 3668 tenebris
1039 3606 1373 3671 decor-alam,
1410 3609 1466 3657 et
1501 3600 1751 3671 ligatam,

178 3708 228 3769 et
266 3700 590 3771 inquinatam
617 3741 633 3767 ,
676 3709 730 3757 et
768 3698 1071 3759 dilaniatam
1118 3716 1131 3752 :
1178 3711 1336 3768 quam
1387 3708 1482 3750 vos
1534 3689 1759 3748 mandu-

177 3791 346 3859 cando
375 3792 646 3859 recreatis,
677 3798 732 3846 et
755 3790 979 3861 solvitis,
1007 3799 1059 3849 et
1082 3787 1346 3859 purgatis,
1377 3794 1433 3843 et
1454 3784 1671 3847 sanatis,
1699 3789 1758 3838 ut

176 3884 322 3947 Vpbis
339 3899 547 3951 merces
568 3884 910 3950 retribuatur,
928 3900 995 3945 ne
1022 3899 1139 3939 cum
1165 3883 1252 3937 illa
1277 3896 1396 3952 quat
1416 3878 1625 3934 liberari
1648 3890 1755 3931 non

175 3975 418 4049 patuerit
438 4014 456 4040 ν
482 3975 537 4031 in
557 3975 707 4045 globo
735 3985 937 4037 aeterno
974 3973 1318 4035 damncmini.
1340 3971 1487 4026 Hanc
1510 3966 1756 4023 laliellam

176 4065 423 4139 quotidie
442 4074 497 4127 et
525 4067 751 4135 moribus
769 4075 825 4129 et
850 4065 1066 4131 vocibus
1090 4065 1312 4121 cantatis
1336 4081 1355 4121 ,ε
1380 4076 1474 4118 cur
1498 4059 1675 4116 adhuc
1700 4058 1756 4113 iu

236 4202 253 4265 ξ
288 4201 364 4249 sic
386 4207 486 4249 Am.
508 4207 561 4251 et
581 4198 804 4265 plerique
816 4207 923 4250 Mss.
948 4207 1007 4250 At.
1020 4206 1095 4249 Er.
1121 4205 1174 4249 et
1193 4204 1323 4260 lov.,
1350 4194 1476 4248 dixi.

235 4263 256 4294 ⁸
288 4270 387 4312 Am.
415 4268 467 4317 et
488 4261 741 4324 Ετοίυοὺίεζ

1347 357 1553 435 Hbss
1586 344 1922 451 Questus
1948 354 2264 443 oscines,

3338 360 3438 433 ‘29.!

1863 489 1925 547 ea
1942 476 2175 545 quaeritis
2192 474 2487 547 testimonia
2515 476 2792 553 librorum.
2810 478 2871 535 ill.
2887 471 2951 553 ἰιι.
2969 470 3137 551 rei!“
3157 478 3437 561 ειιυιξμαυξει

1863 576 1920 622 et
1964 568 2305 635 conﬁciendis
2358 570 2629 633 codicibus
2674 571 2867 637 vestris
2910 572 3087 643 aliena
3142 572 3438 651 substantia

1862 672 2222 727 consumatur,
2251 670 2305 716 et
2324 663 2417 717 Dei
2445 665 2605 723 vestri
2635 663 2789 735 ligata
2815 674 3051 737 terminus~
3083 666 3140 719 εἳ
3169 666 3438 737 intendite

1861 768 2048 819 omnes
2078 753 2192 808 illas
2215 756 2550 813 membranas
2572 799 2586 823 ,
2609 758 2980 839 elegantesque
3018 767 3248 825 tacturas
3273 759 3436 831 decor-

1859 846 1934 911 ris
1962 846 2182 915 pellibus
2208 847 2495 916 exquisitas
2521 851 2563 915 ³,
2593 860 2649 903 ιιι
2679 834 2774 917 tice
2799 865 2884 921 res
2908 834 3173 931 augemus
3198 866 3294 919 vos
3310 868 3436 919 oni:-

1858 944 1960 1003 ret,
1989 944 2043 989 et
2071 936 2213 991 Deus
2240 948 2415 992 vester
2443 937 2564 994 inde
2592 939 2847 1007 solvatur,
2880 942 2968 1021 qui
3006 951 3255 1015 tanquam
3279 956 3438 1012 pinna

1860 1028 2039 1082 servili
2067 1027 2225 1082 etiam
2249 1028 2299 1081 in
2322 1028 2504 1084 codice
2540 1030 2725 1099 ligatus
2755 1040 2982 1095 tenetur.
3010 1031 3150 1097 Nam
3168 1034 3211 1088 si
3248 1046 3433 1103 posse-

1859 1120 1926 1173 tis
1973 1119 2137 1183 libros
2180 1129 2389 1185 vestros
2433 1120 2518 1189 vel
2566 1121 2788 1183 elixatos
2840 1124 3139 1191 comedere,
3179 1133 3433 1195 quantum

1858 1212 2111 1267 membris
2148 1213 2239 1270 Dei
2265 1214 2424 1270 vestri
2456 1214 2769 1279 beneﬁcium
2796 1217 3159 1285 praestaretis?
3188 1218 3266 1277 An
3291 1224 3346 1277 et
3388 1215 3433 1273 si

1858 1303 1971 1375 ﬁeri
1998 1315 2197 1375 posset,
2230 1306 2404 1368 carnis
2435 1306 2765 1375 inmunditia
2793 1308 3091 1377 prohiberet
3119 1310 3334 1389 paginas
3362 1306 3431 1367 ab

1859 1397 2032 1468 epulis
2074 1398 2310 1453 vestris?
2340 1398 2565 1471 imputet
2597 1414 2723 1475 ergo
2758 1399 2856 1465 sibi
2889 1402 3122 1467 encausti
3152 1400 3439 1469 munditia,

1857 1502 1975 1573 quae
2009 1491 2155 1549 corio
2182 1489 2391 1545 inhaesit
2440 1492 2652 1563 agnino.
2685 1489 2792 1561 Sed
2830 1498 2883 1546 et
2927 1491 3029 1559 hoc
3066 1482 3174 1549 vos.
3214 1492 3431 1558 fecistis,

1856 1578 1947 1664 qui
1976 1588 2223 1659 tanquam
2272 1581 2444 1653 primo
2474 1581 2618 1636 bello
2657 1590 2855 1647 vestro,
2904 1580 2957 1637 id
2992 1581 3131 1653 quod
3180 1581 3432 1649 mundum

1856 1670 2004 1735 erat8
2049 1671 2100 1725 in
2160 1672 2384 1735 calamo,
2422 1672 2770 1733 immunditiae
2823 1673 3246 1741 membranarum
3301 1674 3436 1729 scri-

1856 1761 2033 1818 bendo
2058 1762 2300 1825 afﬁxistis
2326 1783 2338 1818 :
2365 1764 2464 1821 nisi
2494 1765 2632 1836 quod
2657 1765 2864 1820 colores
2892 1767 3161 1829 contrario
3191 1765 3428 1831 testimo-

1856 1857 1947 1912 nio
1970 1872 2064 1912 vos
2090 1866 2335 1928 arguunt.
2364 1857 2472 1913 Vos
2515 1858 2654 1912 enim
2680 1856 2851 1929 potius
2879 1856 2945 1909 ad
2986 1857 3156 1911 lucem
3184 1854 3434 1910 candida-

1855 1963 1973 2005 rum
2026 1950 2365 2019 paginarum,
2416 1963 2537 2007 cum
2590 1948 2824 2003 tenebris
2871 1948 3149 2005 atramenti
3193 1945 3431 2002 venistis.

1854 2040 2018 2097 Nobis
2052 2041 2259 2097 debetis
2290 2041 2444 2095 irasci
2493 2040 2612 2096 talia
2661 2040 2981 2103 dicentibus,
3010 2056 3078 2094 an
3120 2039 3271 2094 vobis
3312 2040 3432 2105 talia

1856 2133 2214 2199 credentibus,
2249 2142 2326 2198 ut,
2376 2132 2569 2198 velitis,
2619 2133 2819 2200 nolitis,
2870 2133 2969 2201 ista
3008 2132 3432 2203 consequantur?

1854 2222 1965 2280 Nos
1985 2235 2159 2279 autem
2186 2235 2240 2279 et
2268 2222 2333 2277 ad
2372 2224 2928 2291 commemorationem
2966 2223 3087 2291 ﬁdei
3132 2232 3347 2290 nostrae,
3377 2231 3433 2278 et

1857 2316 1924 2383 ad
1966 2316 2380 2371 consolationem
2424 2315 2536 2384 spei
2567 2323 2795 2382 nostras,
2835 2324 2887 2368 et
2912 2313 2977 2368 ad
3006 2313 3429 2379 exhortationem
3462 2382 3465 2389 _

1856 2408 2129 2469 charitatis
2157 2416 2352 2465 nostra:
2375 2448 2389 2472 ,
2418 2405 2606 2461 Libros
2637 2406 2975 2479 propheticos
3017 2414 3071 2461 et
3110 2405 3431 2477 apostolicos

1856 2503 2080 2574 legimus
2107 2502 2377 2561 alterutris
2404 2502 2623 2559 vocibus
2653 2502 2866 2567 sibimet
2891 2502 3262 2568 concinentes;
3289 2510 3344 2557 et
3366 2515 3430 2557 ea

1855 2594 2209 2659 concinentia,
2240 2602 2488 2667 tanquam
2519 2594 2721 2650 caelesti
2752 2593 2896 2660 tuba,
2920 2602 2972 2649 ct
2992 2609 3021 2647 a
3052 2602 3264 2664 torpore
3288 2608 3431 2649 mor-

1856 2686 1977 2767 talis
2001 2688 2122 2747 vitte
2148 2701 2245 2741 nos
2273 2688 2587 2754 excitantes,
2620 2693 2671 2740 et
2701 2685 2766 2739 ad
2791 2670 3019 2756 palmam
3058 2700 3303 2757 superna:
3330 2698 3429 2739 vo-

1855 2780 2081 2836 cationis
2126 2779 2493 2835 extendentes.
2548 2780 2625 2833 De
2677 2777 2850 2837 Libris
2912 2778 3052 2835 enim
3108 2777 3432 2851 propheticis

1857 2871 2107 2944 quiddam
2134 2887 2253 2926 cum
2282 2879 2755 2927 commemorasset
2779 2869 3083 2941 Apostolus,
3124 2870 3261 2923 sicut
3295 2869 3430 2923 scri-

1855 2974 2004 3037 ptum
2053 2973 2136 3020 cst
2170 3005 2184 3029 ,
2242 2962 2525 3036 Opprobria
2575 2946 2980 3032 exprobrantium
3022 2961 3108 3014 tibi
3154 2960 3434 3015 ceciderunt

1854 3042 2007 3126 super
2030 3071 2109 3109 me
2141 3052 2322 3126 (Psal.
2351 3069 2528 3118 vatn,
2556 3052 2676 3123 10);
2706 3052 2955 3107 continuo
2980 3050 3248 3123 subiungit
3290 3050 3431 3105 utili-

1856 3153 2025 3201 tatem
2053 3144 2245 3200 divinae.
2269 3144 2511 3199 lectionis
2541 3162 2553 3198 :
2590 3142 2930 3212 Quacumque
2951 3142 3083 3196 enim
3108 3152 3223 3197 ante
3243 3142 3431 3213 scripta

1855 3244 1992 3304 sunt,
2039 3236 2226 3308 inquit,
2273 3244 2331 3290 ut
2376 3252 2465 3290 nos
2509 3236 2821 3300 doceremur,
2851 3233 3039 3301 scripta
3065 3241 3213 3297 sunt;
3253 3241 3307 3299 ut
3346 3248 3433 3301 per

1858 3329 2150 3400 patientiam
2171 3336 2218 3383 et
2244 3327 2633 3382 consolationem
2664 3324 3044 3394 Scripturarum
3080 3339 3218 3394 spem
3245 3322 3431 3377 habeao

1855 3435 1967 3474 mus
1993 3417 2060 3472 ad
2087 3417 2249 3471 Deum
2281 3417 2299 3487 (
2325 3417 2473 3471 Rom.
2503 3430 2599 3482 xv,
2622 3415 2700 3485 4).
2722 3414 2826 3470 Sed
2851 3412 3162 3468 contradicit
3185 3412 3410 3477 Faustus

1855 3511 1976 3570 Fiat
1992 3527 2117 3584 ergo
2142 3511 2216 3566 illi
2233 3509 2373 3580 quod
2400 3509 2530 3564 dicit
2556 3507 2788 3563 Paulus:
2823 3506 2885 3563 Si
2922 3507 3031 3577 quis
3056 3506 3192 3561 vobis
3215 3520 3431 3577 enaviga-

1858 3604 2082 3660 lizaverit
2128 3610 2465 3674 praeterquam
2510 3599 2646 3670 quod
2700 3596 3005 3675 accepistis,
3046 3598 3313 3652 anathema
3348 3590 3432 3663 sit

1861 3696 1884 3771 (
1898 3695 2068 3752 Galat.
2089 3710 2128 3762 ι,
2159 3692 2250 3765 9).

1923 3939 1942 3975 ι
1976 3945 2109 3998 Lov.,
2143 3931 2358 3991 imbro
2393 3934 2541 3998 ligato
2559 3935 2818 3998 War.
2843 3930 3093 3998 superﬂuo
3125 3929 3283 3998 addita
3313 3944 3431 3998 vox,

1858 3992 2212 4069 membraque}
2232 4003 2399 4069 (street
2421 3992 2537 4045 éditi
2560 3992 2639 4045 alii
2664 4000 2715 4044 et
2747 4000 2852 4055 Mss.
2880 3992 3114 4069 cujusque
3137 3992 3242 4044 loco
3263 3995 3430 4057 subiu-

1859 4057 2112 4125 telligitur,
2134 4057 2412 4110 substantia.

1922 4127 1943 4158 ι
1972 4123 2048 4173 'sic
2064 4132 2163 4171 Aut.
2189 4127 2261 4170 Er.
2289 4129 2340 4171 et
2362 4129 2465 4171 Mss.
2487 4127 2540 4177 At
2555 4125 2683 4179 ωιτη

1928 4187 1949 4219 ι
1982 4186 2131 4229 Editio
2152 4191 2282 4229 ων..
2308 4189 2531 4229 tmmnam
2569 4179 2723 4229 primo
2745 4177 2836 4229 iibe
2876 4194 2902 4227 ο
2936 4184 3090 4229 vestro
3112 4178 3167 4229 id
3198 4176 3363 4229 auodt'

1928 4187 1949 4219 ³
1982 4186 2131 4256 editio
2152 4191 2282 4256 ιυγον
2302 4189 2531 4256 @th!"
2569 4177 2725 4256 ηιλίηιίξ
2745 4177 2914 4256 {ista
2936 4177 3326 4256 νεεςςεέιέέιιέοίι
3342 4177 3412 4237 im

1860 4247 2094 4302 mundum
2125 4252 2245 4297 erat.
2271 4238 2663 4307 '(zastigatur'ex
2704 4238 2995 4291 editionibus
3014 4238 3121 4290 aliis
3144 4238 3197 4291 et
3211 4238 3324 4289 'Mss.

186 4370 3415 4402 __________________________,_.________——————————————

730 4486 1204 4599 LIBER
1273 4468 2011 4611 QUARTUS
2089 4462 2843 4573 DECIMUS.

249 4755 468 4813 CAPUT
528 4749 815 4811 PRIMUM.
835 4784 907 4796 -—
929 4754 1170 4812 Fsus'rus
1193 4753 1332 4809 dixit
1363 4772 1377 4809 :
1406 4752 1580 4821 Quare
1603 4749 1751 4823 Moy-

186 4865 272 4906 sen
297 4866 400 4906 non
428 4849 701 4920 accipitis?
729 4850 937 4905 Amoris
963 4848 1275 4919 pietatisque
1303 4861 1458 4902 causa
1487 4887 1503 4912 ,
1534 4861 1634 4916 qua
1662 4860 1756 4899 co-

189 4945 333 4999 limus
372 4944 665 4999 Cbristnm.
711 4943 839 5010 Quis
867 4944 1011 4998 enim
1042 4942 1360 5011 irreligiosus
1397 4940 1531 4994 adeo
1556 4948 1634 4993 est
1656 4979 1670 5003 ,
1700 4945 1756 4991 ut

188 5051 298 5090 cum
320 5035 549 5091 libenter
575 5034 835 5106 aspiciat‘
863 5074 881 5101 ,
927 5037 1017 5109 qui
1053 5049 1150 5089 suo
1193 5031 1527 5087 maledixerit
1582 5029 1756 5100 patri?

188 5128 512 5198 Quapropter
546 5134 599 5182 et
642 5141 739 5182 nos
777 5125 1014 5197 Moysen,
1058 5140 1359 5196 quanquam
1407 5124 1756 5178 humanorum

188 5218 309 5272 nulli
329 5233 557 5289 unquam
575 5216 981 5287 divinorumque
1003 5217 1300 5287 pepercerit
1321 5214 1756 5284 blaSphemando,

189 5311 297 5379 plus
327 5320 503 5366 tamen
530 5309 659 5366 hinc
698 5324 1038 5365 exsecramur
1065 5349 1079 5372 ,
1106 5308 1246 5379 quod
1269 5306 1537 5362 Christum
1564 5305 1757 5361 Filium

188 5399 297 5465 Dei,
330 5401 420 5473 qui
443 5411 641 5456 nostra:
667 5400 851 5455 salutis
876 5414 1036 5455 causa
1076 5398 1326 5470 pependit
1348 5398 1400 5453 in
1431 5397 1572 5468 ligno
1598 5439 1613 5463 ,
1640 5396 1759 5452 diro

185 5493 533 5550 dei-otationis
553 5494 585 5528 ι
606 5492 855 5549 convicio
878 5492 1146 5550 lacessivit
1176 5510 1190 5549 :
1218 5503 1395 5548 utrum
1439 5492 1625 5547 volens
1648 5532 1664 5559 ,
1691 5505 1756 5545 an

243 5611 259 5643 ί
298 5608 487 5673 Aliquot
502 5617 629 5669 Mss,
646 5604 872 5673 accipiat.

240 5676 263 5709 ι
298 5664 402 5721 Am:
421 5678 494 5721 se.
531 5678 587 5735 et
605 5664 799 5735 dum
835 5678 949 5735 usu
958 5676 1242 5735 constanter
1255 5667 1455 5727 habent,
1482 5664 1756 5735 devotionis.

187 5738 400 5798 iteagite
442 5728 594 5798 paulo
624 5728 1040 5798 post,__col.295,
1090 5744 1182 5798 non
1232 5739 1339 5798 tam
1395 5730 1564 5780 cruda?
1622 5728 1762 5798 detto—

189 5790 873 5866 yottis'coguuntelioI—_E}tlitio
897 5801 976 5843 PP.
1000 5790 1415 5843 Benedictinortnn
1440 5790 1758 5852 Antuerpiana

189 5855 353 5923 habet,
712 5863 770 5907 ll.

1858 4759 2006 4811 casu,
2039 4749 2094 4799 tu
2126 4738 2340 4797 videris.
2384 4734 2584 4801 Neutro
2630 4735 2769 4803 enim
2801 4733 2987 4803 horum
3017 4743 3298 4805 excusatus
3338 4735 3439 4805 erit

1858 4844 1950 4899 aut
1992 4828 2418 4897 commendatus,
2447 4837 2502 4882 ut
2528 4825 2722 4883 debeat
2750 4826 2937 4905 accipi,
2971 4828 3059 4887 Ait
3087 4828 3229 4895 enim
3272 4827 3437 4893 male-

1858 4923 2057 4980 dictum
2087 4937 2206 4977 esse
2233 4935 2441 4975 omnem
2468 4917 2557 4990 qui
2590 4917 2783 4997 pendet
2811 4918 2861 4985 in
2909 4918 3051 4990 ligno
3082 4918 3267 4989 (Deut.
3300 4933 3395 4973 nt
3416 4958 3432 4984 ,

1858 5016 1987 5089 23).
2017 5016 2166 5070 Hunc
2195 5028 2319 5079 ergo
2348 5020 2403 5066 tu
2433 5010 2512 5065 vis
2533 5020 2589 5065 ut
2622 5012 2876 5083 accipiam
2899 5053 2915 5078 ,
2946 5010 3069 5071 huic
3093 5019 3149 5079 _u_t
3181 5010 3391 5075 credam
3421 5025 3435 5064 :

1859 5123 1978 5165 cum
2011 5106 2053 5161 si
2094 5105 2302 5159 divinus
2330 5102 2453 5168 fuit,
2488 5110 2694 5159 constet
2725 5119 2846 5173 eum
2872 5102 3123 5159 scientem
3149 5101 3439 5155 volentem-

1859 5216 1961 5271 quc
2000 5197 2335 5253 maledixisse
2384 5194 2627 5261 Christo;
2676 5196 2719 5265 si
2770 5212 2896 5251 vero
2954 5194 3138 5250 nolens
3169 5193 3440 5259 nesciens-

1860 5307 1961 5363 que
1986 5288 2335 5351 maledixcrit,
2367 5297 2576 5343 constet
2603 5304 2724 5343 eum
2754 5303 2857 5342 non
2882 5286 3044 5340 fuisse
3068 5286 3328 5340 divinum.
3360 5285 3441 5341 Tu

1860 5398 1987 5455 ergo
1999 5383 2131 5452 elige
2148 5380 2432 5446 utrumvis,
2456 5388 2546 5434 aut
2571 5379 2788 5453 Moysen
2802 5377 3112 5455 prophetam
3136 5393 3237 5435 non
3257 5376 3439 5447 fuisse,

1860 5484 1915 5530 et
1944 5473 2296 5545 imprudentia
2325 5486 2595 5549 peccasse,
2634 5452 2689 5524 ut
2714 5452 2836 5523 dum
2884 5468 3002 5537 aliis
3046 5484 3119 5541 eg
3161 5485 3315 5549 more
3348 5485 3444 5525 suo

1860 5566 2149 5633 maledicit,
2201 5566 2442 5621 nesciens
2492 5562 2942 5633 blasphemaverit
2998 5571 3052 5619 et
3106 5565 3299 5630 Deum;
3357 5573 3446 5629 aut

1862 5658 2024 5715 fuisse
2050 5660 2262 5729 quidem
2284 5657 2550 5719 divinum,
2584 5670 2680 5709 nec
2718 5654 2891 5708 futura
2938 5652 3053 5735 haec
3078 5655 3403 5731 ignoravisse
3428 5696 3442 5721 ,

1863 5751 1956 5807 sed
1984 5751 2304 5807 invidentem
2327 5757 2502 5803 tamen
2535 5755 2729 5801 nostrae
2767 5746 2944 5813 saluti,
2973 5763 3091 5820 quae
3121 5748 3293 5802 futura
3332 5755 3446 5821 erat

1880 5858 1944 5900 ex
1966 5843 2129 5914 ligno,
2152 5842 2203 5896 in
2240 5840 2353 5913 ejus
2378 5848 2650 5895 auctorem
2696 5839 2936 5903 maledici
2979 5840 3086 5899 oris
3124 5840 3204 5895 sui
3246 5855 3447 5915 venena
