4052 6442
608 394 717 461 295

590 510 933 585 prompsisse.
960 510 1026 568 Et
1053 510 1172 585 quis
1195 524 1323 585 ergo
1347 514 1528 570 credat
1560 515 1700 570 hunc
1729 515 1924 570 vidisse
1959 522 2051 569 aut
2078 526 2171 568 co-

590 608 837 679 gnovisse
866 606 1106 676 Patrem,
1139 610 1229 679 qui
1267 611 1343 664 sic
1379 609 1688 663 laceraverit
1732 608 1924 664 Filium
1964 628 1977 663 :
2032 608 2175 664 hunc

591 700 879 757 adventum
917 700 1038 756 Filii
1068 701 1301 771 potuisse
1344 700 1656 770 praedicere,
1706 702 1795 772 qui
1847 699 2173 756 ascensionis

591 792 706 863 ejus
731 792 1295 865 iguoraveritexitum?
1318 792 1431 849 Huc
1456 794 1677 861 accedit,
1700 793 1841 864 quod
1863 793 1991 848 illud
2014 792 2173 848 etiam

590 884 891 951 considero,
945 898 1101 954 quam
1151 883 1258 938 late
1302 883 1403 938 hoc
1441 884 1510 939 sit
1562 898 1804 955 sparsum
1854 885 2172 951 convicium,

589 991 855 1047 quamque
884 976 1044 1031 multa
1074 974 1490 1045 comprehendat
1539 984 1591 1030 et
1616 976 1776 1032 violet
1836 986 1936 1031 :ut
1986 992 2174 1033 onmes

590 1070 750 1125 etiam
774 1078 951 1140 tangat
966 1070 1140 1138 justos
1165 1078 1218 1125 et
1245 1081 1526 1142 martyres,
1550 1078 1811 1140 quotquot
1836 1070 2024 1124 similis
2047 1085 2171 1139 pas-

590 1164 754 1218 sionis
774 1163 915 1218 exitu
937 1162 1169 1219 defuncti
1198 1146 1319 1219 sunt
1346 1165 1472 1231 vita,
1500 1172 1558 1220 ut
1585 1164 1794 1229 Petrus,
1827 1172 1881 1219 et
1908 1164 2169 1233 Andreas,

585 1272 649 1312 ac
677 1258 863 1327 reliqui
886 1257 1123 1327 ejusdem
1147 1260 1325 1314 sortis.
1354 1259 1497 1327 Quos
1522 1259 1622 1314 nisi
1646 1259 1854 1331 Moyses
1873 1266 1964 1313 aut
1988 1266 2173 1313 utnon

585 1348 843 1419 propheta
868 1391 882 1417 ,
912 1349 1207 1417 nescisset,
1236 1359 1326 1405 aut
1349 1358 1407 1404 ut
1435 1350 1695 1420 malignus
1724 1349 1925 1405 odisset
1947 1392 1961 1417 ,
1986 1349 2030 1403 si
2075 1348 2174 1403 fuit

584 1442 842 1513 propheta
868 1483 884 1509 ,
915 1458 1021 1498 non
1061 1451 1168 1503 tam
1196 1442 1429 1499 crudelis
1468 1442 1819 1498 devotationis
1852 1442 2172 1498 contumelia

585 1535 893 1591 lacerasset.
936 1536 1117 1607 Neque
1162 1537 1302 1591 enim
1336 1535 1494 1606 vulgo
1522 1534 1711 1591 saltem
1731 1550 1823 1591 eos
1862 1535 2171 1591 maledictos

586 1626 732 1695 dicit,
766 1628 817 1682 id
843 1636 923 1683 est
943 1671 958 1694 ,
991 1628 1130 1698 apud
1179 1628 1422 1683 homines
1470 1637 1672 1683 tantum
1697 1671 1711 1694 ,
1737 1628 1833 1683 sed
1860 1627 2173 1683 maledictos

585 1718 716 1776 Deo.
744 1720 895 1788 Quod
924 1721 967 1774 si
1006 1721 1075 1775 ita
1101 1730 1203 1789 est,
1251 1720 1389 1776 unde
1434 1720 1542 1789 jam
1578 1720 1961 1775 benedictionis
2006 1720 2170 1774 relin-

584 1823 777 1885 quctnr
802 1829 924 1885 Spes
940 1814 1022 1869 vel
1052 1813 1284 1880 Christo,
1309 1814 1389 1868 vel
1420 1814 1707 1882 Apostolis,
1734 1813 1820 1868 vel
1845 1813 1971 1883 ipsis
1994 1812 2167 1879 nobis,

585 1905 631 1962 si
661 1908 890 1962 nominis
915 1907 1029 1978 ejus
1059 1922 1220 1963 causa
1252 1908 1268 1939 ¹
1298 1907 1534 1979 crucifigi
1554 1907 2044 1976 contingat?Quam
2071 1905 2170 1961 de-

584 1998 743 2069 nique
771 1999 1077 2069 imprudens
1104 2008 1222 2055 erat
1253 2009 1307 2054 et
1351 2014 1545 2054 vacans
1590 1999 1937 2068 inspiratione
1966 1998 2167 2064 divina,

584 2097 643 2143 ut
683 2091 915 2159 cogitare
957 2091 1253 2160 nequiverit
1295 2089 1518 2145 diversis
1550 2105 1615 2143 ex
1644 2105 1819 2145 callSlS
1847 2088 2091 2143 homines
2116 2088 2170 2142 in

582 2179 727 2250 ligno
781 2180 1072 2249 suspendi;
1104 2181 1237 2235 alios
1287 2180 1499 2250 quidem
1542 2180 1611 2235 ob
1659 2181 1894 2250 iniquum
1942 2178 2168 2244 facinus,

582 2270 838 2341 quosdam
868 2286 995 2326 vero
1017 2271 1235 2340 justitiae
1263 2286 1425 2326 causa
1450 2314 1464 2337 ,
1504 2279 1557 2326 et
1586 2279 1802 2341 propter
1841 2270 2009 2326 Deum
2044 2288 2057 2324 :
2091 2269 2172 2325 id—

581 2363 830 2434 circoque
859 2363 1077 2420 confuse
1107 2380 1294 2421 omnes
1320 2374 1373 2420 et
1417 2365 1532 2420 sine
1578 2364 1899 2419 discretione
1926 2364 2031 2419 ulla
2072 2362 2171 2419 sub

581 2458 720 2515 idem
749 2458 976 2528 coniecit
1004 2458 1344 2514 maledictum
1378 2473 1536 2513 :cum
1581 2465 1724 2512 esset
1767 2455 2069 2522 dicendum,
2125 2455 2171 2510 si

581 2550 629 2606 ei
656 2549 934 2620 prudentia
962 2552 1160 2608 inesset
1188 2552 1318 2617 ulla,
1351 2568 1456 2606 non
1486 2551 1657 2607 dicam
1684 2550 1937 2605 divinatio
1959 2592 1973 2618 ,
2028 2558 2081 2605 et
2124 2550 2171 2605 si

578 2644 715 2700 adeo
738 2660 867 2699 crux
896 2644 1189 2700 offenderat
1214 2660 1357 2709 eum,
1400 2653 1458 2699 ut
1499 2644 1610 2700 sola
1641 2652 1860 2713 excepta
1902 2642 2171 2697 abdicata-

579 2752 681 2807 que
720 2744 861 2792 esset
890 2752 954 2792 ex
995 2738 1139 2791 omni
1189 2752 1383 2807 genere
1431 2737 1783 2806 punitionum,
1832 2734 2169 2790 maledictum

579 2844 699 2886 esse
728 2831 1047 2885 sceleratum
1075 2838 1129 2885 et
1155 2830 1373 2900 impium
1397 2845 1606 2884 onmem
1638 2830 1726 2899 qui
1756 2828 2093 2899 pependisset
2114 2830 2169 2883 in

577 2923 750 2993 ligno;
782 2934 837 2978 ut
877 2934 1019 2979 esset
1067 2925 1317 2981 discretio
1363 2925 1537 2995 aliqua
1567 2924 1705 2979 inter
1737 2925 1911 2995 justos
1940 2934 1993 2980 et
2032 2925 2171 2995 inju-

581 3025 693 3072 stos
725 3034 737 3069 :
768 3032 1066 3087 quanquam
1106 3033 1173 3073 ne
1218 3019 1294 3072 sic
1342 3018 1557 3089 quidem
1600 3034 1724 3072 vera
1755 3017 1994 3084 dixisset,
2046 3034 2167 3074 cum

574 3107 837 3163 latronem
865 3108 1104 3164 Christus
1132 3109 1199 3164 de
1225 3109 1370 3179 ligno
1389 3124 1572 3165 secum
1596 3109 1951 3165 introduxerit
1993 3111 2044 3164 in
2070 3126 2166 3180 pa-

576 3200 810 3256 radisum
842 3201 1015 3255 Patris
1050 3201 1130 3255 sui
1156 3200 1320 3273 (Luc,
1374 3218 1522 3266 χχιιι,
1563 3202 1632 3256 45
1659 3202 1696 3271 ).
1749 3201 1845 3256 Ubi
1889 3209 1972 3256 est
2014 3218 2163 3272 ergo,

576 3290 878 3348 Maledictus
903 3294 1064 3349 omnis
1091 3294 1175 3365 qui
1222 3294 1400 3365 pendet
1443 3295 1497 3347 in
1535 3292 1718 3365 ligno?
1764 3296 1844 3351 An
1897 3293 2166 3349 Barabhas

574 3382 713 3439 latro
744 3385 829 3440 ille
859 3385 1099 3455 insignis,
1130 3386 1219 3456 qui
1253 3400 1356 3441 non
1392 3387 1564 3441 solum
1603 3386 1657 3440 in
1700 3386 1844 3457 ligno
1874 3400 2165 3455 suspensus

574 3476 795 3531 minime
821 3486 940 3545 εει,
982 3476 1076 3532 sed
1106 3478 1265 3531 etiam
1311 3477 1615 3532 Judaeorum
1662 3488 1848 3549 rogatu
1878 3479 2107 3534 emissus
2133 3494 2163 3533 e

573 3584 789 3625 carcere
814 3568 1022 3639 (Matth.
1041 3586 1207 3639 xxvii,
1224 3568 1339 3643 26),
1357 3572 1522 3642 magis
1540 3570 1637 3625 fuit
1656 3571 1987 3638 benedictus,
2002 3588 2158 3642 quam

572 3663 667 3719 ille
706 3663 797 3734 qui
840 3678 959 3718 eum
988 3662 1203 3719 Christo
1237 3664 1305 3719 de
1354 3680 1510 3720 cruce
1542 3665 1781 3721 ascendit
1830 3667 1885 3723 in
1926 3667 2161 3723 cmlum?

572 3755 710 3823 Quid
732 3756 1001 3827 denique,
1042 3756 1182 3827 quod
1219 3757 1378 3811 etiam
1425 3773 1546 3813 eum
1588 3758 1928 3814 maledictum
1982 3771 2155 3825 vocat,

571 3848 661 3923 qui
683 3848 850 3902 solem
871 3849 1189 3914 adoraverit,
1236 3857 1328 3904 aut
1370 3850 1547 3904 lunam
1576 3850 1747 3921 (Deut.
1790 3868 1919 3919 xvu,
1949 3849 2051 3925 5)?
2102 3851 2159 3909 Si

572 3954 701 4010 ergo
726 3941 824 3995 sub
852 3942 1033 4009 gentili
1064 3942 1268 4012 positus
1312 3957 1475 4019 rege,
1509 3943 1675 3999 solem
1719 3943 1941 4000 adorare
1974 3960 2154 4016 cogar,

569 4041 766 4087 etcum
786 4034 1051 4100 restitero,
1075 4034 1413 4089 maledictum
1434 4036 1534 4091 hoc
1558 4046 1802 4092 metuens
1818 4038 2010 4108 jubcar
2034 4054 2157 4094 cru-

570 4124 734 4197 cifigi,
765 4127 817 4181 in
845 4126 984 4181 aliud
1025 4127 1141 4197 ejus
1168 4128 1437 4184 incurram
1476 4131 1811 4187 maledictum
1834 4174 1849 4201 ,
1877 4133 2017 4203 quod
2057 4134 2155 4188 ad-

569 4232 756 4274 versus
804 4233 925 4273 eum
952 4218 1288 4289 deprompsit
1313 4223 1401 4291 qui
1430 4222 1625 4292 pendet
1654 4224 1708 4277 in
1736 4224 1921 4295 ligno?
1947 4226 2027 4279 An
2054 4225 2156 4295 ipsi

567 4308 781 4379 quidem
833 4310 989 4365 bonis
1031 4311 1278 4367 omnibus
1307 4313 1623 4370 maledicere
1677 4324 1989 4372 consuetum
2034 4318 2154 4371 est?

566 4400 675 4457 Nos
705 4417 833 4458 vero
854 4403 983 4457 tanti
1014 4404 1378 4461 devotationes
1425 4408 1540 4477 ejus
1566 4408 1831 4464 aestimare
1872 4408 2150 4479 debemus,

566 4496 751 4565 quanti
788 4504 912 4551 sunt
953 4497 1398 4554 stomachantium
1438 4501 1755 4555 vetularum.
1798 4500 1886 4556 Sic
1931 4503 2071 4556 enim
2100 4510 2155 4558 et

568 4586 667 4643 Dei
714 4603 901 4644 omnes
934 4604 1128 4659 pueros
1151 4605 1216 4645 ac
1238 4591 1471 4661 virgines
1508 4593 1621 4661 pari
1651 4592 1986 4648 dcvotatione
2031 4610 2154 4664 pro-

564 4680 808 4750 sequitur
862 4680 1045 4736 dicens
1070 4724 1084 4748 ,
1118 4682 1452 4738 maledictum
1497 4699 1616 4740 esse
1659 4700 1872 4740 omnem
1904 4687 1991 4756 qui
2044 4702 2149 4742 non

562 4772 905 4829 suscitaverit
942 4788 1123 4829 semen
1163 4774 1213 4828 in
1245 4774 1442 4848 lsrael(
1467 4774 1551 4829 Id.
1595 4792 1729 4842 xxv,
1772 4777 1965 4848 5-l0).
1999 4777 2150 4845 Quod

556 4879 715 4933 teque
744 4867 1041 4921 convicium
1083 4867 1447 4937 principaliter
1476 4869 1689 4940 quidem
1732 4869 1911 4925 Iesum
1961 4872 2146 4942 tangit,

553 4959 651 5029 tqui
673 4968 823 5016 ortus
846 4969 899 5015 et
935 4961 1069 5030 ipse,
1098 4970 1155 5015 ttt
1178 4960 1372 5028 dicitis,
1397 4978 1464 5018 ex
1484 4962 1704 5030 Iudaeis,
1748 4964 1944 5019 nullam
1970 4974 2148 5022 tamen

562 5053 702 5109 inter
730 5068 825 5110 eos
853 5055 1127 5110 servandac
1158 5058 1480 5127 posteritatis
1513 5071 1671 5111 causa
1704 5058 1942 5114 sobolem
1978 5061 2147 5116 susci-

565 5148 713 5202 tavit.
760 5148 960 5203 Deinde
989 5158 1041 5203 et
1066 5148 1355 5219 discipulos
1400 5149 1534 5220 ejus,
1588 5166 1813 5220 quorum
1861 5154 2146 5210 nonnullos

557 5238 770 5308 quidem
792 5240 859 5294 ab
885 5241 1137 5296 uxoribus
1166 5240 1416 5310 sejunxit,
1449 5257 1583 5313 quos
1622 5244 1895 5313 copulatas
1924 5247 2142 5302 invene-

557 5338 642 5385 rat
678 5349 691 5385 :
736 5331 993 5401 quosdam
1042 5347 1171 5387 vero
1199 5341 1253 5387 et
1293 5333 1543 5404 conjungi
1579 5337 1763 5403 vetuit,
1795 5353 1929 5407 quos
1954 5338 2143 5408 depre-

556 5424 743 5481 hendit
771 5428 1016 5483 intactos.
1045 5428 1160 5495 Qua
1186 5426 1253 5484 de
1278 5444 1336 5484 re
1360 5428 1602 5500 Moyseos
1643 5430 1953 5501 impunitam
2004 5432 2140 5487 hanc

553 5516 808 5588 linguam,
840 5517 1246 5576 maledictorum
1275 5520 1463 5592 jaculis
1485 5520 1756 5577 Christum
1784 5522 1985 5591 lumen,
2018 5540 2141 5580 san-
2176 5542 2179 5547 ‘

553 5610 881 5676 climoniam,
910 5612 1085 5667 divina
1111 5614 1285 5669 omnia
1330 5625 1617 5685 petentem,
1659 5616 1779 5686 jure
1814 5633 1911 5673 nos
1940 5633 2138 5690 cogno-

550 5706 693 5762 veris
717 5715 1040 5762 exsecratos.
1066 5709 1141 5762 Ac
1162 5724 1229 5764 ne
1254 5707 1392 5765 forte
1429 5711 1655 5766 multum
1696 5712 1956 5769 interesse
1983 5724 2137 5785 putes

547 5797 688 5857 inter
716 5815 1030 5871 suspensum
1053 5810 1109 5857 et
1136 5803 1478 5871 cruciﬁxum;
1508 5819 1627 5859 nam
1652 5814 1701 5860 et
1731 5803 1831 5859 hoc
1870 5806 1922 5861 in
1948 5808 2134 5877 praesi-

610 5893 631 5928 ι
664 5892 769 5944 Sola
792 5893 896 5946 fere
922 5894 1072 5948 editio
1091 5903 1223 5960 t.ov.,
1242 5895 1287 5948 si
1301 5910 1463 5949 omnes
1485 5910 1570 5949 nos
1591 5897 1696 5962 ejus
1719 5912 1883 5952 causa.

1404 400 1676 460 CONTRA
1714 396 2033 461 rausruu
2069 392 2543 469 MANICHAEUM,
2582 398 2640 460 ε.
2679 396 3046 463 AUGUSTINI

3758 412 3872 473 296

2282 514 2427 570 dium
2453 514 2601 572 vobis
2626 517 2949 575 defensionis
2992 519 3176 577 soletis
3205 534 3514 591 assumere;
3545 529 3871 584 commentis

2279 606 2429 666 hisce
2454 612 2643 667 vestris
2672 611 2892 668 Paulum
2935 614 3118 670 audias
3148 618 3608 687 praescribentem,
3636 622 3873 679 Christus

2281 717 2371 755 nos
2401 702 2608 757 redemit
2648 703 2710 757 de
2727 704 2994 761 maledicto
3018 706 3189 779 Legis,
3223 712 3389 780 factus
3415 729 3506 783 pro
3536 714 3678 768 nobis
3708 717 3873 769 male-

2280 796 2469 852 dictum
2498 817 2515 851 :
2533 801 2651 869 quia
2680 803 2919 873 scriptum
2943 812 3033 870 est,
3061 803 3363 861 Maledicta;
3378 810 3540 863 omnis
3560 817 3643 879 qui
3683 811 3873 878 pendet

2280 904 2332 944 in
2353 891 2489 961 ligno
2511 889 2530 965 (
2556 891 2728 948 Galat.
2756 910 2847 962 ιιι,
2877 897 2945 953 15
2972 896 3013 969 ).

2349 983 2574 1041 CAPUT
2604 985 2666 1040 ll.
2703 1017 2774 1027 ——
2802 989 3134 1046 AUGUSTINUS
3177 993 3452 1062 respondit
3480 1011 3494 1048 :
3525 994 3651 1052 Pius
3705 997 3874 1052 homo

2278 1075 2506 1133 Faustus
2532 1078 2676 1136 dolet
2702 1081 2974 1140 Christum
3000 1101 3119 1141 esse
3145 1088 3487 1144 maledictum
3518 1106 3547 1144 a
3574 1091 3754 1163 Moyse
3774 1135 3789 1158 ,
3815 1100 3875 1147 et

2277 1168 2346 1223 ob
2374 1168 2477 1225 hoc
2500 1171 2612 1227 odit
2637 1173 2856 1246 Moysen
2876 1219 2891 1246 ,
2919 1180 3042 1248 quia
3081 1179 3251 1250 diligit
3287 1181 3578 1239 Christum.
3604 1184 3823 1239 lnterim
3850 1227 3868 1255 ,

2277 1272 2559 1332 antequam
2603 1267 2837 1335 aperiam
2892 1270 2943 1323 in
2980 1286 3137 1340 quam
3186 1289 3377 1345 magno
3403 1285 3739 1332 sacramento
3766 1319 3781 1343 ,
3812 1286 3873 1333 et

2276 1371 2436 1427 quam
2480 1360 2564 1428 pie
2609 1360 2805 1417 dictum
2843 1365 2947 1432 sit,
2980 1364 3284 1423 Maledictus
3316 1373 3479 1427 omnis
3518 1375 3683 1444 quiin
3726 1376 3873 1447 ligno

2276 1450 2565 1520 pependerit
2592 1451 2768 1524 (Deut.
2814 1471 2910 1509 xxx
2929 1497 2945 1522 ,
2967 1456 3061 1529 25)
3085 1500 3098 1523 ,
3123 1459 3253 1515 istos
3276 1462 3391 1531 pios
3416 1462 3657 1520 homines
3700 1467 3875 1523 inter-

2277 1556 2436 1613 rogo,
2465 1558 2559 1599 cur
2602 1545 2897 1602 irascantur
2932 1548 3139 1621 Moysi,
3168 1554 3594 1625 quandoquidem
3638 1558 3873 1614 maledi-

2276 1645 2421 1692 ctum
2446 1638 2563 1707 ejus
2605 1640 2671 1694 ad
2714 1640 2981 1697 Christum
3030 1643 3254 1700 istorum
3304 1663 3409 1702 non
3440 1653 3758 1719 pervenerit.
3810 1652 3873 1709 Si

2276 1730 2417 1784 enim
2448 1730 2689 1787 Christus
2716 1735 2967 1804 pependit
2996 1737 3047 1790 in
3080 1737 3238 1809 ligno,
3271 1740 3435 1796 clavis
3466 1744 3647 1814 utique
3671 1745 3871 1802 afﬁxus

2276 1830 2376 1877 est.
2404 1821 2557 1879 Unde
2581 1825 2738 1879 etiam
2770 1826 2914 1896 ipsas
2952 1829 3227 1886 cicatrices
3256 1842 3376 1902 post
3413 1836 3872 1894 resurrectionem

2275 1914 2538 1985 discipulo
2562 1919 2740 1973 minus
2764 1921 2983 1977 credulo
3008 1923 3394 1981 demonstravit
3422 1926 3598 1999 (Joan.
3624 1947 3720 1997 xx,
3748 1932 3867 2003 27).

2275 2007 2425 2077 Quod
2469 2011 2514 2064 si
2561 2011 2629 2065 ita
2671 2022 2790 2080 est,
2837 2015 3019 2086 utique
3060 2017 3393 2075 vulnerabile
3435 2030 3593 2092 atque
3638 2026 3871 2082 mortale

2275 2114 2469 2169 corpus
2497 2100 2717 2169 habuit,
2747 2104 2887 2174 quod
2928 2107 3012 2161 isti
3043 2108 3231 2164 nolunt
3256 2109 3431 2166 fateri.
3465 2113 3521 2167 Si
3546 2130 3671 2185 ergo
3692 2124 3749 2170 et
3778 2117 3869 2171 illa

2273 2193 2513 2259 vulnera,
2546 2205 2600 2250 et
2622 2196 2725 2252 illae
2760 2198 3037 2256 cicatrices
3064 2201 3210 2257 falsae
3256 2212 3448 2273 erant,
3480 2205 3667 2261 falsum
3706 2217 3871 2263 estet

2274 2287 2415 2356 quod
2444 2288 2697 2357 pependit
2746 2292 2800 2345 in
2842 2292 3003 2361 ligno.
3047 2293 3163 2348 Non
3206 2296 3384 2365 itaque
3431 2299 3603 2367 potuit
3630 2300 3695 2353 ad
3741 2316 3869 2355 eum

2274 2379 2363 2434 illa
2412 2382 2715 2437 maledictio
2744 2387 3023 2454 pervenire
3042 2429 3056 2454 ,
3087 2402 3191 2443 non
3219 2400 3300 2445 est
3329 2391 3469 2461 quod
3518 2406 3868 2451 succenseant

2274 2472 2323 2529 ei
2349 2487 2378 2525 a
2399 2472 2551 2543 cujus
2576 2489 2670 2529 ore
2694 2478 2977 2545 processit.
3008 2478 3190 2548 Itaque
3211 2480 3255 2535 si
3277 2480 3376 2551 ipsi
3406 2482 3560 2538 irasci
3582 2500 3640 2539 se
3659 2486 3869 2557 fingunt

2274 2564 2321 2618 ei
2352 2565 2441 2633 qui
2482 2566 2817 2623 maledixcrit
2860 2569 3006 2624 falsae
3036 2573 3193 2625 morti
3217 2570 3450 2639 Christi,
3485 2576 3627 2645 quod
3674 2593 3869 2633 secun-

2274 2654 2400 2709 dum
2431 2656 2575 2726 ipsos
2603 2658 2826 2714 dixerim
2852 2676 2865 2724 ;
2898 2662 3165 2731 quomodo
3198 2661 3432 2734 fugiendi
3463 2675 3607 2733 sunt,
3641 2670 3728 2739 qui
3758 2686 3867 2726 non

2272 2748 2597 2805 maledicunt
2644 2752 2948 2823 Christum,
2981 2754 3077 2809 sed
3119 2756 3261 2825 quod
3313 2768 3395 2813 est
3439 2761 3864 2832 exsecrabilius,

2272 2843 2655 2899 criminantur?
2693 2846 2747 2901 Si
2775 2848 2916 2902 enim
2956 2864 3063 2903 non
3094 2860 3177 2904 est
3202 2852 3542 2923 accipiendus
3568 2858 3655 2926 qui
3698 2858 3867 2914 ntale-

2272 2938 2469 2994 dictum
2500 2940 2693 3011 ingerit
2716 2942 3066 3011 mortalitati;
3098 2946 3365 3015 quomodo
3402 2957 3487 3003 est
3515 2950 3865 3007 detestandus
3902 3016 3911 3025 ,

2272 3032 2360 3102 qui
2411 3032 2670 3088 fallaciam
2718 3035 2902 3106 objicit
2936 3038 3181 3093 veritati?
3219 3040 3323 3111 Sed
3348 3042 3459 3111 jam
3485 3043 3761 3099 videamus
3794 3061 3863 3100 ex

2270 3127 2549 3183 occasione
2578 3128 3013 3185 calumniantium
3033 3134 3426 3203 haereticorum,
3446 3140 3711 3209 quomodo
3731 3140 3861 3196 illud

2270 3229 2660 3276 sacramentum
2685 3221 2929 3280 fidelibus
2954 3233 3269 3297 etponatur.

2339 3310 2564 3368 CAPUT
2603 3313 2690 3368 ΙΙΙ.
2714 3346 2785 3355 -
2806 3315 2948 3372 Mors
2976 3317 3207 3374 hominis
3234 3337 3298 3376 ex
3339 3338 3494 3393 paena
3524 3327 3726 3394 peccati
3754 3336 3857 3395 est,

2269 3402 2407 3457 unde
2435 3412 2488 3458 et
2512 3405 2621 3475 ipsa
2643 3417 2918 3476 peccatum
2946 3411 3139 3466 dicitur
3162 3430 3174 3466 :
3198 3430 3303 3469 non
3331 3416 3451 3486 quia
3479 3428 3666 3488 peccat
3692 3420 3859 3476 homo

2266 3495 2395 3551 dum
2421 3500 2666 3568 moritur,
2695 3505 2789 3557 sed
2815 3504 2936 3574 quia
2974 3523 3043 3562 ex
3067 3520 3285 3578 peccato
3319 3510 3514 3567 factum
3546 3524 3626 3569 est
3651 3524 3706 3571 ut
3736 3532 3859 3573 mo-

2265 3593 2450 3649 riatur.
2494 3596 2640 3652 Sicut
2687 3600 2794 3654 alio
2837 3603 2998 3659 modo
3035 3604 3230 3662 dicitur
3257 3607 3433 3681 lingua
3473 3615 3687 3684 proprie
3727 3631 3857 3673 caro

2265 3699 2382 3755 qua:
2423 3688 2561 3743 intra
2589 3690 2776 3747 dentes
2800 3694 2901 3749 sub
2930 3697 3108 3766 palato
3151 3710 3414 3769 movetur;
3447 3712 3498 3759 et
3539 3705 3647 3761 alio
3690 3707 3855 3765 modo

2264 3776 2456 3833 dicitur
2482 3781 2679 3853 lingua,
2707 3786 2847 3855 quod
2875 3802 2971 3857 per
2996 3789 3226 3861 linguam
3252 3794 3341 3861 ﬁt;
3373 3797 3663 3853 secundum
3690 3816 3855 3870 quem

2262 3870 2477 3926 modum
2517 3874 2709 3931 dicitur
2739 3880 2840 3933 alia
2864 3880 3036 3952 lingua
3064 3900 3256 3954 grreca,
3288 3887 3389 3942 alia
3420 3889 3578 3944 latina
3613 3910 3627 3946 :
3658 3902 3711 3947 et
3736 3910 3857 3949 ma-

2263 3978 2363 4019 nus
2382 3966 2487 4020 alio
2522 3968 2679 4023 modo
2709 3970 2902 4027 dicitur
2929 3974 3099 4044 ipsum
3142 3980 3354 4049 proprie
3397 3984 3636 4053 corporis
3682 4001 3855 4042 mem-

2260 4055 2415 4112 brum
2460 4061 2598 4129 quod
2641 4078 2916 4121 movemus
2959 4068 3025 4121 ad
3065 4072 3391 4140 operandum
3423 4116 3436 4139 ,
3465 4085 3517 4131 et
3553 4077 3659 4131 alio
3688 4079 3855 4135 modo

2262 4163 2448 4203 manus
2475 4153 2667 4209 dicitur
2696 4156 2956 4228 scriptura
2983 4176 3099 4230 quae
3128 4163 3185 4217 fit
3221 4179 3318 4235 per
3347 4181 3581 4222 manum.
3614 4169 3853 4227 Dicimus

2261 4243 2401 4297 enim
2425 4286 2438 4309 ,
2470 4245 2681 4302 Prolata
2727 4258 2807 4304 cst
2849 4268 3035 4309 manus
3075 4255 3189 4325 ejus
3218 4275 3231 4311 :
3262 4259 3421 4315 Lecta
3455 4271 3536 4316 est
3587 4262 3853 4321 adversus

2259 4353 2379 4392 eum
2446 4355 2637 4396 manus
2702 4343 2817 4414 ejus
2877 4363 2889 4399 :
2948 4346 3131 4405 Habeo
3205 4367 3418 4408 manum
3480 4365 3621 4409 tuam
3679 4372 3692 4409 :
3744 4357 3854 4411 Re-

2258 4430 2377 4501 cipe
2418 4448 2633 4489 manum
2685 4445 2845 4491 tuam.
2908 4440 3091 4497 Manus
3160 4444 3342 4516 utique
3408 4449 3621 4518 proprie
3671 4464 3851 4504 ntem-

2258 4523 2412 4579 brum
2459 4536 2540 4581 est
2564 4526 2796 4585 hominis
2820 4548 2833 4584 :
2858 4547 2963 4587 non
2989 4545 3169 4591 autem
3210 4538 3402 4608 opinor
3436 4540 3580 4594 illam
3608 4542 3848 4613 scriptu-

2257 4631 2372 4671 ram
2401 4619 2698 4675 membrum
2720 4637 2840 4678 esse
2865 4624 3118 4692 hominis,
3142 4637 3197 4682 et
3218 4638 3392 4685 tamen
3414 4631 3609 4687 dicitur
3632 4649 3847 4703 manus,

2257 4725 2322 4766 eo
2354 4712 2491 4782 quod
2517 4729 2675 4768 manu
2704 4716 2836 4771 facta
2864 4717 2953 4775 sit.
2984 4718 3071 4774 Sic
3100 4728 3150 4775 et
3174 4732 3470 4790 peccatum,
3503 4740 3609 4780 non
3639 4734 3847 4781 tantum

2256 4802 2427 4873 ipsum
2456 4820 2589 4874 opus
2613 4807 2833 4874 malum,
2852 4810 2993 4880 quod
3018 4826 3170 4881 ptena
3197 4812 3414 4884 dignum
3442 4825 3543 4881 est;
3563 4816 3655 4871 sed
3682 4818 3847 4872 etiam

2255 4893 2366 4964 ipsa
2394 4911 2556 4963 mors,
2588 4914 2706 4968 qua:
2732 4910 2952 4970 peccato
2992 4902 3128 4959 facta
3154 4913 3254 4971 est,
3275 4915 3549 4975 peccatum
3575 4909 3849 4978 appellata

2253 4998 2336 5043 est
2362 4990 2398 5044 ί.
2432 4990 2565 5045 lllud
2592 4992 2770 5062 itaque
2807 5000 3083 5062 peccatum
3105 5038 3119 5062 ,
3152 5012 3258 5068 quo
3280 5014 3402 5054 reus
3431 5010 3574 5056 esset
3608 5002 3800 5055 mortis
3830 5044 3846 5070 ,

2252 5096 2359 5136 non
2387 5084 2655 5139 commisit
2678 5085 2921 5141 Christus
2946 5106 2959 5142 :
2984 5088 3114 5143 illud
3159 5099 3335 5145 autem
3363 5092 3584 5147 alterum
3607 5134 3620 5157 ,
3652 5093 3705 5148 id
3736 5103 3843 5161 est,

2251 5185 2511 5245 mortem,
2541 5193 2659 5247 quae
2694 5189 2913 5249 peccato
2954 5179 3150 5237 inflicta
3194 5192 3277 5238 est
3312 5182 3557 5238 humana:
3593 5192 3803 5240 naturae
3829 5226 3846 5253 ,

2250 5269 2485 5338 suscepit
2521 5284 2615 5339 pro
2653 5271 2828 5325 nobis.
2860 5270 2975 5327 Hoc
3002 5274 3282 5343 suspendit
3311 5275 3363 5329 in
3386 5276 3563 5345 ligno,
3595 5276 3697 5331 hoc
3727 5292 3847 5332 nta-

2249 5362 2500 5418 ledictum
2544 5374 2625 5419 est
2654 5381 2750 5435 per
2775 5365 2992 5438 Moysen
3021 5386 3034 5423 :
3067 5368 3138 5423 ibi
3185 5383 3329 5424 mors
3366 5368 3615 5424 damnata
3643 5378 3727 5426 est
3774 5386 3845 5427 ne

2246 5468 2523 5529 regnaret,
2556 5468 2611 5514 et
2630 5459 2910 5515 maledicta
2935 5470 3019 5517 est
3045 5472 3103 5517 ut
3126 5462 3343 5533 periret.
3377 5463 3717 5534 Quapropter
3743 5480 3843 5535 per

2245 5552 2440 5609 Christi
2464 5555 2565 5610 tale
2593 5565 2891 5626 peccatum,
2914 5557 3221 5613 damnatum
3250 5566 3332 5613 est
3351 5566 3407 5614 et
3441 5567 3682 5614 nostrum
3704 5574 3842 5629 pce-

2243 5656 2419 5703 catum
2452 5656 2510 5703 ut
2554 5664 2651 5705 nos
2678 5649 3050 5719 liberaremur,
3086 5667 3153 5708 ne
3183 5660 3437 5724 regnante
3467 5660 3688 5724 peccato
3732 5666 3839 5709 nos

2243 5740 2478 5797 damnati
2506 5758 2924 5801 remancrcmus.

2307 5904 2323 5935 ί
2359 5908 2433 5955 Er.
2460 5909 2511 5954 et
2533 5901 2757 5969 plerique
2779 5908 2911 5971 Mss,
2942 5902 3234 5971 appellatum
3256 5901 3334 5959 sit.
