4052 6482
276 509 506 569 CAPUT
566 506 656 565 IV.
708 537 780 550 —
800 506 938 577 Quid
962 521 1088 578 ergo
1112 507 1336 561 miratur
1358 502 1587 559 Faustus
1628 499 1793 553 male-

208 604 408 659 dictum
458 615 582 656 esse
619 608 893 671 peccatum
919 639 934 663 ,
983 596 1316 652 maledictam
1359 609 1481 650 esse
1524 600 1748 648 mortem
1773 630 1789 658 ,

207 692 546 749 maledictam
598 706 718 747 esse
765 690 1140 745 mortalitatem
1186 687 1364 742 carnis
1416 687 1533 741 sine
1576 692 1792 755 peccato

206 784 403 838 Christi
430 825 446 849 ,
474 798 540 838 ex
570 792 788 853 peccato
818 792 993 837 tamen
1033 779 1263 836 hominis
1308 778 1468 835 etiam
1508 776 1562 831 in
1582 776 1794 831 Christo

206 874 442 931 factam?
472 874 551 929 Ex
588 873 758 929 Adam
787 874 981 945 quippe
1011 886 1208 942 corpus
1232 868 1557 939 assumpsit,
1584 868 1704 938 quia
1726 882 1790 922 ex

205 967 375 1023 Adam
413 966 567 1037 virgo
604 966 801 1034 Maria,
842 980 961 1036 qua:
1002 965 1210 1036 peperit
1240 962 1533 1019 Christum.
1578 961 1795 1017 Dixerat

205 1068 380 1113 autem
409 1059 552 1113 Deus
581 1058 635 1113 in
661 1057 926 1129 paradiso,
956 1056 1069 1124 Qua
1094 1058 1173 1110 die
1198 1056 1475 1126 tetigeritis,
1504 1064 1665 1109 morte
1688 1070 1793 1106 mo-

206 1151 408 1204 riemini
436 1149 593 1221 (Gen.
624 1166 695 1215 ιι,
725 1150 814 1223 17)
849 1168 863 1206 :
895 1150 997 1205 hoc
1025 1158 1109 1206 est
1141 1147 1504 1214 maledictum,
1530 1147 1671 1217 quod
1699 1161 1796 1217 pe-

207 1241 392 1311 pendit
420 1241 474 1295 in
499 1242 661 1311 ligno.
692 1240 784 1297 llle
822 1248 979 1313 negot
1011 1240 1285 1297 Christum
1315 1238 1678 1307 maledictum,
1703 1239 1798 1310 qui

210 1343 369 1404 negat
396 1344 454 1389 et
480 1344 771 1390 mortuum.
800 1334 900 1404 Qui
923 1344 1097 1392 autem
1124 1335 1407 1390 conﬁtetur
1430 1343 1486 1390 et
1507 1344 1794 1400 mortuum,

208 1434 259 1481 et
284 1440 490 1495 negare
521 1441 624 1480 non
666 1436 843 1497 potest
889 1436 1118 1483 mortem
1163 1426 1231 1482 de
1270 1434 1487 1497 peccato
1541 1441 1662 1482 esse
1684 1467 1699 1492 ,
1743 1436 1796 1483 et

208 1517 276 1573 ob
300 1518 408 1573 hoc
434 1519 595 1587 etiam
626 1518 795 1589 ipsam
824 1526 1096 1589 peccatum
1116 1519 1332 1585 vocari,
1362 1518 1542 1574 audiat
1569 1519 1800 1588 Aposto-

208 1607 318 1662 lum
360 1608 629 1664 dicentem
655 1649 671 1675 ,
698 1608 945 1674 Quoniam
977 1618 1113 1664 vetus
1143 1609 1291 1664 homo
1320 1619 1488 1664 noster
1514 1611 1665 1664 simul
1685 1626 1802 1665 cum

210 1698 301 1751 illo
331 1699 611 1767 cruciﬁxus
631 1708 703 1752 est
724 1698 897 1772 (Rom.
927 1715 1001 1766 vr,
1025 1700 1111 1772 6);
1141 1709 1194 1755 et
1219 1701 1473 1771 intelligat
1500 1716 1656 1771 quem
1682 1716 1800 1757 ma-

212 1788 468 1843 ledictum
518 1789 725 1861 Moyses
754 1790 965 1845 dixerit.
1009 1790 1239 1862 Ideoque
1276 1806 1495 1847 securus
1528 1794 1543 1823 ¹
1572 1794 1799 1863 Aposto-

211 1880 299 1935 lus
325 1881 403 1934 ait
429 1880 499 1936 de
518 1881 751 1948 Christo,
775 1882 965 1938 Factus
992 1900 1083 1953 pro
1106 1884 1245 1938 nobis
1261 1885 1582 1939 maledictum
1602 1885 1798 1956 (Galat.

213 1988 310 2039 ιιι,
342 1974 434 2044 15)
469 1992 481 2027 :
515 1975 651 2030 sicut
690 1992 796 2032 non
825 1977 999 2031 timuit
1023 1976 1235 2043 dicere,
1269 1977 1375 2032 Pro
1404 1979 1634 2033 omnibus
1662 1994 1801 2033 mor-

214 2072 328 2117 tuus
355 2074 429 2119 est
449 2064 646 2135 (llCor.
675 2083 728 2132 v,
748 2065 861 2138 l5).
891 2067 1002 2123 Hoc
1015 2078 1098 2124 est
1114 2068 1276 2133 enim,
1297 2077 1521 2123 mortuus
1544 2078 1636 2135 est,
1660 2068 1802 2140 quod

213 2157 517 2211 maledictus
540 2173 559 2210 :
583 2157 832 2227 quoniam
864 2173 1010 2213 mors
1051 2159 1165 2228 ipsa
1204 2175 1269 2215 ex
1300 2158 1584 2214 maledicto
1610 2168 1721 2227 est,
1750 2169 1806 2215 et

213 2246 559 2301 maledictum
580 2258 661 2301 est
689 2264 847 2304 onme
871 2258 1147 2321 peccatum
1170 2290 1185 2315 ,
1216 2251 1328 2306 sive
1357 2251 1530 2319 ipsum
1551 2251 1691 2321 quod
1722 2251 1799 2317 ﬁt,

215 2346 275 2389 ut
293 2346 549 2407 sequatur
569 2339 882 2409 supplicium
903 2381 918 2406 ,
948 2340 1062 2396 sive
1091 2340 1263 2410 ipsum
1294 2341 1633 2411 supplicium,
1660 2342 1804 2412 quod

214 2426 320 2480 alio
345 2426 509 2482 modo
536 2439 755 2484 vocatur
774 2438 1068 2500 peccatum,
1094 2432 1214 2501 quia
1245 2432 1303 2485 ﬁt
1330 2447 1401 2486 ex
1427 2441 1661 2502 peccato.
1678 2431 1809 2489 Sus-

215 2519 356 2589 cepit
393 2528 571 2575 autem
591 2518 829 2576 Christus
863 2522 978 2577 sine
1020 2532 1170 2578 reatu
1195 2523 1510 2593 supplicium
1541 2530 1803 2592 nostrum,

217 2618 277 2665 ut
326 2610 451 2665 inde
489 2611 722 2667 solveret
758 2620 965 2668 reatum
1006 2621 1288 2681 nostrum,
1317 2621 1373 2668 et
1418 2613 1593 2669 ﬁniret
1645 2614 1806 2670 etiam

216 2701 536 2771 supplicium
579 2710 839 2758 nostrum.

286 2791 522 2846 CAPUT
551 2791 695 2845 V.—
713 2792 791 2848 Ex
813 2793 1024 2864 ingenio
1048 2808 1172 2850 meo
1206 2794 1307 2849 ista
1332 2793 1555 2849 dixerim
1580 2833 1596 2859 ,
1629 2793 1674 2848 si
1699 2807 1807 2848 non

218 2882 510 2952 Apostolus
535 2884 691 2938 toties
712 2882 815 2939 hoc
858 2885 1105 2951 inculcat,
1133 2893 1190 2939 ut
1217 2894 1272 2940 et
1308 2884 1634 2940 dormientes
1665 2884 1809 2940 exci-

219 2979 331 3038 tet,
363 2982 419 3028 et
438 2974 837 3030 «calumniantes
864 2974 1075 3030 oﬁ'ocet.
1104 2974 1247 3029 Misit
1269 3016 1283 3039 ,
1312 2974 1513 3045 inquit,
1544 2974 1683 3029 Deus
1708 2974 1807 3029 Fi-

220 3062 348 3116 lium
394 3080 541 3117 suum
582 3065 636 3118 in
656 3065 1034 3119 similitudinem
1067 3066 1233 3120 carnis
1261 3066 1480 3135 peccati,
1514 3074 1570 3120 ut
1595 3066 1656 3120 de
1686 3083 1807 3133 pec-

221 3162 333 3205 cato
374 3152 637 3207 damnaret
665 3165 922 3225 peccatum
945 3155 1001 3209 in
1044 3172 1195 3210 carne
1219 3154 1394 3227 (Rom.
1428 3171 1520 3210 vm
1539 3196 1556 3223 ,
1586 3155 1666 3227 5).
1692 3156 1809 3212 Non

220 3254 333 3299 erat
358 3259 488 3315 ergo
519 3244 606 3298 illa
630 3259 756 3301 caro
776 3246 975 3316 peccati
1000 3287 1016 3312 ,
1038 3246 1159 3316 quia
1187 3262 1294 3301 non
1316 3245 1386 3301 de
1416 3246 1638 3302 traduce
1663 3262 1809 3302 mor-

222 3334 442 3388 talitatis
466 3334 522 3389 in
541 3333 757 3389 Mariam
787 3350 879 3405 per
903 3337 1193 3391 masculum
1229 3343 1484 3392 venerat:
1513 3337 1608 3392 sed
1634 3345 1810 3393 tamen

222 3426 343 3495 quia
388 3424 458 3481 de
501 3434 722 3495 peccato
766 3435 849 3482 est
875 3442 1053 3494 mors,
1085 3427 1174 3482 illa
1218 3435 1399 3483 autem
1425 3440 1552 3483 caro
1572 3428 1812 3497 quamvis

225 3532 291 3573 ex
310 3519 538 3589 virgine,
570 3528 748 3575 tamen
771 3520 1011 3575 mortalis
1040 3519 1170 3586 fuit;
1199 3534 1266 3576 eo
1305 3521 1421 3590 ipso
1440 3535 1547 3591 quo
1574 3521 1814 3576 mortalis

229 3621 343 3665 erat
366 3651 381 3675 ,
411 3610 816 3666 similitudinem
842 3610 1071 3667 habebat
1097 3612 1275 3667 carnis
1305 3612 1527 3683 peccati.
1559 3611 1670 3667 Hoc
1715 3627 1813 3681 ap-

226 3702 390 3771 pellat
432 3703 591 3756 etiam
630 3710 941 3771 peccatum,
980 3711 1369 3772 consequenter
1396 3701 1613 3767 dicens,
1648 3700 1716 3755 Ut
1754 3702 1817 3756 de

228 3802 434 3861 peccato
477 3794 737 3846 damnaret
785 3802 1044 3862 peccatum
1075 3794 1127 3847 in
1153 3810 1322 3847 carne.
1350 3793 1481 3849 ltem
1521 3793 1626 3847 alio
1654 3793 1773 3848 loco
1797 3833 1813 3859 ,

226 3882 387 3948 Eum,
418 3883 587 3953 inquit
610 3925 625 3948 ,
654 3884 740 3954 qui
766 3900 868 3937 non
887 3894 1092 3938 noverat
1119 3892 1376 3953 peccatum
1393 3924 1407 3948 ,
1439 3892 1697 3953 peccatum
1724 3898 1815 3952 pro

226 3978 378 4029 nobis
401 3976 552 4045 fecit,
578 3985 631 4029 ut
650 3992 741 4031 nos
778 3976 938 4029 simus
952 3975 1155 4045 justitia
1183 3974 1279 4029 Dei
1306 3975 1359 4027 in
1386 3975 1498 4043 ipso
1527 3972 1595 4045 (ll
1619 3971 1738 4028 Cor.
1762 3989 1815 4039 v,

224 4068 357 4137 Si).
408 4066 518 4120 Cur
557 4082 677 4137 ergo
724 4068 936 4122 timeret
979 4067 1183 4138 Moyses
1227 4066 1405 4141 dicere
1456 4066 1816 4128 maledictum,

229 4157 381 4228 quod
412 4156 607 4212 Paulus
642 4173 745 4212 non
778 4157 951 4212 timuit
982 4157 1161 4213 dicere
1202 4166 1458 4227 peccatum
1482 4157 1507 4209 ?
1532 4156 1693 4211 Plane
1720 4156 1821 4212 hoc

231 4248 500 4319 Propheta
525 4257 580 4303 et
616 4249 913 4319 prtevidere
940 4248 1126 4304 debuit
1146 4289 1162 4314 ,
1188 4257 1243 4303 et
1267 4249 1555 4318 prtedicere
1572 4289 1585 4313 ,
1608 4256 1822 4318 paratus

234 4340 301 4393 ab
324 4339 591 4394 haereticis
618 4354 739 4394 cum
762 4338 1019 4409 Apostolo
1044 4338 1380 4409 reprehendi.
1409 4338 1660 4408 Quisquis
1682 4339 1822 4394 enim

235 4428 644 4498 reprehenderit
668 4428 988 4499 Prophetam
1036 4428 1235 4484 dixisse
1258 4470 1275 4495 ,
1301 4428 1657 4494 maledictum;
1682 4428 1824 4498 cogi-

241 4526 324 4572 tur
348 4518 753 4588 reprehendere
780 4518 1094 4588 Apostolum
1129 4517 1347 4585 dixisse,
1377 4527 1634 4587 peccatum
1657 4534 1677 4572 :
1704 4533 1825 4573 nam

239 4612 416 4680 utique
444 4609 791 4666 maledictum
818 4624 998 4664 comes
1024 4607 1224 4679 peccati
1263 4616 1366 4663 est.

310 4702 537 4759 CAPUT
563 4702 731 4757 VL—
747 4700 858 4757 Nec
885 4702 1007 4757 ideo
1026 4702 1197 4771 major
1220 4700 1413 4756 invidia
1431 4709 1531 4766 est,
1563 4700 1706 4771 quod
1735 4700 1829 4755 ad-

238 4795 453 4863 diderit,
478 4795 614 4861 Deo,
639 4803 699 4850 ut
721 4794 944 4860 diceret,
971 4793 1274 4848 Maledictus
1317 4791 1428 4847 Deo
1448 4792 1611 4846 omnis
1630 4792 1714 4862 qui
1745 4808 1832 4862 pe-

239 4887 469 4942 ocnderit
513 4887 570 4940 in
612 4886 769 4957 ligno.
804 4884 916 4941 Nisi
944 4884 1086 4940 enim
1114 4884 1254 4939 Deus
1280 4883 1482 4938 odisset
1521 4891 1828 4952 peccatum,

242 4987 300 5033 et
322 4986 557 5033 mortem
584 4985 823 5032 nostram
844 5016 861 5043 ,
892 4990 1001 5030 non
1026 4975 1093 5031 ad
1119 4990 1236 5031 eam
1257 4974 1647 5045 suscipiendam
1675 4982 1834 5044 atque

244 5067 526 5123 delendam
565 5065 759 5121 Filium
789 5080 945 5122 suum
987 5066 1238 5121 mitteret.
1266 5065 1403 5133 Quid
1432 5080 1559 5133 ergo
1598 5065 1790 5119 mirum
1815 5107 1831 5132 ,

243 5158 291 5212 si
317 5157 661 5213 maledictum
681 5164 767 5212 est
799 5156 910 5211 Deo
926 5196 941 5222 ,
969 5155 1111 5226 quod
1135 5155 1248 5211 odit
1286 5155 1469 5211 Deus?
1498 5154 1669 5211 Tanto
1691 5156 1834 5211 enim

245 5250 499 5306 libentius
528 5249 683 5305 nobis
707 5248 871 5304 donat
894 5247 1345 5303 immortalitatem
1373 5288 1388 5314 ,
1410 5262 1528 5317 quae
1554 5247 1729 5303 futura
1755 5257 1838 5303 est

245 5341 463 5397 Christo
491 5341 761 5412 veniente,
791 5348 990 5411 quanto
1034 5339 1431 5394 misericordius
1468 5339 1581 5394 odit
1606 5349 1833 5396 mortem

248 5442 488 5487 nostram
515 5474 530 5499 ,
574 5447 694 5501 quae
734 5432 790 5486 in
836 5430 981 5499 ligno
1011 5430 1259 5499 pependit
1298 5429 1509 5485 Christo
1556 5433 1836 5487 moriente.

246 5523 402 5591 Quod
434 5532 613 5578 autem
641 5520 877 5576 additum
905 5529 987 5575 est
1006 5562 1021 5587 ,
1050 5522 1235 5587 omnis,
1262 5528 1321 5575 ut
1364 5520 1651 5590 diceretur,
1680 5521 1844 5577 Male-

248 5616 419 5669 dictus
444 5614 609 5669 omnis
633 5614 718 5683 qui
736 5612 791 5666 in
819 5612 957 5683 ligno
985 5612 1275 5682 pependerit
1298 5652 1312 5675 ,
1338 5626 1442 5666 non
1484 5628 1612 5668 sane
1633 5613 1842 5684 Moyses

248 5708 432 5762 minus
448 5705 694 5777 praevidit
719 5705 875 5760 etiam
895 5704 1069 5774 justos
1091 5704 1143 5758 in
1165 5719 1323 5760 cruce
1344 5703 1569 5775 futuros,
1587 5706 1682 5761 sed
1706 5706 1846 5762 bene

327 5846 340 5873 ’
374 5841 544 5891 Plures
562 5847 692 5902 Mss,
715 5846 919 5889 secutus.

700 5921 925 5983 Smc'r.
974 5921 1251 5985 Aususr.
1297 5921 1440 5984 Vlll

1372 386 1577 445 LlBER
1609 380 1929 452 QUARTUS
1964 381 2280 443 DECIMUS.

3375 385 3482 443 298

1901 496 2143 568 pmvidit
2170 496 2451 553 haereticos
2479 511 2658 553 veram
2684 504 2909 551 mortem
2940 496 3151 551 Domini
3175 507 3480 568 negaturos,

1897 597 1953 647 et
1999 589 2118 645 ideo
2150 590 2387 645 volentes
2418 589 2495 651 ab
2536 589 2639 643 hoc
2676 587 2956 667 maledicto
2995 588 3261 657 Christum
3304 585 3485 659 sejun-

1897 694 2051 751 gere,
2082 689 2139 736 ut
2182 695 2212 734 a
2259 680 2447 735 mortis
2506 680 2669 735 etiam
2725 680 2952 757 veritate
3000 679 3359 757 seiungerent.
3424 680 3479 735 Si

1899 773 2041 828 enim
2071 787 2196 827 vera
2246 774 2331 827 illa
2376 789 2521 830 mors
2565 788 2669 829 non
2712 781 2863 840 erat,
2908 756 3108 839 nullum
3146 773 3482 829 maledictqu

1900 862 2112 919 Christo
2135 863 2389 929 cruciﬁxo
2418 864 2668 935 pependit
2693 865 2747 919 in
2774 864 2936 935 ligno,
2955 865 3077 935 quia
3104 881 3203 921 nec
3221 882 3346 935 vere
3374 880 3467 921 cru

1899 955 2086 1010 cilixus
2108 962 2208 1009 est.
2242 954 2348 1009 Sed
2376 964 2561 1010 contra
2586 944 2740 1025 longe
2762 954 2967 1010 futuros
2998 944 3298 1025 haereticos,
3324 973 3480 1027 quam

1899 1036 1967 1101 de
1994 1046 2148 1116 longe
2171 1046 2364 1100 clamat
2390 1045 2599 1117 Moyses
2622 1086 2636 1111 ,
2660 1045 2790 1101 Sine
2832 1060 2991 1100 causa
3023 1046 3441 1117 tergiversamini
3469 1088 3480 1116 ,

1901 1137 2092 1207 quibus
2131 1137 2382 1207 diSplicet
2408 1137 2644 1192 ‘veritas
2685 1138 2873 1192 mortis
2916 1134 3132 1203 Christi,
3181 1137 3485 1193 Maledicta:

1900 1229 2061 1285 omnis
2088 1230 2175 1301 qui
2194 1229 2373 1299 pendet
2398 1229 2451 1284 in
2481 1229 2618 1299 ligno
2649 1244 2668 1284 :
2694 1245 2799 1283 non
2826 1228 2912 1283 ille
2938 1238 3029 1284 aut
3056 1230 3166 1297 ille,
3198 1231 3291 1287 sed
3313 1234 3480 1287 omni:

1902 1322 2153 1377 omnino!
2184 1321 2428 1376 Etiamne
2457 1330 2511 1376 et
2538 1320 2706 1376 Filius
2732 1320 2866 1375 Dei?
2896 1321 3064 1375 Etiam
3093 1338 3329 1391 prorsus.
3354 1323 3487 1378 Nam

1902 1411 2005 1468 hoc
2030 1422 2113 1467 est
2141 1412 2283 1484 quod
2313 1428 2417 1468 non
2459 1412 2618 1467 vultis
2649 1431 2662 1467 :
2689 1411 2813 1467 inde
2846 1412 3103 1482 satagitis,
3133 1413 3255 1468 inde
3282 1414 3488 1470 seduci-

1902 1503 1992 1559 tis.
2021 1504 2273 1574 Displicet
2319 1505 2462 1560 enim
2494 1504 2645 1559 vobis
2694 1502 3006 1558 maledictus
3029 1520 3127 1572 pro
3151 1505 3331 1569 nobis,
3368 1507 3489 1575 quia

1902 1593 2151 1665 displicet
2194 1604 2436 1650 mortuus
2464 1608 2562 1665 pro
2589 1593 2759 1649 nobis.
2788 1593 2939 1647 Tunc
2966 1594 3108 1647 enim
3153 1605 3301 1650 extra
3328 1597 3491 1671 male—

1902 1684 2106 1741 dictum
2132 1686 2275 1742 illius
2298 1686 2489 1753 Adam,
2518 1687 2565 1743 si
2594 1697 2744 1741 extra
2770 1685 2913 1741 illius
2941 1696 3187 1741 mortem.
3214 1686 3346 1743 Cum
3366 1704 3489 1742 vero

1903 1794 1971 1833 ex
2002 1778 2217 1833 homine
2243 1786 2297 1834 et
2326 1793 2422 1850 pro
2442 1777 2658 1833 homine
2680 1787 2904 1834 mortem
2935 1780 3199 1849 suscepit,
3222 1796 3285 1833 ex
3318 1780 3411 1833 illo
3439 1790 3494 1836 et

1903 1884 2003 1940 pro
2029 1871 2121 1925 illo
2145 1870 2305 1926 etiam
2330 1869 2670 1925 maledictum
2700 1869 2841 1940 quod
2868 1870 3024 1925 morti
3042 1870 3342 1938 comitatur,
3372 1886 3494 1926 sus-

1903 1962 2083 2032 cipere
2119 1977 2227 2017 non
2256 1961 2570 2033 dedignatus
2596 1970 2679 2018 est
2703 1961 2861 2017 etiam
2891 1961 2982 2018 ille
3008 2003 3021 2026 ,
3056 1977 3271 2031 prorsus
3328 1963 3489 2017 etiam

1906 2053 1995 2110 ille
2023 2054 2190 2109 Filius
2218 2054 2311 2110 Dei
2341 2070 2556 2125 semper
2584 2055 2736 2109 vivus
2771 2055 2821 2108 in
2850 2068 2943 2109 sua
2975 2054 3180 2124 justitia
3206 2096 3220 2119 ,
3252 2063 3496 2111 mortuus

1905 2155 2083 2202 autem
2114 2158 2332 2219 propter
2351 2147 2542 2203 delicta
2570 2154 2749 2201 nostra
2782 2145 2956 2216 (Rom.
2988 2162 3041 2199 tv
3060 2188 3076 2216 ,
3103 2146 3220 2217 25),
3253 2148 3305 2201 in
3332 2162 3495 2203 carne

1906 2247 2151 2309 suscepta
2189 2254 2255 2294 ex
2284 2253 2442 2309 poena
2490 2248 2691 2294 nostra.
2720 2237 2810 2293 Sic
2847 2248 2902 2293 et
2942 2253 3159 2309 semper
3184 2240 3494 2295 benedictus

1907 2327 1960 2382 in
1983 2343 2078 2383 sua
2098 2328 2322 2399 justitia.
2355 2328 2669 2384 maledictus
2693 2338 2869 2383 autem
2904 2338 3123 2400 propter
3161 2329 3355 2385 delicta
3398 2347 3494 2386 no-

1908 2426 2017 2473 stra
2042 2460 2058 2486 ,
2099 2420 2153 2474 in
2179 2428 2352 2474 morte
2381 2428 2628 2489 suscepta
2657 2434 2719 2475 ex
2746 2434 2899 2489 pmna
2931 2429 3111 2475 nostra
3144 2437 3156 2471 :
3184 2435 3247 2476 ac
3272 2437 3366 2492 per
3396 2423 3497 2477 hoc

1908 2509 2146 2565 additum
2186 2518 2301 2577 est,
2331 2510 2493 2564 outnis
2512 2552 2527 2576 ,
2558 2525 2625 2565 ne
2662 2509 2906 2565 Christus
2936 2510 3001 2565 ad
3035 2526 3243 2583 veram,
3269 2522 3493 2567 mortem

1908 2616 2017 2656 non
2058 2602 2325 2671 pertinere
2359 2601 2659 2669 diceretur,
2682 2602 2725 2657 si
2757 2616 2789 2655 a
2827 2601 3133 2671 maledicto,
3162 2603 3301 2673 quod
3326 2614 3475 2675 mort

1910 2690 2252 2761 coniunctum
2283 2700 2385 2757 est,
2413 2677 2683 2761 insipienti
2706 2691 3110 2747 honoriﬁcentia
3137 2703 3497 2763 separaretur.

1981 2783 2207 2841 CAPUT
2244 2784 2356 2839 Vll.
2387 2815 2455 2825 —
2477 2785 2577 2854 Qui
2616 2794 2794 2842 autem
2835 2802 2901 2842 ex
2941 2788 3164 2843 veritate
3199 2790 3502 2859 evangelica

1912 2873 2084 2930 ﬁdelis
2110 2886 2193 2931 est
2216 2917 2232 2942 ,
2266 2876 2510 2946 intelligit
2541 2886 2648 2932 tam
2675 2892 2778 2932 non
2803 2893 2923 2933 esse
2942 2881 3321 2936 contumeliam
3348 2881 3473 2937 Chri

1912 2965 1980 3020 sti
2010 2981 2075 3021 cx
2121 2981 2215 3022 ore
2240 2967 2441 3039 Moysi,
2473 2982 2592 3022 cum
2623 2982 2745 3022 eum
2790 2968 2923 3023 dixit
2963 2968 3345 3039 maledictum,
3393 2987 3500 3027 non

1912 3070 1981 3112 ex
2008 3056 2284 3115 divinitate
2313 3058 2607 3129 majestatis
2628 3075 2761 3127 suae,
2786 3059 2878 3115 sed
2902 3075 2968 3115 ex
2992 3061 3299 3118 conditione
3326 3077 3502 3134 pinna:

1913 3159 2139 3218 nostra},
2166 3165 2232 3206 ex
2260 3167 2361 3221 qua
2382 3152 2435 3205 in
2461 3152 2605 3222 ligno
2633 3166 2924 3221 suspensus
2953 3160 3070 3220 est;
3100 3169 3258 3224 quam
3284 3165 3505 3223 nonest

1913 3242 2031 3299 laus
2060 3241 2256 3299 Christi
2299 3258 2367 3298 ex
2394 3258 2489 3299 ore
2527 3243 2941 3299 Manichaeorum
2966 3285 2980 3307 ,
3008 3259 3130 3300 cum
3159 3260 3281 3301 eum
3308 3256 3505 3317 negant

1914 3349 2134 3391 carnem
2183 3335 2435 3391 habuisse
2468 3335 2752 3391 mortalem
2777 3377 2792 3401 ,
2826 3336 2880 3390 in
2926 3351 3029 3407 qua
3056 3352 3235 3393 veram
3275 3349 3504 3396 mortem

1915 3436 2190 3497 pateretur
2214 3445 2226 3479 :
2259 3430 2381 3497 quia
2408 3442 2474 3482 ex
2502 3428 2591 3483 illo
2620 3428 2936 3498 prophetico
2966 3429 3244 3485 maledicto
3282 3431 3398 3487 laus
3423 3432 3507 3487 in-

1917 3518 2169 3588 telligitur
2208 3506 2553 3586 humilitatis,
2585 3533 2649 3574 ex
2698 3520 2802 3574 isto
2843 3518 3095 3576 haeretico
3121 3522 3271 3591 quasi
3302 3522 3508 3579 honore

1919 3609 2122 3662 crimen
2153 3608 2401 3677 objicitur
2430 3608 2693 3663 falsitatis.
2722 3608 2777 3665 Si
2804 3623 2932 3681 ergo
2959 3626 3121 3681 negas
3142 3613 3502 3682 maledictum,

1920 3713 2054 3767 nega
2083 3707 2347 3753 mortuum
2383 3714 2397 3752 :
2428 3698 2476 3753 si
2504 3713 2664 3770 negas
2708 3708 2977 3755 mortuum
2997 3740 3013 3766 ,
3042 3716 3147 3755 non
3184 3701 3294 3771 jam
3321 3712 3506 3759 contra

1919 3788 2158 3861 Moysen,
2185 3789 2278 3844 sed
2302 3798 2489 3845 contra
2513 3790 2795 3860 Apostolos
2822 3790 3064 3847 dimicas.
3090 3791 3148 3846 Si
3175 3803 3352 3849 autem
3378 3810 3508 3851 con-

1922 3883 2091 3938 literis
2116 3892 2383 3937 mortuum
2407 3922 2423 3949 ,
2452 3882 2709 3938 conﬁtere
2736 3883 3038 3953 suscepisse
3067 3899 3281 3955 poenam
3311 3889 3513 3957 peccati

1923 3973 2092 4029 nostri
2132 3973 2249 4028 sine
2285 3982 2506 4042 peccato
2532 3980 2736 4028 nostro.
2781 3972 2897 4028 Jam
2929 3987 3056 4029 vero
3084 3975 3176 4031 ubi
3218 3976 3369 4032 audis
3390 3992 3511 4048 pm-

1924 4078 2050 4118 nam
2077 4061 2280 4133 peccati
2307 4103 2322 4126 ,
2346 4070 2439 4117 aut
2462 4077 2525 4116 ex
2560 4061 2930 4119 benedictione
2971 4064 3131 4120 crede
3166 4067 3471 4123 venientem
3492 4109 3509 4135 ,

1926 4161 2018 4208 aut
2056 4167 2122 4207 ex
2149 4152 2519 4207 maledictione
2544 4170 2556 4206 :
2586 4152 2632 4207 si
2661 4167 2726 4207 ex
2765 4152 3138 4211 benedictione
3178 4158 3323 4213 venit
3350 4174 3510 4228 poena

1926 4244 2166 4315 peccati,
2194 4252 2318 4313 opta
2345 4258 2467 4298 esse
2492 4258 2705 4312 semper
2728 4245 2781 4299 in
2805 4259 2962 4314 poena
2988 4248 3223 4316 peccati;
3259 4249 3304 4303 si
3324 4233 3512 4306 autem

1927 4347 2081 4406 optas
2112 4333 2237 4390 inde
2261 4334 2471 4389 liberari
2496 4373 2514 4399 ,
2540 4333 2699 4390 crede
2729 4349 2824 4404 per
2846 4335 3040 4391 divinrc
3062 4341 3339 4394 sententiae
3363 4341 3516 4410 justi-

1928 4427 2056 4481 tiam
2087 4441 2153 4480 ex
2194 4424 2567 4480 maledictione
2613 4424 2847 4480 venisse.
2899 4426 3167 4483 Conﬁtere
3193 4445 3321 4500 ergo
3352 4434 3517 4488 male-

1930 4516 2129 4573 dictum
2183 4518 2485 4586 suscepisse
2530 4532 2626 4586 pro
2656 4517 2809 4572 nobis
2832 4558 2847 4581 ,
2874 4534 3037 4588 quem
3065 4522 3334 4579 conﬁteris
3369 4540 3517 4581 mor-

1932 4617 2083 4665 tuum
2107 4622 2228 4664 esse
2269 4623 2369 4678 pro
2409 4608 2592 4674 nobis;
2619 4623 2721 4663 nec
2763 4609 2905 4664 aliud
2944 4610 3245 4681 signiﬁcare
3285 4615 3520 4671 voluisse

1931 4701 2150 4772 Moysen
2172 4740 2186 4766 ,
2212 4714 2334 4756 cum
2371 4699 2610 4765 diceret,
2644 4699 2949 4757 Maledictus
2982 4705 3144 4758 omnis
3182 4706 3267 4775 qui
3292 4708 3344 4761 in
3380 4709 3517 4779 ligno

1936 4792 2264 4863 pependerit;
2309 4790 2441 4858 nisi,
2472 4790 2709 4846 Mortalis
2756 4792 2931 4847 omnis
2973 4803 3027 4849 et
3053 4795 3289 4851 moriens
3344 4797 3520 4851 omnis

1935 4883 2026 4952 qui
2049 4883 2101 4937 in
2127 4882 2274 4954 ligno
2314 4881 2644 4953 pependerit.
2674 4881 2889 4938 Poterat
2930 4884 3072 4939 enim
3111 4884 3317 4952 dicere,
3350 4887 3517 4941 Male-

1937 4972 2110 5027 dictus
2154 4973 2327 5028 omnis
2372 4972 2652 5038 mortalis;
2699 4982 2830 5039 aut,
2856 4973 3167 5030 Maledictus
3205 4977 3377 5031 omnis
3406 4993 3522 5031 mo-

1940 5064 2085 5118 riens
2113 5079 2126 5116 :
2156 5063 2249 5119 sed
2277 5063 2379 5119 hoc
2402 5071 2484 5119 est
2512 5062 2653 5133 quod
2673 5065 2863 5120 asserit
2888 5064 3209 5135 Pr0pheta’,
3240 5068 3360 5137 quia
3391 5070 3525 5125 scie-

1942 5153 2033 5208 bat
2057 5151 2250 5207 Christi
2281 5160 2509 5208 mortem
2538 5154 2589 5207 in
2610 5168 2769 5209 cruce
2795 5169 3095 5223 pensuram,
3119 5165 3173 5211 et
3190 5156 3392 5212 futuros
3418 5160 3518 5214 ha:-

1942 5244 2138 5299 reticos
2184 5244 2274 5314 qui
2300 5244 2567 5310 dicerent,
2601 5243 2862 5314 Pependit
2904 5244 3113 5315 quidem
3144 5247 3199 5301 in
3224 5247 3401 5318 ligno,
3434 5251 3527 5306 sed

1944 5335 2120 5405 specie
2166 5334 2391 5405 quadam
2418 5376 2433 5403 ,
2464 5350 2568 5391 non
2599 5342 2658 5390 ut
2691 5351 2815 5392 vere
2861 5345 3181 5392 moreretur.
3238 5339 3529 5397 Clamando

1945 5439 2093 5497 ergo,
2121 5425 2445 5493 Maledzctus,
2473 5426 2607 5481 nihil
2636 5426 2775 5481 aliud
2802 5426 3088 5492 clamavit,
3125 5430 3224 5484 nisi
3252 5432 3372 5501 quia
3400 5450 3525 5488 vero

1946 5527 2190 5573 mortuus
2213 5558 2229 5583 ,
2257 5518 2432 5573 sciens
2471 5528 2696 5573 mortem
2744 5517 2974 5574 hominis
3018 5523 3345 5589 peccatoris,
3374 5540 3531 5594 quam

1949 5620 2065 5662 stne
2090 5617 2308 5678 peccato
2338 5610 2453 5679 ipse
2492 5608 2760 5679 suscepit,
2786 5608 2853 5665 de
2875 5609 2967 5667 illo
2998 5612 3280 5669 maledicto
3310 5616 3528 5671 veniens

1966 5822 1969 5829 ,
2024 5786 2039 5850 ξ
2078 5792 2204 5845 Mss,
2227 5798 2257 5836 ο
2277 5784 2446 5850 quibus
2468 5784 2705 5850 displicet.

2022 5847 2042 5879 '
2077 5854 2124 5897 In
2148 5855 2273 5910 Mss,
2292 5846 2553 5916 prophetia.

3029 5914 3260 6013 (θεῷ.)
