4052 6450
515 389 622 450 999

519 521 629 565 tem
658 519 763 578 quo
804 502 1006 560 dictum
1031 504 1156 563 est,
1190 494 1251 552 Si
1280 491 1537 563 tetigeritis
1559 530 1574 557 ,
1616 493 1774 541 morte
1820 479 2102 538 moriemini

520 571 691 674 (σεηξ
727 611 800 662 ιι,
858 592 973 664 i7).
1004 590 1087 647 Ad
1124 588 1228 643 hoc
1276 583 1508 655 pertinet
1541 586 1598 635 et
1643 588 1864 674 serpens
1915 572 2006 628 ille
2051 571 2105 625 in

518 668 664 762 ligno
691 697 983 757 suspensus
1004 722 1022 751 ,
1060 694 1168 752 quo
1192 674 1580 746 signiﬁcaretur
1606 683 1715 725 non
1740 668 1927 724 falsam
1956 676 2106 719 mor-

521 759 631 840 tem
657 779 924 837 Christum
953 772 1172 830 ﬂuxisse
1191 809 1206 836 ,
1230 767 1324 823 sed
1350 765 1497 820 illam
1524 775 1705 819 veram
1737 761 1789 815 in
1819 759 1965 829 ligno
1984 768 2107 826 pas-

518 877 687 933 sionis
712 888 822 930 sua:
850 866 1219 940 suspendisse,
1264 862 1319 917 in
1344 874 1504 931 quam
1547 869 1769 928 serpens
1811 852 1900 909 ille
1926 849 2105 906 homi-

519 983 645 1024 nem
697 964 838 1021 male
874 957 1145 1017 suadendo
1190 953 1406 1024 dejecit.
1451 949 1623 1019 Quam
1663 960 1844 1003 veram
1876 950 2105 999 mortem

520 1059 709 1115 nolunt
733 1055 819 1111 isti
848 1051 1187 1121 conspicere:
1220 1053 1275 1102 et
1298 1045 1418 1100 ideo
1441 1057 1548 1098 non
1575 1046 1830 1121 sanantur
1850 1052 1882 1092 a
1900 1047 2107 1091 veneno

519 1149 803 1221 serpentis,
836 1119 1050 1200 sicutvin
1084 1153 1266 1195 eremo
1303 1136 1624 1208 quicumque
1658 1119 1810 1186 illum
1858 1125 2105 1183 attende-

517 1248 641 1298 rent
661 1237 984 1293 sanabantur
1013 1230 1194 1306 (Nam.
1224 1244 1313 1284 ιιι
1339 1270 1353 1295 ,
1385 1225 1465 1301 9).

590 1328 819 1388 CAPUT
847 1324 1261 1394 Vlll.-——ltaquc
1299 1322 1527 1378 fatemur
1565 1316 1635 1372 ab
1674 1312 1935 1385 imperitis
1977 1310 2105 1377 dici,

519 1423 666 1481 aliud
692 1438 812 1479 esse
841 1419 986 1492 affigi
1014 1419 1193 1489 ligno,
1237 1413 1382 1470 aliud
1425 1415 1479 1467 in
1528 1409 1677 1481 ligno
1720 1406 1975 1479 pendere.
2016 1402 2107 1460 Sic

519 1518 665 1575 enim
704 1513 921 1586 quidam
951 1517 1143 1583 putant
1171 1502 1480 1563 solvendam
1509 1517 1631 1558 esse
1664 1501 1823 1556 istam
1858 1497 2110 1569 qumstio-

517 1624 666 1676 nem,
693 1614 751 1661 ut
776 1604 967 1661 Iudam
988 1601 1163 1657 dicant
1188 1614 1219 1652 a
1240 1598 1422 1667 Moyse
1445 1591 1783 1649 maledictum
1809 1590 1897 1661 qui
1919 1589 2111 1660 laqueo

518 1713 579 1756 se
604 1696 907 1767 suspendit;
934 1692 1083 1764 quasi
1113 1691 1286 1760 primo
1312 1686 1560 1742 noverint
1584 1691 1760 1739 utrum
1782 1696 1848 1737 ex
1873 1681 2017 1752 ligno
2041 1694 2109 1734 an

519 1808 588 1848 ex
616 1789 791 1862 lapide
817 1804 875 1844 se
904 1786 997 1842 ille
1021 1780 1379 1853 suspenderit.
1403 1778 1508 1835 Sed
1541 1791 1729 1832 verum
1758 1782 1860 1841 est,
1887 1771 2031 1845 quod
2056 1779 2112 1828 et

524 1886 756 1941 Faustus
782 1877 1250 1942 commemoravit,
1280 1872 1594 1944 Apostolum
1620 1884 1729 1925 non
1764 1868 1941 1925 sinere
1969 1865 2112 1921 aliud

518 1975 840 2045 intelligere,
874 1985 1030 2043 quam
1060 1968 1127 2023 de
1146 1966 1362 2023 Christo
1385 1978 1507 2021 esse
1535 1961 1871 2033 praedictum.
1900 1956 2008 2014 Sed
2034 1964 2112 2012 ta-

518 2070 586 2124 lis
610 2066 874 2138 imperitia
904 2061 1284 2118 nounullorum
1306 2056 1735 2120 Catholicorum,
1764 2052 1976 2109 venatio
2003 2050 2113 2105 Ma-

518 2159 845 2215 nichmorum
876 2162 978 2211 est.
1006 2152 1166 2208 Tales
1186 2150 1327 2206 enim
1352 2148 1527 2205 solent
1556 2145 1826 2214 insectari,
1852 2142 1985 2199 tales
2002 2141 2113 2197 suis

518 2250 748 2307 fallaciis
776 2247 1026 2303 irretire:
1055 2244 1192 2300 tales
1218 2243 1272 2297 in
1303 2254 1398 2297 eos
1422 2238 1808 2305 cecideramus,
1837 2236 1971 2292 tales
1998 2235 2110 2290 hae-

518 2356 792 2408 seramus;
820 2339 955 2395 tales
976 2379 991 2406 ,
1020 2352 1130 2392 non
1154 2334 1355 2391 viribus
1393 2331 1593 2388 nostris
1613 2373 1629 2399 ,
1665 2329 1761 2387 sed
1788 2330 1881 2386 Dei
1906 2328 2113 2385 miseri-

519 2432 706 2490 cordia
733 2430 871 2487 eruti
902 2441 1112 2485 sumus.

591 2523 819 2581 CAPUT
848 2520 939 2579 IX.
955 2519 1173 2589 —Quae
1194 2525 1372 2573 autem
1392 2514 1571 2572 divina
1592 2513 1803 2586 Moyses
1816 2511 2110 2579 lacessivit,

492 2618 657 2687 _sicut
698 2615 928 2672 Faustus
973 2611 1288 2668 criminatur
1331 2608 1546 2675 dicens,
1591 2605 1734 2678 quod
1778 2606 2113 2663 humanorum

518 2708 648 2766 nulli
667 2722 889 2780 unquam
916 2704 1298 2774 divinorumque
1335 2700 1651 2771 pepercerit?
1678 2698 1821 2754 Dixit
1850 2697 1991 2775 enim
2012 2741 2027 2765 ,
2058 2707 2112 2753 et

519 2800 691 2857 abiit:
725 2797 857 2852 nihil
895 2795 1086 2867 sategit
1114 2794 1363 2864 probare,
1396 2791 1529 2846 nihil
1557 2791 1764 2846 curavit
1802 2790 2108 2845 ostendere.

518 2890 630 2949 Nos
654 2896 830 2945 autem
858 2888 1058 2943 scimus
1081 2885 1302 2956 Moysen
1326 2883 1505 2939 omnia
1528 2896 1655 2938 vere
1680 2882 1855 2936 divina
1877 2882 1965 2952 pie
1990 2882 2109 2936 lau-

525 2982 684 3040 dasse
709 3023 724 3050 ,
756 2989 811 3037 et
839 2994 937 3050 pro
979 2979 1063 3035 sui
1093 2976 1349 3048 temporis
1386 2975 1734 3046 congruentia
1761 2989 1978 3045 suaeque
2005 2974 2113 3030 dis-

523 3073 854 3146 pensationis
896 3072 1096 3144 gratia,
1137 3069 1279 3141 juste
1328 3068 1558 3122 humana
1604 3066 1831 3122 rexisse.
1884 3065 2114 3136 Exigant

526 3167 618 3222 isti
646 3174 705 3222 ut
729 3164 833 3221 hoc
860 3164 1104 3231 doceam,
1131 3175 1254 3217 cum
1284 3167 1339 3216 et
1364 3159 1465 3230 ipsi
1495 3158 1690 3215 docere
1713 3156 1890 3213 conati
1911 3157 2115 3213 fuerint

521 3259 664 3331 quod
687 3257 919 3315 Faustus
946 3255 1170 3327 objicit,
1210 3261 1365 3308 caute
1391 3251 1605 3322 quidem
1622 3293 1638 3319 ,
1664 3258 1724 3306 ut
1749 3259 1863 3306 erat
1888 3260 2076 3307 acutus
2094 3292 2111 3320 ,

523 3352 619 3409 sed
645 3354 715 3409 ob
743 3350 848 3406 hoc
878 3350 1143 3417 incautus,
1176 3347 1298 3419 quia
1324 3360 1423 3401 suo
1451 3343 1695 3399 acumine
1715 3358 1774 3399 se
1794 3343 2111 3414 perimebat.

522 3443 673 3499 Felix
696 3442 838 3498 enim
868 3455 962 3495 cor
989 3445 1203 3495 acutum
1246 3435 1311 3491 ad
1340 3434 1621 3491 veritatem
1641 3474 1656 3500 ,
1704 3432 1887 3489 infelix
1928 3441 2113 3488 contra

522 3536 828 3593 veritatem.
843 3532 960 3589 Non
982 3531 1131 3598 dixit,
1157 3528 1433 3584 hominum
1459 3526 1591 3582 nulli
1609 3540 1842 3597 unquam
1860 3525 2113 3581 deorum—

522 3642 630 3699 quc
656 3625 979 3698 pepercerit,
1002 3621 1118 3689 sed,
1143 3621 1499 3688 humanorum,
1524 3620 1711 3689 inquit,
1737 3629 1783 3675 et
1807 3620 2112 3673 divinorum.

524 3718 585 3777 Si
614 3718 756 3775 enim
783 3716 988 3773 diceret
1017 3729 1140 3770 eum
1173 3713 1282 3769 Deo
1313 3727 1419 3767 non
1449 3712 1774 3783 pepercisse,
1804 3711 1956 3767 facile
1990 3726 2118 3767 cou-

524 3811 831 3865 vlnceretur
856 3804 1006 3863 falsae
1033 3803 1456 3870 criminationis;
1484 3817 1607 3859 cum
1644 3802 1855 3875 Moyses
1902 3802 2115 3859 inveni-

524 3910 674 3958 retur
700 3901 895 3971 ubique
924 3898 1193 3953 honorare
1236 3911 1300 3952 ac
1342 3894 1640 3967 praedicare
1681 3896 1849 3950 Deum
1894 3909 2114 3962 verum,

526 3992 619 4065 qui
662 3992 791 4047 fecit
830 3990 1026 4047 coelum
1071 3997 1126 4043 et
1171 3998 1390 4043 terram.
1416 3986 1473 4043 Si
1500 3995 1675 4042 autem
1703 3986 1940 4054 diceret,
1988 3972 2117 4041 nulli

529 4085 752 4141 deorum
780 4079 1109 4153 pepercisse,
1137 4079 1392 4149 proderet
1418 4093 1476 4133 se
1503 4076 1817 4133 Christianis
1844 4078 1962 4133 illos
1988 4077 2119 4134 deos

531 4176 711 4231 colere
732 4215 747 4242 ,
778 4188 807 4227 a
832 4171 1026 4243 quibus
1071 4168 1357 4225 adorandis
1394 4167 1603 4239 Moyses
1642 4168 1927 4243 prohibet:
1960 4178 2121 4240 atque

533 4269 609 4323 ita
641 4265 741 4322 sub
769 4265 879 4321 alas
905 4262 1194 4320 Catholica:
1220 4261 1406 4316 matris
1455 4260 1613 4331 pullis
1659 4260 1983 4331 fugientibus
2011 4275 2119 4316 non

532 4366 881 4431 congregaret
924 4369 1044 4427 qua:
1088 4367 1195 4409 non
1226 4352 1452 4423 peperit.
1483 4348 1553 4407 Ut
1590 4366 1716 4429 ergo
1746 4350 1966 4415 insidias
1999 4360 2119 4407 ten-

532 4454 684 4510 deret
750 4450 1021 4523 parvulis,
1079 4446 1217 4502 dixit
1269 4446 1571 4501 divinorum
1629 4444 1755 4500 nulli
1819 4448 2123 4519 pepercisse

534 4546 783 4617 Moysen,
813 4557 918 4614 quo
946 4548 1165 4611 possent
1211 4554 1386 4611 neque
1415 4537 1737 4621 Christiani,
1784 4547 1970 4610 aperto
1997 4540 2126 4596 deo-

534 4652 655 4693 rum
696 4635 869 4700 cultu,
918 4632 1103 4704 fugere
1133 4631 1459 4701 impietatem
1484 4633 1707 4687 istorum
1737 4631 1896 4686 nimis
1926 4631 2123 4701 abhor-

535 4735 748 4783 rentem
777 4740 807 4779 a
832 4723 1091 4794 religione
1116 4720 1417 4777 Christiana
1438 4764 1453 4789 ,
1490 4729 1545 4776 et
1584 4720 1783 4797 Pagani
1826 4722 1904 4777 eis
1946 4721 2125 4777 favere

536 4821 822 4876 adversum
864 4830 996 4883 nos,
1044 4816 1135 4888 qui
1174 4813 1391 4886 Moysen
1438 4813 1636 4870 scirent
1669 4804 1857 4868 eontra
1900 4812 2041 4879 idola
2071 4822 2126 4870 et

538 4922 721 4971 contra
741 4911 873 4967 deos
891 4909 1164 4976 Gentium,
1192 4922 1311 4979 Quae
1337 4913 1460 4962 sunt
1483 4904 1778 4975 daemonia,
1806 4905 1973 4975 multa
1999 4920 2126 4963 vera

541 5018 597 5063 et
625 5008 783 5079 digna
815 5004 1038 5075 dixisse.

610 5116 836 5191 CAPUT
875 5115 1021 5171 X.——
1048 5112 1199 5185 Quod
1219 5112 1263 5167 si
1293 5112 1407 5169 istis
1436 5109 1701 5180 displicet,
1720 5120 1905 5180 aperte
1947 5125 2009 5168 se
2050 5112 2127 5171 fa-

538 5218 751 5267 teantur
796 5208 1063 5265 idolorum
1110 5206 1193 5271 vel
1246 5202 1634 5269 daemoniorum
1683 5217 1803 5258 esse
1849 5203 2122 5262 cultores:

538 5303 684 5377 quod
728 5301 943 5373 quidem
987 5300 1294 5372 ignoranter
1341 5303 1559 5361 essent,
1591 5309 1656 5351 eo
1696 5294 1813 5365 ipso
1840 5296 1956 5351 solo
1985 5297 2128 5367 quod

539 5404 723 5452 essent
770 5392 1024 5457 haeretici.
1076 5389 1152 5445 De
1198 5386 1392 5447 talibus
1438 5385 1580 5441 enim
1621 5384 1756 5455 dixit
1795 5386 2124 5455 Apostolus:

544 5489 676 5555 Quia
700 5487 754 5542 in
782 5483 1062 5547 novissimis
1098 5478 1400 5551 temporibus
1440 5478 1668 5535 recedent
1696 5477 1900 5548 quidam
1940 5494 1972 5531 a
2002 5477 2124 5547 ﬁde,

542 5580 851 5635 intendente;
885 5574 1146 5647 spiritibus
1174 5570 1550 5637 seductoribus,
1582 5569 1821 5633 doctrinis
1850 5568 2128 5623 dwmonio-

542 5689 656 5726 rum
674 5673 729 5725 in
755 5666 1008 5741 hypocrisi
1033 5663 1528 5733 mendaciloquorum
1551 5660 1595 5733 (1
1609 5658 1738 5713 Tim.
1758 5674 1831 5725 tv,
1856 5660 1908 5725 l,
1932 5659 2013 5731 2).
2028 5659 2128 5727 Qui

547 5766 691 5820 enim
720 5764 823 5818 nisi
861 5760 1133 5815 daemones
1156 5798 1170 5824 ,
1204 5756 1395 5826 quibus
1419 5763 1501 5810 est
1535 5752 1706 5808 amica
1748 5752 1983 5819 fallacia,
2013 5752 2131 5808 istis
2202 5796 2211 5804 η

553 5856 935 5939 persuaderent
963 5850 1103 5929 quod
1126 5806 1370 5905 Chiistus
1396 5844 1658 5902 fallaciter
1681 5856 1891 5921 passus,
1922 5806 2125 5903 fallaci;
2236 5848 2337 5911 est,
2366 5806 2508 5914 quod
2536 5838 2696 5896 etiam
2721 5834 3061 5893 maledictum
3082 5806 3251 5888 vocat
3280 5828 3508 5905 Moyses,
3535 5826 3623 5899 qui
3651 5806 3821 5881 solem

1334 374 1606 437 CONTRA
1643 362 1963 428 FAUSTUM
2000 354 2451 431 MANICHAEUM,
2489 357 2548 418 S.
2588 356 2957 421 AUGUSTINI

2215 484 2300 534 ter
2341 485 2581 534 mortuus
2622 479 2691 534 sit
2709 516 2726 547 ,
2768 476 3027 534 fallaciter
3068 474 3343 533 cicatrices
3381 471 3706 539 ostenderit;
3748 471 3806 528 id

2215 579 2319 640 est,
2352 585 2459 627 non
2488 585 2616 629 vere
2642 585 2833 643 passus
2855 612 2873 640 ,
2899 585 3000 627 nec
3021 584 3149 626 vere
3174 576 3417 625 mortuus
3442 567 3541 635 sit,
3572 579 3673 623 nec
3698 565 3806 620 illa:

2214 679 2357 722 verae
2386 664 2585 721 fuerint
2606 680 2677 721 ex
2698 666 2841 721 veris
2860 664 3171 721 vulneribus
3194 661 3511 719 cicatrices?
3530 659 3660 728 Quae
3680 665 3809 718 sunt

2215 756 2581 815 evidentiores
2629 752 2887 813 doctrina:
2932 754 3460 826 mendaciloquorum
3508 750 3809 807 daemonio-

2214 863 2333 904 rum
2354 889 2370 915 ,
2398 863 2559 918 quam
2604 848 2719 904 istae
2758 848 2953 919 quibus
2997 846 3349 918 persuadetur
3366 844 3561 900 Filium
3590 843 3722 909 Dei,
3754 841 3809 897 id

2198 949 2299 997 est
2342 942 2513 1013 ipsam
2548 941 2864 1009 veritatem,
2906 955 3025 997 esse
3073 938 3428 996 mendacem?
3473 937 3581 994 Sed
3628 939 3715 993 isti
3750 937 3809 992 in

2214 1036 2456 1092 doctrina
2488 1051 2581 1091 sua
2612 1035 2809 1092 habent
2837 1042 2893 1091 et
2916 1044 3177 1107 apertam,
3203 1050 3313 1089 non
3340 1032 3554 1105 quidem
3601 1031 3809 1086 dmmo—

2214 1127 2450 1192 niorum,
2480 1126 2575 1183 sed
2602 1136 2777 1183 tamen
2804 1136 3064 1183 creatura:
3089 1126 3373 1191 culturam,
3397 1138 3556 1195 quam
3584 1123 3811 1178 damnat

2215 1218 2524 1288 Apostolus,
2545 1219 2728 1275 dicens
2753 1237 2767 1275 :
2798 1219 2865 1273 Et
2889 1219 3174 1286 coluerunt,
3201 1224 3248 1272 et
3268 1216 3543 1271 servierunt
3562 1222 3812 1270 creatura

2216 1312 2384 1383 potius
2409 1327 2559 1382 quam
2582 1311 2809 1366 Creatori
2833 1311 3010 1382 (Rom.
3036 1327 3076 1379 ι,
3102 1310 3219 1380 25).

2285 1404 2515 1461 CAPUT
2552 1402 2952 1461 XL—Proinde
2980 1406 3067 1461 isti
3093 1406 3144 1460 in
3167 1400 3628 1476 phantasmatibus
3656 1401 3812 1457 fabu-

2216 1495 2387 1550 larum
2410 1508 2624 1550 suarum
2651 1495 2791 1551 idola
2819 1504 2872 1551 et
2894 1495 3155 1552 darmonia
3184 1493 3481 1550 nescientes
3501 1492 3718 1548 colunt:
3752 1493 3811 1549 in

2216 1586 2334 1643 sole
2356 1595 2532 1643 autem
2562 1596 2617 1643 et
2641 1587 2768 1643 luna
2796 1596 3061 1643 noverunt
3090 1602 3149 1643 se
3178 1587 3383 1643 servire
3426 1596 3719 1650 creaturae;
3754 1592 3811 1640 ct

2216 1678 2360 1749 quod
2405 1685 2592 1749 putant
2631 1692 2692 1734 se
2733 1679 2893 1735 etiam
2929 1677 3169 1734 Creatori
3199 1677 3421 1745 servire,
3454 1678 3673 1731 multum
3704 1673 3812 1731 fal-

2216 1770 2399 1827 luntur
2424 1788 2439 1826 :
2471 1771 2827 1843 phantasmati
2856 1770 2999 1827 enim
3026 1785 3126 1827 suo
3155 1770 3423 1838 serviunt,
3451 1770 3692 1825 Creatori
3713 1783 3813 1823 au-

2216 1871 2327 1919 tem
2360 1863 2512 1919 nullo
2551 1864 2711 1920 modo
2740 1864 3009 1933 serviunt,
3054 1864 3264 1936 quando
3307 1878 3370 1920 ea
3409 1872 3601 1935 negant
3640 1863 3809 1918 Deum

2217 1970 2450 2025 creasse,
2481 1972 2601 2028 quae
2628 1967 2811 2028 aperte
2838 1958 3126 2029 Apostolus
3150 1958 3217 2013 ad
3242 1958 3337 2013 Dei
3363 1965 3659 2013 creaturam
3682 1971 3809 2027 per-

2217 2050 2389 2105 tinere
2414 2049 2780 2116 demonstrat,
2808 2050 2993 2107 dicens
3012 2092 3025 2117 ,
3066 2065 3187 2106 cum
3216 2050 3285 2106 de
3315 2049 3447 2107 cibis
3476 2060 3531 2105 et
3557 2048 3812 2105 carnibus

2216 2150 2421 2212 ageret,
2448 2142 2627 2197 Omnis
2646 2144 2777 2198 enim
2804 2152 3036 2197 creatura
3054 2141 3149 2197 Dei
3176 2143 3306 2197 bona
3330 2149 3422 2208 est,
3452 2150 3498 2195 et
3522 2141 3649 2195 nihil
3673 2140 3812 2213 abji-

2218 2235 2453 2290 ciendum
2476 2236 2612 2307 quod
2636 2252 2751 2291 cum
2780 2237 3057 2308 gratiarum
3082 2236 3275 2291 actione
3302 2234 3575 2307 percipitur
3602 2232 3644 2307 (l
3674 2233 3812 2289 Tim.

2218 2345 2291 2395 1v,
2324 2328 2401 2402 4).
2425 2329 2611 2386 Videte
2636 2330 2762 2401 quid
2783 2329 2853 2384 sit
2876 2343 3004 2385 sana
3031 2328 3292 2396 doctrina,
3319 2342 3476 2399 quam
3500 2341 3603 2381 non
3631 2324 3813 2383 fereno

2220 2429 2303 2477 tes
2330 2435 2425 2477 vos
2452 2420 2521 2477 ad
2546 2419 2752 2477 fabulas
2773 2421 3128 2476 convertistis.
3152 2419 3429 2488 Quomodo
3451 2418 3738 2493 Apostolus
3758 2426 3815 2473 et

2221 2522 2520 2569 creaturam
2549 2514 2642 2569 Dei
2672 2514 2877 2579 laudat,
2909 2521 2963 2569 et
3002 2513 3050 2568 ei
3097 2522 3273 2567 tamen
3309 2500 3515 2567 cultum
3538 2508 3813 2582 religionis

2221 2605 2463 2661 exhiberi
2485 2613 2628 2661 vetat
2658 2624 2671 2659 :
2704 2606 2781 2660 sic
2807 2613 2860 2661 et
2884 2604 3093 2676 Moyses
3123 2604 3246 2675 (qui
3275 2603 3422 2658 vobis
3447 2602 3656 2657 videtur
3677 2600 3812 2656 nulli

2222 2696 2523 2753 divinorum
2554 2698 2893 2767 pepercisse,
2940 2710 3046 2752 nou
3096 2695 3165 2749 ob
3212 2694 3353 2749 aliud
3396 2694 3655 2764 suspicor,
3707 2692 3815 2747 nisi

2222 2788 2344 2859 quia
2370 2788 2536 2844 solem
2568 2798 2621 2843 et
2646 2788 2826 2842 lunam
2853 2786 3020 2842 vetuit
3046 2785 3254 2841 adorari
3278 2784 3452 2857 [Deut.
3476 2801 3606 2849 XVII,
3636 2781 3713 2856 3],
3744 2781 3815 2843 ad

2222 2896 2449 2952 quorum
2480 2880 2757 2935 circuitum
2783 2892 2880 2936 vos
2904 2894 3001 2953 per
3024 2893 3209 2941 omnes
3238 2878 3459 2949 angulos
3486 2874 3691 2931 vertitis
3710 2916 3726 2942 ,
3756 2883 3817 2930 ut

2224 2988 2319 3029 eos
2358 2970 2626 3043 adoretis)
2670 2972 2839 3027 solem
2881 2980 2935 3027 et
2981 2971 3160 3028 lunam
3188 2984 3313 3026 vera
3357 2968 3515 3024 laude
3541 2966 3815 3033 laudavit,

2226 3079 2347 3120 cum
2376 3078 2466 3119 eos
2497 3063 2662 3118 factos
2698 3077 2729 3117 a
2768 3061 2878 3125 Deo
2902 3103 2917 3131 ,
2955 3070 3009 3117 et
3043 3061 3099 3120 in
3151 3061 3355 3117 caelesti
3385 3059 3569 3115 ordine
3594 3056 3662 3112 ad
3689 3071 3815 3126 per-

2225 3156 2431 3227 agenda
2459 3169 2552 3210 sua
2581 3169 2742 3235 Opera
2767 3154 3087 3229 collocatos,
3112 3154 3249 3208 sicut
3278 3162 3359 3208 est
3379 3195 3392 3222 ,
3427 3153 3497 3207 ita
3535 3148 3772 3205 narravit
3796 3166 3811 3202 :

2224 3249 2398 3302 Solent
2427 3248 2480 3301 in
2521 3255 2817 3318 potestatem
2862 3245 2991 3313 diei,
3035 3246 3210 3299 lunam
3240 3245 3293 3298 in
3331 3252 3623 3316 potestatem
3650 3241 3815 3296 noctis

2228 3339 2378 3416 (Gen.
2402 3358 2442 3408 ι,
2472 3339 2555 3406 16,
2582 3349 2627 3394 et
2650 3339 2797 3393 Psal.
2826 3354 3019 3404 cxxxv,
3044 3337 3097 3405 8,
3128 3336 3207 3407 9).
3228 3336 3397 3393 Falsis
3422 3344 3596 3390 autem
3618 3333 3817 3391 vestris

2224 3433 2467 3488 laudibus
2493 3432 2574 3486 sol
2600 3439 2653 3485 et
2678 3430 2800 3485 luna
2824 3445 2928 3485 nou
2955 3429 3205 3504 gaudent.
3232 3427 3486 3485 Diabolus
3511 3426 3655 3480 novit
3680 3424 3817 3480 falsa

2224 3525 2380 3580 laude
2408 3522 2663 3595 gaudere,
2686 3523 3081 3595 praevaricatrix
3111 3529 3377 3581 creatura.
3400 3519 3696 3575 Potestates
3715 3530 3815 3571 ve-

2223 3638 2286 3678 ro
2315 3604 2596 3689 caelorum,
2630 3632 2748 3691 quae
2776 3624 2995 3688 peccato
3024 3629 3129 3669 non
3158 3614 3321 3683 lapsae
3363 3620 3484 3666 sunt
3505 3651 3519 3675 ,
3551 3608 3816 3664 artificem

2225 3731 2378 3773 suum
2408 3716 2461 3769 in
2487 3729 2544 3769 sc
2574 3711 2777 3768 laudari
2806 3710 2991 3764 volunt
3019 3726 3031 3762 :
3061 3721 3283 3780 quarum
3308 3705 3397 3759 illa
3416 3718 3539 3759 vera
3572 3703 3688 3757 laus
3707 3710 3811 3766 est,

2225 3823 2328 3891 qua
2356 3804 2593 3862 Creatori
2636 3804 2846 3858 illarum
2875 3817 2981 3856 non
3015 3799 3074 3854 ﬁt
3102 3797 3314 3871 injuria.
3343 3796 3429 3852 Fit
3466 3803 3644 3857 autem
3688 3808 3815 3849 cum

2226 3888 2419 3956 dicitur
2442 3896 2586 3969 quod
2616 3904 2795 3966 partes
2821 3894 2935 3971 ejus
2962 3899 3114 3957 sunt,
3140 3900 3231 3955 aut
3254 3889 3492 3949 membra
3531 3888 3650 3959 ejus
3670 3928 3683 3951 ,
3721 3894 3818 3940 aut

2226 3989 2425 4064 aliquid
2448 3988 2757 4044 substantia
2786 3986 2970 4057 ipsius.
2996 3983 3090 4039 llle
3117 3984 3261 4039 enim
3292 3980 3558 4053 perfectus
3575 4020 3591 4046 ,
3614 3986 3669 4035 et
3695 3979 3816 4034 nul-

2227 4083 2331 4138 lius
2358 4080 2601 4151 iudigens
2624 4121 2637 4147 ,
2669 4087 2724 4134 et
2749 4090 3008 4146 nusquam
3032 4074 3301 4139 deﬂuens,
3327 4087 3499 4140 neque
3518 4071 3779 4127 discissus
3796 4110 3815 4139 ,

2226 4190 2398 4249 neque
2422 4189 2518 4245 per
2544 4172 2657 4227 loca
2685 4169 2967 4236 distentus,
2994 4165 3133 4238 apud
3154 4180 3212 4223 se
3233 4173 3377 4231 totus
3405 4162 3816 4225 incommutabi-

2226 4268 2323 4335 lis,
2357 4266 2565 4336 sibique
2592 4262 2892 4328 sulliciens,
2923 4274 2980 4316 se
3008 4259 3125 4329 ipso
3150 4257 3369 4325 beatus,
3400 4262 3618 4328 propter
3644 4254 3818 4311 abun-

2227 4362 2460 4417 dantiam
2506 4355 2758 4423 bonitatis
2796 4368 2893 4424 per
2924 4352 3157 4409 Verbum
3195 4364 3349 4411 suum
3378 4348 3544 4421 dixit,
3589 4354 3645 4404 et
3674 4345 3819 4402 facta

2228 4464 2381 4521 sunt;
2420 4452 2720 4523 mandavit,
2757 4457 2812 4517 et
2849 4455 3026 4512 creata
3066 4453 3190 4516 sunt
3228 4443 3419 4516 (Psal.
3447 4456 3645 4511 exnvm
3668 4480 3684 4507 ,
3712 4438 3816 4510 5).

2228 4547 2460 4603 Proinde
2498 4548 2543 4602 si
2582 4543 2856 4605 terrestria
2889 4556 3145 4612 corpora,
3178 4539 3247 4596 dc
3271 4537 3466 4610 quibus
3494 4533 3820 4606 loquebatur

2228 4642 2515 4714 Apostolus
2560 4655 2682 4696 cum
2727 4638 2904 4707 cibum
2950 4635 3151 4705 nullum
3197 4630 3529 4699 immundum
3578 4628 3815 4697 diceret,

2229 4735 2368 4801 bona
2396 4740 2539 4801 sunt,
2570 4732 2694 4803 quia
2717 4731 2880 4799 arpinis
2907 4736 3139 4795 creatura
3175 4725 3273 4793 Dei
3306 4724 3439 4789 bona
3479 4729 3552 4779 est
3570 4737 3588 4791 ς
3616 4727 3821 4791 quanto

2230 4827 2400 4897 magis
2429 4824 2688 4889 omlestia,
2720 4824 2776 4879 in
2804 4822 2997 4893 quibus
3024 4819 3296 4889 excellunt
3320 4816 3402 4883 sol
3426 4823 3479 4883 et
3502 4814 3631 4875 luna
3653 4813 3669 4868 ι
3692 4826 3821 4868 cum

2201 4910 2204 4914 ’
2230 4920 2345 4993 ipse
2370 4916 2657 4989 Apostolus
2678 4914 2838 4979 dicat,
2866 4912 3096 4982 corpora
3118 4909 3336 4979 missio
3358 4914 3404 4969 at
3428 4919 3646 4976 carpam
3670 4911 3818 4959 terre-

2230 5013 2392 5077 stria;
2420 5011 2509 5067 sed
2543 5008 2649 5075 alia
2685 5016 2759 5071 est
2798 5006 3071 5069 celatim
3115 5002 3311 5074 alaris,
3356 4999 3462 5067 alia
3508 4995 3814 5061 terrestri“

2233 5103 2275 5175 (Ι
2300 5100 2418 5159 Cor.
2447 5118 2533 5167 xv,
2562 5098 2675 5171 40).

2300 5194 2526 5253 CAPUT
2554 5192 2742 5249 Xll.—
2768 5190 2882 5249 Non
2899 5204 3033 5261 ergo
3045 5188 3371 5249 conviciator
3398 5184 3610 5257 Messes
3644 5180 3827 5239 saliet

2231 5288 2393 5355 lunae,
2418 5301 2540 5343 cum
2567 5300 2659 5341 eos
2685 5292 2830 5341 vetat
2855 5281 3101 5346 adorari;
3124 5279 3218 5337 sed
3245 5292 3340 5335 eos
3367 5276 3545 5342 laudat
3567 5284 3821 5345 tanquam

2232 5388 2527 5441 creaturam
2575 5376 2849 5437 caelestem
2874 5390 2887 5426 :
2912 5373 3078 5429 Deum
3121 5377 3301 5433 autem
3344 5367 3525 5439 laudat
3567 5374 3823 5436 tauquam

2232 5480 2529 5528 creatorem
2557 5467 2852 5524 caelestium
2881 5474 2935 5522 et
2964 5462 3293 5523 terrestrium
3320 5476 3334 5526 ;
3359 5474 3457 5521 nec
3480 5457 3595 5513 vult
3621 5455 3825 5513 offendi

2233 5565 2422 5629 Deum,
2462 5578 2581 5617 cum
2615 5562 2686 5614 illi
2720 5576 2815 5630 pro
2842 5558 2935 5617 illo
2973 5556 3281 5619 adorantur,
3307 5553 3397 5622 qui
3428 5558 3643 5623 propter
3670 5549 3822 5609 illum

2236 5667 2289 5712 et
2315 5672 2377 5710 ex
2408 5655 2497 5708 illo
2528 5653 2835 5709 laudantur.

2306 5750 2374 5803 At
2402 5761 2558 5817 quam
2596 5746 2698 5801 sibi
2748 5744 2975 5797 Faustus
3013 5746 3199 5809 argute
3242 5734 3635 5806 reprehendere
3674 5730 3823 5815 visus
