4052 6436
231 489 538 550 adorarerit
561 502 628 544 ac
645 486 846 544 lunam.
871 485 934 544 Si
951 502 1092 560 ergo,
1115 486 1305 558 inquit,
1327 487 1417 542 sub
1441 487 1618 559 gentili
1635 488 1826 556 positus

225 601 364 656 rege,
389 584 554 639 solem
577 599 734 654 cogar
751 583 983 646 adorare,
1013 591 1061 636 et
1083 597 1200 636 cum
1225 581 1476 650 restitero,
1501 582 1828 636 maledictum

227 673 320 728 hoc
361 683 616 740 metuens,
651 672 838 744 iubear
864 672 1126 742 cruci/igi,
1161 673 1216 726 in
1241 670 1384 726 aliud
1421 673 1532 743 ejus
1572 673 1832 728 incurram

225 763 554 824 maledictum
572 805 588 832 ,
617 763 756 834 quod
773 763 1014 818 adversus
1037 779 1150 818 eum
1171 763 1504 835 deprompsit,
1533 767 1616 834 qui
1647 763 1832 834 pendet

223 857 276 912 in
295 857 462 928 ligno.
484 856 594 912 Vos
615 856 840 927 quitum
859 855 1042 912 nullus
1063 871 1160 912 rex
1187 855 1402 927 gentilis
1427 857 1570 928 cogit
1597 858 1828 912 adorare

223 949 420 1016 Mem,
441 948 588 1019 quod
617 961 718 1004 nec
739 949 856 1020 ipse
875 949 956 1004 sol
976 957 1216 1018 cogeret,
1241 949 1292 1006 si
1317 950 1372 1004 in
1394 957 1537 1005 terra
1557 960 1830 1021 regnaret,

229 1041 350 1111 quia
377 1055 484 1096 nec
503 1054 650 1096 nunc
674 1055 704 1094 a
731 1039 884 1096 vobis
913 1039 1016 1096 hoc
1043 1041 1158 1096 vult
1181 1040 1294 1096 ﬁeri
1311 1041 1432 1097 :sed
1453 1041 1592 1096 sicut
1609 1041 1830 1100 Creator

222 1130 338 1200 ipse
373 1129 578 1201 impios
609 1129 1070 1202 blasphematores
1107 1145 1238 1188 suos
1277 1147 1448 1202 usque
1477 1131 1544 1188 ad
1571 1131 1832 1202 judicium

222 1222 476 1288 sontium,
503 1223 584 1280 sic
595 1232 652 1280 et
676 1224 790 1293 ipsa
815 1224 1054 1280 cmicstia
1069 1223 1300 1280 tolerant
1327 1239 1494 1282 vanos
1518 1225 1832 1286 adoratores

222 1329 354 1372 suos
379 1329 558 1386 usque
575 1313 644 1370 ad
663 1313 924 1384 judicium
949 1315 1218 1372 Creatoris
1249 1315 1335 1370 sui
1357 1314 1453 1384 (a).
1483 1316 1682 1372 Tamen
1716 1333 1831 1374 me-

219 1413 468 1462 mentote
501 1405 866 1462 Christianum
894 1420 1078 1475 regem
1107 1421 1215 1460 non
1252 1419 1408 1476 posse
1436 1421 1626 1478 cogere
1653 1417 1711 1464 ut
1747 1411 1832 1466 sol

219 1497 502 1554 adoretur.
529 1497 606 1554 De
623 1497 808 1568 gentili
831 1497 976 1554 enim
997 1511 1122 1568 rege
1135 1497 1439 1567 exemplum
1459 1498 1685 1556 Faustus
1708 1515 1830 1570 pro-

219 1588 402 1660 posuit
417 1629 436 1658 ,
459 1589 642 1646 sciam
669 1587 908 1658 profecto
931 1587 1000 1644 ad
1027 1588 1270 1646 Gentiles
1291 1590 1556 1658 pertinere
1584 1589 1724 1660 quod
1749 1591 1828 1647 fa-

219 1681 362 1748 citis,
391 1695 520 1737 cum
547 1679 718 1738 solem
753 1679 1010 1736 adoratis.
1037 1677 1158 1736 Non
1183 1688 1268 1736 est
1299 1695 1426 1751 ergo
1451 1681 1554 1736 hoc
1575 1680 1827 1738 christia-

219 1787 384 1830 num:
417 1771 516 1828 sed
547 1772 744 1843 ubique
757 1773 868 1842 jam
894 1772 1084 1842 perdix
1110 1787 1304 1828 nomen
1329 1771 1522 1830 Christi
1561 1775 1740 1844 ponit,
1771 1785 1848 1834 ut-

219 1871 512 1935 congreget
527 1878 648 1934 quas
665 1879 770 1920 non
791 1863 998 1933 peperit
1011 1860 1223 1932 (Jerem.
1239 1878 1368 1930 ιω,
1396 1863 1508 1935 Η).
1538 1863 1724 1920 Videte
1751 1873 1828 1922 ta-

219 1972 344 2014 en
363 1971 528 2027 quam
555 1955 714 2012 facile
742 1955 1064 2026 respondeat
1087 1955 1282 2013 veritas
1301 1995 1318 2024 ,
1347 1964 1406 2013 et
1429 1971 1556 2014 sana
1583 1957 1828 2016 doctrina

218 2063 386 2120 quain
403 2047 562 2104 facile
575 2047 1026 2118 disrumpathunc
1041 2054 1236 2104 vestra:
1251 2049 1562 2119 quastionis
1575 2060 1828 2120 tanquam

219 2139 589 2196 insanabilia!!!
611 2148 665 2196 et
685 2139 960 2210 bicipitem
985 2139 1253 2210 laqueum.
1277 2139 1418 2196 Ecce
1443 2139 1698 2196 faciamus
1723 2143 1825 2198 ali-

219 2247 382 2304 quem
395 2241 662 2290 armatum
673 2231 822 2304 regia
847 2240 1114 2303 potestate
1129 2233 1444 2290 comminari
1462 2233 1666 2290 homini
1683 2233 1797 2292 chri
1817 2260 1828 2282 ο

219 2325 424 2392 stiano,
439 2333 502 2380 ut
515 2325 563 2380 si
589 2324 762 2381 solem
785 2323 1012 2382 adorare
1025 2323 1276 2390 noluerit,
1297 2324 1657 2396 suspendatur
1677 2324 1730 2380 in
1757 2326 1824 2380 li-

229 2431 354 2487 gno.
381 2417 442 2473 Si
461 2415 808 2472 declinavere
825 2455 842 2481 ,
872 2415 1050 2486 inquis
1067 2455 1088 2483 ,
1113 2415 1456 2472 maledictum
1479 2457 1496 2484 ,
1541 2415 1684 2487 quod
1713 2415 1826 2474 Lex

221 2507 484 2578 prompsit
495 2508 552 2564 in
567 2508 694 2564 solis
711 2507 1070 2574 adoratorem,
1093 2506 1324 2564 incidam
1344 2508 1396 2564 in
1419 2507 1552 2564 illud
1567 2507 1710 2579 quod
1735 2523 1824 2564 ea-

219 2600 342 2658 dem
371 2600 488 2658 Lex
517 2600 784 2670 prompsit
803 2599 858 2654 in
877 2614 1000 2656 eum
1029 2599 1120 2670 qui
1149 2600 1466 2672 pependerit
1481 2601 1536 2656 in
1557 2600 1720 2670 ligno.
1747 2599 1824 2658 Ita

219 2707 348 2750 rem
369 2691 676 2748 turbaberis
704 2709 717 2748 :
741 2691 840 2748 sed
869 2699 946 2758 tu,
979 2690 1088 2746 imo
1111 2707 1214 2748 nec
1237 2699 1295 2746 tu
1313 2732 1330 2758 ,
1359 2691 1448 2762 qui
1467 2700 1521 2746 et
1551 2691 1704 2746 nullo
1733 2705 1824 2746 co-

219 2793 376 2858 gente
413 2784 611 2842 adoras
649 2783 844 2842 solem.
881 2783 960 2838 'At
986 2798 1116 2840 vero
1143 2781 1484 2838 Christianus
1526 2781 1823 2838 aedificatus

219 2891 382 2949 super
425 2875 834 2934 Momentum
887 2875 1276 2946 Apostolorum
1327 2884 1382 2954 et
1428 2875 1820 2944 PrOphctarum

219 2967 434 3038 (ἕρδοι.
449 2965 638 3036 3,20),
657 2965 888 3022 attendit
909 2966 1146 3036 singulas
1171 2979 1378 3032 causas,
1405 2973 1462 3021 et
1479 2965 1683 3036 singula
1707 2982 1822 3022 ma-

219 3059 446 3116 ledicta:
477 3057 626 3114 videt
669 3072 836 3114 umim
887 3059 1155 3128 pertinere
1201 3055 1271 3112 ad
1315 3071 1512 3127 corpus
1559 3059 1816 3126 mortale,

221 3148 362 3220 quod
387 3149 536 3218 ligno
553 3148 932 3218 suspenditur;
960 3147 1190 3202 alterum
1219 3147 1286 3202 ad
1311 3147 1576 3212 animum,
1604 3161 1710 3218 quo
1737 3147 1821 3204 sol

221 3239 494 3298 adoratus.
522 3237 642 3298 Etsi
667 3238 814 3294 enim
844 3253 1040 3310 corpus
1083 3237 1372 3292 inclinatur
1411 3238 1464 3292 in
1503 3238 1816 3308 adorando,

221 3330 434 3392 animus
479 3337 660 3386 tamen
708 3335 802 3384 aut
849 3328 980 3384 colit
1024 3327 1168 3398 quod
1210 3327 1431 3396 adorat,
1482 3337 1576 3384 aut
1628 3329 1818 3398 ﬁngit;

221 3429 505 3491 utrumque
529 3427 716 3476 autem.
739 3419 1104 3490 perniciosum
1149 3426 1250 3474 est.
1293 3419 1633 3488 Quapropter
1673 3435 1813 3490 quo-

223 3513 364 3568 niam
391 3511 740 3568 maledictum
773 3509 828 3566 in
851 3519 1080 3580 utroque
1102 3523 1246 3566 mors
1270 3510 1482 3576 meruit,
1514 3510 1652 3566 sicut
1673 3526 1818 3568 mors

223 3612 304 3660 est
323 3604 570 3674 corporis
593 3604 646 3660 in
671 3602 818 3674 ligno
864 3601 1122 3675 pendere,
1151 3601 1222 3656 ita
1251 3616 1398 3658 mors
1427 3603 1594 3658 animi
1619 3613 1702 3660 est
1731 3618 1819 3660 so-

223 3694 330 3752 lem
367 3694 616 3750 adorare.
665 3692 984 3765 Eligendum
1031 3701 1116 3750 est
1160 3692 1320 3764 igitur
1367 3692 1712 3752 maledictum
1761 3693 1816 3748 in

221 3786 462 3858 corporis
493 3794 698 3854 morte,
743 3800 850 3856 quo
891 3784 1176 3840 maledicto
1213 3793 1269 3840 et
1311 3784 1488 3854 ipsum
1529 3799 1724 3856 corpus
1761 3786 1818 3841 in

221 3877 620 3936 resurrectione
663 3875 978 3932 liberabitur
1005 3891 1020 3930 :
1049 3874 1394 3932 devitandum
1427 3883 1606 3930 autem
1650 3876 1817 3932 male-

221 3969 432 4026 dictum
459 3969 518 4024 in
544 3970 733 4026 anima:
755 3978 950 4034 morte,
971 3983 1042 4024 ne
1059 3983 1182 4024 cum
1209 3981 1307 4024 suo
1328 3981 1556 4038 corpore
1579 3967 1633 4024 in
1659 3975 1819 4024 acter-

221 4075 302 4118 no
347 4061 474 4132 igne
515 4061 810 4118 damnetur.
861 4061 1012 4116 Hanc
1057 4061 1200 4116 enim
1253 4059 1606 4130 quaestionem
1659 4059 1816 4116 nobis

223 4156 486 4214 Dominus
507 4155 692 4223 solvit,
721 4156 907 4212 dicens
937 4173 952 4210 :
987 4154 1164 4211 Nolite
1193 4156 1367 4212 timere
1401 4171 1485 4212 eos
1522 4157 1608 4228 qui
1633 4173 1817 4228 corpus

225 4247 478 4315 occidunt,
509 4248 734 4302 animam
760 4256 928 4302 autem
948 4263 1050 4302 non
1069 4255 1282 4318 possunt
1299 4247 1525 4300 occidere
1545 4261 1566 4302 :
1588 4247 1676 4302 sed
1703 4263 1819 4304 eum

228 4339 388 4396 tiniae
403 4339 494 4410 qui
515 4339 666 4394 liabet
687 4347 982 4408 potestatem
1004 4345 1054 4394 et
1070 4338 1296 4398 animam
1317 4346 1364 4391 et
1388 4353 1574 4408 corpus
1591 4337 1819 4393 occidere

226 4431 278 4488 in
299 4432 584 4502 gehennam
609 4431 742 4502 ignis
779 4429 1010 4502 (Matth.
1031 4445 1090 4499 ι,
1115 4428 1186 4486 28
1207 4427 1250 4502 ).
1274 4429 1550 4502 Tanquam
1574 4429 1816 4500 diceret,

229 4522 400 4582 Nolite
443 4527 638 4584 timere
685 4526 1029 4584 maledictum
1073 4524 1368 4598 corporalis
1409 4525 1630 4592 mortis,
1674 4523 1818 4596 quod

215 4703 220 4707 ’
287 4703 789 4770 ﬂammam
813 4671 1010 4770 l,n.3.

1413 368 1620 428 LIBER
1657 367 1954 439 QUINTUS
1993 369 2303 428 DECIMUS.

3417 377 3526 436 302

1938 487 2296 557 temporaliter
2331 488 2592 544 solvitur:
2623 487 2718 544 sed
2759 488 2940 544 timete
2967 488 3308 546 maledictum
3359 491 3518 560 spiri-

1936 580 2092 634 tualis
2129 579 2316 636 mortis
2339 621 2356 646 ,
2397 595 2493 650 per
2522 579 2664 652 quod
2693 582 2868 636 anima
2913 583 2964 636 in
2993 591 3250 638 mternum
3275 598 3398 639 cum
3423 600 3522 642 suo

1934 687 2160 744 corpore
2184 673 2472 729 cruciatur.
2510 674 2652 730 Ecce
2695 689 2802 730 non
2846 685 2929 729 est
2969 673 3254 730 anicularis
3295 675 3521 732 maledi-

1934 765 2042 818 ctio
2061 805 2076 832 ,
2111 764 2204 820 sed
2237 765 2544 836 prophetica
2575 764 2849 834 praedictio
2867 805 2884 831 ,
2913 764 3218 820 Maledictus
3243 768 3404 822 omnis
3437 769 3524 838 qui

1935 856 2118 924 pendet
2141 856 2194 910 in
2224 856 2380 927 ligno.
2402 856 2490 912 Sic
2513 857 2655 914 enim
2684 857 2856 914 aufert
2881 857 3126 914 Christus
3151 858 3218 914 de
3239 860 3520 916 maledicto

1933 947 2296 1015 maledictum,
2327 948 2596 1020 quomodo
2621 950 2690 1005 de
2715 961 2888 1006 morte
2913 959 3140 1006 mortem
3163 991 3178 1019 ,
3211 952 3278 1006 de
3302 963 3522 1024 peccato

1933 1047 2230 1108 peccatum.
2249 1039 2339 1096 Sic
2357 1055 2486 1111 ergo
2507 1055 2612 1094 non
2635 1040 3022 1111 blasphemavit
3041 1042 3250 1114 Moyses
3273 1043 3522 1112 dicendo,

1935 1128 2242 1186 Malcdictus
2279 1132 2440 1186 omnis
2477 1131 2563 1201 qui
2606 1131 2785 1202 pendet
2814 1133 2868 1186 in
2895 1131 3032 1204 ligno
3067 1151 3084 1188 :
3115 1134 3385 1206 quomodo
3415 1150 3522 1190 non

1933 1222 2436 1294 blasphemaverunt
2453 1224 2696 1294 Apostoli
2713 1223 2960 1292 dicendo,
2981 1226 3214 1282 Mortuus
3229 1239 3301 1282 est
3323 1226 3386 1304 (Il
3402 1227 3520 1284 Cor.

1933 1330 1988 1382 v,
2014 1315 2100 1380 M,
2133 1315 2254 1386 i5);
2279 1325 2351 1380 et,
2381 1313 2532 1370 Vetus
2555 1316 2704 1370 homo
2725 1324 2891 1370 uoster
2911 1319 3140 1386 conﬁxus
3159 1328 3230 1372 est
3255 1320 3390 1373 cruci
3410 1336 3524 1374 cum

1931 1408 2220 1481 illo(Rom.
2249 1425 2322 1476 v1,
2349 1409 2440 1478 6);
2483 1417 2568 1476 et,
2599 1407 2678 1462 De
2722 1417 2924 1480 peccato
2963 1409 3218 1464 damnavit
3265 1423 3525 1482 peccatum

1934 1497 2043 1574 (Id.
2068 1515 2178 1566 Vill,
2205 1498 2258 1572 '5)
2280 1517 2294 1564 ;
2319 1509 2396 1568 et,
2417 1497 2552 1554 Eum
2579 1499 2664 1570 qui
2689 1515 2791 1554 non
2820 1511 3021 1554 nouerat
3047 1511 3323 1570 peccatum,
3345 1520 3526 1574 pecca-

1933 1601 2040 1646 tum
2063 1583 2154 1663 pro
2175 1593 2316 1646 nobis
2345 1591 2464 1661 fecit
2493 1591 2562 1664 (Il
2579 1591 2696 1646 Cor.
2723 1607 2774 1659 v,
2795 1591 2888 1664 21)
2909 1608 2924 1658 ;
2947 1601 3002 1648 et
3017 1594 3178 1648 multa
3197 1593 3520 1664 huiusmodi.

1932 1682 2040 1738 Vos
2069 1691 2247 1738 autem
2273 1697 2398 1738 cum
2428 1682 2658 1738 horretis
2683 1681 3026 1738 maledictum
3057 1682 3320 1738 Christum
3343 1727 3358 1752 ,
3387 1685 3522 1740 fate-

1930 1773 2062 1830 mini
2087 1789 2181 1830 vos
2211 1773 2432 1830 horrere
2453 1783 2682 1828 mortem
2702 1772 2922 1828 Christi.
2945 1773 3048 1828 Ubi
3075 1785 3296 1844 apparet
3319 1785 3518 1843 vestra,

1930 1880 2036 1922 non
2064 1867 2348 1922 anicularis
2377 1865 2680 1921 maledictio
2703 1907 2718 1934 ,
2765 1865 2864 1921 sed
2906 1865 3166 1920 diabolica
3211 1867 3480 1922 simulatio
3505 1910 3522 1936 ,

1930 1957 2022 2028 qui
2065 1967 2294 2014 mortem
2339 1956 2537 2014 Christi
2584 1957 2856 2027 corporis,
2887 1957 3079 2012 animae
3117 1967 3307 2014 vestrae
3349 1967 3524 2014 morte

1929 2065 2040 2106 non
2077 2051 2318 2106 creditis.
2346 2051 2518 2120 Quam
2563 2059 2739 2106 tamen
2781 2059 3008 2106 mortem
3049 2050 3245 2106 Christi
3289 2067 3394 2106 non
3425 2068 3522 2108 ve-

1929 2156 2066 2210 ram,
2099 2141 2194 2198 sed
2219 2141 2522 2196 simulatam
2551 2141 2788 2198 suadetis
2813 2158 2825 2194 :
2853 2143 3002 2211 quasi
3032 2157 3136 2198 non
3164 2141 3403 2198 audeatis
3427 2159 3524 2216 per

1927 2248 2124 2290 nomen
2157 2234 2508 2290 christianum
2533 2234 2778 2290 homines
2805 2233 3012 2302 fallere,
3041 2235 3146 2290 nisi
3167 2235 3344 2306 ipsum
3367 2237 3522 2292 Chri-

1927 2334 2066 2384 stum
2093 2327 2404 2396 magistrum
2434 2324 2656 2382 fallacim
2683 2325 2906 2382 faciatis.

1998 2417 2221 2474 CAPUT
2259 2417 2398 2473 XIII.
2437 2447 2510 2458 —-
2544 2418 2696 2486 Quod
2719 2427 2896 2472 autem
2923 2418 3133 2476 invidus
3182 2421 3522 2480 continentia:

1927 2511 2012 2566 vel
2043 2511 2329 2582 virginitati
2371 2511 2569 2568 Fausto
2607 2510 2815 2584 Moyses
2863 2513 3008 2568 visus
3055 2520 3160 2582 est,
3197 2515 3322 2585 quia
3365 2515 3520 2584 dixit,

1929 2603 2232 2660 Maledictus
2257 2605 2422 2658 omnis
2449 2604 2536 2674 qui
2559 2619 2662 2658 non
2699 2604 3008 2658 suscitaverit
3044 2621 3210 2660 semen
3251 2608 3306 2662 in
3349 2605 3522 2662 Israel

1927 2695 2104 2766 (Deut.
2131 2711 2259 2762 xxv,
2295 2695 2382 2768 7);
2415 2696 2595 2765 legant
2627 2696 2818 2750 Isaiam
2849 2698 3189 2765 clamantem,
3229 2697 3354 2754 Haec
3397 2701 3524 2756 dicit

1925 2784 2176 2842 Dominus
2205 2785 2514 2858 spadonibus
2539 2788 2770 2842 omnibus
2803 2803 2821 2840 .'
2850 2787 2948 2864 Qui
2983 2791 3348 2844 obseruauerint
3383 2807 3517 2862 prat-

1926 2885 2069 2948 cepta
2114 2892 2248 2944 mea,
2275 2885 2322 2932 et
2357 2876 2598 2948 elegerint
2643 2893 2756 2946 qua:
2793 2894 2882 2948 ego
2922 2879 3056 2944 uolo,
3103 2889 3151 2934 et
3195 2881 3524 2940 custodierint

1926 2977 2276 3026 testamentum
2300 2986 2466 3024 meum
2481 2987 2500 3034 ;
2527 2969 2658 3024 dabo
2687 2969 2792 3024 illis
2811 2971 2866 3024 in
2899 2971 3050 3026 domo
3074 2989 3187 3026 mea
3213 2982 3262 3028 et
3291 2976 3344 3027 in
3378 2992 3524 3030 muro

1924 3076 2034 3116 meo
2055 3061 2221 3114 locum
2249 3061 2562 3114 nominatum
2583 3101 2600 3128 ,
2637 3061 2896 3116 meliorem
2919 3063 3144 3132 ﬁliorum
3173 3075 3222 3118 et
3247 3065 3476 3134 filiarum
3503 3084 3521 3122 .'

1925 3168 2107 3206 nomen
2129 3159 2371 3206 aeternum
2396 3151 2526 3204 dabo
2553 3150 2678 3218 illis,
2722 3161 2768 3206 et
2801 3169 2903 3208 non
2928 3154 3084 3210 deerit
3107 3156 3208 3210 illis
3227 3156 3378 3228 (Isai.
3403 3176 3518 3227 Lvt,

1923 3243 1982 3310 4,
2009 3241 2088 3314 5).
2119 3243 2224 3296 Aut
2247 3242 2294 3295 si
2319 3242 2646 3296 contrarium
2675 3250 2863 3312 putant
2889 3243 3078 3300 Isaiam
3107 3246 3306 3318 Moysi,
3331 3248 3420 3304 hic
3445 3251 3521 3304 cis

1923 3334 2152 3404 placeat,
2169 3333 2214 3388 si
2237 3333 2325 3388 ille
2345 3333 2625 3404 diSplicct;
2649 3350 2754 3390 non
2771 3345 2854 3390 cst
2875 3351 3062 3407 parum
3079 3339 3338 3396 adversus
3365 3342 3516 3398 istos.

1922 3425 2088 3482 Nobis
2115 3426 2258 3480 enim
2283 3426 2480 3482 sufficit
2503 3427 2640 3482 scire
2667 3444 2828 3484 unum
2875 3429 3042 3486 Deum
3069 3430 3304 3488 locutum
3338 3443 3394 3489 et
3427 3453 3522 3506 per

1923 3517 2142 3590 Moysen
2161 3526 2217 3572 et
2240 3531 2334 3586 per
2348 3517 2540 3574 Isaiam
2567 3535 2580 3572 :
2611 3527 2664 3574 et
2687 3518 3026 3576 maledictum
3047 3535 3167 3578 esse
3189 3539 3404 3580 onmem
3430 3527 3521 3596 qui

1922 3623 2030 3664 non
2043 3609 2383 3664 suscitaverit
2403 3623 2584 3664 semen
2603 3609 2658 3662 in
2677 3607 2862 3676 Israel,
2879 3611 2992 3667 sive
3025 3621 3170 3678 tunc,
3192 3628 3311 3668 cum
3325 3617 3521 3686 populo

1921 3701 2214 3757 secundum
2253 3714 2470 3756 carnem
2515 3702 2852 3772 propagando
2897 3704 3058 3758 etiam
3093 3706 3323 3761 carnalis
3353 3708 3522 3776 prolis

1922 3791 2161 3862 operatio
2189 3791 2242 3846 in
2271 3789 2534 3862 coniugali
2573 3794 2817 3848 castitate
2857 3793 2926 3848 ad
2968 3793 3204 3850 officium
3241 3797 3468 3854 civicum
3497 3801 3514 3832 ί

1921 3883 2256 3953 pertinebat;
2289 3883 2402 3938 sive
2441 3897 2604 3948 nunc,
2635 3899 2704 3938 ne
2732 3885 3014 3956 quisquam
3044 3887 3388 3956 spiritualiter
3421 3905 3518 3946 na-

1922 3981 2028 4042 tus,
2055 3981 2206 4044 putet
2229 3972 2330 4030 sibi
2363 3972 2560 4030 debere
2591 3974 2858 4044 sufficere,
2897 3991 2999 4032 nec
3037 3977 3198 4034 instet
3237 3979 3518 4040 dominicis

1921 4067 2106 4134 lucris,
2139 4066 2332 4136 quibus
2364 4067 2590 4138 quisque
2633 4083 2731 4138 pro
2765 4068 2983 4124 modulo
3035 4084 3134 4127 suo
3179 4073 3518 4142 praedicando

1923 4159 2218 4226 ChriStum,
2247 4159 2408 4216 debet
2431 4175 2692 4232 generare
2728 4161 3068 4219 christianos.
3102 4161 3180 4220 Ita
3215 4165 3306 4222 illa
3340 4167 3518 4226 divina

1923 4252 2184 4312 sententia
2205 4259 2444 4323 tempora
2469 4254 2746 4325 utriusque
2772 4254 3100 4313 Testamenti
3128 4258 3263 4315 mira
3277 4260 3516 4318 brevita-

1922 4353 1978 4400 te
2005 4345 2379 4415 complectitur
2402 4386 2417 4412 ,
2447 4346 2754 4404 Haledictus
2780 4349 2942 4405 omnis
2969 4351 3057 4422 qui
3080 4367 3183 4408 non
3203 4353 3518 4412 suscitaverit

1921 4453 2094 4494 nmen
2117 4439 2172 4492 in
2200 4436 2386 4494 Israel.

1987 4567 2200 4641 ι-Εάὶῑὶο,
2229 4575 2377 4641 πίεν.)
2412 4568 2478 4620 ad
2498 4567 3006 4641 ofﬁcimpoujugum.
3047 4581 3106 4628 At
3132 4581 3244 4630 Mss.
3261 4589 3392 4641 eum
3413 4587 3517 4634 Am.

1923 4629 2434 4744 Mundam
2461 4629 2684 4697 ciuicam,
2719 4629 2934 4701 me,
2971 4643 3078 4702 aut,
3112 4629 3519 4708 dum:

805 4947 1280 5060 LIBER
1364 4947 1464 5077 Q
1482 4939 2064 5054 UINTU'S
2143 4857 2364 5050 DE
2377 4940 2678 5050 01M
2696 4857 2902 5054 Us:

301 5225 524 5294 CAPUT
574 5225 839 5284 PRIMUM
875 5257 945 5267 -
1004 5225 1264 5282 FAUSTUS.
1295 5225 1426 5281 dixit
1459 5223 1674 5290 :Quare
1718 5239 1822 5280 non

241 5321 467 5392 accipitis
495 5319 898 5374 Testamentum
928 5317 1135 5374 Vetus?
1160 5317 1293 5384 Quia
1337 5323 1389 5370 et
1413 5329 1570 5370 omne
1595 5327 1686 5370 vas
1705 5315 1823 5386 ple-

241 5425 360 5466 num
385 5407 668 5482 superfusa
693 5423 802 5464 non
822 5408 1031 5478 recipit,
1052 5407 1144 5463 sed
1166 5407 1390 5462 effundit
1419 5423 1432 5460 :
1456 5405 1823 5461 etstomachus

245 5511 383 5558 satur
407 5501 583 5572 rejicit
613 5501 838 5572 ingesta.
865 5499 1096 5556 Proinde
1117 5511 1170 5555 et
1194 5499 1364 5555 Judaei
1387 5515 1448 5553 ex
1482 5511 1822 5568 praeoccupa-

244 5593 376 5652 tione
399 5593 649 5666 Moyseos
669 5591 1012 5647 Testamento
1052 5589 1228 5646 Veteri
1265 5591 1460 5652 satiati,
1510 5597 1825 5658 respuerant

243 5685 438 5742 Novum
469 5705 484 5742 :
512 5695 568 5741 et
595 5701 693 5740 nos
729 5701 796 5741 ex
823 5683 1018 5740 Christi
1047 5687 1406 5755 prmventionc
1435 5681 1582 5738 Novo
1613 5681 1818 5750 referti,

245 5781 538 5848 respuimus
567 5777 752 5836 Vetus.
787 5777 898 5833 Vos
929 5777 1047 5834 ideo
1075 5787 1359 5846 utrumque
1407 5775 1639 5844 accipitis
1660 5817 1674 5842 ,
1703 5775 1825 5845 quia

249 5869 300 5928 in
321 5876 513 5928 neutro
538 5867 672 5927 estis
694 5867 858 5942 pleni,
888 5867 982 5925 sed
1011 5867 1143 5924 scmi
1173 5883 1186 5921 :
1212 5867 1542 5922 alterumuuc
1563 5881 1630 5922 ex
1659 5866 1826 5925 altero

1933 5223 1987 5279 in
2007 5219 2160 5277 vobis
2185 5229 2290 5273 non
2321 5221 2434 5270 tam
2453 5213 2712 5286 repletur,
2755 5231 2916 5288 quam
2951 5219 3348 5290 corrumpitur;
3396 5225 3520 5295 quia

1932 5323 1986 5371 et
2017 5325 2163 5368 sema
2191 5321 2317 5364 vasa
2357 5321 2628 5378 nunquam
2655 5307 2723 5364 de
2747 5307 2990 5365 dissimili
3037 5310 3323 5382 implentur
3353 5323 3521 5374 mate-

1929 5405 2028 5470 ria,
2055 5401 2148 5458 scd
2173 5401 2240 5456 de
2269 5398 2457 5456 eadem
2483 5413 2546 5454 ac
2573 5399 2674 5455 sibi
2709 5401 2893 5469 simili,
2921 5409 2978 5457 ut
2999 5403 3106 5458 vini
3137 5405 3262 5463 vino
3287 5449 3302 5475 ,
3345 5410 3520 5468 mellis

1931 5498 2126 5562 melle,
2153 5503 2206 5550 et
2233 5493 2370 5548 aceti
2395 5500 2548 5548 aceto
2578 5509 2590 5546 :
2621 5493 2813 5562 quibus
2842 5495 2886 5548 si
2909 5493 3186 5553 dissimilia
3219 5510 3272 5555 et
3299 5517 3404 5558 non
3437 5505 3520 5558 sui

1930 5588 2142 5659 generis
2167 5581 2518 5655 super-fundas
2537 5625 2552 5651 ,
2585 5591 2638 5636 ut
2671 5583 2811 5638 melli
2835 5583 2904 5640 fel
2925 5629 2938 5651 ,
2975 5597 3028 5642 et
3057 5603 3246 5660 aquam
3275 5593 3398 5647 vino
3419 5636 3432 5660 ,
3465 5602 3520 5648 et

1931 5687 2082 5735 aceto
2103 5691 2290 5748 garos;
2319 5689 2428 5728 non
2453 5673 2677 5744 repletio
2708 5677 2986 5734 vocabitur
3013 5680 3156 5748 lucc,
3179 5683 3274 5739 sed
3311 5685 3514 5740 adulte—

1931 5773 2088 5827 rium.
2122 5770 2246 5822 lImc
2267 5781 2394 5836 ergo
2419 5781 2577 5820 causa
2597 5773 2699 5834 est,
2721 5769 2866 5824 unde
2893 5787 2993 5826 nos
3021 5789 3204 5842 parum
3228 5775 3520 5846 accipimus

1937 5863 2339 5920 Testamentum
2366 5857 2524 5916 Vetus
2551 5875 2564 5915 :
2597 5867 2650 5918 et
2673 5863 2794 5936 quia
2819 5863 3052 5922 Ecclesia
3091 5877 3288 5938 nostra,
3322 5882 3518 5936 sponsa
