4016 6476
532 403 640 461 505

529 522 750 588 Christi,
783 520 1066 592 pauperior
1094 517 1306 590 quidem
1343 518 1388 572 ei
1421 525 1580 586 nupta
1602 557 1617 582 ,
1656 516 1747 570 sed
1776 515 1945 577 diviti,
1981 529 2114 568 con-

531 622 678 670 tenta
706 613 775 669 sit
801 613 957 668 bonis
992 612 1165 666 mariti
1193 612 1272 665 sui
1295 652 1308 675 ,
1339 608 1612 662 humilium
1645 616 1940 662 amatorum
1970 606 2119 662 dedi-

529 716 724 778 gnatur
751 720 912 776 opes,
960 703 1176 759 sordent
1216 703 1262 756 ei
1295 701 1618 755 Testamenti
1650 700 1858 756 Veteris
1902 709 1956 755 ct
2003 699 2118 770 ejus

525 797 763 854 auctoris
787 811 1028 860 munera,
1061 795 1318 863 famaeque
1342 807 1452 847 sua!
1477 803 1658 847 custos
1685 791 2112 862 diligentissima,

522 890 628 945 nisi
658 888 840 959 Sponsi
867 888 946 942 sui
975 903 1078 940 non
1114 883 1547 952 accipitlitteras.
1567 882 1755 938 Vestra
1783 898 1911 937 sane
1931 882 2117 937 Eccle-

523 981 602 1038 sia
633 989 854 1051 usurpet
881 980 1281 1035 Testamentum
1307 976 1640 1048 Vetus,.quze
1667 986 1723 1031 ut
1749 976 1942 1032 lasciva
1965 976 2116 1045 virgo

524 1074 806 1129 immemor
831 1071 1066 1141 pudoris,
1097 1070 1255 1124 alieni
1296 1069 1394 1124 viri
1420 1079 1475 1124 et
1508 1069 1815 1124 muneribus
1841 1069 2035 1140 gaudet
2064 1078 2116 1124 et

522 1165 736 1220 litteris.
771 1163 990 1216 Amator
1014 1161 1246 1232 denique
1270 1161 1360 1216 ille
1387 1169 1583 1229 vester,
1610 1169 1665 1216 et
1691 1160 1907 1231 pudoris
1929 1176 2114 1215 corru-

519 1264 644 1326 ptor
670 1254 1013 1311 Hebraeorum
1041 1253 1201 1320 Deus,
1227 1251 1498 1324 diptyehio
1519 1251 1727 1322 lapideo
1755 1267 1854 1306 suo
1883 1293 1897 1316 ,
1926 1267 2113 1305 aurum

433 1335 482 1415 ’
522 1346 676 1400 vobis
700 1345 957 1414 promittit
975 1351 1028 1398 et
1043 1352 1340 1415 argentum,
1361 1343 1560 1397 ventris
1582 1343 1917 1398 saturitatem
1936 1341 2111 1414 (Deut.

522 1455 639 1507 vm,
666 1439 806 1509 7-9),
829 1450 881 1493 et
909 1447 1103 1494 terram
1131 1436 1553 1491 Chananaeorum
1583 1435 1776 1508 (Exod.
1803 1452 1933 1490 χχιιι
1953 1478 1966 1501 ,
1993 1435 2110 1505 ‘25).

519 1529 591 1587 Hi
619 1544 716 1585 vos
743 1530 1141 1585 delectaverunt
1185 1539 1291 1584 tam
1322 1528 1521 1583 sordidi
1564 1537 1828 1599 quaestus,
1860 1536 1918 1582 ut
1957 1527 2116 1582 libeat

517 1635 745 1692 peccare
769 1628 890 1690 post
915 1619 1207 1683 Christum,
1238 1627 1297 1673 ut
1329 1619 1445 1673 sitis
1472 1619 1663 1689 ingrati
1695 1627 1800 1672 tam
1841 1617 2114 1673 immensis

519 1711 734 1766 dotibus
757 1711 890 1780 ejus.
925 1711 1049 1764 llarc
1072 1725 1166 1764 vos
1193 1709 1438 1774 illiciunt,
1473 1719 1529 1764 ut
1567 1707 1621 1763 in
1648 1709 1995 1764 Hebrreorum
2022 1707 2112 1763 dc—

517 1803 752 1873 pereatis
777 1803 884 1857 Deo
926 1811 1049 1872 post
1078 1802 1287 1871 nuptias
1335 1800 1792 1876 Christi.gl)iscite
1835 1815 1960 1868 ergo
2003 1800 2111 1869 jam

517 1910 662 1951 nunc
687 1896 844 1950 etiam
869 1893 978 1948 falli
1015 1909 1131 1959 vos,
1181 1902 1236 1949 et
1263 1893 1435 1963 decipi
1484 1893 1632 1947 falsis
1674 1892 2115 1963 promissionibus

517 1987 656 2058 ejus.
691 1987 898 2056 Pauper
926 1995 1037 2052 est,
1067 2000 1232 2056 egens
1259 1994 1360 2048 est,
1397 2000 1496 2040 nec
1528 2000 1592 2040 ea
1623 1984 1833 2054 quidem
1863 1989 2114 2053 priestare

517 2092 696 2155 potest
721 2098 838 2152 quae
878 2081 1181 2151 promittit:
1217 2095 1337 2134 nam
1376 2080 1419 2133 si
1464 2093 1574 2133 suae
1605 2079 1836 2148 proprire
1862 2077 2109 2147 conjugi,

517 2176 641 2232 dico
691 2185 868 2230 autem
919 2173 1248 2246 Synagogae,
1301 2172 1435 2226 nihil
1489 2172 1675 2226 horum
1731 2180 1946 2241 praestat
1995 2187 2113 2241 qua:

515 2266 818 2337 pollicetur,
850 2274 903 2319 et
930 2264 1144 2335 quidem
1168 2277 1372 2318 morem
1406 2262 1611 2332 gerenti
1643 2262 1743 2317 sibi
1773 2277 1868 2333 per
1900 2263 2110 2328 omnia,

515 2367 573 2414 et
609 2358 858 2414 servienti
895 2357 1210 2412 submissius
1233 2373 1390 2427 quam
1419 2356 1642 2419 ancilla;
1668 2356 1821 2410 vobis
1848 2365 2113 2425 pra-astare

517 2447 643 2519 quid
669 2448 862 2518 poterit
898 2446 1086 2501 alienis
1123 2446 1189 2501 ab
1232 2460 1311 2510 se,
1371 2455 1424 2500 et
1475 2444 1844 2498 mandatorum
1894 2460 2111 2499 suorum

517 2539 938 2596 detrectantibus
975 2542 1161 2609 jugum
1197 2538 1423 2608 superba
1451 2537 1696 2592 cervice?
1741 2537 1845 2591 Sed
1876 2553 1971 2591 vos
1998 2538 2112 2606 qui-

517 2630 641 2686 dem
673 2630 877 2700 pergite
904 2645 1063 2700 agere
1095 2639 1151 2683 ut
1177 2629 1438 2699 cmpistis,
1472 2628 1654 2682 rudem
1687 2643 1917 2696 pannum
1947 2628 2111 2682 veteri

515 2722 843 2777 vestimento
905 2721 1222 2774 committite
1253 2761 1267 2785 ,
1325 2734 1518 2772 novum
1580 2720 1761 2772 vinum
1819 2720 2112 2772 veternosis

516 2815 729 2870 utribus
767 2813 968 2868 credite
1019 2813 1228 2883 (Matth.
1254 2829 1328 2879 ix,
1362 2813 1448 2874 16,
1479 2814 1592 2883 Π),
1651 2813 1858 2866 duobus
1908 2813 2113 2867 maritis

519 2905 650 2961 nulli
709 2904 947 2974 placituri
1006 2904 1221 2968 servitc,
1273 2903 1615 2956 christianam
1671 2902 1901 2972 denique
1952 2902 2110 2956 fidem

517 2997 1004 3068 Hippocentaurum
1039 2995 1227 3062 facite,
1261 3009 1362 3048 nec
1400 3010 1594 3063 equum
1649 2994 1966 3064 perfectum,
2013 3010 2114 3049 nec

518 3089 790 3145 hominem
827 3108 839 3143 :
871 3089 1025 3142 nobis
1055 3087 1154 3142 soli
1183 3087 1392 3140 Christo
1423 3075 1623 3141 servire
1652 3087 1961 3155 permittite,
1994 3085 2112 3156 ejus

517 3188 723 3234 tantum
779 3178 1063 3232 immortali
1131 3177 1256 3230 dote
1311 3176 1620 3240 contentis,
1676 3185 1730 3231 et
1785 3176 2111 3231 imitantibus

517 3278 832 3348 Apostolum
854 3276 939 3344 qui
965 3275 1112 3339 dicit,
1145 3273 1456 3344 Sufﬁcientia
1487 3279 1658 3325 nostra
1683 3287 1746 3325 ea;
1777 3270 1880 3324 Deo
1908 3280 1999 3332 est,
2026 3270 2113 3339 qui

518 3385 611 3423 nos
630 3367 836 3421 idoneos
866 3349 1092 3435 probavit
1119 3365 1374 3417 ntinistros
1406 3362 1540 3417 Novi
1576 3361 1878 3415 Testamenti
1905 3360 1970 3433 (ΙΙ
1989 3360 2108 3416 Cor.

515 3475 596 3526 ιιι,
626 3460 677 3521 5,
705 3461 780 3529 6).
813 3457 1159 3514 llehrmorum
1192 3456 1281 3509 Dei
1310 3463 1364 3508 et
1393 3464 1573 3507 nostra
1595 3448 1879 3507 admOdum
1903 3452 2109 3505 diversa

518 3549 757 3606 conditio
779 3557 890 3612 est;
923 3549 1045 3618 quia
1095 3561 1197 3600 nec
1240 3545 1355 3614 ipse
1407 3559 1526 3614 quae
1576 3543 1838 3612 promittit
1886 3542 2110 3611 implere

517 3652 714 3714 potest,
748 3651 800 3696 et
830 3656 928 3696 nos
969 3656 1031 3695 ea
1061 3637 1360 3694 fastidimus
1400 3637 1662 3706 accipere.
1707 3636 1974 3705 Superbos
2011 3651 2110 3690 nos

518 3735 774 3789 adversus
800 3732 1085 3787 blanditias
1111 3731 1248 3800 ejus,
1278 3729 1472 3783 Christi
1521 3727 1813 3782 liberalitas
1858 3727 2000 3781 fecit.
2033 3729 2111 3783 Ac

518 3841 586 3881 ne
631 3829 919 3895 incongrue
950 3838 1037 3878 me
1074 3824 1186 3876 hare
1215 3835 1553 3890 comparasse
1583 3819 1885 3882 existimes,
1915 3817 2110 3872 Paulus

517 3918 571 3973 iu
600 3932 698 3971 nos
725 3917 862 3970 hanc
889 3914 1181 3983 conjugalis
1209 3912 1505 3980 disciplina:
1529 3908 1929 3964 similitudinem
1957 3907 2106 3978 prior

517 4009 760 4069 contulit,
787 4007 969 4060 dicens
1003 4022 1015 4057 :
1052 4004 1182 4068 Qum
1219 4003 1310 4056 sub
1339 4004 1444 4055 viro
1475 4011 1545 4056 est
1571 3999 1753 4053 mulier
1777 4000 1966 4053 vivente
2004 4001 2109 4051 viro

517 4100 729 4170 alligata
755 4107 826 4150 est
855 4098 960 4167 lege
985 4097 1078 4150 viri
1108 4112 1125 4149 :
1162 4096 1205 4148 si
1251 4103 1419 4146 autem
1451 4103 1678 4146 mortuus
1699 4093 1849 4159 fuerit
1878 4092 1954 4145 vir
1978 4093 2107 4161 ejus,

517 4191 684 4244 soluta
709 4199 779 4241 est
800 4205 829 4240 a
862 4187 968 4258 lege
985 4187 1094 4239 viri.
1123 4183 1265 4253 Ergo
1285 4184 1474 4236 vivente
1495 4183 1600 4235 viro
1621 4181 1895 4246 vocabitur,
1917 4181 2103 4250 inquit,

519 4282 772 4344 adultera,
804 4281 846 4333 si
874 4280 1057 4349 juncta
1083 4277 1236 4346 fuerit
1262 4274 1410 4328 alteri
1448 4274 1553 4326 viro
1584 4272 1755 4342 :quod
1801 4273 1845 4326 si
1884 4281 2110 4326 mortuus

522 4379 674 4447 fuerit
714 4375 787 4427 vir
829 4373 956 4437 ejus,
985 4387 1085 4423 non
1120 4369 1212 4422 erit
1255 4367 1484 4420 adultera
1510 4366 1599 4418 alii
1632 4366 1898 4436 conjuncta
1921 4363 2107 4433 (Rom.

521 4485 613 4535 vn,
641 4469 710 4534 2,
743 4466 820 4537 5).
857 4466 958 4519 Per
988 4464 1090 4518 hoc
1115 4461 1437 4525 ostendens,
1481 4459 1667 4529 spiritu
1709 4457 1968 4513 nuechari
2015 4472 2109 4513 eos

522 4560 615 4631 qui
636 4575 741 4613 non
762 4565 884 4610 ante
914 4555 1276 4625 repudiantes,
1301 4563 1352 4606 et
1375 4552 1424 4604 in
1450 4551 1670 4604 mortuis
1699 4549 1927 4620 quodam
1950 4548 2110 4604 modo

515 4659 782 4723 ponentes
810 4649 966 4718 Legis
993 4655 1288 4709 auctorem,
1312 4654 1418 4697 tum
1443 4643 1654 4696 demum
1672 4657 1730 4696 se
1744 4641 2110 4710 copulaverint

519 4744 752 4802 Christo.
799 4741 952 4809 Quod
997 4739 1194 4793 dictum
1236 4737 1302 4791 ad
1331 4752 1424 4791 eos
1455 4738 1718 4805 praecipue
1747 4738 1988 4804 spectat”,
2017 4733 2106 4802 qui

519 4835 847 4893 crediderint
877 4848 940 4887 ex
968 4831 1197 4896 Judmis,
1242 4829 1490 4883 videlicet
1527 4835 1583 4881 ut
1634 4825 1732 4895 ipsi
1772 4825 1878 4879 sint
1922 4825 2108 4894 prima:

521 4927 920 5000 superstitionis
946 4925 1114 4978 obliti.
1143 4922 1306 4989 Nobis
1331 4937 1458 4975 vero
1487 4922 1538 4975 in
1566 4919 1669 4974 hoc
1696 4917 1823 4988 quid
1863 4933 1998 4987 opus
2025 4926 2108 4973 est

521 5024 603 5078 vel
659 5027 959 5092 praecepto,
1019 5016 1210 5086 quibus
1261 5030 1324 5069 ex
1371 5013 1674 5068 Gentilitate
1719 5010 1996 5065 conversis
2041 5009 2106 5063 ad

523 5115 814 5179 Christum,
841 5110 1187 5166 Hebraeorum
1220 5107 1362 5160 Deus
1386 5119 1490 5158 non
1511 5110 1750 5157 mortuus
1773 5101 1933 5158 debet
1955 5101 2107 5156 vide-

521 5211 566 5262 ri
593 5250 607 5275 ,
639 5207 733 5263 sed
761 5220 859 5261 nec
889 5200 1081 5257 natus?
1109 5199 1249 5255 Sane
1277 5197 1496 5262 Iudaeo,
1529 5193 1573 5249 si
1607 5193 1822 5259 credat,
1851 5192 2105 5248 Adoneus

518 5300 678 5354 debet
708 5297 870 5352 videri
895 5293 1196 5357 defunctus,
1226 5288 1408 5361 gentili
1453 5302 1581 5342 vero
1619 5286 1818 5341 idolum
1849 5303 1862 5339 :
1896 5294 1950 5340 et
1991 5285 2108 5339 uni-

521 5392 711 5459 cuique
744 5389 882 5460 quod
929 5397 1011 5442 est
1038 5392 1320 5440 veneratus
1351 5392 1472 5436 ante
1512 5381 1781 5452 cognitum
1813 5379 2102 5433 Christum.

523 5483 655 5538 Nam
706 5481 749 5533 si
809 5487 924 5547 pos“;
964 5476 1277 5532 idololatriae
1325 5474 1547 5528 divortia
1593 5472 1938 5529 Hebraeorum
1988 5471 2106 5539 quis

519 5577 687 5630 Deum
729 5580 782 5625 et
810 5569 1078 5624 Christum
1120 5568 1320 5638 pariter
1347 5567 1518 5630 colat,
1547 5564 1676 5618 nihil
1708 5565 1796 5618 ille
1820 5561 2033 5633 quidem
2075 5576 2105 5614 a

517 5665 700 5721 detriti
727 5661 942 5733 pudoris
983 5659 1176 5714 femina
1204 5658 1546 5728 discrepavit,
1597 5672 1715 5727 qua:
1771 5663 1894 5727 post
1946 5654 2106 5709 unius

522 5757 694 5817 mariti
719 5755 918 5810 obitum
943 5751 1150 5805 duobus
1170 5751 1427 5819 nupserit.
1449 5809 1451 5812 ,

509 5905 514 5910 _
599 5847 821 5906 CAPUT
852 5847 912 5900 ll.
933 5877 1000 5885 —
1031 5848 1355 5897 Avonsrtnus
1385 5843 1652 5911 respondit
1690 5861 1701 5895 :
1739 5840 1924 5896 Audite
1949 5841 2059 5893 hare
2090 5883 2103 5904 ,

1360 393 1631 456 CONTRA
1671 397 1990 456 FAUSTUM
2031 395 2479 469 MANICIHEUM,
2521 399 2580 458 S.
2622 400 2983 459 AUGUSTINI
3691 407 3790 465 30L

2227 530 2451 585 quorum
2475 517 2634 572 corda
2654 517 2888 588 possidet
2903 516 3176 583 Christus;
3196 523 3250 573 et
3263 516 3458 582 videte,
3477 517 3522 572 si
3546 516 3788 590 toleratis,

2229 610 2328 665 nisi
2349 612 2469 680 quia
2491 612 2604 681 ipse
2628 622 2710 666 est
2740 620 2916 667 vestra
2939 613 3210 682 patientia.
3236 611 3464 667 Faustus
3480 627 3618 666 novo
3644 616 3793 671 melle

2224 703 2636 774 plenus,respuit
2652 714 2860 758 acetum
2879 712 3108 772 vetus,et
3122 703 3318 759 Paulus
3337 713 3490 758 aceto
3507 712 3678 758 vetere
3691 707 3792 774 ple-

2223 809 2343 860 nus,
2363 794 2545 849 effudit
2566 794 2977 864 dimidium,quo
2993 794 3448 865 caperetinfusum
3467 795 3570 849 mel
3592 811 3794 864 novum;

2224 900 2330 939 non
2379 885 2730 951 servandum,
2790 886 2882 941 sed
2927 887 3398 957 corrumpendum.
3427 885 3588 941 Vides
3636 889 3790 954 enim,

2222 976 2362 1046 quod
2389 979 2461 1031 ait
2488 977 2758 1046 apostolus
2785 978 2978 1034 Paulus
3003 1020 3017 1042 ,
3053 977 3240 1033 Servus
3280 977 3468 1032 Christi
3490 977 3796 1043 Jesu,voca-

2221 1074 2302 1120 tus
2323 1069 2578 1136 apostolus
2600 1110 2612 1132 ,
2641 1079 2930 1140 segregatus
2960 1073 3012 1123 in
3048 1068 3379 1139 Evangelium
3409 1068 3540 1134 Dei,
3564 1084 3630 1123 ex
3653 1071 3797 1126 melle

2219 1175 2360 1214 novo
2385 1169 2485 1214 est.
2518 1160 2649 1214 Illud
2677 1171 2851 1215 autem
2880 1161 3019 1232 quod
3048 1165 3321 1230 sequitur,
3355 1160 3503 1228 Quod
3532 1169 3647 1215 ante
3685 1179 3796 1230 pro-

2219 1253 2424 1306 miserat
2451 1269 2539 1321 per
2573 1250 2854 1322 Prophetas
2875 1269 2993 1306 suos
3026 1253 3078 1306 in
3125 1249 3404 1322 Scripturis
3426 1251 3613 1306 sanctis
3639 1251 3700 1306 de
3716 1251 3798 1305 Fi-

2220 1344 2289 1398 lio
2313 1360 2424 1408 suo,
2465 1345 2550 1413 qui
2581 1347 2748 1414 factus
2791 1353 2862 1396 est
2900 1344 3046 1397 ei'ea:
3087 1345 3276 1398 semine
3317 1343 3485 1397 David
3530 1345 3798 1399 secundum

2219 1453 2417 1490 carnem
2439 1435 2614 1503 (Rom.
2643 1453 2680 1503 ι,
2713 1438 2858 1503 1-5);
2885 1453 2949 1492 ex
2964 1447 3116 1494 aceto
3133 1446 3332 1493 vetere.
3359 1438 3490 1503 Quis
3527 1437 3628 1491 hoc
3648 1439 3798 1492 susti-

2219 1536 2370 1584 neret
2397 1528 2603 1593 audire,
2633 1528 2733 1583 nisi
2749 1543 2846 1583 nos
2863 1530 3228 1585 consolaretur
3243 1529 3382 1584 idem
3401 1529 3586 1584 dicens
3605 1547 3617 1581 :
3641 1528 3799 1599 Opor-

2217 1627 2283 1674 tet
2313 1629 2359 1673 et
2389 1620 2600 1674 hwresrs
2619 1637 2754 1684 esse,
2789 1630 2840 1674 ut
2875 1620 3074 1691 probati
3106 1621 3362 1692 manifesti
3405 1621 3532 1687 ﬁant
3583 1621 3636 1674 in
3672 1621 3802 1674 vobis

2223 1710 2266 1781 (Ι
2293 1710 2410 1764 Cor.
2439 1727 2512 1775 xi,
2541 1710 2658 1782 19)?
2686 1711 2790 1766 Sed
2811 1712 2937 1782 quid
2955 1727 3088 1782 opus
3117 1723 3197 1766 est
3218 1711 3404 1766 eadem
3433 1710 3538 1782 jam
3566 1712 3802 1781 superius

2217 1802 2347 1857 satis
2375 1801 2513 1857 dicta
2535 1813 2779 1872 repetere
2806 1802 2944 1873 (Lib.
2968 1803 3068 1873 8)?
3093 1803 3224 1857 Nam
3252 1819 3486 1872 pannum
3527 1818 3730 1858 novum
3754 1812 3805 1858 et

2219 1895 2592 1949 vestimentum
2624 1904 2798 1962 vetus,
2828 1906 2880 1950 et
2901 1895 3081 1949 vinum
3107 1910 3302 1949 novum
3335 1904 3387 1949 et
3405 1903 3552 1950 utres
3573 1904 3799 1961 veteres,

2219 2001 2324 2040 non
2353 1985 2460 2041 duo
2500 1986 2841 2042 Testamenta
2873 1987 3194 2057 signiﬁcare,
3238 1985 3331 2040 sed
3381 1985 3512 2039 duas
3552 1985 3710 2049 vitas,
3757 1995 3807 2041 et

2220 2092 2344 2148 spes
2393 2077 2573 2132 duas:
2618 2078 2683 2132 ad
2739 2077 2844 2132 duo
2891 2092 3018 2132 vero
3068 2077 3409 2132 Testamenta
3464 2075 3805 2147 intelligenda

2217 2168 2363 2224 illam
2391 2168 2566 2223 datam
2594 2184 2713 2224 esse
2739 2185 2765 2222 a
2798 2169 3023 2223 Domino
3052 2167 3452 2222 similitudinem
3481 2211 3495 2230 ,
3525 2166 3808 2237 Pmpterea

2218 2261 2381 2315 omnis
2409 2261 2572 2314 scriba
2602 2261 2826 2314 eruditus
2848 2263 2901 2314 in
2924 2277 3079 2331 regno
3101 2259 3196 2314 Dei
3216 2260 3395 2313 similis
3415 2266 3485 2313 est
3517 2258 3808 2328 patrifami-

2217 2352 2312 2406 lias
2337 2351 2681 2422 proferentide
2699 2353 2931 2406 thesauro
2948 2368 3038 2404 suo
3051 2366 3177 2404 nova
3201 2359 3248 2404 et
3277 2358 3440 2404 vetera
3458 2348 3678 2419 (Matth.
3696 2363 3807 2414 xm,

2217 2443 2332 2517 52),
2363 2460 2425 2499 ex
2453 2445 2534 2498 his
2560 2460 2681 2514 quae
2704 2454 2827 2498 ante
2857 2444 3087 2499 diximus
3106 2485 3122 2510 ,
3151 2442 3464 2498 recordetur
3499 2442 3593 2512 qui
3626 2450 3807 2512 potue-

2216 2540 2305 2606 rit,
2337 2539 2420 2594 vel
2447 2547 2593 2592 certe
2614 2547 2890 2593 recenseat
2917 2537 3007 2607 qui
3037 2535 3284 2591 voluerit.
3319 2535 3459 2590 Duas
3503 2536 3653 2588 enim
3691 2547 3812 2602 spes

2215 2632 2260 2686 si
2286 2632 2405 2700 quis
2433 2630 2702 2685 habendas
2750 2629 3012 2700 putaverit
3053 2638 3111 2683 ut
3143 2640 3197 2683 et
3236 2635 3455 2698 propter
3501 2627 3810 2682 felicitatem

2217 2733 2480 2780 terrenam
2499 2767 2512 2790 ,
2542 2735 2593 2777 et
2623 2732 2841 2794 propter
2867 2739 3089 2792 regnum
3119 2721 3379 2776 caelorum
3429 2720 3542 2774 Deo
3586 2719 3812 2782 serviat;

2217 2815 2330 2870 hzec
2362 2816 2504 2868 illam
2537 2831 2639 2868 non
2671 2814 2841 2884 capit,
2872 2822 2927 2868 et
2955 2828 3076 2868 eum
3111 2812 3229 2866 hate
3257 2812 3430 2880 aliqua
3461 2810 3814 2865 tribulatione

2215 2905 2378 2962 fuerit
2405 2907 2727 2976 perturbata,
2758 2906 3011 2960 deficiens
3042 2905 3204 2959 homo
3229 2905 3434 2959 amittet
3459 2903 3627 2957 etiam
3647 2903 3813 2956 illam.

2215 2998 2344 3053 Inde
2365 3007 2446 3052 cst
2470 3008 2523 3052 ct
2544 2997 2670 3051 illud
2707 3015 2719 3050 :
2754 2995 2917 3050 Nemo
2947 3007 3108 3067 potest
3139 2995 3336 3049 duobus
3367 2995 3592 3048 dominis
3611 2994 3814 3048 servire.

2215 3089 2367 3156 Quod
2398 3089 2643 3157 exposuit
2696 3087 2900 3152 dicens,
2955 3086 3078 3141 Non
3127 3087 3333 3156 potestis
3373 3085 3482 3139 Deo
3531 3085 3727 3140 servire
3771 3091 3816 3136 et

2215 3197 2518 3234 mammontv
2565 3179 2674 3252 (Id.
2718 3196 2791 3247 vi,
2819 3180 2933 3250 24).
2983 3179 3149 3233 Vetus
3193 3187 3369 3234 autem
3407 3178 3816 3233 Testamentum

2215 3283 2361 3327 recte
2389 3273 2807 3342 intelligentibus
2834 3273 3110 3341 prophetia
3155 3282 3236 3327 est
3279 3271 3408 3326 Novi
3454 3269 3814 3326 Testamenti.

2215 3364 2398 3435 Itaque
2425 3366 2552 3419 etin
2593 3366 2682 3420 illo
2711 3366 2882 3435 primo
2927 3366 3123 3434 populo
3163 3365 3332 3420 sancti
3384 3363 3723 3420 Patriarcha:
3769 3371 3822 3416 et

2216 3458 2519 3528 Prophetae,
2561 3459 2649 3528 qui
2683 3458 3045 3527 intelligebant
3085 3456 3224 3526 quod
3269 3455 3516 3526 agebant,
3549 3455 3644 3510 vel
3673 3453 3817 3524 quod

2215 3567 2312 3622 per
2356 3567 2449 3606 eos
2504 3551 2782 3619 agebatur,
2837 3552 2889 3605 in
2936 3550 3086 3605 Novo
3143 3550 3488 3604 Testamento
3546 3548 3825 3602 habebant

2215 3643 2369 3698 istam
2410 3658 2557 3711 spem
2605 3643 2791 3696 salutis
2841 3652 3056 3696 aeternae
3091 3640 3196 3695 :ad
3229 3639 3357 3694 illud
3388 3640 3535 3695 enim
3575 3638 3822 3709 pertine-

2213 3737 2364 3802 bant,
2396 3735 2538 3805 quod
2573 3734 2944 3804 intelligebant
2969 3743 3024 3788 et
3053 3733 3369 3803 diligebant;
3397 3731 3523 3801 quia
3552 3731 3662 3787 etsi
3691 3745 3828 3786 non-

2215 3827 2339 3880 dum
2368 3817 2730 3889 revelahatur,
2758 3824 2868 3894 jam
2911 3833 3084 3879 tamen
3124 3822 3470 3894 figurabatur.
3519 3821 3610 3876 Ad
3655 3820 3828 3875 Vetus

2213 3927 2390 3970 autem
2421 3915 2497 3970 illi
2527 3916 2886 3986 pertinebant,
2934 3915 3021 3984 qui
3071 3929 3176 3967 non
3218 3913 3327 3968 illic
3369 3911 3609 3982 amplius
3663 3927 3828 3982 quam

2218 4007 2476 4077 promissa
2552 4006 2864 4076 temporalia
2929 4006 3155 4075 cogitata
3211 4004 3720 4073 concupiscebam,
3774 4004 3827 4057 in

2213 4100 2405 4170 quibus
2435 4109 2634 4153 aeterna
2669 4099 2888 4168 figurata
2938 4105 2993 4152 et
3034 4095 3349 4167 prophetata
3390 4109 3497 4150 non
3553 4094 3833 4164 intellige-

2214 4192 2360 4246 bant.
2393 4191 2496 4246 Sed
2527 4191 2642 4245 haec
2666 4192 2776 4260 jam
2802 4191 2932 4245 satis
2973 4205 3241 4260 superque
3272 4188 3545 4259 prioribus
3591 4204 3832 4258 respon-

2213 4283 2455 4337 sionibus
2483 4282 2682 4336 nostris
2704 4281 2844 4335 dicta
2875 4289 3018 4335 sunt.

2284 4373 2512 4428 CAPUT
2553 4371 2636 4426 Ill.
2678 4403 2749 4412 ——
2786 4372 2880 4426 Illa
2903 4387 3029 4426 vero
3058 4380 3140 4427 est
3166 4370 3425 4425 mirabilis
3452 4370 3831 4440 impudentia,

2214 4481 2334 4522 cum
2388 4466 2797 4520 Manichaeorum
2851 4464 3107 4534 sacrilega
3155 4473 3210 4519 et
3257 4462 3533 4516 immunda
3588 4462 3838 4517 societas

2215 4559 2373 4615 etiam
2396 4566 2593 4613 castam
2615 4571 2864 4626 sponsam
2885 4553 3084 4610 Christi
3112 4568 3170 4609 se
3194 4552 3535 4623 jactarcvnon
3571 4551 3835 4606 dubitat:

2216 4649 2268 4704 in
2290 4664 2396 4719 quo
2420 4647 2674 4702 adversus
2703 4653 2900 4700 sancta:
2926 4644 3179 4700 Ecclesiae
3199 4658 3324 4696 vere
3353 4649 3498 4696 casta
3530 4641 3836 4698 membra‘

2214 4739 2343 4810 quid
2373 4739 2600 4810 proficit,
2631 4737 2730 4791 nisi
2761 4745 2820 4791 ιιι
2841 4736 3019 4792 veniat
3041 4722 3101 4789 lin
3131 4743 3362 4790 mentem
3390 4733 3672 4790 adversus
3702 4734 3842 4788 tales

2215 4832 2502 4902 apostolica
2526 4832 2614 4885 illa
2639 4829 2965 4883 admonitio:
2988 4829 3167 4898 Αριαυὶ
3187 4843 3271 4881 vos
3298 4827 3386 4880 uni
3408 4827 3542 4893 viro,
3572 4828 3842 4898 virginem

2213 4933 2404 4979 castam
2433 4923 2662 4977 exhibere
2685 4921 2903 4975 Christo.
2935 4919 3106 4974 Timeo
3135 4928 3322 4983 autem,
3350 4934 3411 4971 ne
3438 4917 3582 4972 sicut
3619 4935 3845 4989 serpens

2214 5014 2376 5068 Evam
2417 5013 2595 5086 fefellit
2636 5013 2823 5067 astutia
2853 5027 2964 5074 sua,
2992 5013 3064 5064 sic
3091 5020 3136 5064 et
3160 5019 3336 5064 vestra:
3363 5017 3559 5062 utentes
3593 5025 3847 5063 corrum-

2215 5116 2399 5178 pantur
2421 5122 2452 5157 α
2474 5104 2719 5169 castitate,
2751 5119 2863 5172 quw
2888 5111 2958 5156 est
2987 5099 3038 5154 in
3059 5098 3259 5156 Christo
3289 5099 3354 5168 (ll
3377 5097 3496 5154 Cor.
3524 5115 3616 5166 XI,
3652 5099 3713 5164 2,
3751 5101 3808 5170 3)
3826 5104 3850 5152 Υ

2213 5200 2346 5268 Quid
2370 5199 2510 5255 enim
2532 5206 2695 5268 agunt
2717 5199 2798 5250 isti
2822 5195 3248 5266 evangelizantes
3270 5193 3422 5247 nobis
3447 5201 3669 5262 praeter
3691 5193 3848 5263 quod

2213 5294 2535 5363 accepimus,
2566 5291 2663 5345 nisi
2696 5300 2751 5344 ut
2780 5303 2878 5342 nos
2907 5303 2936 5341 a
2963 5288 3208 5342 castitate
3236 5293 3635 5353 corrumpant,
3672 5300 3848 5356 quam

2214 5387 2425 5442 Christo
2454 5397 2754 5448 servamus,
2786 5379 2998 5450 quando
3027 5379 3198 5450 legem
3225 5377 3317 5431 Dei
3347 5376 3575 5445 culpant
3608 5379 3853 5432 nomine

2213 5479 2510 5544 vetustatis,
2541 5486 2595 5532 et
2636 5490 2874 5530 errorem
2917 5488 3070 5527 suum
3121 5471 3339 5526 laudant
3384 5469 3625 5525 nomine
3679 5471 3852 5526 novi-

2215 5574 2356 5636 tatis,
2401 5569 2550 5640 quasi
2600 5569 2773 5621 omnis
2810 5573 3048 5620 vetustas
3087 5561 3334 5633 fugienda
3376 5561 3462 5627 sit,
3493 5571 3607 5616 aut
3655 5564 3856 5618 omnis

2213 5663 2419 5718 novitas
2448 5657 2780 5730 appetenda;
2810 5671 2931 5712 cum
2959 5663 3014 5710 et
3040 5653 3347 5709 mandatum
3376 5659 3536 5707 vetus
3578 5653 3646 5706 in
3678 5653 3859 5711 laudo

2278 5846 2291 5874 ³
2329 5840 2433 5892 Sola
2459 5840 2606 5892 editio
2624 5845 2752 5896 t.ov.,
2781 5850 2886 5886 vere
2910 5833 3158 5885 cat/tolum
3181 5836 3312 5887 casta
3341 5829 3590 5880 membra.
