4052 6432
244 336 350 394 305

247 458 412 520 ponat
459 444 732 517 apostolus
771 441 1002 498 Joannes
1031 443 1271 515 (lJoan.
1302 459 1361 510 ιι,
1386 443 1480 516 7),
1508 455 1563 499 ct
1593 444 1837 515 profanas

249 540 535 595 verborum
581 537 839 590 novitates
881 535 1066 591 evitari
1107 535 1294 605 jubeat
1335 536 1607 605 apostolus
1647 535 1838 589 Paulus

249 632 290 704 (1
311 631 450 686 Tim.
478 647 556 697 γι,
581 628 710 701 ἳοη
732 628 809 684 Te
838 643 986 699 ergo,
1016 643 1136 682 vera
1169 642 1360 698 sponsa
1386 627 1494 682 veri
1520 627 1716 681 Christi
1739 626 1840 681 Ec-

245 725 409 780 clesia
440 724 702 778 catholica
723 765 738 788 ,
768 722 1008 792 alloquar
1031 730 1086 776 et
1111 735 1210 790 ego
1240 729 1290 774 te
1329 735 1421 788 pro
1456 719 1669 773 modulo
1697 734 1836 785 meo,

244 815 655 887 qualiscumque
691 812 829 866 ﬁlius
869 821 923 866 ct
961 827 1146 866 servus
1175 821 1294 865 tuus
1320 810 1524 881 positus
1555 810 1608 864 in
1648 818 1699 864 te
1726 808 1838 865 dis-

249 921 484 978 pensare
539 904 737 960 cibaria
767 903 1036 958 conservis
1064 901 1216 956 meis.
1243 901 1384 956 Cave
1413 916 1642 970 Semper,
1673 908 1730 954 ut
1753 913 1840 955 ca-

245 1014 357 1064 ves,
401 997 824 1055 Manichzcorum
873 996 1088 1066 impiam
1127 994 1434 1060 vanitatem,
1475 997 1585 1064 jam
1631 1003 1840 1049 tuorum

246 1090 494 1162 periculo
543 1097 840 1158 expertam,
871 1097 924 1142 et
953 1087 1264 1142 liberatione
1293 1087 1607 1140 convictam.
1636 1083 1728 1139 Ille
1755 1099 1842 1140 me

244 1181 520 1253 quondam
552 1180 621 1236 de
656 1179 860 1250 gremio
906 1188 994 1233 tuo
1032 1194 1180 1232 error
1216 1185 1524 1232 excusserat
1551 1193 1564 1230 :
1593 1184 1842 1246 expertus

247 1271 352 1342 fugi
401 1271 544 1341 quod
588 1268 820 1338 experiri
864 1282 970 1323 non
1017 1267 1196 1324 debui.
1239 1267 1343 1321 Sed
1389 1266 1480 1320 tibi
1526 1265 1843 1335 prolecerint

247 1363 416 1418 etiam
455 1361 697 1432 pericula
742 1375 883 1427 mea,
923 1359 1007 1414 cui
1054 1374 1192 1414 nunc
1229 1359 1395 1413 servit
1431 1356 1672 1412 liberatio
1701 1372 1838 1411 mea.

246 1454 384 1521 Quia
418 1453 522 1509 nisi
563 1451 692 1507 mihi
728 1466 885 1506 verus
915 1461 967 1505 et
993 1465 1157 1505 verax
1183 1463 1408 1519 sponsus
1434 1457 1572 1514 tuus,
1599 1447 1664 1502 de
1693 1447 1842 1515 cujus

248 1546 421 1600 latere
463 1545 599 1598 facta
642 1558 735 1607 es,
775 1542 830 1596 in
871 1557 1000 1597 vero
1042 1533 1300 1610 sanguine
1337 1555 1434 1595 suo
1475 1540 1842 1594 remissionem

251 1645 598 1706 peccatorum
627 1634 910 1703 posuisset,
948 1631 1309 1687 absorbuisset
1345 1646 1427 1686 me
1459 1645 1652 1701 vorago
1694 1630 1843 1684 lalla-

248 1727 349 1781 ciae
369 1768 386 1793 ,
432 1735 488 1781 et
531 1735 726 1780 terram
760 1726 951 1778 factum
983 1737 1203 1792 serpens
1234 1721 1647 1790 irreparabililer
1679 1720 1838 1775 devoo

250 1824 449 1871 rasset.
477 1814 597 1870 Noli
623 1813 796 1884 decipi
827 1813 1040 1867 nomine
1063 1811 1298 1866 veritatis
1330 1829 1341 1865 :
1373 1811 1507 1866 hanc
1536 1811 1646 1866 sola
1670 1819 1723 1864 tu
1751 1809 1844 1864 ha-

251 1907 370 1973 bes,
417 1914 472 1961 et
515 1907 564 1960 in
608 1905 745 1960 lacte
791 1911 914 1971 tuo,
948 1912 1000 1958 et
1038 1903 1088 1956 in
1130 1917 1267 1972 pane
1297 1912 1418 1968 tuo;
1452 1903 1502 1956 in
1535 1901 1632 1957 hac
1668 1909 1844 1958 autem

254 2011 466 2056 tantum
497 2015 691 2054 nomen
723 1997 838 2069 ejus
866 2006 969 2064 est,
1001 1996 1113 2066 ipsa
1148 2011 1250 2051 non
1284 2004 1386 2052 est.
1421 1995 1487 2050 Et
1516 1996 1566 2050 in
1600 1995 1702 2049 tuis
1725 1995 1846 2065 qni-

255 2091 385 2147 dem
414 2090 701 2162 grandibus
732 2103 918 2143 secura
944 2102 1002 2142 es
1032 2103 1044 2139 :
1077 2086 1169 2140 sed
1199 2086 1409 2155 appello
1440 2086 1490 2139 in
1520 2094 1570 2140 te
1597 2085 1846 2154 parvulos

262 2193 406 2248 tuos,
430 2182 644 2247 fratres,
677 2181 833 2247 ﬁlios,
859 2180 1104 2234 dominos
1133 2194 1302 2246 meos,
1330 2195 1462 2249 quos
1485 2179 1566 2234 vel
1597 2189 1844 2250 tanquam

255 2289 358 2328 ova
391 2272 632 2327 sollicitis
671 2271 769 2325 alis
807 2270 986 2336 foves,
1024 2270 1104 2324 vel
1151 2280 1397 2338 tanquam
1445 2268 1672 2324 infantes
1713 2270 1847 2325 lacte

259 2366 451 2432 nutris,
478 2365 592 2420 sine
615 2364 956 2433 corruptione
984 2361 1228 2427 fecunda,
1252 2361 1400 2430 virgo
1431 2370 1616 2416 mater.
1647 2361 1754 2416 llos
1793 2361 1844 2416 in

259 2464 310 2510 te
339 2455 553 2525 appello
584 2464 796 2509 teneros
838 2453 973 2507 fetus
1017 2461 1156 2518 tuos,
1197 2467 1263 2506 ne
1295 2453 1504 2522 garrula
1542 2454 1848 2508 curiositate

258 2548 584 2604 seducantur
603 2546 699 2600 abs
725 2554 778 2600 te
802 2561 815 2610 ;
844 2544 938 2600 sed
972 2545 1143 2615 potius
1167 2543 1529 2612 anathement,
1560 2546 1603 2600 si
1631 2546 1746 2615 quis
1770 2546 1848 2601 eis

259 2638 707 2710 evangelizavcrit
729 2647 925 2707 prmter
956 2635 1007 2690 id
1035 2635 1174 2705 quod
1204 2645 1523 2705 acceperunt
1552 2637 1602 2690 in
1638 2644 1688 2691 te
1715 2635 1846 2708 (Ga-

263 2732 355 2786 lat.
377 2747 416 2797 I,
434 2730 492 2802 9)
515 2748 525 2781 :
546 2745 646 2785 nec
665 2730 965 2800 relinquant
985 2745 1170 2783 verum
1193 2743 1541 2798 veraccmque
1558 2728 1844 2796 Christum,

261 2823 315 2878 in
344 2838 450 2891 quo
467 2829 789 2875 snntomncs
821 2819 1051 2875 thesauri
1079 2819 1350 2890 sapientia:
1377 2828 1431 2874 et
1460 2819 1698 2874 scientiae
1723 2821 1848 2876 abs-

263 2915 461 2970 conditi
521 2914 736 2985 (Coloss.
767 2929 824 2980 n,
847 2913 924 2982 5),
954 2922 1008 2966 et
1035 2927 1279 2982 magnam
1309 2910 1697 2966 multitudinem
1727 2910 1848 2966 dul-

265 3008 468 3062 cedinis
495 3007 632 3076 ejus,
656 3021 813 3075 quam
834 3003 1113 3059 abscondit
1138 3003 1493 3058 metuentibus
1519 3018 1598 3068 se,
1630 3003 1852 3073 perfecit

265 3100 439 3155 autem
485 3097 824 3168 Sperantibus
858 3097 910 3151 in
948 3112 1007 3153 se
1047 3095 1238 3170 (Psal.
1268 3112 1394 3162 xxx,
1423 3097 1495 3152 20
1525 3097 1566 3168 ).
1611 3096 1684 3152 lbi
1722 3111 1852 3153 vero

263 3192 532 3264 quomodo
564 3200 785 3261 possunt
813 3207 932 3248 esse
957 3190 1115 3246 verba
1145 3189 1372 3256 veracis,
1410 3191 1461 3244 in
1503 3189 1849 3260 praedicatore

262 3283 459 3340 Christi
495 3282 734 3337 fallacis?
759 3282 1050 3338 Contemne
1081 3281 1450 3336 insultationes
1475 3297 1657 3336 eorum
1686 3298 1699 3334 :
1729 3281 1852 3352 quia

264 3377 399 3433 bene
439 3375 532 3430 tibi
573 3391 631 3431 es
667 3375 898 3441 conscia,
933 3374 1341 3443 promissionem
1382 3373 1504 3429 vita:
1544 3383 1759 3428 aeternae
1803 3381 1853 3428 te

265 3470 542 3524 adamasse
591 3469 642 3522 in
690 3466 996 3522 muneribus
1049 3466 1231 3535 sponsi
1281 3464 1394 3530 tui,
1441 3463 1494 3520 id
1535 3473 1636 3533 est,
1679 3465 1851 3535 ipsum

264 3578 518 3635 Sponsum
552 3572 722 3629 tuum,
747 3563 869 3632 quia
900 3561 1013 3631 ipse
1036 3570 1119 3616 est
1141 3562 1245 3614 vita
1275 3569 1493 3615 :eterna.

335 3655 565 3710 CAPUT
604 3653 692 3707 IV.
740 3683 812 3692 —
846 3653 958 3707 Non
989 3662 1187 3720 autem,
1214 3652 1352 3707 sicut
1377 3652 1453 3707 illi
1478 3651 1764 3722 desipiunt,
1786 3651 1854 3710 ad

266 3747 499 3802 alienum
539 3745 699 3801 deum
730 3745 945 3801 seducta
975 3760 1055 3815 es,
1086 3745 1482 3816 promittentem
1524 3747 1854 3803 saturitatem

268 3839 471 3892 ventris
497 3847 551 3892 et
593 3847 786 3891 terram
819 3834 1262 3890 Chananazorum.
1294 3834 1547 3905 lntelligis
1576 3837 1770 3908 quippe
1799 3840 1854 3894 in

269 3930 404 3998 ipsis
432 3929 593 3983 etiam
632 3927 1074 3998 promissionibus
1104 3935 1154 3981 te
1187 3926 1296 3996 jam
1337 3935 1464 3980 tunc
1498 3927 1776 3997 ﬁguratam
1803 3939 1857 3986 et

275 4020 660 4090 prophetatam,
685 4020 1068 4090 praescienliam
1097 4019 1387 4088 parturisse
1407 4030 1732 4075 sanctorum.
1749 4021 1858 4078 Nec

275 4111 495 4181 lapideo
511 4111 774 4183 diptychio
795 4111 1078 4166 miserabili
1102 4110 1380 4166 dicacitate
1399 4111 1724 4180 reprehenso
1743 4127 1859 4169 mo-

271 4204 448 4259 vearis
475 4223 487 4256 :
512 4205 632 4274 quia
661 4219 765 4258 non
793 4203 958 4257 habes
987 4202 1249 4272 lapideum
1270 4218 1382 4267 cor,
1411 4203 1554 4272 quod
1579 4205 1682 4260 illa:
1709 4205 1858 4261 tabu-

273 4298 336 4352 lae
376 4298 432 4352 in
478 4297 674 4366 pepulo
714 4297 890 4366 priore
933 4294 1321 4364 signiﬁcabant.
1350 4293 1424 4350 Es
1462 4295 1602 4350 enim
1645 4297 1860 4366 epistola

274 4389 676 4460 Apostolorum,
693 4389 881 4459 scripta
896 4405 998 4441 non
1017 4397 1317 4450 atramento,
1333 4388 1420 4440 sed
1435 4387 1614 4453 spiritu
1628 4386 1722 4443 Dei
1737 4388 1857 4454 vivi;

275 4499 370 4536 non
400 4483 454 4536 in
485 4482 669 4535 tabulis
696 4482 924 4551 lapideis,
956 4481 1043 4534 sed
1068 4481 1120 4534 in
1165 4480 1345 4533 tabulis
1365 4480 1530 4534 cordis
1574 4481 1860 4538 carnalibus

277 4573 341 4642 (ll
357 4572 477 4629 Cor.
500 4572 648 4635 111,2,
672 4573 749 4642 5).
770 4571 847 4625 Ad
861 4586 979 4640 qua:
1001 4570 1158 4624 verba
1177 4570 1248 4623 illi
1272 4569 1392 4623 vani
1413 4569 1664 4639 gaudent,
1681 4580 1862 4640 putan-

278 4675 355 4720 tes
375 4664 690 4734 Apostolnm
714 4662 1119 4731 reprehendisse
1145 4661 1594 4731 dispensationem
1624 4663 1698 4717 illi
1728 4673 1862 4719 tem-

279 4759 389 4826 pori
419 4773 709 4828 congruam
737 4757 943 4813 Veteris
971 4757 1296 4812 Testamenti
1317 4798 1331 4822 ,
1363 4774 1470 4813 non
1510 4759 1862 4831 intelligentes

280 4850 379 4906 hoc
415 4866 541 4905 eum
583 4867 646 4904 ex
675 4849 935 4918 Propheta
966 4833 1182 4904 dixisse.
1213 4849 1338 4905 llaec
1366 4852 1506 4905 enim
1533 4853 1714 4918 verba,
1741 4868 1862 4923 qua:

282 4942 522 5009 imperite
543 4941 953 5010 amplectuntur,
978 4940 1133 5010 longe
1159 4949 1440 5011 antequam
1465 4957 1558 5010 per
1577 4943 1863 5011 Apostolus

281 5031 585 5086 dicerentur
605 5041 659 5086 et
688 5031 1054 5100 implerentnr,
1074 5047 1101 5084 a
1121 5031 1419 5100 Prophetis,
1437 5047 1569 5101 quos
1587 5045 1860 5103 respuunt,

284 5124 629 5189 prrenuntiata
673 5131 816 5176 sunt.
857 5121 1116 5190 Propheta
1158 5123 1298 5176 enim
1343 5122 1589 5178 dixerat:
1623 5124 1864 5196 Auferam

284 5221 350 5267 eis
379 5231 466 5268 cor
497 5215 778 5281 lapideum,
815 5223 860 5266 et
900 5213 1028 5266 dabo
1056 5215 1126 5267 eis
1158 5231 1244 5268 cor
1272 5231 1508 5268 corneum
1535 5215 1760 5285 (Ezech.
1788 5234 1862 5284 xl,

289 5304 392 5372 l9).
421 5305 653 5359 Videant
686 5305 728 5358 si
766 5319 869 5357 non
911 5303 1011 5357 hoc
1051 5313 1152 5367 est,
1186 5302 1308 5359 Non
1336 5305 1388 5357 in
1418 5303 1600 5358 tabulis
1630 5305 1862 5374 lapideis,

289 5397 370 5448 sed
414 5397 467 5450 in
513 5396 697 5450 tabulis
738 5396 905 5450 cordis
941 5393 1245 5449 carnalibus.
1268 5394 1398 5448 Nam
1425 5412 1598 5465 neque
1628 5397 1696 5451 ibi
1726 5397 1866 5467 quod

290 5489 483 5543 dictum
516 5498 600 5544 est
636 5505 727 5542 cor
754 5502 1001 5541 carncum
1024 5528 1039 5552 ,
1070 5502 1240 5556 neque
1272 5486 1356 5540 hic
1387 5487 1577 5540 tabulae
1605 5489 1864 5556 carnales,

298 5579 390 5635 hoc
434 5581 632 5644 volunt,
678 5587 735 5633 ιιι
780 5579 1064 5634 carnaliter
1120 5578 1468 5648 sapiamus‘:
1501 5576 1595 5631 sed
1642 5580 1763 5647 quia
1815 5581 1868 5634 in

299 5737 558 5847 lm’ftlditio
595 5743 740 5798 Iov.,
786 5733 1028 5798 sapiamus
1066 5734 1174 5786 ista.
1219 5734 1394 5794 Abest,
1440 5731 1561 5795 ista,
1607 5743 1636 5782 a
1680 5732 1873 5786 caeteris

387 5811 442 5847 IS.

387 5811 442 5852 IS.

1454 328 1654 386 LIBER
1689 324 1987 395 QUINTUS
2025 328 2339 388 DECIMUS.

3369 335 3376 342 ’
3419 339 3524 397 306

1949 447 2344 515 comparatione
2375 447 2583 517 lapidis,
2615 451 2704 520 qui
2725 451 2840 506 sine
2868 465 3026 506 sensu
3055 460 3157 516 est,
3179 467 3303 506 caro
3332 456 3522 520 sentit;

1947 551 2040 606 per
2077 537 2266 606 lapidis
2309 539 2758 602 insensnalitatem
2800 542 3150 610 signiﬁcatum
3187 553 3268 595 est
3294 558 3387 595 cor
3419 559 3526 596 non

1946 627 2263 697 intelligens,
2303 637 2356 683 et
2392 644 2487 699 per
2524 631 2699 684 carnis
2743 632 3137 685 sensualitatem
3176 631 3526 700 signiﬁcatum

1945 730 2026 774 est
2053 736 2147 775 cor
2173 721 2490 790 intelligens.
2521 721 2598 776 Tu
2632 723 2804 791 potius
2835 723 2964 777 istos
2994 722 3174 786 irride,
3205 723 3293 792 qni
3321 721 3525 790 dicunt,

1946 820 2000 866 et
2029 821 2224 866 terram
2249 820 2302 866 et
2331 813 2468 882 ligna
2496 821 2550 867 et
2574 812 2774 883 lapides
2801 812 2998 868 habere
3026 824 3261 879 sensum,
3285 821 3338 867 et
3366 811 3527 866 intel-

1946 901 2224 972 ligentiore
2246 903 2351 955 vita
2373 903 2569 969 vivere,
2592 918 2778 959 carnes
2801 911 2978 958 autem
2999 902 3271 958 stolidiore
3297 913 3349 957 et
3370 903 3531 958 obtu-

1946 994 2108 1049 siore.
2137 993 2290 1060 Unde
2320 1009 2424 1048 non
2451 1009 2480 1047 a
2507 994 2748 1063 veritate,
2777 995 2870 1051 sed
2897 1011 2925 1049 a
2957 1010 3052 1050 sua
3073 996 3302 1051 vanitate
3323 1010 3527 1064 cogun-

1947 1092 2033 1139 tur
2056 1082 2208 1139 fateri
2239 1085 2486 1139 mundius
2515 1100 2632 1140 esse
2660 1085 2829 1156 legem
2857 1087 3210 1156 conscriptam
3240 1087 3292 1140 in
3333 1086 3531 1140 tabulis

1949 1174 2192 1245 lapideis,
2221 1192 2379 1245 quam
2409 1192 2562 1230 suum
2603 1175 2910 1232 thesaurum
2952 1177 3004 1230 in
3039 1177 3260 1247 pellibus
3289 1175 3526 1230 mortici-

1948 1267 2049 1320 nis.
2073 1268 2153 1320 An
2188 1267 2321 1322 forte
2356 1268 2476 1336 quia
2505 1268 2557 1322 in
2586 1266 2774 1322 fabella
2805 1283 2897 1322 sua
2931 1268 3088 1322 etiam
3117 1267 3316 1339 lapides
3346 1267 3533 1322 dicunt

1948 1373 2065 1413 esse
2091 1373 2212 1413 ossa
2246 1359 2563 1428 principum,
2606 1373 2712 1414 non
2749 1359 2827 1414 eis
2863 1359 3103 1414 dubitant
3138 1359 3277 1415 coria
3314 1373 3527 1428 ιιι-ωρο-

1949 1465 2076 1504 nere
2125 1451 2419 1519 agnorum?
2466 1450 2666 1520 Nempe
2716 1465 2844 1522 ergo
2897 1450 2983 1504 illa
3029 1445 3353 1506 Testamenti
3405 1464 3529 1506 arca

1948 1541 2195 1596 mundius
2223 1542 2430 1612 tegebat
2459 1543 2694 1612 lapideas
2719 1542 2924 1597 tabulas
2945 1584 2959 1607 ,
2988 1558 3144 1612 quam
3174 1545 3387 1614 caprina
3415 1543 3530 1614 pel-
3623 1531 3628 1546 ³

1949 1633 2014 1687 lis
2040 1633 2276 1688 codicem
2309 1635 2549 1689 istorum.
2578 1636 2700 1690 llasc
2728 1646 2781 1690 tu
2820 1636 3232 1692 misericorditer
3262 1637 3441 1706 irride,
3475 1647 3531 1692 ut

1949 1727 2026 1780 eis
2071 1726 2339 1782 irridenda
2385 1735 2440 1782 et
2482 1727 2725 1798 fugienda
2769 1728 3151 1783 commendes:
3181 1745 3302 1782 nam
3349 1731 3398 1782 in
3441 1729 3534 1784 illo

1950 1817 2224 1889 diptychio
2245 1819 2472 1888 lapideo,
2497 1820 2606 1889 jam
2637 1832 2689 1874 tu
2717 1835 2821 1873 non
2842 1820 3002 1874 corde
3022 1820 3229 1889 lapideo
3259 1821 3530 1892 intelligis,

1949 1911 2074 1980 quid
2122 1911 2256 1966 duro
2305 1911 2377 1964 illi
2421 1912 2612 1982 populo
2657 1911 3018 1981 congruebat;
3061 1921 3114 1966 et
3157 1914 3211 1966 in
3248 1928 3313 1966 eo
3357 1923 3534 1967 tamen

1952 2001 2195 2069 agnoscis
2235 2011 2461 2072 petram,
2500 2003 2670 2070 ipsum
2710 2017 2962 2070 sponsum
2995 2010 3160 2065 tuum,
3191 2003 3335 2056 illum
3375 2017 3533 2072 quem

1951 2092 2139 2147 Petrus
2176 2093 2426 2161 loquitur,
2455 2092 2676 2161 lapidem
2698 2095 2860 2146 vivum
2890 2094 2952 2146 ab
2982 2095 3264 2148 hominibus
3293 2095 3535 2163 reproba-

1952 2193 2076 2247 tum,
2106 2200 2138 2235 a
2173 2181 2281 2236 Deo
2319 2193 2482 2236 autem
2513 2183 2722 2236 electum
2761 2194 2808 2236 et
2848 2183 3251 2250 honoriﬁcatum.
3281 2185 3384 2238 lllis
3408 2201 3536 2254 ergo

1951 2283 2065 2328 erat
2091 2273 2223 2344 lapis
2253 2273 2563 2340 o/fensionis,
2598 2283 2640 2327 et
2674 2285 2812 2343 petra
2841 2274 3070 2328 scandali
3093 2291 3111 2328 :
3139 2275 3227 2328 tibi
3256 2287 3430 2329 autem
3459 2279 3538 2330 la-

1952 2367 2030 2435 pis
2065 2381 2210 2433 quem
2246 2365 2628 2434 reprobaverunt
2658 2365 2983 2433 ludiﬁcantes,
3013 2369 3177 2435 factus
3205 2375 3278 2419 est
3301 2369 3354 2420 in
3383 2377 3537 2437 caput

1953 2455 2126 2526 anguli
2156 2456 2171 2486 ¹
2205 2453 2222 2527 (
2254 2455 2272 2508 l
2301 2453 2442 2508 Pctr.
2478 2470 2532 2517 ιι,
2562 2455 2662 2510 4-8
2692 2456 2730 2524 ).
2760 2455 2909 2522 Quod
2956 2447 3118 2509 totum
3170 2455 3309 2511 idem
3352 2459 3539 2514 Petrus

1951 2549 2222 2618 apostolus
2261 2548 2522 2617 explicat,
2570 2557 2624 2602 ct
2670 2556 2834 2602 totum
2875 2563 2905 2601 a
2944 2547 3258 2617 Prophetis,
3291 2552 3537 2621 aquibus

1954 2639 2037 2694 isti
2083 2637 2319 2692 damnati
2353 2639 2665 2703 alienantur,
2702 2637 3008 2705 praedictum
3049 2653 3169 2693 esse
3208 2655 3534 2696 commemo-

1953 2737 2054 2783 rat.
2098 2728 2238 2798 Lege
2284 2743 2412 2782 sane
2455 2729 2618 2783 etiam
2662 2728 2790 2782 illud
2830 2728 3154 2798 diptychium
3182 2747 3194 2782 :
3227 2747 3296 2785 ne
3328 2733 3538 2799 timeas,

1955 2820 2110 2890 plane
2139 2820 2316 2888 sponsi
2351 2819 2423 2872 tui
2450 2827 2548 2873 est.
2571 2806 2706 2872 'Aliis
2736 2818 2870 2887 lapis
2898 2818 2988 2873 ille
3017 2820 3329 2891 signiﬁcavit
3350 2822 3540 2878 duram

1955 2913 2336 2967 stoliditatem:
2369 2912 2459 2965 tibi
2504 2919 2680 2964 autem
2726 2910 2931 2964 ﬁrmam
2975 2911 3334 2967 stabilitatem.
3369 2914 3542 2983 Digito

1959 3005 2051 3058 Dei
2082 3004 2291 3074 scripta:
2320 3011 2444 3057 sunt
2472 3001 2661 3055 tabula:
2689 3001 2794 3054 illa}
2827 2999 3018 3072 (Exod.
3043 3016 3190 3067 xxxi,
3221 3004 3311 3073 18)
3339 3021 3351 3058 :
3376 3004 3543 3074 digito

1957 3096 2051 3151 Dei
2079 3110 2307 3165 sponsus
2338 3102 2458 3148 tuus
2483 3092 2641 3164 ejecit
2669 3092 2931 3147 daemonia
2963 3092 3110 3163 (Luc.
3133 3111 3206 3161 ιιι,
3229 3096 3325 3166 20)
3348 3097 3543 3169 :digito

1958 3185 2053 3240 Dei
2083 3185 2292 3256 expelle
2321 3193 2374 3238 tu
2404 3183 2670 3238 doctrinas
2695 3183 3080 3239 daemoniorum
3105 3185 3542 3259 mendaciloqno-

1955 3292 2073 3332 rum
2103 3275 2509 3330 eauteriantium
2536 3275 2556 3306 ³
2584 3273 2963 3330 conscientiam
2999 3273 3054 3346 (1
3085 3275 3214 3330 Tim.
3242 3294 3312 3341 ιν,
3340 3279 3374 3332 9.
3393 3279 3433 3348 ).
3461 3279 3544 3335 Ex

1958 3368 2060 3424 hoc
2088 3367 2360 3439 diptychio
2402 3365 2616 3436 repellis
2653 3364 2974 3431 adulterum,
3003 3366 3093 3436 qui
3124 3382 3183 3422 se
3208 3368 3542 3425 Paracletnm

1957 3461 2119 3529 dicit,
2159 3470 2216 3515 ut
2255 3469 2440 3514 sancto
2478 3458 2695 3514 nomine
2735 3467 2786 3514 te
2824 3459 3058 3514 sedueat.
3092 3459 3543 3533 Quinquagesimo

1957 3553 2101 3608 enim
2125 3552 2211 3607 die
2239 3559 2360 3621 post
2383 3548 2586 3605 Pascha
2622 3549 2760 3604 datae
2799 3558 2922 3604 sunt
2956 3549 3060 3605 illre
3097 3551 3286 3606 tabulae
3327 3552 3540 3623 (Exod.

1959 3645 2104 3716 xx);
2127 3653 2182 3699 et
2208 3642 2642 3714 quinquagesimo
2663 3641 2748 3696 die
2778 3653 2898 3711 post
2927 3643 3226 3712 passionem
3253 3648 3434 3712 sponsi
3467 3648 3542 3702 tui

1959 3753 2118 3808 quam
2143 3734 2344 3790 Pascha
2377 3733 2498 3788 illud
2527 3734 2914 3804 praeligurabat,
2937 3735 3090 3789 datus
3113 3745 3193 3790 est
3215 3736 3407 3805 digitus
3426 3738 3540 3804 Dei,

1962 3829 2192 3900 Spiritus
2231 3834 2447 3881 sanctus
2493 3825 2788 3895 promissus
2821 3826 3124 3880 Paracletus
3154 3827 3286 3895 (Act.
3314 3844 3370 3893 ιι,
3401 3829 3540 3899 1-4).

1962 3921 2082 3976 Noli
2101 3932 2230 3988 ergo
2251 3916 2537 3972 formidare
2557 3916 2904 3987 diptychium,
2924 3932 3031 3986 quo
3053 3917 3145 3971 tibi
3171 3919 3366 3988 scripta
3393 3921 3542 3984 olim,

1955 4027 2081 4082 (quae
2111 4023 2250 4064 nunc
2275 4022 2612 4077 agnosceres,
2640 4007 3024 4062 mittebantur:
3057 4015 3258 4061 tantum
3290 4011 3394 4063 noli
3422 4027 3547 4066 esse

1963 4102 2060 4157 sub
2087 4101 2223 4170 lege,
2254 4114 2322 4153 ne
2353 4098 2502 4152 illam.
2526 4099 2715 4154 timore
2750 4113 2853 4152 non
2887 4099 3141 4168 impleas;
3171 4100 3262 4154 sed
3299 4101 3397 4154 sub
3426 4119 3548 4171 ἕνα..

1966 4193 2068 4257 tia,
2097 4201 2155 4245 ut
2198 4192 2266 4244 sit
2307 4189 2358 4243 in
2403 4199 2453 4244 te
2493 4188 2764 4258 plenitudo
2806 4189 2934 4259 legis
2976 4189 3225 4244 Charitas.
3253 4189 3368 4245 Non
3401 4195 3544 4249 enim

1964 4282 2108 4338 aliud
2147 4280 2473 4352 diptychium
2506 4280 2818 4334 recensebat
2849 4281 3027 4349 sponsi
3069 4280 3140 4334 tui
3169 4282 3393 4347 amicus,
3423 4299 3543 4339 cum

1964 4375 2168 4430 diceret
2199 4392 2210 4427 :
2242 4372 2399 4437 Nam,
2434 4371 2555 4425 Non
2595 4371 2920 4439 adulterabis,
2955 4371 3073 4427 Non
3110 4375 3432 4430 homicidium
3470 4381 3548 4448 [a-

1966 4468 2086 4531 cies,
2116 4464 2234 4518 Non
2264 4463 2605 4532 concupisces,
2636 4472 2682 4516 et
2719 4463 2763 4516 si
2803 4463 2936 4533 quod
2961 4475 3032 4518 est
3061 4465 3203 4518 aliud
3228 4468 3543 4537 mandatum,

1965 4558 2020 4610 in
2063 4556 2156 4608 hoc
2196 4569 2424 4606 sermone
2459 4553 2840 4621 recapitulatur,
2868 4551 3061 4624 Diliges
3091 4557 3377 4624 proximum
3408 4569 3551 4614 tuum

1967 4657 2204 4715 tanquam
2234 4654 2280 4698 te
2310 4645 2498 4713 ipsum.
2530 4642 2741 4697 Dilectio
2767 4645 2985 4715 proximi
3009 4647 3198 4700 malum
3227 4628 3548 4720 non'opera-

1968 4748 2066 4793 tur.
2106 4735 2376 4791 Plenitudo
2413 4745 2575 4788 autem
2613 4737 2734 4807 legis
2772 4747 2844 4791 est
2884 4738 3104 4794 charitas
3157 4740 3349 4811 (Rom.
3379 4761 3492 4810 xm,
3518 4746 3552 4800 9

1969 4841 2016 4885 et
2044 4830 2110 4886 l0
2133 4829 2174 4900 ).
2216 4827 2289 4884 lbi
2337 4828 2478 4882 enim
2509 4837 2632 4880 sunt
2658 4827 2763 4882 duo
2795 4829 2883 4883 illa
2912 4840 3173 4901 praecepta
3195 4873 3210 4897 ,
3251 4833 3551 4890 dilectionis

1972 4923 2086 4988 Dei,
2114 4932 2166 4977 et
2195 4921 2496 4976 dilectionis
2528 4920 2774 4989 proximi,
2803 4923 3026 4992 singulis
3053 4923 3242 4980 tabulis
3267 4925 3551 4994 explicata.

1971 5013 2084 5068 Hoc
2111 5027 2238 5081 ergo
2265 5009 2591 5082 diptychium
2639 5012 2727 5066 ille
2758 5014 3030 5080 praemisit,
3063 5015 3150 5083 qui
3183 5015 3272 5068 tibi
3306 5015 3420 5071 haec
3446 5017 3542 5074 dui

1971 5114 2235 5178 praecepta
2277 5105 2495 5158 veniens
2533 5105 2942 5170 commendavit,
2981 5107 3031 5159 in
3071 5107 3408 5176 qnibustota
3443 5109 3553 5167 Lex

1974 5197 2169 5268 pendet
2210 5204 2264 5252 et
2303 5195 2584 5264 Propheta:
2623 5195 2833 5267 (Matth.
2866 5214 2998 5262 χχιι,
3036 5199 3248 5271 57-40).
3281 5200 3334 5255 ln
3381 5204 3567 5271 primo

1975 5297 2240 5359 praecepto
2275 5294 2358 5342 est
2394 5287 2608 5341 castitas
2647 5289 2947 5356 nuptiarum
2981 5296 3210 5358 tuarum,
3239 5291 3290 5345 in
3318 5295 3557 5352 secundo

1975 5380 2150 5434 unitas
2172 5378 2529 5433 membrorum
2559 5388 2766 5432 tuorum
2795 5396 2806 5430 :
2835 5378 2928 5432 illo
2949 5379 3286 5449 amplecteris
3307 5384 3559 5448 divinita-

1978 5478 2105 5537 tem,
2137 5470 2236 5524 isto
2275 5482 2564 5538 congregas
2601 5469 2927 5524 societatem.
2956 5470 3084 5536 Qua:
3122 5473 3228 5529 duo
3265 5488 3551 5548 praecepta,

1975 5561 2091 5630 ipsa
2119 5569 2243 5615 sunt
2270 5559 2455 5614 decem
2481 5575 2494 5612 :
2523 5559 2620 5613 tria
2651 5559 2916 5628 pertinent
2943 5561 3009 5617 ad
3036 5563 3235 5634 Deum,
3267 5575 3320 5620 et
3340 5577 3550 5636 septem

2043 5673 2059 5704 ι
2097 5680 2223 5730 Mss,
2240 5670 2289 5720 in
2313 5669 2466 5732 capite
2488 5668 2668 5732 anguli.

2040 5735 2060 5764 ¹
2093 5740 2222 5790 I.ov.,
2251 5731 2567 5783 canteriatani
2583 5731 2868 5785 habentium.
2897 5743 2950 5788 At
2987 5736 3103 5789 editi
3134 5739 3212 5788 alii
3259 5747 3308 5789 et
3333 5747 3436 5789 Mss.
3463 5737 3557 5792 hoc

1980 5793 2086 5845 loco
2108 5795 2307 5844 habent.
2329 5793 2709 5848 cauteriantium.
