4052 6428
517 340 623 401 ωτ

518 455 589 513 ad
620 456 940 525 proximum.
962 455 1009 512 Ο
1032 454 1277 524 pudicum
1308 452 1655 523 diptyohium,
1684 450 1735 501 in
1764 461 1890 516 quo,
1922 452 2101 498 vetere

526 548 713 619 ﬁgura,
741 548 830 603 ille
854 549 1079 604 dilector
1102 558 1156 603 et
1177 547 1401 600 dilectus
1432 553 1555 597 tuus
1592 532 1979 609 praenuntiabat
2009 532 2105 588 tibi

514 640 782 693 canticum
813 653 1029 702 novum,
1059 638 1111 691 in
1140 632 1477 689 decachordo
1505 629 1758 700 psalterio
1786 626 1962 697 (Psat.
1993 640 2101 691 xei,

513 729 589 799 4)
619 746 632 781 :
663 738 912 799 tanquam
944 743 1041 798 pro
1078 736 1132 781 te
1173 726 1334 781 etiam
1378 737 1572 778 nervos
1612 736 1739 776 suos
1781 728 2106 774 extensurus

514 818 573 873 in
620 819 783 889 ligno,
814 828 871 873 ut
896 819 963 873 de
988 825 1204 887 peccato
1232 822 1505 884 peccatum
1531 813 1812 867 damnaret
1840 811 1889 863 in
1920 822 2102 872 carne,

516 917 573 964 et
611 910 817 978 justitia
864 909 993 978 legis
1040 907 1353 975 impleretur
1398 906 1449 958 in
1498 912 1552 958 te
1597 903 1769 973 (Rom.
1800 916 1913 965 vni,
1942 898 2100 969 5,4).

514 998 559 1054 Ο
586 998 919 1069 diptychium
963 997 1272 1067 eonjugale,
1314 996 1458 1066 quod
1497 1010 1604 1050 non
1644 995 1761 1049 sine
1796 1006 1957 1047 causa
1993 989 2108 1047 odit

512 1088 755 1149 adultera
782 1092 794 1144 l

587 1183 813 1238 CAPUT
842 1181 906 1237 V.
927 1212 1000 1225 —-
1017 1181 1135 1237 lam
1165 1183 1309 1236 enim
1335 1180 1463 1234 mihi
1490 1179 1556 1233 ad
1585 1186 1637 1233 te
1662 1185 1743 1231 est
1770 1189 1967 1240 sermo,
1992 1189 2106 1230 ma-

517 1275 722 1329 nichaaa
752 1274 1092 1345 congregatio
1148 1273 1327 1338 fallax,
1355 1282 1408 1327 et
1435 1271 1653 1325 fallaciis
1684 1268 1936 1323 involuta.
1960 1266 2106 1321 Itane

518 1366 817 1421 multinuba
855 1377 933 1421 tot
970 1370 1269 1433 elementis,
1296 1368 1379 1422 vel
1414 1367 1589 1437 potius
1626 1364 1878 1419 meretrix
1908 1361 2105 1432 prosti-

527 1463 639 1511 tuta
664 1455 972 1525 daemoniis,
1010 1468 1065 1514 et
1094 1459 1366 1527 sacrilegis
1389 1456 1709 1511 vanitatibus
1738 1456 2103 1523 imprzegnata,

518 1548 688 1603 audes
718 1548 1116 1604 matrimonium
1153 1549 1473 1605 catholicum
1513 1548 1720 1601 Domini
1762 1546 1859 1611 tui,
1885 1544 2107 1600 crimine

519 1636 864 1708 impudicitia:
908 1641 1188 1697 lacerare?
1221 1639 1456 1694 Ostende
1492 1639 1647 1694 nobis
1684 1636 1922 1692 moechos
1962 1644 2103 1702 tuos,

520 1729 1004 1797 splenditenentem
1037 1732 1052 1762 ¹
1078 1730 1508 1799 ponderatorem,
1537 1737 1589 1783 et
1616 1728 1882 1781 Atlantem
1912 1726 2108 1780 latura-

519 1821 680 1876 rium.
714 1822 867 1895 Illum
906 1824 1050 1879 enim
1086 1822 1219 1877 dicis
1258 1824 1430 1893 capita
1469 1822 1854 1877 elementorum
1903 1829 2105 1883 tenere,

521 1913 888 1984 mundumque
912 1915 1271 1985 suspendere;
1295 1916 1453 1969 istum
1475 1923 1652 1969 autem
1678 1928 1816 1983 genu
1842 1914 1967 1975 ﬁxo,
1990 1925 2110 1966 sca-

517 2002 658 2072 pulis
701 2004 891 2058 validis
938 2004 1280 2074 subbajulare
1322 2012 1521 2058 tantam
1564 2004 1789 2070 molem,
1829 2002 2013 2071 utique
2041 2015 2109 2056 ne

518 2093 609 2149 ille
628 2094 861 2150 deﬁciat.
886 2095 988 2153 Ubi
1015 2104 1141 2151 sunt
1168 2096 1294 2151 isti?
1318 2095 1419 2165 Qui
1449 2097 1494 2151 si
1519 2111 1643 2150 vere
1670 2103 1869 2160 essent,
1895 2093 2110 2165 quando

517 2182 587 2238 ad
628 2191 679 2238 te
708 2185 949 2240 venirent
984 2186 1227 2255 occupati
1271 2194 1417 2240 tanto
1448 2186 1698 2255 negotio?
1726 2184 1939 2255 quando
1964 2184 2031 2237 ad
2060 2193 2111 2238 te

518 2272 796 2343 intrarent,
830 2286 887 2332 ut
915 2277 1105 2331 blanda
1146 2293 1307 2333 manu
1350 2288 1456 2342 tua,
1480 2286 1536 2332 et
1565 2278 1757 2344 otiOSa,
1787 2278 1943 2347 plane
1969 2276 2107 2331 deli-

520 2374 641 2422 cata
664 2368 705 2433 ³,
740 2376 861 2438 post
890 2378 1091 2424 tantum
1121 2370 1377 2435 laborem,
1404 2369 1555 2424 alteri
1584 2368 1800 2439 digitos,
1826 2367 1983 2423 alteri
2009 2367 2109 2421 hu-

520 2470 703 2514 meros
746 2458 1114 2516 confricares?
1155 2460 1262 2517 Sed
1310 2461 1497 2515 fallunt
1544 2469 1598 2516 te
1641 2460 1782 2515 mala
1825 2459 2105 2525 daemonia,

522 2562 644 2617 quae
668 2558 847 2606 tecum
871 2560 1195 2621 scortantur,
1221 2560 1284 2608 ut
1303 2552 1573 2624 concipias
1605 2550 1903 2615 mendacia,
1934 2557 1991 2605 et
2015 2565 2110 2621 pa-

522 2638 631 2695 rias
665 2639 1057 2710 phantasmata.
1089 2644 1197 2699 Cur
1225 2659 1352 2716 ergo
1381 2659 1489 2699 non
1527 2657 1748 2713 respuas
1781 2642 2112 2715 diptychium

522 2731 640 2789 veri
660 2732 776 2802 Dei,
803 2736 909 2790 tuis
936 2736 1263 2791 membranis
1289 2736 1585 2803 inimicum,
1612 2734 1807 2805 quibus
1837 2742 1913 2788 tot
1952 2732 2113 2787 falsos

520 2819 655 2879 deos
679 2823 942 2881 adamasti
970 2835 1152 2883 mente
1175 2826 1485 2898 vagabunda
1512 2840 1610 2897 per
1633 2825 1884 2895 ﬁgmenta
1913 2824 2115 2895 cogita-

524 2914 731 2970 tionum
771 2924 1004 2983 tuarum,
1036 2918 1230 2989 quibus
1253 2918 1431 2973 omnia
1457 2917 1664 2987 poetica
1690 2915 1966 2972 mendacia
1992 2928 2115 2985 gra-

523 3008 673 3065 viora
709 3018 768 3065 et
795 3008 1103 3067 honestiora
1130 3011 1511 3082 reperirentur,
1539 3009 1622 3065 vel
1648 3008 1752 3065 hoc
1774 3016 1941 3075 certe,
1972 3007 2115 3078 quod

522 3103 665 3173 apud
694 3114 880 3174 poetas
899 3107 1171 3163 neminem
1194 3108 1394 3179 decipit
1417 3108 1533 3178 ipsa
1558 3105 1822 3178 professio
1846 3105 2112 3175 falsitatis,

523 3194 581 3251 in
606 3196 759 3252 libris
794 3207 972 3255 autem
1012 3201 1117 3255 tuis
1147 3209 1292 3255 tanta
1321 3198 1648 3255 fallaciarum
1675 3200 1851 3267 turba,
1879 3199 2115 3272 pueriles

520 3293 581 3343 et
604 3286 658 3343 in
695 3290 914 3346 senibus
955 3290 1161 3347 animas
1185 3290 1232 3358 ³,
1255 3292 1473 3349 nomine
1500 3292 1739 3347 veritatis
1765 3290 1989 3357 illectas,
2016 3290 2117 3344 ml-

524 3378 849 3437 serabilibus
871 3382 1167 3452 corrumpit
1189 3382 1484 3449 erroribus,
1506 3396 1627 3437 cum
1652 3380 1953 3454 prurientes
1982 3380 2116 3435 auri-

527 3468 652 3538 bus,
674 3471 814 3528 sicut
833 3473 1124 3543 Apostolus
1144 3474 1296 3542 dicit,
1320 3483 1373 3529 et
1391 3489 1421 3529 a
1443 3474 1668 3530 veritate
1691 3474 1929 3529 auditum
1957 3488 2116 3529 suum

525 3570 854 3633 avertentes,
882 3565 951 3621 ad
982 3565 1188 3623 fabulas
1214 3573 1597 3623 convertuntur
1623 3564 1645 3638 (
1670 3565 1714 3621 ll
1741 3566 1871 3619 Tim.
1901 3580 1974 3631 IV,
2002 3568 2036 3619 4
2057 3564 2117 3635 )‘l

527 3654 809 3721 Quomodo
831 3672 962 3729 ergo
984 3672 1170 3714 sanam
1196 3659 1490 3715 doctrinam
1521 3659 1689 3714 ferres
1720 3658 1928 3713 illarum
1956 3657 2115 3713 tabu-

440 3774 445 3821 ε
528 3745 721 3815 larum,
743 3748 834 3806 ubi
858 3749 1089 3819 primum
1112 3759 1438 3822 praeceptum
1464 3759 1566 3816 est,
1590 3750 1744 3815 Audi,
1775 3748 1981 3816 Israel;
2010 3749 2117 3804 Do-

444 3832 449 3917 ξ
527 3840 697 3896 "tinus
727 3840 864 3897 Deus
892 3852 1027 3911 tuus,
1058 3842 1195 3899 Dm
1223 3859 1357 3899 unus
1385 3853 1460 3899 est
1482 3842 1661 3917 (Deut.
1685 3858 1759 3908 vr,
1788 3843 1864 3913 4),
1892 3856 2011 3896 cum
2041 3849 2118 3896 tot

448 3926 449 3933 “
529 3930 751 3987 deorum
773 3934 1077 3989 nominibus
1094 3934 1118 3968 ⁸
1141 3935 1399 3990 delectata
1424 3934 1717 4005 turpissimi
1747 3932 1926 3989 cordis
1951 3931 2119 3987 forni-

527 4024 742 4079 catione
774 4026 1063 4081 voluteris?
1092 4027 1285 4083 Annon
1314 4027 1614 4083 recordaris
1640 4026 1956 4081 amatorium
1984 4040 2114 4082 can-

530 4113 695 4170 ticum
727 4123 897 4182 tuum,
926 4117 1017 4172 ubi
1056 4116 1316 4173 describis
1354 4119 1645 4174 maximum
1686 4128 1995 4189 regnantem
2025 4135 2115 4176 re-

529 4216 675 4275 gem,
698 4206 1080 4277 sccptrigerum
1106 4224 1417 4278 perennem,
1442 4208 1620 4265 ﬂoreis
1648 4210 1861 4265 coronis
1885 4210 2116 4265 cinctum

530 4302 589 4352 et
626 4296 758 4353 facie
795 4299 1141 4356 rutilantem?
1165 4300 1332 4368 Quem
1379 4302 1422 4356 si
1466 4303 1638 4357 solum
1681 4301 1843 4358 talem
1883 4317 2113 4369 amares,

532 4387 957 4445 erubescendum
990 4390 1084 4445 tibi
1114 4399 1259 4447 esset
1283 4410 1295 4447 :
1321 4407 1443 4446 nam
1475 4394 1635 4447 etiam
1663 4394 1745 4448 vir
1773 4408 1909 4448 unus
1936 4392 2118 4449 floreis

534 4481 747 4538 coronis
796 4483 1001 4540 cinctus
1050 4483 1257 4553 pudicae
1304 4484 1516 4555 conjugi
1564 4484 1886 4555 displiceret.
1936 4484 2119 4557 Neque

532 4574 678 4630 enim
718 4584 873 4648 potes
911 4576 1091 4632 dicere
1119 4576 1222 4633 hoc
1250 4577 1426 4648 aliqua
1466 4578 1687 4649 mystica
1732 4577 2119 4649 signiﬁcatione

493 4712 499 4720 .
533 4666 608 4722 ita
633 4666 855 4736 dictum,
878 4669 963 4724 vel
1004 4668 1073 4723 ita
1104 4669 1548 4736 demonstratum,
1576 4684 1695 4724 cum
1722 4669 1815 4723 tibi
1852 4668 2119 4738 praecipue

533 4756 740 4814 laudari
763 4759 1085 4815 Manichacus
1111 4775 1219 4815 non
1246 4760 1315 4815 ob
1338 4759 1483 4815 aliud
1512 4761 1697 4826 soleat,
1726 4760 1827 4813 nisi
1857 4759 1999 4830 quod
2027 4776 2115 4815 re-

535 4850 697 4907 motis
722 4853 1006 4923 ﬁgurarum
1038 4853 1436 4923 integumentis,
1462 4852 1578 4922 ipse
1608 4852 1699 4906 tibi
1725 4852 2001 4906 veritatem
2024 4868 2123 4906 nu-

532 4944 657 5000 dam
698 4954 755 5002 et
800 4946 1068 5015 propriam
1114 4945 1439 5015 loqueretur.
1478 4944 1699 5012 Proprie
1740 4941 1896 5012 igitur
1936 4950 2123 4997 cantas

504 5055 508 5059 ·
535 5034 705 5091 Deum
726 5050 909 5107 regem
931 5036 1339 5107 sceptrigerum,
1359 5034 1578 5089 ﬂoribus
1602 5041 1937 5090 coronatum.
1954 5033 2124 5089 Ponat

535 5127 725 5181 saltem
747 5136 1041 5196 sceptrum,
1061 5126 1273 5197 quando
1293 5124 1506 5181 coronis
1526 5122 1704 5179 ﬂoreis
1728 5124 1954 5194 cingitur
1978 5142 1990 5177 :
2016 5139 2123 5181 non

537 5219 693 5275 decet
720 5220 884 5291 regia
902 5220 1065 5291 virga:
1095 5220 1432 5275 severitatem
1462 5217 1551 5273 illa
1575 5217 1797 5272 luxurim
1821 5217 2118 5275 mollitudo.

526 5310 655 5367 ilue
692 5313 934 5382 accedit,
964 5312 1089 5383 quia
1120 5328 1226 5369 non
1256 5326 1287 5368 a
1318 5319 1369 5366 te
1398 5311 1547 5367 solus
1576 5310 1852 5366 adamatus
1879 5320 1962 5367 est
1994 5329 2007 5365 :
2040 5326 2125 5368 se-

540 5407 725 5477 queris
765 5407 909 5463 enim
948 5406 1234 5474 cantando,
1262 5412 1315 5461 et
1340 5404 1581 5476 adjungis
1608 5404 1890 5460 duodecim
1929 5404 2123 5461 saacula

597 5499 621 5565 ξ
652 5506 753 5565 Ψ·
772 5504 848 5565 Et:
868 5505 923 5552 α
942 5498 1127 5565 δίψιοι
1140 5496 1544 5565 “55'1me

533 5534 1872 5675 ὡέᾝῦωΐέᾍὶὶὸω
1892 5568 2017 5623 pane
2039 5556 2126 5611 de-

601 5660 1054 5749 rtbvqpueriles
1092 5683 1361 5749 «seniles
1384 5695 1587 5737 amas.
1610 5681 1778 5737 Melius
1801 5682 1919 5736 aliti
1954 5680 2037 5737 alii
2072 5690 2125 5737 et

537 5756 667 5811 uss,
689 5744 979 5811 puerile“;
994 5744 1259 5811 ίηιαιίῡω

600 5811 625 5845 ⁸
650 5808 848 5877 Aliquot
866 5817 997 5878 Ικ..
1020 5810 1223 5868 deorum
1240 5808 1529 5865 meum.

1338 334 1605 394 CONTRA
1644 327 1965 388 FAUS’I‘UM
2003 323 2447 391 MAN‘ICHEUM.
2479 329 2535 384 S.
2579 325 2940 385 AUGUSTINI

2218 443 2438 501 ﬁoribus
2477 455 2795 513 convestrta,
2837 454 2889 501 et
2932 443 3213 499 canoribus
3244 443 3417 514 plena,
3448 450 3502 499 et
3527 442 3581 498 in
3608 440 3807 500 faciem

2218 535 2381 604 patris
2420 535 2577 592 flores
2616 552 2741 591 suos
2779 537 3052 607 jactantia.
3095 532 3197 592 Ubi
3240 544 3293 592 et
3336 536 3479 605 ipsos
3517 534 3810 591 duodecim

2216 640 2437 694 magnos
2474 628 2730 697 quosdam
2766 629 2896 683 deos
2925 628 3209 699 proﬁteris,
3242 637 3421 684 ternos
3456 642 3555 699 per
3578 638 3813 700 quatuor

2218 724 2451 787 tractus,
2482 721 2674 789 quibus
2704 720 2793 777 ille
2823 736 2960 776 unus
2987 721 3436 791 circumcingitur.
3469 720 3639 787 Quem
3667 737 3812 794 quo-

2217 810 2378 863 modo
2408 809 2726 867 immensum
2765 811 2986 880 faciatis,
3021 827 3176 882 quem
3207 811 3283 866 sic
3311 811 3696 867 circumdatum
3724 812 3812 868 di-

2218 900 2360 965 citis,
2391 916 2657 971 nunquam
2690 902 2931 958 invenire
2955 903 3219 973 potuistis.
3243 902 3502 974 Adjungis
3527 903 3689 959 etiam
3721 903 3813 960 in-

2218 995 2576 1049 numerabiles
2603 996 2921 1065 regnicolas,
2949 1005 3003 1050 et
3037 994 3261 1049 deorum
3295 996 3525 1065 agmina,
3555 1005 3609 1050 ct
3637 1011 3808 1067 ange-

2218 1084 2391 1139 lorum
2442 1086 2690 1142 cohortes
2728 1106 2741 1141 :
2779 1104 2896 1157 qua:
2942 1088 3120 1142 omnia
3168 1103 3275 1141 non
3323 1084 3627 1144 condidisse
3672 1087 3813 1146 dicis

2221 1178 2409 1240 Deum,
2436 1179 2525 1231 scd
2549 1180 2614 1233 de
2643 1194 2738 1235 sua
2764 1180 3053 1236 substantia
3079 1180 3344 1252 genuisse.

2288 1267 2515 1325 CAPUT
2546 1270 2625 1323 Vl.
2660 1302 2731 1310 —
2766 1271 2841 1325 Ita
2871 1272 3204 1326 convinceris
3243 1271 3655 1328 innumerabiles
3678 1271 3847 1330 deos.

2219 1360 2395 1415 colere
2420 1403 2435 1427 ,
2473 1377 2577 1415 non
2614 1360 2838 1416 ferendo
2865 1378 3048 1416 sanam
3077 1362 3370 1417 doctrinam
3396 1405 3409 1428 ,
3456 1378 3559 1433 qua
3586 1363 3816 1419 docetur

2220 1468 2355 1507 unus
2381 1452 2448 1507 de
2484 1468 2591 1507 uno
2616 1453 2726 1508 Deo
2763 1464 2920 1509 natus
2960 1452 3155 1522 Filius,
3196 1465 3249 1510 et
3277 1454 3549 1524 utriusque
3579 1456 3814 1525 Spiritus

2220 1552 2454 1597 sanctus.
2506 1543 2652 1611 Quos
2680 1552 2857 1599 tamen
2888 1560 2993 1599 non
3022 1546 3192 1599 solum
3240 1544 3683 1613 innumerabiles,
3716 1546 3817 1602 sed

2220 1652 2319 1690 nec
2348 1644 2456 1690 tres
2480 1635 2607 1690 deos
2637 1634 2717 1691 fas
2760 1646 2842 1691 est
2876 1636 3054 1691 dicere
3086 1656 3096 1690 :
3126 1652 3350 1707 quorum
3379 1645 3462 1691 est
3493 1653 3599 1691 non
3636 1637 3816 1693 solum

2220 1743 2324 1781 una
2353 1727 2645 1797 eademque
2690 1728 2985 1783 substantia
3010 1768 3025 1793 ,
3067 1727 3161 1782 sed
3202 1728 3363 1784 etiam
3390 1743 3491 1782 una
3519 1728 3819 1800 eademque

2221 1820 2479 1889 operatio,
2510 1834 2606 1888 per
2636 1820 2803 1889 ipsam
2833 1819 3100 1889 propriam
3133 1832 3290 1873 unam
3316 1819 3666 1889 eamdemque
3685 1820 3821 1874 sub-

2220 1913 2467 1965 stantiam
2494 1928 2507 1977 ;
2548 1926 2642 1980 per
2668 1922 2963 1965 creaturam
3006 1925 3136 1965 vero
3169 1908 3505 1981 corporalem
3531 1911 3690 1967 etiam
3720 1910 3819 1967 de-

2220 2004 2534 2055 monstratio
2577 2002 2926 2072 singulorum.
2986 2002 3111 2057 Haec
3153 2010 3210 2057 tu
3239 2018 3344 2057 non
3385 2002 3667 2074 intelligis,
3706 2019 3820 2059 non

2221 2093 2411 2162 capis:
2448 2091 2601 2154 novi,
2646 2093 2797 2162 plena
2821 2108 2910 2156 es,
2956 2093 3211 2147 inebriata
3253 2108 3348 2158 es,
3398 2093 3715 2165 ingurgitata
3757 2107 3821 2150 es

2222 2183 2465 2239 fabuloso
2492 2184 2791 2253 sacrilegio.
2848 2184 3067 2255 Digeras
3097 2183 3385 2256 aliquando
3405 2184 3547 2255 quod
3572 2186 3818 2253 exhalas,

2222 2287 2275 2332 et
2302 2286 2351 2331 te
2372 2278 2480 2346 jam
2509 2278 2736 2331 obruere
2760 2277 2949 2332 talibus
2974 2277 3186 2333 desinas
3213 2296 3227 2332 :
3262 2278 3474 2333 interim
3500 2286 3652 2333 canta
3674 2278 3822 2350 quod

2222 2377 2426 2435 cantas,
2450 2377 2504 2423 et
2524 2369 2744 2438 inspice,
2770 2370 2813 2423 si
2844 2378 3014 2439 potes,
3043 2369 3276 2425 dedecus
3299 2369 3661 2426 fornicationis
3689 2380 3818 2425 tuae.

2224 2460 2470 2516 Invitavit
2514 2462 2655 2515 enim
2696 2468 2745 2515 te
2775 2459 3018 2515 doctrina
3057 2459 3443 2516 daemoniorum
3486 2459 3820 2516 mendacilo-

2223 2567 2447 2623 quorum
2477 2552 2543 2607 ad
2573 2551 2721 2608 ﬁctas
2748 2551 2937 2607 domos
2960 2550 3271 2623 angelorum
3295 2596 3311 2621 ,
3344 2551 3434 2607 ubi
3460 2551 3552 2607 ﬂat
3569 2567 3701 2608 aura
3728 2566 3818 2607 sa—

2223 2645 2423 2713 lubris,
2478 2653 2532 2701 et
2581 2644 2648 2701 ad
2698 2659 2916 2718 campos
2943 2646 3070 2701 lubi
3114 2654 3320 2703 sentem
3364 2655 3637 2713 aromata,
3663 2644 3822 2715 cujus

2223 2738 2443 2793 arbores
2487 2746 2541 2793 et
2573 2746 2783 2795 montes
2803 2781 2819 2807 ,
2869 2737 3038 2794 maria
3064 2746 3120 2795 et
3148 2737 3362 2793 ﬂumina
3389 2781 3403 2805 ,
3454 2737 3610 2794 dulce
3635 2747 3824 2793 nectar

2224 2827 2395 2883 ﬂuunt
2424 2845 2518 2899 per
2546 2838 2736 2885 cuncta
2762 2830 2977 2885 saecula.
3020 2829 3090 2886 Et
3108 2830 3379 2886 credidisti
3404 2840 3458 2886 et
3481 2829 3679 2885 tinxisti
3706 2832 3824 2886 haac

2226 2921 2279 2975 in
2319 2921 2479 2975 corde
2506 2928 2597 2976 tuo
2618 2964 2632 2990 ,
2677 2922 2767 2978 ubi
2794 2922 2944 2977 vanis
2975 2921 3432 2978 recordationibus
3475 2922 3737 2977 luxuriata
3767 2930 3823 2977 et

2226 3015 2482 3071 dissoluta
2506 3015 2742 3085 iacteris.
2788 3014 2923 3071 Cum
2960 3014 3103 3070 enim
3142 3015 3380 3086 quaedam
3422 3015 3543 3070 talia
3567 3014 3823 3070 dicuntur

2226 3108 2293 3164 de
2322 3107 2571 3162 ineﬂ‘abili
2599 3106 2871 3162 aﬂluentia
2897 3106 3253 3177 spiritualium
3277 3105 3609 3169 deliciarum,
3635 3105 3822 3173 utique

2226 3200 2279 3255 in
2308 3200 2587 3269 aenigmate
2615 3200 2899 3265 dicuntur;
2929 3199 2998 3254 ita
3028 3208 3085 3253 ut
3111 3198 3319 3254 noverit
3343 3198 3549 3253 animus
3578 3198 3671 3268 qui
3702 3196 3824 3253 tali-

2226 3293 2327 3348 bus
2358 3301 2636 3347 exercetur
2659 3334 2673 3357 ,
2707 3307 2825 3347 esse
2853 3290 2995 3347 aliud
3018 3290 3158 3363 quod
3186 3290 3260 3346 ibi
3285 3289 3627 3363 quaerendum
3658 3298 3713 3344 et
3733 3289 3822 3344 in-

2228 3383 2571 3454 telligendum
2600 3384 2707 3447 sit,
2750 3381 2863 3438 sive
2909 3382 3181 3453 corporeis
3221 3381 3469 3438 sensibus
3507 3381 3560 3436 in
3594 3381 3825 3436 veritate

2226 3477 2490 3546 corporali
2518 3476 2621 3531 tale
2648 3473 2773 3547 quid
2799 3475 3231 3541 demonstretur,
3261 3474 3401 3530 sicut
3438 3472 3571 3545 ignis
3601 3472 3653 3526 in
3683 3471 3823 3527 rubo

2227 3570 2422 3644 (Exod.
2457 3586 2547 3637 in,
2576 3570 2671 3640 2),
2716 3568 2862 3625 etde
2894 3570 3037 3640 virga
3063 3584 3320 3639 serpens,
3372 3576 3427 3625 et
3463 3565 3529 3621 de
3567 3574 3823 3635 serpente

2223 3665 2371 3735 virga
2404 3662 2511 3733 (Id.
2546 3679 2617 3730 IV,
2644 3662 2787 3734 2-4),
2819 3672 2873 3717 et
2900 3664 3075 3717 tunica
3102 3661 3313 3717 Domini
3333 3676 3362 3715 a
3388 3657 3825 3733 persecutoribus

2226 3770 2333 3811 non
2363 3755 2531 3809 divisa
2557 3752 2736 3825 (Joan.
2768 3770 2861 3808 χιχ
2881 3796 2894 3819 ,
2925 3752 3017 3825 24)
3038 3796 3052 3821 ,
3095 3761 3148 3807 et
3173 3750 3428 3823 obsequio
3450 3750 3687 3805 mulieris
3714 3765 3822 3806 un-

2225 3847 2332 3903 ctio
2359 3845 2553 3916 pedum
2591 3852 2680 3899 aut
2706 3844 2894 3915 capitis
2924 3843 3039 3913 ejus
3070 3842 3281 3913 (Matth.
3314 3858 3472 3909 xxvr,
3496 3828 3559 3908 7,
3586 3850 3633 3895 et
3658 3840 3820 3895 Joan.

2226 3953 2322 4004 ιιι,
2350 3935 2445 4008 5),
2494 3945 2546 3992 et
2578 3934 2795 3991 frondes
2834 3934 3188 3990 multitudinis
3218 3932 3571 4006 prrccedentis
3606 3941 3661 3989 et
3684 3947 3823 3988 cou-

2226 4028 2499 4099 sequentis
2524 4027 2747 4083 asellum
2778 4026 2893 4097 ejus
2924 4026 3135 4098 (Matth.
3165 4042 3276 4095 xxx,
3307 4025 3423 4097 7-9)
3454 4041 3468 4080 :
3494 4024 3605 4081 sive
3629 4024 3682 4080 in
3711 4020 3828 4094 spi-

2228 4122 2334 4177 ritu
2361 4136 2456 4192 per
2484 4121 2743 4190 imagines
2776 4134 3063 4189 corporum
3086 4161 3101 4185 ,
3145 4118 3229 4173 vel
3271 4117 3326 4172 in
3368 4119 3576 4172 somnio
3599 4158 3614 4185 ,
3644 4115 3733 4171 vel
3764 4116 3825 4171 in

2228 4212 2422 4270 ecstasi
2458 4211 2681 4281 ﬁgurate
2716 4208 3065 4266 ostendantur
3087 4250 3103 4275 ,
3130 4209 3269 4265 sicut
3290 4207 3453 4264 Jaeob
3477 4207 3636 4263 scalae
3662 4204 3822 4280 (Gen.

2225 4320 2413 4373 xxvm,
2448 4303 2559 4376 12),
2589 4313 2642 4360 et
2668 4302 2872 4359 Danieli
2898 4303 3032 4375 lapis
3062 4304 3317 4375 praecisus
3347 4303 3462 4359 sine
3489 4301 3733 4358 manibus
3762 4310 3823 4357 et

2225 4406 2415 4453 auctus
2461 4395 2515 4451 in
2562 4403 2798 4451 montem
2828 4394 2991 4467 (Dan.
3023 4411 3098 4461 ιι,
3129 4395 3228 4464 54,
3266 4393 3387 4465 55),
3436 4402 3489 4450 et
3527 4394 3684 4449 Petro
3732 4392 3825 4448 ille

2227 4490 2406 4546 discus
2454 4488 2588 4563 (Act.
2616 4506 2686 4555 ι,
2734 4485 2859 4560 ll),
2908 4497 2961 4543 et
2987 4485 3178 4543 Joanni
3219 4497 3326 4542 tam
3369 4485 3536 4541 multa
3559 4483 3740 4558 (Apoc.
3781 4499 3824 4549 ι,

2228 4579 2348 4648 etc.)
2390 4598 2404 4636 :
2438 4581 2550 4634 sive
2589 4581 2701 4633 sola
2742 4576 3010 4633 locutione
3052 4576 3119 4632 ad
3159 4575 3406 4632 eumdem
3439 4573 3654 4631 modum
3682 4574 3825 4643 ligu-

2228 4680 2435 4735 reutur,
2479 4669 2616 4725 sicut
2640 4667 2859 4724 Cantica
2886 4667 3212 4723 canticorum
3241 4666 3460 4736 (Cantia.
3486 4681 3543 4733 ι,
3570 4661 3689 4735 etc.)
3708 4705 3723 4731 ,
3756 4670 3815 4718 et

2227 4763 2371 4835 quod
2416 4763 2469 4817 in
2512 4762 2803 4833 Evangelia
2846 4761 2970 4816 fecit
3019 4767 3170 4831 pater
3209 4760 3434 4814 familias
3472 4757 3680 4829 nuptias
3712 4756 3827 4813 filio

2228 4871 2327 4913 suo
2350 4855 2562 4925 (Matth.
2590 4870 2736 4919 χχιι,
2764 4851 2923 4926 2-14)
2946 4895 2960 4919 ,
3006 4861 3061 4907 et
3095 4852 3258 4907 homo
3283 4848 3497 4923 quidam
3524 4848 3659 4905 duos
3683 4848 3825 4905 ﬁlios

2228 4947 2435 5012 habuit,
2464 4946 2599 5017 frugi
2626 4954 2680 5002 et
2704 4946 3033 5000 luxuriosum
3055 4942 3206 5015 (Luc.
3224 4959 3315 5010 xv,
3336 4940 3551 5013 11-52),
3582 4950 3637 4995 et
3658 4939 3827 4995 homo

2228 5038 2442 5111 quidam
2472 5036 2755 5092 novellavit
2777 5038 3007 5101 vineam,
3037 5043 3090 5089 et
3108 5034 3301 5089 locavit
3328 5030 3571 5104 agricolis
3601 5028 3821 5101 (Matth.

2230 5146 2347 5199 ut,
2375 5129 2491 5201 '53).
2514 5128 2595 5185 Tu
2622 5142 2752 5183 vero
2771 5126 3039 5198 praecipue
3080 5122 3426 5179 Manichreum
3454 5121 3523 5177 ob
3553 5120 3657 5176 hoc
3680 5136 3825 5193 pra:-

2229 5223 2377 5279 dicas
2396 5264 2411 5289 ,
2453 5219 2594 5291 quod
2624 5234 2732 5276 non
2756 5218 2825 5273 ad
2861 5217 2986 5273 talia
3015 5216 3235 5272 dicenda
3253 5257 3269 5284 ,
3298 5213 3393 5271 sed
3420 5212 3595 5283 potius
3614 5211 3682 5267 ad
3708 5212 3823 5268 sol-

2230 5315 2403 5372 venda
2427 5314 2644 5369 ultimus
2668 5310 2875 5368 venerit
2908 5328 2921 5365 :
2954 5318 3012 5365 ut
3031 5317 3083 5365 et
3108 5308 3290 5379 figuris
3308 5307 3647 5377 antiquorum
3666 5319 3827 5375 aper-

2230 5410 2299 5465 tis
2322 5451 2338 5477 ,
2379 5416 2432 5465 et
2458 5407 2567 5463 suis
2596 5402 2989 5462 narrationibus
3014 5417 3078 5457 ac
3102 5398 3549 5471 disputationibus
3587 5396 3826 5453 evidenti

2230 5503 2348 5558 luce
2391 5500 2645 5573 prolatis,
2693 5496 2841 5555 nullo
2874 5511 2935 5553 se
2969 5494 3261 5551 occultaret
3298 5492 3599 5563 aenigmate.
3653 5488 3829 5549 Addis

2230 5608 2352 5652 eam
2382 5594 2403 5626 ³
2432 5588 2865 5663 praesumptionis
2908 5588 3068 5659 hujus
3108 5599 3355 5653 causam,
3400 5581 3545 5654 quod
3572 5579 3830 5639 videlicet

2295 5742 2319 5837 ζ
2346 5738 2899 5863 ξὲἳᾶἓέὧῗέρῶῗξ
2916 5795 3041 5860 loco,
3060 5807 3184 5860 eam,
3212 5793 3383 5856 habet,
3406 5788 3567 5844 etiam
