4052 6456
249 490 474 562 antiqui,
496 498 555 546 ut
574 489 770 564 ﬁguras
792 489 1096 562 huiusmodi
1113 489 1200 548 vel
1215 488 1476 556 viderent,
1498 489 1582 545 vel
1596 493 1834 560 agerent,

251 585 334 638 vel
371 582 659 654 dicerent,
704 585 946 642 sciebant
972 585 1133 641 istum
1161 591 1345 658 postea
1383 591 1662 640 venturum
1684 623 1699 649 ,
1742 594 1839 660 per

245 688 406 739 quem
435 684 632 732 cuncta
660 675 1137 732 manifestarentur
1165 694 1179 732 :
1208 675 1308 732 iste
1335 685 1535 742 autem,
1567 674 1656 744 qui
1678 672 1840 730 sciret

243 775 361 836 post
390 780 453 822 se
490 769 762 825 neminem
789 769 1131 836 adfuturum,
1185 769 1476 824 sententias
1518 781 1641 822 suas
1678 766 1837 822 nullis

243 856 556 927 allegoricis
584 860 894 930 ambagibus
925 869 1152 917 texeret.
1175 859 1310 928 Quid
1328 873 1454 928 ergo
1477 858 1598 913 facit
1619 857 1837 913 allectus

245 956 364 1002 tuus
385 947 676 1006 desideriis
704 952 1002 1008 carnalibus
1026 939 1294 1017 sordidus,
1322 950 1376 1005 in
1391 949 1594 1020 campis
1615 958 1669 1004 et
1685 964 1836 1004 mon—

247 1039 384 1094 tibus
415 1043 758 1108 nemorosis,
805 1052 859 1100 et
901 1044 1112 1099 coronis
1155 1042 1372 1111 ﬂoreis,
1420 1052 1474 1097 et
1513 1040 1837 1098 scatentibus

243 1132 622 1190 aromatibus?
665 1133 724 1190 Si
747 1149 854 1190 non
880 1143 1006 1192 sunt
1037 1135 1318 1204 aenigmata
1359 1133 1579 1191 rationis
1601 1172 1618 1199 ,
1666 1132 1835 1202 phan-

244 1230 474 1276 tasmata
520 1232 644 1280 sunt
683 1226 1054 1298 cegitationis,
1093 1235 1185 1280 aut
1227 1226 1473 1282 vecordia
1516 1225 1728 1282 furoris.
1779 1223 1835 1281 Si

241 1329 371 1370 vero
389 1317 679 1388 aenigmata
700 1333 820 1376 esse
833 1319 1100 1387 dicuntur,
1126 1335 1222 1376 cur
1235 1335 1342 1375 non
1365 1318 1501 1391 fugis
1516 1319 1833 1387 adulterum,

237 1415 488 1474 apertam
513 1409 814 1477 veritatem,
844 1418 901 1466 ut
925 1410 1128 1478 illiciat,
1157 1411 1572 1480 promittentem,
1601 1418 1656 1466 et
1675 1409 1835 1466 fabu~

239 1495 354 1553 1053
377 1497 590 1553 fallacia
616 1514 748 1571 quos
770 1500 996 1556 illexerit
1024 1499 1370 1556 illudentetn?
1395 1501 1580 1555 Nonne
1601 1501 1831 1556 ministri

247 1585 404 1656 ejus,
447 1599 502 1643 et
542 1589 644 1660 ipsi
669 1591 853 1646 miseri
891 1591 1087 1647 talibus
1108 1592 1428 1647 vanitatibus
1456 1592 1735 1658 venenati,
1780 1591 1834 1647 in

245 1674 410 1732 hamo
435 1691 536 1734 suo
567 1680 746 1736 solent
773 1680 911 1736 hanc
947 1696 1124 1738 escam
1158 1681 1227 1738 de
1259 1682 1425 1736 Paulo
1464 1682 1707 1753 apostolo
1735 1697 1832 1753 po-

239 1781 377 1822 nere
397 1808 415 1834 ,
445 1768 539 1824 ubi
563 1770 642 1825 ait
669 1788 684 1826 :
716 1769 802 1826 Ea:
834 1780 978 1842 parte
1003 1773 1136 1826 enim
1164 1771 1370 1838 scimus,
1395 1780 1442 1827 et
1461 1788 1522 1826 ea;
1545 1781 1688 1842 parte
1709 1787 1833 1843 pro-

239 1859 549 1929 phetarum;
579 1877 696 1916 cum
715 1872 884 1918 autem
911 1864 1095 1917 uenerit
1113 1863 1247 1932 quod
1267 1863 1541 1932 perfectum
1569 1870 1641 1916 est
1658 1903 1672 1927 ,
1700 1862 1836 1932 quod

245 1969 314 2006 ea:
331 1964 482 2023 parte
503 1963 602 2022 est,
623 1959 920 2026 auferetur;
948 1964 1023 2020 et,
1063 1953 1298 2009 Videmus
1313 1971 1446 2008 nunc
1465 1970 1553 2024 per
1576 1954 1836 2017 speculum

243 2045 296 2099 in
319 2046 630 2116 aenigmate,
662 2055 780 2101 tunc
817 2057 986 2101 autem
1011 2046 1142 2117 facie
1169 2047 1236 2101 ad
1267 2047 1450 2116 faciem
1487 2045 1531 2118 (Ι
1559 2046 1677 2102 Cor.
1707 2061 1832 2114 xm,
1866 2047 1867 2050 “

245 2137 314 2201 9,
347 2138 440 2202 lo,
473 2138 610 2209 l2)?
657 2137 730 2197 Ut
769 2138 974 2196 scilicet
1013 2139 1290 2209 apostolus
1334 2137 1531 2194 Paulus
1571 2152 1642 2192 ex
1686 2146 1837 2208 parte

243 2230 463 2296 scierit,
489 2239 546 2286 et
567 2246 636 2291 ex
655 2238 808 2301 parte
830 2231 1254 2302 prophetaverit,
1283 2245 1377 2301 per
1402 2229 1678 2303 speculum
1697 2238 1755 2286 et
1781 2230 1839 2285 in
1861 2220 1864 2223 ’

244 2321 538 2389 aenigmate
556 2322 762 2386 videns,
785 2323 924 2394 quod
950 2332 1120 2380 totum
1137 2321 1479 2379 auferendum
1497 2331 1579 2379 est
1593 2321 1839 2378 veniente

245 2409 567 2478 Manichaee,
596 2422 652 2468 et
681 2413 938 2472 “ferente
960 2413 1105 2485 quod
1137 2416 1426 2485 perfectum
1450 2423 1555 2483 est,
1585 2414 1681 2470 ubi
1703 2412 1839 2470 facie

243 2503 314 2556 ad
343 2501 538 2560 faciem
562 2505 756 2562 veritas
772 2507 790 2538 ⁸
817 2507 1074 2565 videatur.
1105 2507 1390 2577 Olesciva,
1408 2508 1701 2574 immunda,
1721 2508 1839 2564 sine

251 2593 430 2651 fronte
457 2596 630 2653 adhuc
648 2599 748 2654 ista
769 2600 972 2670 garris,
1001 2600 1176 2664 adhuc
1214 2602 1389 2672 pascis
1415 2610 1602 2658 ventos
1618 2639 1636 2670 ,
1665 2599 1840 2657 adhuc

249 2687 594 2756 amplecteris
619 2690 760 2748 idola
784 2691 963 2748 cerialis
992 2693 1071 2748 tui
1093 2695 1106 2748 l
1137 2693 1284 2749 itane
1313 2701 1371 2749 tu
1395 2692 1530 2749 faeie
1554 2693 1624 2748 ad
1649 2693 1837 2749 faciem

249 2779 430 2835 vidisti
451 2793 759 2852 regnantem
783 2799 966 2856 regem
991 2786 1394 2857 seeptrigerum,
1424 2785 1603 2843 ﬂoreis
1626 2786 1840 2844 coronis

247 2871 511 2940 cinctum,
542 2883 600 2930 et
621 2873 854 2930 deorum
871 2877 1104 2947 agmina,-
1135 2885 1192 2932 et
1217 2876 1704 2947 splenditencntem
1727 2890 1842 2931 ma-

249 2977 420 3034 gnum
445 2967 504 3034 ’,
549 2981 647 3022 sex
684 2968 860 3024 vultus
902 2978 956 3024 et
991 2985 1085 3026 om
1122 2969 1414 3038 ferentem,
1449 2970 1841 3039 micantemque

254 3053 490 3122 lumine;
521 3066 578 3112 et
601 3058 826 3116 alterum
854 3073 1039 3131 regem
1059 3060 1278 3117 honoris
1296 3101 1310 3127 ,
1333 3062 1654 3133 Angelorum
1682 3075 1839 3116 exer-

255 3147 448 3202 citibus
476 3149 896 3218 circumdatum;
923 3161 978 3208 et
1001 3153 1229 3209 alterum
1257 3152 1593 3209 adamantem
1619 3153 1840 3210 heroem

253 3236 568 3309 belligerum
593 3241 822 3308 ;.detttra
849 3243 1054 3298 hastam
1083 3252 1374 3312 tenentem,
1405 3253 1461 3302 et
1487 3244 1702 3300 sinistra
1726 3243 1844 3315 cly-

257 3345 448 3401 peum;
478 3341 538 3388 et
561 3333 787 3392 alterum
815 3335 1102 3406 gloriosum
1139 3349 1320 3406 regem
1350 3345 1463 3392 tres
1481 3343 1628 3392 rotas
1653 3336 1845 3406 inspol-

259 3423 456 3479 lentem
482 3424 504 3456 ³
523 3465 540 3492 ,
571 3425 742 3496 ignis,
768 3442 956 3497 aqua},
975 3436 1032 3483 et
1055 3428 1228 3494 venti;
1254 3436 1310 3484 et
1335 3427 1624 3487 maximum
1653 3427 1842 3484 Atlan-

260 3521 366 3570 tem
406 3515 670 3574 mundum
704 3515 968 3576 ferentem
1005 3518 1278 3584 humeris,
1314 3527 1370 3574 et
1414 3535 1540 3576 eum
1560 3534 1703 3590 genu
1733 3517 1843 3576 ﬁxo

259 3603 493 3660 brachiis
506 3608 757 3678 utrinque
780 3605 803 3640 ⁸
822 3622 978 3666 secus
1002 3609 1341 3669 inhiantem?
1363 3610 1489 3666 Haec
1509 3619 1566 3668 et
1577 3609 1678 3666 alia
1698 3610 1844 3666 mille

261 3705 506 3765 portenta
526 3705 584 3753 tu
605 3697 739 3755 faeie
753 3699 821 3757 ad
843 3698 1034 3757 faciem
1047 3700 1248 3769 vidisti,
1268 3716 1340 3758 an
1360 3700 1476 3757 haec
1494 3701 1588 3758 tibi
1603 3700 1841 3756 doctrina

263 3785 652 3846 daemoniorum
689 3791 1214 3863 meudeeiloquornm
1255 3808 1350 3863 per
1375 3807 1468 3848 ora
1498 3793 1840 3864 deceptorum

259 3887 464 3946 cantat,
491 3889 545 3936 et
569 3879 785 3938 neseis?
817 3881 907 3938 Va:
933 3882 1045 3949 tibi,
1073 3883 1296 3940 infelix!
1324 3884 1657 3954 ecceqttibes
1677 3885 1845 3953 phan-

265 3969 582 4025 tasmatibns
597 3973 985 4042 ωειδδιιριιιιειθν
1003 3989 1128 4033 cnes
1151 3989 1284 4045 quas
1307 3976 1566 4031 vanitates
1586 3991 1684 4046 pro
1706 3975 1846 4031 veri-

269 4067 384 4115 tate
409 4061 623 4117 lambis:
646 4073 700 4119 et
719 4065 1047 4135 serpentinis
1067 4066 1272 4135 poculis
1287 4066 1456 4134 ebria,
1481 4067 1549 4122 de
1576 4067 1845 4138 diptychio
1869 4111 1871 4114 ‹

266 4151 495 4223 lapideo
513 4154 678 4212 audes
705 4157 962 4214 insultare
986 4159 1266 4216 matonall
1295 4159 1624 4216 verecundiae
1655 4159 1846 4230 conin-

263 4248 346 4318 gis
370 4248 514 4302 unici
545 4248 667 4305 Filii
687 4250 781 4309 Dei
805 4268 820 4316 ;
866 4251 996 4322 quia.
1025 4251 1116 4307 ille
1145 4252 1259 4323 iam
1281 4261 1386 4308 Ion
1415 4253 1515 4308 sub
1541 4252 1847 4324 paedagogio

264 4338 421 4410 Legis
449 4340 474 4371 ⁵
496 4379 516 4406 ,
539 4341 636 4396 sed
659 4340 764 4398 sub
785 4343 1094 4413 magisterio
1107 4344 1319 4415 gratiae,
1349 4359 1448 4400 nec
1468 4345 1697 4417 superba
1721 4359 1848 4414 ope-

265 4431 412 4486 ribus
435 4473 451 4496 ,
498 4447 601 4490 nec
635 4433 801 4490 fracta
831 4435 1157 4504 terroribus,
1195 4435 1327 4492 vivit
1363 4452 1430 4492 ex
1460 4435 1566 4492 ﬁde
1588 4444 1644 4492 et
1671 4451 1769 4508 spe
1794 4445 1850 4494 et

268 4521 529 4579 charitate
550 4559 572 4590 ,
595 4523 732 4582 iacta
754 4523 940 4593 ιπερὶ,
969 4527 1028 4582 in
1047 4541 1156 4599 quo
1177 4526 1343 4584 dolus
1363 4542 1470 4583 non
1499 4537 1581 4584 est
1599 4527 1785 4600 (toan.
1807 4544 1843 4594 ι,

241 4608 358 4687 ’45)
377 4657 394 4684 ,
424 4625 482 4672 et
505 4617 730 4678 audiens
751 4620 896 4690 Quod
915 4619 997 4675 ibi
1017 4620 1274 4690 scriptum
1297 4628 1381 4678 at
1397 4661 1413 4687 ,
1443 4618 1693 4676 Dominus
1710 4619 1850 4676 Deus

271 4714 420 4772 tau,
459 4705 603 4762 Dm
637 4709 1848 4782 mu-M(Deut.vr,&):quodtnnonan—

271 4795 454 4865 diens,
491 4798 548 4853 in
573 4805 684 4858 tam
711 4799 903 4860 nudius
927 4801 1084 4859 ﬁctos
1104 4800 1240 4860 deos
1269 4799 1676 4861 fornicationem
1703 4809 1846 4858 tuam

272 4887 544 4945 diﬁudisti.

340 4979 571 5036 CAPUT
600 4979 713 5040 Ἧι.
740 5010 816 5025 --
861 4981 1142 5051 Quomodo
1183 4997 1290 5039 non
1333 4983 1446 5039 sint
1487 4983 1581 5038 tibi
1623 4982 1851 5038 inimicae

276 5070 374 5126 illas
401 5072 642 5141 Tabulae,
669 5074 726 5130 in
741 5075 933 5145 mribus
947 5076 1236 5134 secundum
1259 5085 1583 5149 praeceptum
1606 5085 1707 5144 est,
1730 5075 1851 5132 Non

275 5165 488 5236 accipies
532 5167 594 5222 in
627 5179 812 5224 sanum
837 5184 1017 5225 mn
1051 5169 1259 5226 Domini
1299 5168 1408 5228 Dei
1429 5172 1506 5226 tui
1535 5170 1726 5243 (Exod.
1757 5187 1848 5240 xx,

281 5253 361 5324 '1);
385 5256 816 5330 quandoquidem
833 5268 892 5316 tu
915 5261 1076 5316 etiam
1099 5260 1584 5332 ipsum-abietum,
1606 5262 1697 5334 qui
1719 5275 1850 5334 pro-

281 5355 394 5417 pter
435 5349 684 5408 carnales
704 5365 738 5406 a
761 5352 964 5409 carnali
1002 5352 1239 5410 vanitate
1271 5353 1608 5410 mandandos
1631 5395 1646 5419 ,
1689 5354 1851 5410 etiam

337 5462 358 5530 ξ
389 5465 624 5526 verbum,
641 5463 833 5530 verum,
855 5465 996 5530 abest
1009 5477 1039 5518 ι
1058 5465 1278 5529 pluribus
1297 5468 1650 5530 mantiscriptis.

339 5525 360 5593 ξ
389 5531 467 5593 ιίις2
489 5533 548 5593 _et
560 5525 1039 5593 ωινεριριιάθιιιεηι
1061 5525 1262 5593 lignum.
1275 5537 1384 5593 ‘Am.
1401 5542 1513 5593 cum
1525 5525 1708 5593 aliquot
1720 5535 1850 5592 Mss,

282 5582 529 5659 ερξεηιζξᾴε
806 5602 1047 5652 magnum.
1075 5582 1164 5640 A'iii
1177 5589 1370 5655 quidam
1393 5592 1557 5654 probae
1581 5582 1707 5644 n'otaa
1724 5582 1850 5653 Mss,

343 5833 366 5881 ι
395 5836 468 5891 Sic
487 5834 736 5896 nam
759 5833 1049 5904 summa
1065 5836 1326 5904 pwdagogo
1347 5837 1498 5904 Legit.

1444 370 1650 432 LIBER
1685 365 1979 440 QUINTUS
2014 369 2331 434 DECIMUS.

3426 381 3530 440 510

1943 488 2149 544 carneis
2174 489 2340 548 oculis
2363 503 2519 547 verus
2546 491 2599 547 in
2624 492 2846 548 veritate
2870 493 3046 548 carnis
3074 499 3291 550 exortus
3314 503 3429 560 est,
3474 495 3529 548 in

1942 577 2164 636 fallacia:
2190 579 2424 639 vanitate
2462 584 2719 654 posuisti?
2765 581 3044 651 Quomodo
3070 584 3162 640 tibi
3205 599 3311 639 non
3341 583 3410 640 sit
3433 584 3524 639 ad-

1942 686 2154 727 versum
2198 673 2411 730 tertium
2459 685 2780 745 praeceptum
2809 675 2876 731 de
2912 675 3118 730 sabbati
3158 665 3364 746 reqth,
3410 689 3528 744 quas

1941 770 2018 817 tot
2058 759 2427 834 figmentorum
2476 757 2812 822 illusionibus
2842 767 3074 838 inquieta
3101 766 3276 821 anima
3306 765 3530 823 ventila-

1941 853 2059 908 ris?
2090 853 2213 909 llaec
2251 855 2348 910 tria
2383 867 2646 929 praecepta
2675 858 2939 930 quomodo
2982 858 3282 929 pertineant
3306 856 3370 912 ad
3396 858 3529 913 dile-

1942 947 2170 1003 ctionem
2198 948 2292 1004 Dei
2314 992 2328 1018 ,
2367 951 2579 1021 quando
2605 953 2803 1023 capies,
2844 952 3056 1025 quando
3085 952 3280 1024 sapies,
3316 939 3528 1022 quando

1941 1039 2187 1095 amabis?
2235 1039 2586 1097 Immoderata
2614 1058 2705 1110 es,
2758 1052 2812 1099 ct
2845 1041 3017 1111 larda,
3065 1052 3118 1098 et
3147 1043 3476 1100 contentiosa
3514 1059 3527 1096 :

1943 1131 2180 1186 tutnuisti
2201 1172 2215 1198 ,
2249 1132 2532 1198 evanuisti,
2561 1125 2776 1198 viluisti,
2809 1135 3086 1190 excessisti
3113 1133 3328 1189 modum
3357 1142 3526 1200 tuum,

1939 1219 2163 1291 turpasti
2190 1222 2437 1278 decorem
2471 1218 2637 1290 tuum,
2677 1225 2899 1280 turbasti
2921 1221 3160 1281 ordinem
3189 1233 3354 1280 tuum.
3385 1223 3529 1280 Talis

1941 1312 2079 1382 apud
2113 1322 2164 1368 te
2193 1313 2264 1368 fui
2293 1357 2306 1379 ,
2339 1314 2465 1368 novi
2495 1325 2562 1370 te.
2599 1315 2715 1383 Quo
2737 1324 2888 1385 pacto
2913 1332 3040 1387 ergo
3063 1325 3115 1372 te
3140 1333 3278 1372 nunc
3304 1315 3523 1371 doceam

1941 1403 2057 1460 ιιωο
2087 1405 2182 1460 tria
2221 1418 2483 1477 praecepta
2510 1407 2577 1464 ad
2612 1407 2949 1464 dilectionem
2997 1399 3091 1464 Dei
3124 1409 3392 1481 pertinere
3415 1449 3430 1478 ,
3462 1423 3528 1462 ex

1940 1512 2045 1567 quo
2065 1542 2079 1565 ,
2125 1507 2179 1552 et
2219 1505 2315 1568 per
2345 1515 2532 1570 quem,
2578 1508 2631 1555 et
2658 1500 2710 1554 in
2741 1515 2845 1570 quo
2871 1508 2995 1555 sunt
3026 1501 3202 1556 omnia
3233 1491 3411 1571 (Rom.
3446 1515 3525 1566 ιιι,

1941 1575 2073 1659 '50)?
2095 1587 2248 1670 Unde
2270 1583 2368 1645 ltoc
2395 1577 2662 1661 intelligis,
2689 1589 2902 1662 quando
2931 1605 3030 1646 nec
3053 1581 3138 1645 illa
3161 1599 3384 1660 septem,
3405 1604 3525 1661 quae

1939 1678 2007 1734 ad
2034 1677 2375 1737 dilectionem
2423 1681 2647 1752 proximi
2692 1682 2958 1752 pertinent
2994 1696 3097 1752 qua
3134 1679 3379 1736 humanae
3407 1680 3530 1735 vitae

1940 1771 2167 1827 societas
2213 1772 2546 1840 continetur,
2587 1773 2785 1828 erroris
2817 1773 2890 1828 tui
2926 1770 3244 1844 detestanda
3267 1770 3528 1841 perversi-

1940 1870 2051 1920 tate
2095 1879 2253 1921 nosse
2296 1861 2456 1936 atque
2495 1863 2782 1922 observare
2823 1863 3184 1936 permitteris?
3235 1861 3292 1918 ln
3340 1859 3531 1932 quibus

1941 1955 2248 2012 mandatum
2287 1957 2514 2028 primunt
2543 1968 2655 2024 est,
2706 1955 2917 2012 Honora
2950 1967 3144 2029 patrem
3182 1964 3322 2010 tuum
3352 1963 3398 2009 et
3422 1971 3532 2008 ma-

1943 2055 2069 2100 trem
2103 2058 2241 2101 tuam
2273 2064 2291 2102 :
2321 2047 2462 2119 quod
2500 2057 2555 2103 ct
2592 2047 2787 2104 Paulus
2815 2055 3198 2104 commemorat
3225 2045 3531 2101 mandatum

1941 2139 2172 2210 primunt
2203 2141 2255 2194 in
2283 2141 2703 2211 repromissione
2721 2181 2737 2208 ,
2766 2139 2951 2195 eadem
2976 2148 3134 2210 atque
3159 2138 3339 2194 itidem
3369 2137 3530 2193 etiam

1941 2229 2056 2302 ipse
2079 2231 2391 2304 praecipiens
2418 2231 2612 2304 (Exod.
2645 2248 2747 2299 xx,
2780 2232 2876 2298 l2,
2905 2242 2951 2286 et
2981 2229 3172 2302 Epltes.
3202 2247 3257 2286 vr
3281 2270 3296 2296 ,
3325 2230 3402 2301 2).
3448 2228 3531 2285 Tu

1943 2333 2122 2379 autem
2150 2323 2392 2379 doctrina
2420 2324 2747 2380 daemoniaca
2778 2325 2796 2357 ¹
2823 2323 3052 2380 didicisti
3082 2323 3327 2379 inimicos
3359 2322 3530 2394 depu-

1945 2422 2060 2470 tare
2088 2424 2335 2486 parcntes
2360 2424 2481 2472 tuos
2498 2458 2514 2482 ,
2559 2414 2701 2487 quod
2723 2426 2773 2472 te
2793 2431 2890 2487 per
2917 2415 3255 2472 concubitum
3285 2416 3338 2470 in
3367 2430 3531 2472 carne

1943 2506 2261 2578 ligaverint,
2307 2517 2361 2564 et
2401 2506 2504 2565 hoc
2537 2509 2698 2564 modo
2742 2506 2922 2579 utique
2960 2507 3060 2564 dco
3100 2517 3189 2563 tuo
3230 2506 3531 2563 immundas

1944 2598 2230 2668 compedes
2261 2597 2628 2670 imposuerint.
2671 2597 2808 2654 lI’inc
2845 2598 3004 2654 etiam
3030 2613 3360 2670 consequens
3389 2613 3531 2669 prte-

1944 2699 2158 2760 ceptttm
2179 2731 2194 2756 ,
2226 2691 2371 2763 quod
2396 2699 2510 2758 est,
2546 2689 2668 2747 Non
2705 2691 3030 2749 mwcltaberis
3055 2733 3070 2760 ,
3102 2693 3173 2748 ita
3199 2692 3437 2760 violatis,
3471 2700 3534 2749 ut

1945 2784 2050 2840 hoc
2078 2785 2309 2841 maxime
2335 2785 2388 2839 in
2413 2785 2694 2856 conjugio,
2723 2785 3058 2842 dctestemini
3079 2826 3094 2853 ,
3120 2785 3261 2857 quod
3292 2785 3384 2840 filii
3411 2799 3534 2856 pro-

1945 2885 2234 2944 creantur;
2279 2892 2343 2934 ac
2368 2877 2445 2933 sic
2482 2877 2766 2932 Auditorcs
2805 2886 3049 2947 vestros,
3095 2871 3222 2933 dum
3249 2885 3438 2933 cavent
3463 2892 3535 2933 ne

1944 2969 2157 3024 feminae
2193 2967 2386 3040 quibus
2412 2970 2703 3024 miscentur
2729 2968 3067 3039 concipiant,
3121 2968 3282 3024 etiam
3309 2983 3535 3024 uxorum

1946 3059 2218 3116 adulteros
2245 3059 2470 3117 faciatis.
2505 3061 2712 3115 Ducunt
2744 3062 2885 3116 enim
2911 3075 3002 3116 eas
3027 3075 3095 3116 ex
3119 3061 3236 3130 lege
3253 3058 3533 3116 matrimo-

1947 3150 2044 3219 nii,
2072 3151 2266 3206 tabulis
2285 3150 2753 3222 proclamantibus,
2774 3149 3060 3206 liberorum
3078 3151 3533 3222 procreandorum

1948 3256 2109 3298 causa
2144 3261 2156 3298 :
2187 3251 2242 3298 et
2267 3252 2441 3298 vestra
2489 3243 2628 3314 lege,
2666 3251 2963 3299 metuentes
2999 3259 3066 3298 ne
3103 3243 3416 3314 particulam
3440 3241 3533 3300 dei

1939 3332 2030 3410 sui
2069 3333 2316 3391 sordibus
2355 3333 2531 3390 carnis
2557 3333 2827 3402 alliciant,
2870 3334 2937 3390 ad
2974 3335 3290 3406 explendam
3331 3343 3535 3390 tantum

1948 3415 2227 3483 libidinem
2257 3426 2466 3482 feminis
2506 3426 2772 3497 impudica
2797 3425 3174 3498 conjunctione
3206 3428 3531 3494 miscentur;

1948 3517 2091 3576 ﬁlios
2137 3530 2312 3575 autem
2359 3519 2517 3575 inviti,
2559 3521 2894 3592 suscipiunt,
2943 3528 3161 3592 propter
3189 3520 3331 3592 quod
3357 3521 3533 3577 solum

1948 3612 2191 3684 conjugia
2221 3612 2515 3684 conulanda
2543 3621 2685 3668 sunt.
2709 3607 3009 3682 Quomodo
3037 3628 3165 3686 ergo
3207 3628 3314 3668 non
3354 3612 3535 3683 prohi-

1948 3703 2044 3760 bes
2074 3704 2297 3771 nuberc,
2325 3704 2469 3776 quod
2490 3703 2557 3760 de
2588 3714 2640 3761 te
2666 3713 2813 3760 tanto
2841 3713 2964 3761 ante
2984 3703 3229 3775 praedixit
3248 3704 3534 3776 Apostolus

1953 3793 1996 3867 (l
2025 3783 2159 3851 Tim.
2188 3811 2259 3863 tv,
2287 3796 2376 3868 5),
2417 3796 2630 3867 quando
2667 3796 2722 3853 id
2749 3797 2958 3852 conaris
2977 3795 3189 3855 auferre
3214 3795 3281 3852 de
3311 3795 3534 3866 nuptiis,

1949 3887 2092 3944 unde
2112 3893 2234 3942 sunt
2263 3888 2504 3958 nuptiae?
2549 3886 2666 3956 Quo
2690 3887 2867 3944 ablato
2882 3928 2899 3956 ,
2925 3886 3102 3944 mariti
3131 3894 3288 3942 erunt
3310 3887 3536 3964 turpiter

1950 3987 2259 4047 amatores;
2304 3979 2653 4046 meretrices,
2698 3992 2930 4046 uxores;
2975 3978 3235 4045 thalami,
3267 3978 3534 4046 fornices;

1941 4073 2156 4142 soceri,
2197 4073 2440 4130 lenones.
2488 4074 2568 4129 Ac
2592 4088 2689 4144 per
2716 4072 2818 4128 hoc
2843 4072 3003 4129 etiam
3033 4071 3164 4129 illud
3188 4080 3533 4145 praeceptum,

1950 4165 2092 4238 quod
2112 4173 2210 4230 est,
2236 4164 2358 4221 Non
2386 4165 2600 4232 occides,
2619 4180 2686 4220 ex
2700 4163 2938 4235 eiusdem
2966 4165 3164 4222 erroris
3192 4164 3538 4237 perversitate

1951 4273 2058 4313 non
2101 4271 2304 4313 servas.
2353 4257 2488 4313 Dum
2533 4256 2674 4312 enim
2721 4257 2878 4314 times
2901 4271 2974 4313 ne
2999 4255 3085 4312 dei
3120 4257 3200 4311 ttti
3236 4256 3538 4312 membrum

1947 4351 2145 4422 ligetur
2171 4351 2224 4406 in
2253 4364 2448 4415 carne,
2493 4364 2602 4404 non
2635 4347 2731 4405 das
2761 4348 3016 4405 esurienti
3052 4362 3243 4420 penem
3271 4366 3285 4403 :
3318 4347 3408 4407 hic
3429 4345 3538 4403 for.

1954 4441 2162 4498 midans
2187 4439 2529 4496 homicidium
2571 4439 2797 4506 falsum,
2842 4439 2952 4495 illic
2979 4448 3253 4510 perpetras
3277 4453 3466 4495 verum
3491 4441 3536 4494 ².

1953 4534 2139 4606 Itaque
2163 4535 2209 4588 si
2246 4533 2486 4588 incurras
2511 4533 2566 4588 in
2592 4547 2714 4588 eum
2744 4530 3046 4588 famelicum
3069 4531 3160 4603 qui
3183 4531 3318 4587 mori
3348 4529 3533 4602 possit,

1954 4627 2058 4682 nisi
2100 4626 2277 4682 cibum
2319 4623 2641 4697 porrigendo
2677 4623 2994 4690 subvenias;
3035 4623 3148 4695 jam
3177 4632 3233 4678 tu
3271 4621 3539 4678 homicida

1957 4720 2222 4777 teneberis
2253 4729 2346 4776 aut
2371 4720 2488 4790 lege
2512 4718 2644 4784 Dei,
2684 4718 2730 4774 si
2758 4733 2866 4773 non
2897 4717 3147 4784 dederis;
3172 4724 3264 4771 aut
3285 4716 3402 4787 lege
3428 4714 3539 4770 Ma-

1954 4811 2182 4877 nicbaei,
2227 4810 2274 4867 si
2302 4808 2535 4866 dederis.
2587 4807 2724 4878 Quid
2750 4816 2941 4864 caetera
2967 4807 3213 4878 Decalogi
3250 4813 3533 4877 praecepta,

1956 4903 2225 4977 quomodo
2259 4900 2530 4959 servabis?
2567 4901 2651 4956 An
2679 4916 2710 4956 a
2739 4898 2883 4956 furto
2907 4899 3176 4956 abstineas
3197 4937 3216 4966 ,
3255 4905 3315 4952 ut
3357 4895 3540 4953 nescio

1957 4997 2076 5070 quis
2113 5010 2304 5066 panem
2323 5035 2338 5062 ,
2387 5007 2483 5050 seu
2508 4992 2801 5064 quamlibet
2823 5005 3001 5048 escam
3029 4989 3084 5046 in
3111 4989 3221 5046 suis
3244 4986 3541 5044 visceribus

1956 5087 2349 5155 trucidandam,
2376 5085 2598 5141 devoret
2615 5084 2796 5155 potius
2812 5124 2830 5152 ,
2857 5097 3016 5156 quam
3054 5091 3110 5138 tu
3127 5119 3148 5148 ,
3175 5079 3225 5136 si
3251 5078 3425 5152 possis
3442 5119 3459 5146 ,
3489 5079 3542 5136 ei

1956 5181 2244 5252 subripias,
2277 5188 2438 5252 atque
2465 5177 2533 5234 ad
2559 5177 2825 5235 ofﬁcinam
2855 5176 3055 5233 ventris
3091 5172 3397 5242 Electorutn
3425 5182 3544 5231 tuo-

1956 5289 2077 5332 rum
2114 5285 2331 5340 curras,
2380 5279 2441 5327 ut
2482 5270 2626 5327 furto
2671 5278 2764 5326 tuo
2789 5269 2923 5326 deus
2951 5276 3072 5324 tuus
3108 5280 3209 5323 nec
3239 5265 3294 5322 in
3329 5265 3542 5338 gravius

1956 5367 2156 5424 incidat
2184 5366 2454 5423 vinculum
2471 5404 2490 5433 ,
2533 5373 2590 5422 et
2619 5379 2724 5435 quo
2747 5363 3009 5420 inciderat
3031 5362 3279 5419 eruatur?
3309 5362 3480 5418 Porro
3494 5362 3543 5418 si

1957 5463 2014 5520 in
2039 5462 2228 5520 eodem
2273 5460 2420 5518 furto
2457 5455 2962 5530 comprehendaris,
3015 5469 3194 5512 nonne
3231 5471 3328 5528 per
3368 5456 3541 5529 ipsum

1957 5555 2118 5614 deum
2167 5565 2351 5623 tuum,
2396 5568 2502 5610 non
2547 5561 2599 5609 te
2635 5550 2918 5607 abstulisse
2947 5549 3191 5620 iurabis?
3233 5548 3370 5617 Quid
3397 5547 3543 5606 enim

2024 5717 2041 5747 ι
2078 5721 2128 5764 ιιι
2152 5721 2278 5775 Mss,
2303 5709 2585 5762 daemonica.
2809 5773 2838 5776 _
2924 5775 2936 5776 ί
3034 5769 3048 5776 _
3385 5764 3420 5776 _,

2023 5779 2045 5809 ³
2080 5783 2130 5827 ιιι
2165 5769 2566 5838 e.,'perpctr¢ms
2587 5781 2769 5824 verm.
2808 5773 2884 5820 Er.
2922 5769 3065 5834 tngd.
3108 5777 3224 5821 ven.
3265 5769 3424 5819 sectrti
3456 5775 3540 5816 su-

1959 5851 2083 5894 mus.
2181 5843 2238 5888 Μ.

3093 5974 3096 5977 .
3140 5967 3192 5979 -..ι
