4052 6428
516 399 616 462 31!

517 518 612 573 tibl
647 516 884 573 facturus
925 522 1006 570 est
1045 511 1164 567 talis
1185 511 1315 567 deus
1335 552 1351 577 ,
1377 507 1464 563 cui
1494 506 1627 562 dicis
1648 545 1663 571 ,
1694 502 1910 558 Falsum
1934 497 2107 568 juravi

518 625 611 677 per
633 618 720 674 te,
766 606 859 662 sed
900 620 996 676 pro
1023 614 1108 669 te;
1150 604 1249 658 nisi
1284 601 1447 655 velles
1473 607 1530 653 ut
1565 595 1784 653 exitium
1813 593 1906 649 tibi
1949 591 2108 646 infer-

517 718 654 764 rem,
685 700 808 754 dum
837 699 1094 752 honorem
1120 691 1422 750 deferrem?
1452 692 1524 745 Ita
1555 701 1611 745 et
1643 687 1771 742 illud
1800 685 2106 741 mandatum

522 791 679 860 Legis
699 833 712 855 ,
764 789 844 842 Ne
866 788 1048 859 falsum
1072 783 1407 840 testimonium
1432 770 1592 847 dicas,
1624 785 1841 850 pr0pter
1868 775 2106 830 membra

521 883 604 938 dei
637 885 708 936 tui
736 883 814 936 sic
834 889 1141 935 contemnas
1171 878 1188 908 ί
1211 919 1224 942 ,
1259 886 1312 930 ιιι
1339 891 1399 929 ea
1431 891 1537 930 non
1559 874 1731 929 solum
1777 868 2104 935 testimonio,

519 975 611 1027 sed
646 982 699 1027 et
738 975 1042 1042 juramento
1087 968 1220 1023 falso
1246 967 1313 1022 de
1341 966 1688 1036 compedibus
1730 963 1940 1018 liberes.
1988 959 2106 1014 Jam

519 1080 648 1117 vero
673 1063 812 1132 quod
836 1063 1076 1130 sequitur
1095 1101 1109 1126 ,
1142 1058 1264 1112 Non
1294 1058 1613 1127 concupisces
1651 1069 1858 1116 uxorem
1890 1050 2108 1121 proximi

520 1155 592 1207 tui
625 1151 817 1224 (Exod.
843 1167 944 1218 xx,
976 1151 1073 1218 15,
1105 1150 1172 1205 16
1197 1191 1211 1216 ,
1244 1150 1367 1220 17),
1407 1148 1569 1204 debet
1592 1146 1728 1216 apud
1767 1154 1818 1200 te
1857 1142 2064 1212 impleri
2091 1159 2104 1196 :

521 1255 574 1297 et
603 1244 703 1297 hoc
724 1258 886 1295 unum
915 1241 1090 1307 video,
1123 1240 1264 1310 quod
1294 1239 1435 1292 nulla
1457 1238 1530 1293 tui
1556 1236 1755 1292 erroris
1784 1233 2107 1289 necessitate

519 1333 719 1388 violare
757 1333 982 1404 cogaris.
1026 1331 1131 1388 Sed
1157 1332 1202 1386 si
1243 1331 1391 1386 nefas
1430 1338 1512 1385 est
1543 1328 1824 1398 conjugem
1850 1324 2107 1394 concupi-

520 1442 672 1483 scere
709 1427 934 1482 alienam
961 1466 975 1489 ,
1012 1425 1294 1481 considera
1343 1422 1469 1494 quid
1509 1423 1578 1477 sit
1619 1418 2108 1489 concupiscendum

520 1533 578 1573 se
607 1533 907 1588 proponere
934 1517 1119 1572 alienis
1153 1534 1165 1570 :
1197 1526 1251 1571 et
1288 1513 1571 1570 recordare
1599 1512 1728 1567 deos
1755 1520 1874 1566 tuos
1911 1508 2108 1563 formo-

521 1625 612 1666 sos
640 1618 694 1665 et
717 1611 845 1665 deas
871 1610 1134 1664 formosas
1158 1650 1171 1674 ,
1206 1609 1506 1677 praebentes
1534 1621 1591 1660 se
1619 1615 1676 1660 ut
1702 1604 1952 1658 ardenter
1979 1617 2109 1657 con-

522 1701 896 1772 cupiscantur,
929 1701 1000 1755 illi
1032 1715 1061 1753 a
1091 1699 1302 1753 feminis
1322 1696 1647 1768 principibus
1670 1693 2025 1756 tenebrarum,
2053 1700 2109 1746 et

522 1795 626 1850 illa:
663 1811 694 1849 a
721 1795 972 1849 mascu'is
1011 1811 1023 1847 :
1055 1793 1247 1863 quibus
1295 1790 1539 1846 excitatis
1579 1789 1634 1844 in
1680 1786 1889 1843 fruendi
1930 1783 2108 1840 libidi-

519 1901 643 1940 nem
670 1928 684 1951 ,
745 1893 800 1940 et
840 1887 893 1939 in
938 1899 1065 1940 suos
1101 1883 1376 1953 amplexus
1425 1880 1694 1936 inhianter
1738 1875 2103 1943 aestuantibus,

521 1985 710 2032 eruant
736 1978 803 2033 ab
832 1978 909 2034 eis
944 1977 1089 2032 illum
1127 1976 1288 2030 deum
1319 1983 1464 2029 tuum
1499 1971 1695 2042 ubique
1722 1969 2103 2039 compeditum,

521 2080 579 2124 et
601 2079 742 2125 tanta
770 2085 988 2125 suorum
1017 2069 1360 2138 turpitudine,
1392 2076 1452 2122 ut
1476 2066 1609 2121 solvi
1637 2065 1835 2133 valeat,
1866 2063 2108 2133 indigen-

520 2168 650 2216 tem.
699 2160 833 2216 Nam
877 2176 989 2215 rem
1029 2160 1255 2230 proximi
1282 2173 1386 2213 non
1412 2158 1823 2226 concupiscere,
1855 2153 1995 2224 quod
2024 2158 2108 2206 est

518 2250 758 2304 ultimum
792 2249 1038 2320 Deealogi
1061 2249 1364 2303 mandatum
1390 2289 1406 2314 ,
1451 2248 1592 2302 unde
1631 2256 1814 2315 potes,
1865 2241 2105 2298 misera?

518 2339 705 2395 Nonne
739 2341 832 2395 tibi
861 2338 994 2394 deus
1021 2341 1134 2409 ipse
1164 2348 1284 2395 tuus
1314 2339 1366 2393 in
1401 2347 1538 2393 terra
1561 2338 1735 2392 aliena
1763 2351 1822 2391 se
1848 2335 2106 2390 fabricare

520 2433 777 2487 mentitur
804 2432 995 2488 saecula
1021 2446 1174 2497 nova,
1207 2431 1299 2486 ubi
1323 2439 1442 2500 post
1465 2431 1651 2485 falsam
1672 2429 1947 2486 victoriam
1970 2428 2106 2484 falso

519 2524 790 2593 triumpho
820 2524 1130 2579 tumescas?
1176 2523 1328 2590 Quod
1367 2539 1489 2578 cum
1527 2523 1688 2578 modo
1728 2524 1913 2578 insana
1951 2520 2105 2575 vani-

520 2623 629 2670 tate
653 2615 927 2670 desideras
948 2658 962 2681 ,
992 2624 1046 2670 et
1066 2615 1310 2670 eamdem
1338 2623 1532 2669 terram
1562 2614 1736 2684 gentis
1763 2612 2104 2668 tenebrarum

518 2722 726 2761 summa
748 2707 1018 2762 vicinitate
1042 2705 1352 2761 substantiae
1379 2714 1481 2760 tute
1511 2704 1762 2774 conjungi
1782 2703 1976 2769 credis,
2002 2703 2106 2756 uti-

517 2813 620 2868 que
644 2813 758 2852 rem
787 2797 1013 2866 proximi
1049 2797 1403 2867 concupiscis.
1458 2795 1647 2850 Merito
1683 2795 1778 2849 tibi
1807 2801 1890 2849 est
1919 2793 2103 2848 inimi-

518 2903 639 2943 cum
667 2888 993 2959 diptychium
1018 2929 1033 2954 ,
1078 2889 1357 2943 continens
1383 2894 1491 2941 tam
1522 2886 1660 2942 bona
1688 2884 1934 2939 mandata
1969 2883 2106 2938 mul-

520 2990 631 3034 tum
657 2981 826 3035 errori
853 2988 947 3034 tuo
984 2979 1272 3034 contraria.
1312 2978 1446 3034 Nam
1474 2978 1561 3032 illa
1604 2978 1700 3032 tria
1728 2990 1846 3046 quae
1867 2974 1932 3030 ad
1966 2974 2103 3030 dile-

520 3073 750 3127 ctionem
781 3073 872 3127 Dei
896 3073 1200 3142 pertinent,
1241 3072 1462 3128 omnino
1488 3072 1720 3142 ignoras,
1751 3069 1970 3123 omnino
1995 3081 2103 3122 non

520 3180 703 3220 servas
734 3183 746 3219 :
775 3165 890 3222 lucc
931 3173 1108 3221 autem
1151 3173 1354 3234 septem
1390 3164 1580 3235 quibus
1616 3164 1844 3218 societas
1874 3161 2105 3215 humana

522 3272 628 3309 non
652 3255 880 3320 lmditur,
911 3256 956 3310 si
982 3255 1194 3325 quando
1219 3254 1477 3320 custodis,
1506 3260 1595 3307 aut
1621 3250 1825 3324 pudore
1846 3251 2107 3321 reprime-

518 3346 624 3413 ris,
669 3361 736 3400 ne
763 3347 902 3401 inter
935 3345 1184 3404 homines
1214 3345 1585 3410 confundaris;
1624 3352 1715 3398 aut
1741 3344 1932 3398 timore
1964 3342 2107 3398 fran-

518 3437 683 3506 geris,
715 3452 781 3492 ne
803 3437 1024 3505 publicis
1046 3437 1252 3506 legibus
1281 3435 1543 3507 puniaris;
1568 3443 1657 3489 aut
1678 3435 1876 3488 malum
1905 3433 2105 3489 factum

519 3528 660 3582 bona
686 3529 861 3598 aliqua
882 3527 1266 3583 consuetudine
1293 3525 1562 3582 horrescis
1586 3543 1601 3592 ;
1629 3534 1721 3580 aut
1747 3526 1856 3595 ipsa
1881 3523 2107 3582 naturali

520 3619 639 3688 lege
663 3660 677 3684 ,
721 3633 881 3687 quam
913 3618 1108 3689 injuste
1147 3617 1304 3674 alteri
1335 3618 1496 3672 facias
1529 3617 1673 3687 quod
1715 3617 1807 3671 tibi
1834 3617 1901 3672 ab
1936 3616 2106 3672 altero

522 3710 636 3765 fieri
680 3725 790 3765 non
832 3709 914 3765 vis
935 3751 949 3776 ,
1001 3710 1236 3765 advertis
1268 3729 1280 3764 :
1309 3724 1461 3765 error
1505 3718 1683 3764 tamen
1713 3716 1835 3763 tuus
1860 3722 2018 3778 quam
2054 3715 2107 3764 te

515 3801 573 3856 in
621 3802 947 3857 contrarium
988 3803 1066 3858 ire
1104 3801 1422 3872 compellat,
1478 3809 1534 3858 et
1571 3801 1698 3857 dum
1734 3801 1972 3871 sequeris
1995 3840 2012 3867 ,
2052 3806 2109 3855 et

519 3891 646 3947 dum
672 3907 778 3947 non
818 3894 1092 3962 sequeris,
1133 3893 1337 3956 sentis;
1379 3907 1502 3948 cum
1546 3893 1631 3948 vel
1672 3892 1773 3948 hoc
1805 3890 1934 3947 facis
1962 3889 2107 3962 quod

518 3985 628 4053 pati
651 3999 756 4037 non
779 3984 856 4038 vis
875 4025 891 4052 ,
921 3984 1007 4039 vel
1035 3984 1154 4039 ideo
1181 3999 1285 4039 non
1314 3983 1444 4039 facis
1472 3984 1595 4054 quia
1621 3983 1729 4053 pati
1759 3998 1868 4037 non
1893 3983 1995 4038 vis.

592 4075 819 4132 CAPUT
864 4075 994 4131 Vlll.
1025 4107 1097 4117 ——
1143 4076 1212 4131 At
1240 4076 1341 4132 ista
1370 4091 1496 4131 vera
1530 4089 1726 4146 sponsa
1759 4074 1988 4142 Christi,
2021 4075 2107 4132 cui

521 4167 589 4222 de
613 4166 886 4237 diptycltio
913 4166 1122 4236 lapideo
1157 4165 1334 4221 fronte
1368 4165 1824 4236 impudentissima
1861 4167 2102 4234 insultas,

522 4255 769 4326 intelligit
793 4255 919 4326 quid
949 4255 1110 4310 distet
1134 4256 1274 4310 inter
1294 4255 1525 4311 litteram
1546 4266 1600 4312 et
1627 4257 1870 4328 spiritum
1898 4256 1964 4329 (ll
1984 4257 2104 4312 Cor.

524 4361 601 4413 nr,
629 4345 684 4418 6)
712 4388 727 4413 ,
769 4361 890 4417 qua:
913 4345 1021 4401 duo
1042 4346 1293 4401 dicuntur
1311 4346 1415 4402 alio
1441 4348 1600 4403 modo
1624 4390 1639 4416 ,
1671 4347 1781 4404 Lex
1811 4356 1864 4403 et
1890 4347 2060 4418 gratia
2088 4363 2103 4400 :

523 4447 579 4494 et
604 4453 708 4495 non
737 4439 845 4508 jam
879 4438 932 4493 in
952 4445 1216 4492 vetustate
1244 4438 1437 4494 littera:
1460 4480 1476 4506 ,
1517 4439 1612 4495 sed
1652 4440 1705 4494 in
1732 4439 1966 4494 novitate
1993 4437 2107 4507 spi-

524 4529 658 4583 ritus
697 4530 805 4584 Deo
846 4528 1087 4584 serviens
1126 4529 1301 4597 (Rom.
1329 4545 1437 4596 vn,
1467 4529 1546 4600 6),
1591 4545 1699 4587 non
1742 4539 1828 4587 est
1858 4531 1969 4601 jam
2008 4528 2108 4586 sub

527 4619 643 4688 lege
664 4661 678 4686 ,
720 4620 814 4674 sed
841 4619 940 4674 sub
964 4619 1154 4688 gratia.
1199 4617 1382 4691 Neque
1411 4621 1554 4676 enim
1583 4620 1810 4692 litigiosa
1840 4631 2106 4690 caecatur;

524 4713 619 4768 sed
644 4714 789 4768 mitis
815 4714 1042 4769 intendit
1068 4713 1246 4768 verbis
1283 4714 1560 4785 Apostoli,
1597 4724 1656 4770 ut
1698 4716 1955 4787 intelligat
1981 4715 2108 4786 quid

523 4804 757 4874 appellet
779 4804 948 4874 legem
969 4846 983 4869 ,
1014 4803 1113 4858 sub
1136 4819 1241 4874 qua
1277 4819 1376 4858 nos
1395 4804 1506 4875 jam
1536 4820 1643 4860 non
1670 4807 1779 4862 vult
1800 4822 1939 4874 esse,
1985 4807 2108 4878 quia

525 4896 934 4966 transgressionis
963 4895 1128 4965 gratia
1147 4894 1310 4962 posita
1333 4903 1424 4960 est,
1452 4895 1610 4951 donec
1629 4899 1812 4952 veniret
1836 4915 2000 4953 semen
2027 4900 2111 4953 cui

521 4988 826 5055 promissum
852 4995 925 5041 est
956 4985 1153 5056 (Galat.
1186 5001 1241 5040 ιιι
1266 5025 1282 5051 ,
1311 4986 1401 5056 19)
1436 5005 1450 5042 :
1481 4995 1535 5042 et
1558 4989 1680 5058 quia
1708 4988 1828 5045 ideo
1848 4989 2106 5044 subintra-

522 5079 592 5132 vit
613 5121 625 5143 ,
651 5088 706 5133 ut
741 5078 1017 5132 abundaret
1057 5078 1335 5142 delictum;
1374 5077 1460 5132 ubi
1492 5087 1660 5134 autem
1686 5081 1954 5135 abundavit
1978 5083 2109 5137 deli-

523 5177 656 5220 ctum
681 5209 697 5235 ,
729 5167 1154 5238 superabundavit
1191 5168 1354 5238 gratia
1391 5167 1567 5234 (Rom.
1598 5186 1632 5223 ν
1656 5212 1669 5234 ,
1698 5171 1810 5237 20).
1852 5171 1961 5227 Nec
1989 5172 2109 5227 ideo

524 5268 704 5312 tamen
748 5257 988 5313 eamdem
1040 5257 1209 5328 legem
1256 5269 1525 5327 peccatum
1578 5272 1768 5329 vocat,
1829 5265 1950 5334 quia
1994 5265 2110 5322 sine

523 5346 692 5415 gratia
722 5361 828 5401 non
862 5347 1123 5413 vivificat;
1169 5359 1326 5419 auget
1355 5351 1495 5405 enim
1534 5354 1710 5422 potius
1748 5363 1951 5410 reatum
1973 5373 2112 5430 pra:-

531 5438 853 5493 varicatione
878 5439 1056 5494 addita
1089 5456 1101 5492 :
1135 5439 1233 5494 Ubi
1272 5443 1400 5495 enim
1437 5443 1518 5498 lex
1545 5462 1646 5500 non
1680 5456 1788 5513 est,
1837 5465 1929 5502 nec
1968 5466 2107 5519 prte-

525 5530 764 5582 varicatio
793 5528 903 5599 (Id.
930 5545 983 5585 ιν
1007 5572 1020 5595 ,
1053 5531 1174 5600 15);
1203 5541 1257 5586 et
1277 5533 1396 5588 ideo
1422 5551 1518 5604 per
1544 5551 1601 5591 se
1627 5537 1814 5606 ipsam,
1853 5554 1975 5594 eum
1996 5540 2108 5597 sola

529 5622 700 5676 littera
727 5633 808 5677 est
832 5624 945 5677 sine
988 5625 1205 5693 Spiritu,
1248 5625 1299 5679 id
1338 5637 1452 5693 est,
1502 5629 1586 5683 lex
1616 5631 1731 5684 sine
1751 5632 1949 5700 gratia,
1994 5641 2110 5686 tan-

531 5715 803 5769 tummodo
841 5730 965 5769 reos
1000 5714 1126 5770 facit
1156 5733 1167 5767 :
1205 5717 1299 5771 sed
1335 5720 1582 5789 proponit
1620 5721 1718 5776 sibi
1749 5721 1888 5792 quod
1921 5731 2108 5794 putare

589 5832 606 5862 ⁸
641 5836 715 5881 Er.
737 5831 881 5896 Lugd.
907 5839 1046 5897 γεω,
1071 5834 1342 5886 contemnis.
1509 5841 1563 5883 Μ.

2089 5950 2122 5966 ..ρ

1335 384 1608 450 ωιψιδιιλ
1639 381 1961 444 ιἈυετυΜ
1999 375 2446 448 murenarum,
2476 371 2535 434 s.
2576 351 2944 434 Aucusrrm

3690 369 3800 429 519

2219 493 2393 549 minus
2445 494 2799 565 intelligentes
2849 497 3103 561 possent,
3155 496 3210 545 et
3246 488 3415 559 aperit
3460 487 3586 558 quid
3630 487 3802 557 dicat,

2216 599 2338 640 cum
2369 587 2442 641 ait
2470 605 2483 640 :
2517 587 2654 654 Quid
2682 603 2799 658 ergo
2829 584 3093 639 dicemus?
3132 582 3239 636 Lea:
3263 591 3521 650 peccatum
3550 580 3667 634 est?
3694 581 3805 634 Ab-

2214 678 2325 730 sit:
2353 678 2442 732 sed
2487 689 2748 748 peccatum
2788 693 2888 731 non
2929 675 3135 747 cognovi
3163 674 3262 728 nisi
3301 689 3390 743 per
3426 672 3604 743 legem.
3659 671 3803 726 Nam

2215 771 2668 839 concupiscentiam
2705 768 3020 836 nesciebant,
3049 767 3146 822 nisi
3169 767 3252 820 lea:
3270 765 3453 820 diceret
3473 807 3488 831 ,
3523 764 3644 818 Non
3670 781 3800 818 con-

2215 861 2456 930 cupisces.
2500 859 2776 916 Occasione
2808 864 2975 932 itaque
2996 869 3220 929 accepta,
3262 867 3522 930 peccatum
3543 873 3630 926 per
3653 873 3804 909 man-

2215 950 2387 1003 datum
2419 950 2598 1020 fefellit
2632 968 2740 1017 me,
2787 961 2834 1005 et
2865 969 2952 1022 per
2989 950 3120 1004 illud
3148 949 3346 1004 occidit.
3379 947 3559 1017 Itaque
3585 949 3665 1000 lex
3687 945 3806 1012 qui-

2215 1041 2327 1095 dem
2358 1050 2533 1094 sancta
2554 1083 2567 1108 ,
2599 1051 2647 1096 et
2675 1044 2969 1098 mandatum
2995 1051 3224 1096 sanctum
3245 1050 3289 1095 et
3308 1042 3504 1110 justum
3523 1049 3568 1093 et
3590 1041 3800 1093 bonum.

2218 1129 2366 1193 Quod
2391 1147 2508 1200 ergo
2536 1131 2719 1185 bonum
2747 1143 2854 1199 est,
2900 1136 3089 1204 factum
3117 1140 3192 1186 est
3231 1131 3356 1184 mihi
3393 1147 3528 1184 mors
3545 1130 3571 1183 ?
3616 1130 3758 1186 Absit
3784 1145 3803 1185 :

2215 1219 2304 1271 sed
2337 1229 2595 1288 peccatum
2621 1231 2675 1275 ut
2707 1232 2952 1292 appareat
2991 1230 3279 1293 peccatum,
3329 1237 3417 1290 per
3452 1219 3634 1274 bonum
3673 1219 3804 1272 mihi

2214 1319 2476 1379 operatum
2497 1319 2570 1364 est
2597 1319 2806 1364 mortem
2827 1311 3004 1381 (Rom.
3034 1310 3314 1380 Vim-15).
3342 1310 3466 1365 Haec
3490 1310 3609 1374 ista,
3629 1311 3713 1364 cui
3747 1318 3802 1364 tu

2214 1399 2470 1464 insultas,
2515 1400 2788 1471 intelligit;
2833 1401 2959 1470 quia
2981 1415 3201 1470 gemens
3230 1401 3390 1470 petit,
3434 1399 3556 1469 quia
3583 1399 3803 1453 humilis

2214 1490 2402 1559 qumrit
2426 1531 2439 1555 ,
2486 1490 2607 1559 quia
2637 1491 2781 1545 mitis
2829 1490 3002 1561 pulsat
3036 1508 3049 1543 :
3078 1499 3132 1545 et
3160 1489 3240 1545 sic
3281 1489 3423 1545 videt
3463 1506 3571 1544 non
3614 1503 3804 1558 repre-

2215 1582 2375 1637 hendi
2420 1582 2626 1652 legem,
2671 1597 2792 1636 cum
2835 1580 3060 1648 dicitur,
3107 1580 3302 1635 Littera
3335 1580 3543 1646 occidit,
3593 1580 3804 1650 spiritus

2213 1683 2378 1726 autem
2401 1673 2615 1742 viviﬁcat
2641 1672 2705 1743 (ll
2735 1670 2852 1727 Cor.
2886 1687 2938 1725 ιιι
2959 1710 2975 1738 ,
3009 1670 3096 1740 6);
3144 1671 3281 1726 sicut
3310 1685 3418 1726 non
3445 1665 3804 1738 reprehendi-

2215 1773 2301 1818 tur
2323 1763 2562 1829 scientia,
2590 1778 2711 1818 cum
2738 1762 2949 1826 dicitur,
2978 1761 3203 1816 Scientia
3229 1761 3402 1830 inﬂat,
3435 1759 3656 1816 charitas
3679 1773 3800 1813 vero

2213 1853 2451 1923 aediﬁcat.
2481 1854 2612 1907 Nam
2635 1852 2815 1922 utique
2842 1851 2955 1920 ipse
2979 1849 3207 1918 dixerat,
3256 1849 3457 1903 Scimus
3481 1849 3600 1917 quia
3625 1863 3803 1902 omnes

2212 1944 2469 1999 scientiam
2505 1943 2741 1996 habemus
2772 1958 2790 1995 :
2820 1951 2872 1996 et
2906 1950 3030 1996 tunc
3064 1939 3329 2010 adjungit,
3377 1938 3601 1994 Scientia
3625 1939 3800 2008 inﬂat,

2213 2035 2433 2088 charitas
2473 2050 2586 2088 vero
2625 2032 2844 2101 azdiﬁcat
2875 2030 2930 2101 (ι
2975 2029 3092 2085 Cor.
3132 2045 3256 2096 vnt,
3287 2029 3377 2100 1).
3425 2027 3622 2098 thuid
3667 2041 3803 2096 ergo

2217 2126 2447 2182 habebat
2472 2125 2587 2194 ipse
2615 2139 2721 2193 quo
2758 2121 3062 2187 inﬂaretur,
3112 2120 3214 2175 nisi
3239 2121 3362 2190 quia
3387 2134 3510 2174 cum
3541 2118 3804 2174 charitate

2212 2232 2320 2272 non
2343 2217 2518 2273 solum
2554 2229 2657 2269 non
2686 2213 2834 2268 inﬂat
2858 2211 3076 2266 scientia
3102 2251 3117 2277 ,
3159 2210 3254 2266 sed
3278 2210 3438 2265 etiam
3470 2209 3682 2264 ﬁrmat?
3721 2208 3802 2264 Ita

2211 2309 2384 2365 littera
2422 2323 2540 2363 cum
2582 2305 2790 2376 Spiritu,
2823 2315 2877 2359 et
2914 2305 3000 2359 lex
3041 2318 3162 2358 cum
3209 2303 3407 2374 gratia,
3445 2302 3556 2372 jam
3596 2317 3702 2356 non
3733 2317 3803 2358 eo

2211 2401 2371 2456 modo
2396 2401 2570 2455 littera
2597 2407 2650 2452 et
2675 2399 2757 2452 lex
2788 2395 3102 2466 appellatur,
3131 2394 3268 2449 sicut
3296 2408 3392 2464 per
3406 2395 3646 2464 seipsam
3676 2409 3804 2447 cum

2211 2491 2406 2548 occidit
2429 2489 2731 2544 abundante
2757 2488 2971 2543 delicto.
3014 2485 3088 2541 lta
3115 2486 3255 2541 enim
3295 2485 3379 2540 lex
3407 2493 3461 2540 et
3496 2485 3654 2540 virtus
3684 2500 3804 2555 pec-

2211 2584 2310 2638 cati
2348 2582 2486 2638 dicta
2535 2591 2618 2636 est
2647 2579 2755 2650 (Id.
2784 2595 2888 2647 xv,
2917 2575 3048 2649 56),
3094 2592 3215 2633 cum
3245 2585 3402 2647 auget
3425 2575 3540 2646 ejus
3583 2577 3801 2632 noxiam

2210 2675 2616 2732 delectationem
2639 2715 2653 2739 ,
2702 2687 2799 2742 per
2833 2683 3072 2726 severam
3101 2667 3530 2739 prohibitionem.
3580 2668 3688 2724 Nec
3714 2677 3805 2724 ta-

2212 2784 2335 2824 men
2382 2769 2540 2822 etiam
2589 2766 2666 2821 sic
2709 2765 2848 2820 mala
2880 2771 2963 2818 est
2993 2779 3006 2815 :
3035 2761 3122 2816 sed
3161 2769 3415 2831 peccatum
3461 2770 3514 2814 ut
3554 2770 3806 2832 appareat

2211 2871 2502 2933 peccatum,
2533 2876 2622 2929 per
2649 2858 2834 2912 bonum
2859 2865 3119 2926 operatum
3151 2863 3222 2910 est
3250 2864 3479 2910 mortem.
3527 2855 3605 2910 ita
3633 2856 3802 2914 multa

2210 2953 2522 3025 quibusdam
2549 2959 2673 3006 sunt
2706 2950 2892 3016 noxia,
2925 2949 3168 3020 quamvis
3191 2964 3298 3004 non
3336 2949 3441 3003 sint
3468 2950 3623 3004 mala.
3665 2950 3802 3005 Nam

2210 3053 2264 3100 et
2288 3058 2385 3100 vos
2411 3058 2530 3098 cum
2554 3041 2737 3097 oculos
2759 3040 2968 3105 doletis,
2998 3041 3156 3094 etiam
3179 3048 3363 3098 contra
3389 3040 3546 3095 deum
3562 3050 3802 3096 vestrum

2210 3135 2383 3192 solem
2424 3134 2685 3190 fenestras
2713 3131 2978 3186 clauditis.
3024 3129 3150 3184 Hmc
3176 3130 3334 3200 igitur
3361 3143 3554 3200 sponsa
3577 3131 3800 3197 Christi,

2206 3224 2317 3294 jam
2346 3232 2556 3279 mortua
2582 3221 2724 3292 legi,
2758 3222 2810 3276 id
2851 3227 2933 3276 est
2956 3261 2970 3285 ,
3001 3229 3254 3289 peccato,
3283 3219 3424 3289 quod
3455 3220 3584 3289 legis
3610 3220 3802 3289 prohi-

2210 3317 2412 3373 bitione
2443 3316 2500 3370 lit
2537 3312 2891 3370 abundantius
2916 3352 2932 3377 ,
2980 3327 3103 3366 cum
3143 3311 3230 3366 lex
3267 3312 3383 3366 sine
3425 3312 3587 3381 gratia
3622 3313 3802 3380 jubet,

2211 3424 2317 3466 non
2336 3409 2485 3481 juvat
2513 3425 2526 3463 :
2551 3407 2641 3462 tali
2680 3421 2808 3476 ergo
2848 3405 2951 3475 legi
2989 3413 3198 3461 mortua
3225 3445 3240 3472 ,
3270 3412 3330 3459 ut
3370 3405 3438 3459 sit
3463 3405 3680 3460 alterius
3705 3406 3803 3476 qui

2211 3518 2278 3561 ex
2299 3501 2523 3557 mortuis
2543 3498 2852 3562 resurrexit,
2875 3497 3131 3553 discernit
3157 3497 3256 3552 ista
3285 3496 3404 3552 sine
3426 3496 3554 3568 legis
3585 3497 3798 3567 injuria,

2211 3609 2281 3651 ne
2307 3592 2643 3663 sacrilegium
2674 3588 2972 3646 committat
2999 3588 3054 3642 in
3079 3586 3194 3659 ejus
3228 3595 3500 3642 auctorem
3527 3607 3539 3642 :
3572 3588 3712 3658 quod
3744 3598 3804 3644 tu

2212 3685 2344 3741 facis
2372 3684 2426 3739 in
2447 3699 2592 3750 eum,
2624 3695 2779 3753 quem
2798 3695 2905 3735 non
2926 3679 3176 3748 intelligis
3201 3686 3472 3734 auctorem
3498 3679 3652 3743 boni;
3675 3693 3802 3735 cum

2212 3776 2396 3833 audias
2427 3774 2742 3846 Apostolum
2769 3771 3055 3837 dicentem,
3078 3768 3258 3840 Itaque
3276 3771 3359 3825 lex
3382 3770 3579 3840 quidem
3599 3779 3802 3838 sancta,

2213 3877 2261 3924 et
2283 3868 2579 3922 mandatum
2617 3872 2843 3919 sanctum
2867 3872 2912 3917 et
2927 3863 3126 3932 justum
3150 3869 3199 3915 et
3224 3862 3425 3915 bonum.
3451 3860 3586 3916 Ecce
3611 3870 3804 3917 auctor

2211 3960 2340 4017 boni
2368 3967 2480 4025 est,
2528 3957 2618 4028 qui
2664 3956 2758 4012 tibi
2787 3953 2999 4009 videtur
3031 3967 3171 4008 unus
3197 3967 3262 4008 ex
3285 3952 3615 4022 principibus
3647 3963 3805 4009 tene-

2211 4053 2450 4110 brarum.
2498 4048 2726 4104 Attende
2766 4047 3082 4113 veritatem,
3124 4044 3246 4100 ferit
3289 4044 3382 4099 tibi
3407 4044 3607 4100 oculos.
3660 4045 3806 4104 Ecce

2213 4143 2409 4198 Paulus
2438 4139 2711 4211 apostolus
2739 4137 2889 4205 dicit,
2931 4136 3039 4192 Lex
3061 4135 3261 4205 quidem
3280 4144 3455 4190 sancta
3475 4176 3490 4202 ,
3516 4144 3562 4190 et
3588 4138 3803 4191 manda-

2215 4241 2323 4287 tum
2362 4240 2592 4286 sanctum
2626 4238 2673 4284 et
2703 4229 2901 4298 justum
2933 4236 2978 4280 et
3011 4225 3215 4281 bonum.
3261 4225 3401 4281 Ecce
3437 4226 3587 4295 cujus
3613 4237 3807 4282 auctor

2215 4331 2332 4390 est,
2382 4322 2472 4393 qui
2516 4319 2843 4392 diptychium
2884 4316 3048 4385 illud,
3090 4317 3232 4387 quod
3269 4319 3429 4373 stulta
3469 4318 3693 4383 irrides,
3747 4319 3806 4374 in

2213 4417 2391 4486 magni
2417 4412 2736 4469 sacramenti
2765 4410 3213 4480 dispensationem
3241 4410 3258 4441 ⁸
3291 4409 3567 4479 praemisit.
3597 4409 3805 4464 Eadem

2213 4508 2408 4580 quippe
2437 4507 2521 4562 lex
2547 4547 2560 4571 ,
2592 4520 2710 4576 quae
2740 4517 2835 4574 per
2858 4502 3073 4573 Moysen
3100 4501 3220 4556 data
3247 4509 3360 4568 est,
3388 4501 3555 4572 gratia
3582 4510 3634 4556 et
3657 4502 3805 4556 veri-

2215 4610 2298 4656 tas
2323 4615 2420 4670 per
2447 4598 2628 4654 Jesum
2657 4595 2927 4653 Christum
2953 4593 3088 4649 facta
3121 4601 3204 4648 est
3233 4591 3410 4663 (Joan.
3439 4609 3486 4659 ι,
3519 4591 3608 4664 17)
3634 4635 3649 4659 ,
3678 4607 3806 4650 cum

2215 4692 2444 4749 accessit
2469 4691 2657 4745 litterae
2685 4687 2900 4759 spiritus
2921 4727 2935 4752 ,
2979 4694 3035 4740 ut
3071 4685 3330 4755 inciperet
3366 4684 3573 4756 impleri
3597 4685 3804 4755 iustitia

2216 4785 2383 4858 legis,
2431 4798 2549 4854 quae
2591 4797 2696 4837 non
2741 4779 2960 4850 impleta
3005 4793 3127 4834 reos
3167 4779 3326 4833 etiam
3365 4777 3807 4847 praevaricatione

2215 4877 2460 4932 faciebat.
2495 4876 2676 4945 Neque
2706 4874 2848 4928 enim
2875 4872 2977 4927 alia
3020 4871 3106 4926 lex
3148 4878 3231 4926 est
3273 4879 3455 4926 sancta
3489 4880 3542 4926 et
3580 4872 3721 4940 justa
3749 4880 3807 4928 et

2216 4967 2354 5023 bona
2381 5008 2395 5033 ,
2428 4976 2482 5021 et
2507 4966 2606 5021 alia
2649 4981 2743 5035 per
2767 4977 2923 5034 quam
2967 4969 3239 5033 peccatum
3270 4954 3497 5016 mortem
3527 4971 3804 5032 operatur,

2216 5058 2300 5115 cui
2327 5058 2462 5113 mori
2505 5072 2600 5112 nos
2643 5063 2887 5126 oportet,
2925 5062 2982 5107 ut
3011 5053 3177 5107 simus
3205 5051 3423 5107 alterius
3451 5053 3541 5121 qui
3567 5067 3632 5108 ex
3659 5066 3808 5107 mor-

2219 5151 2322 5208 tuis
2359 5149 2690 5206 resurrexit:
2718 5147 2811 5204 sed
2856 5145 3040 5202 eadem
3083 5145 3194 5215 ipsa
3239 5153 3342 5200 est.
3389 5144 3529 5199 Ecce
3555 5159 3808 5214 sequere,

2216 5242 2353 5312 lege.
2386 5241 2490 5296 Sed
2512 5248 2798 5310 peccatum,
2824 5237 3029 5307 inquit,
3061 5245 3114 5289 ut
3134 5244 3377 5306 appareat
3399 5245 3654 5306 peccatum
3678 5278 3692 5301 ,
3718 5254 3812 5306 per

2218 5334 2402 5388 bonum
2428 5333 2552 5388 mihi
2577 5341 2648 5387 est
2671 5339 2933 5402 operatum
2964 5337 3195 5400 mortem,
3225 5336 3280 5380 ut
3310 5327 3400 5395 ﬁat
3421 5344 3580 5396 supra
3601 5327 3810 5381 modum

2219 5435 2488 5499 peccator,
2526 5433 2613 5477 aut
2648 5431 2907 5493 peccatum
2942 5437 3031 5490 per
3055 5419 3368 5473 mandatum.
3414 5418 3606 5481 Surda,
3637 5433 3808 5486 eatea,

2179 5558 2185 5564 -
2218 5517 2383 5581 audi,
2437 5516 2573 5570 vide.
2620 5514 2722 5568 Per
2760 5513 2973 5577 bonum,
3027 5510 3222 5581 inquit,
3263 5510 3386 5564 mihi
3425 5520 3689 5580 operatum
3733 5518 3811 5565 est

2219 5620 2447 5664 mortem.
2481 5607 2619 5676 Ergo
2647 5606 2726 5659 lex
2761 5619 2972 5674 semper
2999 5612 3080 5658 est
3107 5603 3284 5667 bona;
3315 5602 3427 5658 sive
3460 5602 3599 5656 obsit
3625 5601 3809 5656 inani-

2219 5704 2318 5760 bus
2344 5701 2532 5772 gratia,
2564 5699 2674 5753 sive
2707 5697 2874 5768 prosit
2891 5695 3058 5766 plenis
3077 5695 3265 5764 gratia,
3294 5710 3509 5767 semper
3529 5703 3610 5752 est
3631 5696 3809 5753 bona:

2289 5839 2306 5870 ⁸
2343 5843 2443 5886 Am.
2471 5839 2545 5885 Er.
2570 5840 2622 5887 et
2637 5832 2818 5897 aliquot
2839 5837 2967 5893 Mss,
2994 5829 3362 5894 dispensatione.
