4052 6444
231 404 343 462 313

235 517 379 572 sicut
403 514 482 570 sol
511 527 727 586 semper
753 522 838 570 est
860 512 1034 570 bonus
1053 552 1070 579 ,
1115 512 1238 584 quia
1266 513 1442 569 omnis
1462 523 1706 570 creatura
1730 514 1828 570 Dei

234 608 380 664 bona
404 615 487 662 est
510 605 555 678 (ι
587 605 719 660 Tim.
753 621 828 674 ιν,
857 605 940 676 6),
962 605 1076 661 sive
1096 604 1401 662 dolentibus
1416 605 1586 662 oculis
1615 614 1824 672 noceat,

232 700 351 754 sive
381 711 544 753 sanos
581 698 830 754 mulceat.
876 697 1106 753 Proinde
1138 697 1279 768 quod
1310 708 1394 754 est
1433 697 1602 754 oculis
1630 698 1830 754 sanitas

232 792 303 847 ad
331 790 621 846 videndum
649 791 818 847 solem
839 833 854 856 ,
908 791 1010 847 hoc
1043 800 1126 846 est
1157 791 1326 863 gratia
1352 793 1618 848 mentibus
1643 791 1710 846 ad
1730 792 1830 846 im-

235 883 490 953 plendam
518 883 713 952 legem.
747 884 813 938 Et
847 885 986 938 sicut
1011 883 1150 938 oculi
1181 883 1296 938 sani
1317 898 1424 939 non
1446 883 1574 938 solis
1597 883 1831 938 delecta-

235 974 371 1027 tioni
403 973 739 1038 moriuntur,
786 972 883 1028 sed
915 973 1024 1028 illis
1067 972 1259 1028 ictibus
1300 974 1505 1042 asperis
1533 973 1825 1043 radiorum,

232 1065 433 1134 quibus
458 1063 783 1119 reverberati
813 1064 865 1119 in
888 1062 1166 1119 densiores
1193 1065 1438 1119 tenebras
1459 1064 1826 1134 pellebantur:

233 1156 315 1210 sic
339 1155 522 1209 anima
559 1170 658 1226 per
699 1155 1014 1210 charitatem
1055 1154 1274 1225 spiritus
1311 1155 1458 1209 salva
1497 1154 1633 1210 facta
1659 1196 1674 1221 ,
1719 1171 1828 1211 non

227 1245 458 1315 iustitiae
486 1247 620 1316 legis
661 1255 872 1300 mortua
914 1245 1147 1312 dicitur,
1190 1245 1284 1301 sed
1314 1245 1389 1300 illi
1414 1246 1581 1300 reatui
1608 1255 1663 1301 et
1687 1261 1828 1315 pra:-

231 1342 551 1397 varicationi
575 1382 592 1406 ,
635 1356 793 1411 quam
834 1341 919 1396 lex
946 1355 1042 1410 per
1085 1340 1352 1404 litteram,
1396 1355 1516 1395 cum
1548 1337 1713 1410 gratia
1736 1338 1831 1395 de.

232 1431 365 1500 fuit,
414 1431 660 1487 faciebat.
711 1432 896 1501 itaque
935 1431 1003 1487 de
1039 1431 1128 1486 illa
1168 1440 1453 1502 utrumque
1486 1431 1713 1498 dicitur,
1750 1441 1825 1499 et,

231 1523 383 1578 Bona
410 1533 491 1579 est.
509 1525 611 1589 lex,
648 1523 692 1578 si
711 1523 822 1594 quis
841 1538 901 1576 ea
931 1523 1150 1594 legitime
1175 1532 1377 1588 utatur;
1403 1531 1455 1578 et
1482 1523 1624 1593 quod
1653 1523 1832 1594 sequi-

231 1624 351 1681 tur,
392 1616 574 1671 Sciens
613 1616 735 1682 hoc,
776 1615 896 1686 quia
923 1615 1065 1685 justo
1106 1614 1190 1670 lea:
1213 1630 1314 1670 non
1350 1623 1425 1669 est
1453 1615 1616 1684 posita
1641 1613 1753 1685 (Id.
1786 1630 1826 1683 ι,

230 1707 268 1762 8
290 1749 305 1772 ,
333 1706 426 1778 9);
476 1705 598 1777 quia
637 1722 742 1761 non
773 1721 909 1776 opus
937 1705 1097 1763 habet
1141 1713 1375 1763 terrente
1413 1705 1622 1774 littera,
1670 1719 1828 1776 quem

230 1799 466 1856 delectat
494 1801 606 1870 ipsa
633 1799 860 1869 justitia.

306 1890 535 1947 CAPUT
573 1890 666 1946 IX.
691 1921 764 1932 —
786 1891 912 1947 Haec
936 1906 1134 1962 sponsa
1161 1891 1358 1948 Christi
1387 1889 1627 1961 gaudens
1652 1890 1706 1945 in
1731 1905 1829 1961 spe

233 1983 413 2053 plenae
439 1983 627 2038 salutis
653 1998 784 2051 sum,
813 1992 868 2039 et
896 1983 991 2039 tibi
1017 1991 1168 2054 optat
1192 1983 1387 2039 bonam
1417 1982 1828 2039 conversionem

231 2091 264 2131 a
298 2076 494 2132 fabulis
518 2075 586 2132 ad
615 2076 920 2142 veritatem,
947 2091 1016 2133 ne
1041 2076 1320 2132 Adoneum
1345 2077 1497 2146 quasi
1526 2076 1826 2132 adulterum

229 2165 616 2234 reformidans,
643 2181 766 2221 cum
797 2167 1168 2222 versutissimo
1195 2167 1437 2222 adultero
1460 2175 1710 2238 serpente
1735 2182 1826 2223 re-

230 2272 477 2314 maneas.
504 2258 710 2314 Adonai
737 2260 880 2315 enim
906 2259 1131 2315 verbum
1161 2259 1435 2314 hebrteum
1461 2268 1563 2326 est,
1589 2267 1642 2315 et
1662 2261 1828 2316 inter-

230 2359 478 2421 pretatur
518 2350 774 2405 Dominus
797 2390 813 2417 ,
857 2365 924 2406 eo
967 2349 1128 2405 modo
1154 2365 1260 2420 quo
1287 2350 1435 2405 solus
1464 2349 1604 2404 Deus
1633 2349 1826 2406 dicitur

230 2442 495 2497 Dominus
520 2461 532 2496 :
561 2441 698 2498 sicut
730 2442 933 2508 Latria,
965 2441 1107 2512 Quod
1134 2440 1354 2497 verbum
1382 2455 1615 2512 grzecum
1647 2448 1752 2509 est,
1770 2449 1827 2497 et

231 2533 621 2602 interpretatur
648 2533 912 2599 Servitus,
943 2547 1048 2587 non
1076 2547 1444 2603 quaecumque,
1477 2531 1571 2586 sed
1604 2531 1692 2586 illa
1719 2545 1824 2602 qua

232 2625 607 2681 tantummodo
631 2625 740 2680 Deo
767 2625 998 2682 servitur
1023 2643 1037 2680 :
1061 2625 1199 2679 sicut
1223 2627 1416 2691 Amen,
1443 2623 1826 2694 interpretatur

228 2719 454 2787 Verum,
485 2735 591 2774 non
619 2719 938 2789 ubicumque
966 2727 1019 2773 et
1047 2717 1568 2788 quomodocumque,
1589 2715 1684 2772 sed
1707 2731 1826 2788 my-

227 2814 365 2867 stica
409 2811 688 2883 religione.
732 2811 885 2880 Quod
911 2811 953 2865 si
982 2826 1012 2865 a
1043 2820 1092 2866 te
1119 2817 1388 2881 quaeratur
1415 2809 1556 2866 unde
1591 2817 1649 2864 tu
1687 2823 1823 2879 quo-

227 2920 334 2975 que
361 2904 594 2969 habeas;
625 2913 819 2974 praeter
843 2903 1085 2959 hebrmas
1115 2904 1344 2972 litteras,
1375 2904 1460 2959 vel
1488 2918 1607 2974 quae
1634 2918 1702 2959 ex
1729 2902 1825 2959 he-

227 2996 382 3052 brmo
400 3005 542 3063 sunt,
567 3013 674 3050 non
701 2997 928 3052 invenis.
953 2995 1067 3052 Non
1086 3012 1212 3067 ergo
1235 2997 1384 3052 timet
1409 2997 1645 3052 Ecclesia
1669 2996 1825 3051 Chri-

227 3089 297 3142 sti
320 3089 546 3143 istorum
572 3088 848 3143 nominum
878 3088 1234 3158 objectionem
1257 3106 1270 3142 :
1293 3088 1558 3158 intelligit,
1576 3097 1818 3154 etamat;

230 3193 330 3234 nec
369 3189 524 3233 curat
571 3179 872 3248 imperitum
915 3180 1282 3234 iusultatorem
1314 3197 1326 3232 :
1355 3188 1410 3235 et
1437 3195 1556 3250 qua:
1586 3179 1820 3235 nondum

228 3270 498 3341 intelligit,
522 3271 692 3327 credit
714 3286 833 3328 esse
854 3272 999 3339 talia,
1015 3273 1190 3341 qualia
1208 3272 1460 3327 nonnulla
1477 3282 1695 3343 experta
1716 3282 1820 3340 est,

227 3381 349 3435 quae
365 3356 614 3419 nondum
646 3365 912 3420 intellecta
943 3366 1021 3420 sic
1048 3373 1223 3421 erant.
1251 3363 1478 3435 Objiciat
1513 3366 1560 3421 ei
1594 3365 1821 3436 quisque

227 3457 370 3528 quod
410 3457 728 3514 Emmanuel
767 3457 1128 3522 adamaverit;
1164 3457 1349 3513 irridet
1378 3455 1642 3512 inscitiam
1682 3458 1822 3513 illius

228 3548 483 3614 hominis,
516 3548 857 3618 amplectitur
884 3549 1170 3604 veritatem
1198 3548 1355 3619 hujus
1385 3549 1635 3603 nominis.
1668 3547 1819 3618 Obji-

227 3639 333 3693 ciat
357 3638 506 3709 quod
536 3641 797 3695 amaverit
825 3639 1100 3706 Messiam;
1130 3639 1345 3708 repellit
1371 3639 1693 3695 exstinctum
1721 3638 1820 3694 ad-

227 3736 523 3790 versarium
545 3777 560 3802 ,
589 3744 735 3791 tenet
763 3744 981 3790 unctum
1013 3735 1347 3806 magistrum.
1391 3733 1466 3789 ita
1508 3743 1561 3790 te
1606 3747 1820 3804 quoque

228 3829 376 3896 cupit
403 3827 584 3881 sanari
607 3841 636 3880 a
662 3827 813 3881 vanis
839 3825 1133 3890 erroribus,
1164 3833 1217 3880 et
1241 3824 1489 3880 aedificari
1517 3839 1677 3894 super
1703 3823 1821 3879 fun-

226 3915 540 3971 damentum
571 3917 946 3986 Apostolorum
977 3924 1030 3971 et
1073 3915 1457 3986 Prophetarum
1501 3913 1712 3987 (Ephes.
1744 3931 1780 3970 ιι
1799 3955 1816 3983 ,

223 4005 348 4078 20).
391 4007 560 4074 Quem
585 4009 713 4063 dicis
739 4008 1228 4078 Hippocentaurum
1248 4048 1263 4073 ,
1306 4008 1550 4063 nesciens
1577 4007 1705 4078 quid
1734 4007 1818 4064 lo-

226 4099 451 4169 quaris,
484 4115 580 4155 nec
603 4101 834 4157 attendis
859 4101 986 4171 quid
1025 4101 1118 4157 tibi
1149 4110 1238 4156 tua
1276 4099 1449 4154 fabula
1490 4099 1814 4165 confecerit,

229 4205 352 4246 cum
398 4206 468 4247 ex
509 4200 657 4261 parte
697 4192 785 4246 dei
815 4192 890 4247 tui
919 4201 974 4247 et
1001 4207 1065 4248 ex
1104 4203 1255 4262 parte
1282 4201 1439 4246 terra:
1478 4191 1816 4247 tenebrarum

228 4280 419 4337 falsum
443 4281 703 4338 mundum
726 4283 994 4338 fabricasti
1024 4284 1076 4338 in
1107 4281 1270 4339 corde
1298 4291 1408 4338 tuo.
1427 4282 1574 4339 Itane
1601 4283 1689 4338 ille
1712 4297 1815 4338 non

229 4382 310 4452 est
348 4372 854 4444 Hippocentaurus,
898 4374 1176 4429 semiferus
1211 4381 1267 4430 et
1305 4373 1608 4430 semideus?
1636 4374 1777 4430 Vere
1798 4415 1815 4442 ,

229 4466 348 4536 quia
365 4481 469 4521 nec
489 4466 952 4537 Hippocentaurus
972 4467 1228 4523 dicendus
1246 4476 1346 4522 est.
1369 4467 1505 4535 Quid
1527 4478 1701 4522 autem
1725 4467 1812 4535 sit,

231 4565 281 4612 tu
310 4558 531 4614 attende
551 4600 566 4623 ,
597 4568 653 4615 et
689 4559 945 4615 erubesce
969 4568 1022 4614 et
1045 4560 1266 4615 mitescc
1286 4601 1300 4624 ,
1333 4569 1391 4614 ut
1416 4561 1815 4630 corruptionem

232 4659 366 4704 tuam
388 4666 419 4705 a
441 4658 696 4720 serpente
715 4649 956 4706 adultero
979 4649 1356 4720 perhorrescas
1371 4667 1384 4702 :
1399 4650 1550 4721 cujus
1567 4651 1816 4706 astutiam

231 4739 273 4795 si
297 4741 436 4811 apud
461 4739 687 4811 Moysen
711 4740 1031 4796 credendam
1050 4757 1156 4796 non
1187 4741 1406 4812 putasti,
1430 4741 1570 4812 apud
1591 4742 1813 4798 Paulum

234 4847 418 4889 cavere
435 4833 691 4901 debuisti,
709 4835 801 4904 qui
822 4849 1003 4890 veram
1031 4835 1321 4890 Ecclesiam
1348 4836 1536 4891 volens
1557 4835 1814 4906 virginem

234 4935 426 4979 castam
454 4924 712 4981 exhibere
741 4925 976 4992 Christo,
999 4924 1195 4992 Timeo,
1224 4927 1425 4997 inquit,
1457 4943 1520 4981 ne
1551 4927 1680 4981 sicut
1705 4943 1816 4981 ser-

237 5032 348 5083 pens
380 5015 543 5070 Erant
578 5015 758 5088 fefellit
798 5017 853 5070 in
899 5017 1118 5071 versutia
1157 5033 1250 5072 sua
1271 5059 1286 5086 ,
1321 5018 1394 5071 ita
1424 5028 1817 5090 corrumpantur

239 5099 410 5161 mentes
455 5118 633 5162 vestra:
672 5124 704 5160 a
747 5108 1070 5179 simplicitate
1113 5118 1160 5163 et
1205 5110 1462 5175 castitate,
1495 5126 1609 5180 qua:
1646 5122 1720 5164 est
1759 5111 1815 5166 in

238 5196 427 5252 Christo
457 5198 532 5268 (ll
559 5197 677 5253 Cor.
703 5214 777 5262 XI,
800 5199 856 5267 2,
880 5200 960 5270 5).
996 5199 1105 5255 Hoc
1138 5209 1190 5255 tu
1218 5215 1338 5256 cum
1366 5200 1609 5268 audires,
1643 5218 1814 5272 usque

240 5288 360 5345 adeo
403 5298 582 5347 tamen
627 5289 927 5360 desipuisti,
955 5299 1009 5346 et
1044 5293 1319 5346 venenatis
1364 5292 1811 5347 incantationibus

239 5393 346 5448 qus
382 5395 571 5436 amens
611 5380 748 5435 facta
785 5395 874 5446 es,
908 5390 966 5434 ut
994 5381 1112 5436 aliis
1137 5382 1319 5436 multis
1345 5381 1640 5437 hteresibus
1669 5381 1813 5437 aliud

238 5479 384 5540 atque
409 5472 553 5527 aliud
585 5471 724 5526 idem
754 5487 978 5542 serpens
999 5514 1014 5539 ,
1048 5471 1139 5527 tibi
1170 5460 1346 5528 autem
1380 5473 1539 5528 etiam
1571 5489 1631 5528 se
1654 5473 1814 5529 Chri-

240 5572 367 5618 stum
395 5567 516 5621 esse
545 5565 890 5636 persuaserit.
918 5565 1084 5620 Porro
1110 5565 1154 5619 si
1183 5574 1365 5620 errant
1390 5567 1570 5620 multa:
1592 5565 1814 5622 fallaciis

241 5657 347 5726 ejus
369 5660 532 5715 variis
560 5668 616 5714 et
641 5659 1052 5723 multiformibus
1076 5659 1315 5723 irretilae,
1333 5675 1451 5730 quae
1471 5669 1643 5714 tamen
1679 5662 1814 5714 lianc

241 5748 644 5806 admonitionem
673 5753 909 5821 Apostoli
947 5767 1126 5806 veram
1165 5750 1395 5806 fatentur
1421 5771 1434 5807 :
1465 5762 1516 5806 tu
1557 5761 1812 5823 quantum
1915 5765 1917 5767 ‘

243 5838 519 5898 adulterata
562 5856 658 5912 es,
701 5857 862 5917 quam
906 5842 959 5898 in
1005 5841 1292 5914 longinquo
1340 5844 1653 5916 prostituta,
1686 5857 1806 5916 qua:

1408 397 1613 456 LIBER
1647 397 1946 468 QUINTUS
1984 395 2294 458 DECIMUS.

3414 402 3518 465 δη

1939 514 2113 584 ipsum
2137 530 2235 586 pro
2259 514 2474 574 Christo
2498 516 2684 588 habes,
2711 534 2743 576 a
2767 535 2875 592 quo
2900 521 3186 594 Apostolus
3211 522 3411 580 Christi
3435 538 3522 582 se-

1936 606 2148 664 ductam
2179 609 2343 664 Evam
2368 619 2530 682 atque
2557 621 2865 684 corruptam
2890 615 3120 685 clamat,
3146 625 3206 673 ut
3228 618 3296 673 ab
3315 632 3380 673 eo
3404 617 3519 673 vir-

1934 699 2111 781 ginem
2142 714 2391 769 sponsam
2431 700 2629 758 Christi
2679 706 2772 761 tali
2815 706 3176 765 admonitione
3218 709 3519 770 custodiat?

1935 789 2257 846 Teuebravit
2279 807 2375 847 cor
2402 795 2585 864 tuum,
2616 797 2705 867 qui
2750 805 2924 854 tecum
2966 801 3020 855 in
3048 800 3517 871 phantasmatibus

1937 882 2233 938 lucidorum
2266 900 2543 940 nemorum
2573 889 2862 946 volutatur.
2897 890 3027 958 Quae
3056 902 3213 960 sunt,
3245 893 3334 949 ubi
3363 902 3520 960 sunt,
3561 891 3568 893 λλ

1935 974 2075 1030 unde
2102 984 2225 1031 sunt
2254 976 2433 1033 fidelia
2457 980 2719 1048 promissa
2748 983 2898 1053 ejus?
2924 982 2970 1039 Ο
2999 984 3168 1054 ebria,
3200 1000 3306 1042 non
3335 1001 3367 1042 a
3393 987 3521 1042 vino

1939 1064 2089 1138 (Isai.
2114 1083 2184 1131 LI,
2211 1067 2336 1136 21)!

2004 1156 2227 1214 CAPUT
2255 1158 2323 1214 Χ.
2349 1189 2423 1200 --
2449 1161 2649 1232 Nempe
2675 1165 2967 1241 conviciata
2992 1182 3052 1224 es
3078 1169 3408 1241 impudentia
3433 1185 3520 1226 sa-

1933 1249 2130 1320 crilega
2160 1250 2270 1306 Deo
2301 1251 2712 1322 Pr0phetarum,
2741 1235 2900 1325 quod
2910 1258 3038 1324 ipsis
3063 1235 3262 1316 Judzeis
3287 1262 3388 1317 sibi
3414 1277 3523 1317 ser-

1933 1340 2198 1397 vientibus
2242 1358 2346 1397 non
2394 1343 2696 1401 exhibuerit
2739 1347 2882 1418 quod
2927 1351 3187 1418 promisit.
3233 1351 3344 1408 Nec
3386 1367 3518 1408 sane

1933 1429 2111 1485 dixisti
2137 1431 2265 1501 quid
2294 1433 2602 1503 promiserit
2628 1443 2682 1490 et
2709 1451 2815 1491 non
2845 1438 3163 1503 exhibuerit,
3196 1456 3262 1494 ne
3292 1441 3364 1496 ibi
3390 1455 3521 1496 con-

1933 1519 2222 1577 vincereris
2246 1532 2338 1578 aut
2357 1523 2468 1593 jam
2499 1525 2794 1581 exhibitum
2821 1528 2963 1598 quod
2995 1544 3101 1584 non
3133 1530 3406 1601 intelligis,
3429 1539 3520 1587 aut

1934 1611 2110 1668 adhuc
2130 1613 2364 1668 futurum
2386 1614 2528 1685 quod
2553 1631 2659 1672 non
2687 1618 2880 1673 credis.
2905 1618 3023 1673 Tibi
3045 1619 3170 1689 quid
3198 1621 3518 1690 promissum

1932 1713 2016 1761 est
2043 1715 2098 1761 et
2126 1717 2526 1775 prmsentatum,
2560 1709 2702 1765 unde
2729 1710 2822 1765 tibi
2851 1710 2985 1766 fides
3012 1711 3164 1767 ﬁeret
3190 1721 3242 1766 te
3268 1721 3519 1782 acceptu-

1931 1811 2046 1850 ram
2076 1797 2374 1867 triumphos
2400 1814 2657 1854 novorum
2678 1801 2996 1856 saeculorum
3026 1817 3190 1871 super
3219 1811 3413 1857 terram
3442 1813 3520 1858 te-

1931 1885 2254 1941 nebrarum?
2282 1887 2336 1944 Si
2363 1889 2573 1958 aliquos
2603 1889 2889 1960 pr0pbctas
2919 1892 3296 1961 protuleris,in
3326 1892 3519 1962 quibus

1931 1975 2167 2048 legamus
2207 1994 2328 2036 cum
2375 1980 2533 2037 laude
2583 1981 2862 2051 praedictos
2908 1983 3114 2039 futuros
3157 1984 3514 2053 Manichmos,

1931 2066 2071 2123 unde
2092 2068 2204 2139 jam
2234 2069 2328 2125 tibi
2357 2071 2562 2141 aliquid
2591 2072 2885 2128 exhibitum
2917 2084 3092 2144 putes,
3122 2076 3223 2131 hoc
3252 2077 3367 2146 ipso
3395 2078 3518 2148 quia

1929 2174 2051 2216 esse
2091 2177 2187 2217 vos
2228 2163 2498 2231 videmus;
2527 2165 2676 2234 prius
2703 2165 2988 2236 probatura
3014 2183 3073 2222 es
3101 2168 3242 2238 quod
3271 2183 3375 2223 non
3403 2169 3517 2239 ipse

1927 2251 2246 2310 Manichaeus
2274 2257 2367 2312 tibi
2395 2257 2684 2328 prophetas
2713 2258 2924 2315 ﬁnxerit
2945 2301 2961 2327 ,
2997 2260 3088 2332 qui
3115 2263 3214 2318 sibi
3243 2271 3302 2317 ut
3326 2262 3516 2318 crede-

1928 2355 2017 2399 res
2046 2345 2229 2399 voluit.
2260 2346 2442 2417 Neque
2472 2349 2614 2404 enim
2644 2357 2793 2420 putat
2823 2358 2979 2420 turpe
3008 2353 3343 2408 mendacium
3377 2372 3390 2408 :
3419 2362 3512 2410 aut

1930 2448 2058 2490 vero
2076 2445 2251 2505 potest
2271 2437 2514 2494 dubitare
2525 2437 2697 2495 falsos
2719 2441 3006 2510 prophetas
3026 2444 3310 2500 ostendere
3334 2444 3384 2499 in
3412 2445 3516 2514 pcl-

1929 2523 2065 2580 libus
2095 2527 2304 2595 ovinis,
2335 2529 2423 2598 qui
2462 2529 2732 2586 Christum
2774 2532 2994 2587 laudans
3035 2544 3307 2590 asseverat
3355 2536 3514 2590 falsas

1927 2616 2205 2674 cicatrices
2244 2619 2547 2676 ostendisse
2596 2621 2647 2675 in
2692 2624 2946 2678 membris
2985 2625 3115 2680 suis.
3165 2627 3237 2681 At
3273 2640 3375 2696 ego
3418 2640 3513 2681 vos

1925 2708 2083 2780 plane
2103 2708 2389 2780 praedictos
2406 2710 2545 2781 lego,
2566 2726 2671 2767 non
2693 2713 2866 2767 solum
2887 2728 2919 2767 a
2939 2714 3209 2784 prophetis
3229 2715 3513 2786 aliquando

1926 2801 2226 2869 obscurius,
2260 2818 2444 2857 verum
2472 2814 2527 2859 et
2554 2805 2621 2859 ab
2650 2806 2909 2874 Apostolo
2933 2807 3267 2877 expressius.
3295 2808 3402 2864 Sed
3427 2809 3510 2862 vi-

1925 2892 2048 2948 dete
2074 2893 2521 2964 quemadmodum
2544 2913 2558 2950 :
2583 2896 2828 2967 Spiritus,
2859 2898 3048 2968 inquit,
3082 2900 3346 2970 manifeste
3369 2900 3510 2965 dicit,

1925 2985 2042 3056 quia
2069 2986 2122 3040 in
2148 2986 2431 3041 novissimis
2456 2989 2763 3059 temporibus
2801 2989 3031 3044 recedent
3058 2991 3265 3059 quidam
3298 3008 3329 3044 a
3373 2991 3474 3060 ﬁde
3492 3031 3510 3057 ,

1925 3075 2234 3132 intendentes
2259 3077 2517 3146 spiritibus
2539 3078 2886 3134 seductoribus
2904 3123 2918 3146 ,
2948 3089 2994 3134 et
3036 3072 3276 3136 doctrinis
3321 3083 3512 3136 dwmo-

1924 3168 2128 3223 niorum
2153 3170 2208 3223 in
2233 3169 2487 3241 hypocrisi
2513 3171 3033 3242 mendaciloquorum,
3061 3173 3387 3227 cauteriatam
3418 3173 3513 3226 ha-

1925 3260 2092 3316 bentes
2131 3262 2491 3316 conscientiam
2535 3280 2714 3330 suam,
2749 3264 3069 3334 prohibentes
3096 3264 3282 3320 nubere
3305 3306 3320 3330 ,
3349 3264 3511 3320 absti-

1924 3360 2096 3406 nentes
2120 3369 2153 3405 a
2178 3352 2300 3407 cibis
2337 3369 2462 3424 quos
2489 3353 2628 3408 Deus
2650 3355 2837 3409 creavit
2873 3355 2940 3408 ad
2981 3338 3359 3426 perpiciendum
3396 3372 3511 3412 cum

1923 3444 2205 3516 gratiarum
2229 3446 2427 3500 actione
2451 3446 2686 3515 ﬁdelibus
2708 3488 2723 3514 ,
2749 3456 2795 3500 et
2818 3447 2882 3502 iis
2907 3448 2994 3518 qui
3019 3459 3358 3520 cognoverunt
3385 3449 3512 3503 ueri-

1925 3545 2077 3591 tatem
2099 3552 2117 3591 :
2137 3537 2255 3607 quia
2281 3537 2443 3591 omnis
2468 3547 2700 3592 creatura
2730 3537 2824 3591 Dei
2861 3538 2992 3592 bona
3018 3547 3122 3605 est,
3155 3548 3202 3592 et
3227 3539 3354 3592 nihil
3381 3538 3512 3608 abji-

1923 3626 2157 3681 ciendum
2182 3627 2316 3697 quod
2335 3644 2452 3682 cum
2480 3629 2760 3699 gratiarum
2780 3629 2978 3683 actione
3002 3629 3277 3698 percipitur
3297 3627 3351 3700 (l
3371 3627 3507 3682 Tim.

1923 3733 2000 3784 ιν,
2030 3717 2182 3788 1-4).
2227 3719 2354 3773 llaec
2382 3718 2830 3788 quemadmodum
2861 3719 2914 3774 iu
2941 3719 3091 3774 vobis
3120 3719 3338 3792 impleta
3365 3719 3470 3773 sint
3490 3760 3507 3787 ,

1923 3816 1980 3864 et
2017 3809 2136 3865 luce
2161 3809 2359 3864 clarius
2385 3811 2622 3865 omnium
2649 3812 2741 3882 qui
2768 3827 2865 3867 vos
2890 3819 3154 3867 noverunt
3180 3812 3364 3868 oculos
3389 3821 3508 3867 tan-

1925 3898 2003 3970 git
2029 3901 2068 3966 ¹,
2102 3908 2156 3954 ει
2184 3913 2342 3969 supra
2368 3913 2467 3970 pro
2496 3908 2737 3970 tempore
2766 3901 3116 3957 ostendimus.
3552 3974 3564 3981 _

1996 3990 2223 4047 CAPUT
2252 3991 2345 4046 Xl.
2366 4021 2439 4032 —
2462 3991 2564 4047 ista
2593 4001 2769 4048 autem
2791 4035 2808 4060 ,
2837 4009 2994 4063 quam
3023 3992 3264 4050 doctrina
3293 4001 3510 4064 aposto-

1925 4085 2028 4142 lica
2053 4085 2312 4156 virginem
2333 4095 2532 4141 castam
2560 4087 2651 4142 uni
2677 4085 2792 4142 viro
2816 4086 3074 4142 exhibens
3100 4085 3334 4150 Christo,
3362 4100 3394 4141 a
3415 4086 3510 4141 fal-

1921 4179 2056 4234 lacia
2096 4179 2360 4249 serpentis
2388 4193 2489 4248 qua
2524 4189 2579 4233 tu
2606 4188 2854 4248 corrupta
2885 4194 2944 4234 es
2964 4221 2979 4245 ,
3012 4189 3195 4234 monet
3220 4186 3278 4232 ut
3301 4186 3505 4244 caveat,

1921 4271 2159 4343 agnoscit
2203 4271 2369 4327 Deum
2411 4271 2834 4342 Prophetarum,
2878 4272 3044 4327 Deum
3073 4287 3296 4340 verum,
3340 4271 3509 4326 Deum

1921 4379 2076 4419 suum
2106 4381 2120 4418 :
2149 4361 2307 4434 hujus
2334 4362 2536 4418 ultimae
2563 4363 2940 4434 pollicitationi
2965 4378 3155 4420 secura
3180 4363 3384 4428 credit,
3411 4377 3508 4418 cu-

1919 4455 2004 4526 jus
2025 4464 2170 4510 tanta
2199 4455 2462 4525 promissa
2486 4455 2749 4525 completa
2765 4455 2877 4526 jam
2899 4465 3077 4522 tenet;
3105 4471 3204 4512 nec
3226 4457 3506 4527 quisquam

1922 4549 2070 4616 dicit,
2091 4547 2158 4603 ad
2189 4562 2427 4618 praesens
2453 4557 2665 4618 tempus
2691 4548 2738 4603 ei
2766 4547 3025 4604 confictos
3043 4563 3162 4604 esse
3189 4549 3505 4618 Prophetas,

1923 4657 2057 4714 quos
2087 4642 2139 4696 in
2166 4641 2468 4697 Judazorum
2497 4641 2774 4696 codicibus
2811 4641 3024 4696 asserit.
3065 4640 3203 4706 Quid
3243 4643 3386 4696 enim
3420 4642 3506 4696 in-

1921 4735 2232 4791 credibilius
2259 4734 2690 4805 promittebatur,
2720 4747 2880 4804 quam
2911 4732 2964 4787 id
2993 4732 3134 4803 quod
3164 4732 3392 4788 Abrahm
3422 4732 3508 4787 di-

1922 4836 2066 4883 ctum
2116 4825 2328 4883 estzln
2371 4825 2561 4880 semine
2609 4833 2695 4879 tuo
2739 4823 3094 4879 benedicentur
3132 4839 3303 4878 omnes
3341 4832 3508 4893 gentes

1924 4918 2077 4991 (Gen.
2099 4934 2238 4982 χιιι,
2265 4917 2375 4988 18).
2405 4913 2472 4972 Ει
2504 4915 2629 4988 quid
2667 4916 2864 4972 certius
2888 4915 2996 4986 jam
3026 4925 3272 4971 tenemus
3296 4914 3506 4969 exhibi-

1922 5011 2070 5066 tum?
2097 5009 2189 5064 Illa
2215 5019 2363 5064 certe
2387 5017 2470 5064 est
2498 5008 2685 5063 ultima
2713 5007 2831 5078 ejus
2860 5006 3164 5077 promissio,
3195 5019 3352 5076 quam
3385 5018 3508 5073 pro-

1920 5103 2081 5174 pheta
2109 5101 2343 5157 breviter
2370 5099 2440 5154 ita
2470 5109 2860 5154 commemorat
2884 5116 2896 5150 :
2920 5097 3066 5152 Beati
3089 5096 3175 5167 qui
3201 5095 3426 5148 habitant
3451 5096 3505 5149 in

1921 5194 2070 5247 domo
2112 5201 2230 5255 tua;
2255 5193 2309 5244 in
2354 5191 2539 5246 stecnla
2583 5191 2882 5245 steculormn
2929 5187 3201 5242 laudabunt
3241 5196 3288 5239 te
3331 5185 3502 5255 (Psal.

1921 5300 2140 5350 Lxxxut,
2166 5282 2245 5354 5).
2270 5281 2451 5338 Finita
2469 5282 2665 5352 quippe
2691 5280 2835 5334 omni
2863 5277 3170 5349 indigentia,
3200 5287 3254 5332 et
3280 5275 3507 5332 novissi-

1919 5391 2006 5430 ma
2027 5375 2242 5430 inimica
2264 5382 2439 5428 morte.
2458 5372 2726 5427 destructa
2759 5369 2814 5443 (l
2845 5369 2962 5424 Cor.
2989 5385 3080 5436 xv,
3103 5367 3217 5439 26),
3249 5378 3502 5440 perpetua

1922 5469 2016 5524 Dei
2043 5468 2158 5522 laus
2183 5468 2284 5522 erit
2312 5467 2604 5521 otiosorum
2635 5463 2904 5534 negotium
2931 5480 2944 5517 :
2968 5477 3076 5534 quo
3101 5461 3210 5532 jam
3239 5477 3399 5517 nemo
3422 5477 3505 5519 ac-

1919 5561 2093 5624 cedet.
2122 5561 2264 5617 unde
2288 5560 2397 5631 jam
2430 5574 2586 5613 nemo
2611 5555 2872 5611 discedet.
2901 5555 3053 5623 Quod
3083 5556 3206 5610 alibi
3239 5555 3498 5625 propheta

1919 5656 1992 5710 ita
2033 5661 2417 5710 commemorat
2451 5670 2463 5706 :
2507 5649 2790 5714 Collauda,
2829 5648 3148 5715 Jerusalem,
3192 5648 3503 5711 Dominum;

1984 5792 2018 5860 ‘_
2037 5791 2360 5840 Lovauienses
2397 5785 2498 5850 legi
2534 5783 2792 5845 volebant,
2847 5784 3005 5839 oculos
3043 5789 3240 5849 tangant
3280 5793 3298 5833 :
3344 5780 3504 5860 minus

1919 5858 2077 5903 recte.
3350 5892 3354 5895 .
3451 5858 3458 5898 ζ

3483 5920 3534 5946 Α
