  <div class='ocr_page' id='page_1' title='image "/cluster/home/n/w/nwhite01/storage/ocr_20150623/42/hvd.32044015471493/163.png"; bbox 0 0 4016 6444; ppageno 0'>
   <div class='ocr_carea' id='block_1_1' title="bbox 555 332 662 394">
    <p class='ocr_par' dir='ltr' id='par_1_1' title="bbox 555 332 662 394">
     <span class='ocr_line' id='line_1_1' title="bbox 555 332 662 394; baseline -0.056 -1"><span class='ocrx_word' id='word_1_1' title='bbox 555 332 662 394; x_wconf 76' lang='grc'><strong>515</strong></span> 
     </span>
    </p>
   </div>
   <div class='ocr_carea' id='block_1_2' title="bbox 557 431 2139 508">
    <p class='ocr_par' dir='ltr' id='par_1_2' title="bbox 557 431 2139 508">
     <span class='ocr_line' id='line_1_2' title="bbox 557 431 2139 508; baseline -0.014 -7"><span class='ocrx_word' id='word_1_2' title='bbox 557 449 715 502; x_wconf 63' lang='lat' dir='ltr'><strong>lanna</strong></span> <span class='ocrx_word' id='word_1_3' title='bbox 758 443 919 500; x_wconf 84' lang='lat' dir='ltr'><strong>Deum</strong></span> <span class='ocrx_word' id='word_1_4' title='bbox 960 449 1136 507; x_wconf 88' lang='lat' dir='ltr'><strong>tuum,</strong></span> <span class='ocrx_word' id='word_1_5' title='bbox 1167 438 1295 495; x_wconf 86' lang='lat' dir='ltr'><strong>Sion</strong></span> <span class='ocrx_word' id='word_1_6' title='bbox 1328 450 1608 508; x_wconf 79' lang='lat' dir='ltr'><strong>:quoniam</strong></span> <span class='ocrx_word' id='word_1_7' title='bbox 1630 431 1943 500; x_wconf 77' lang='lat' dir='ltr'><strong>conﬁrmavit</strong></span> <span class='ocrx_word' id='word_1_8' title='bbox 1981 432 2139 482; x_wconf 84' lang='lat' dir='ltr'><strong>vectes</strong></span> 
     </span>
    </p>
   </div>
   <div class='ocr_carea' id='block_1_3' title="bbox 557 516 2134 608">
    <p class='ocr_par' dir='ltr' id='par_1_3' title="bbox 557 516 2134 608">
     <span class='ocr_line' id='line_1_3' title="bbox 557 516 2134 608; baseline -0.013 -17"><span class='ocrx_word' id='word_1_9' title='bbox 557 545 816 608; x_wconf 87' lang='lat' dir='ltr'><strong>portarum</strong></span> <span class='ocrx_word' id='word_1_10' title='bbox 871 541 1071 588; x_wconf 83' lang='lat' dir='ltr'><strong>tuarum</strong></span> <span class='ocrx_word' id='word_1_11' title='bbox 1098 574 1111 599; x_wconf 92' lang='lat'><strong>,</strong></span> <span class='ocrx_word' id='word_1_12' title='bbox 1149 527 1398 585; x_wconf 74' lang='lat' dir='ltr'><strong>benedixit</strong></span> <span class='ocrx_word' id='word_1_13' title='bbox 1438 517 1570 596; x_wconf 68' lang='lat' dir='ltr'><strong>ﬁlios</strong></span> <span class='ocrx_word' id='word_1_14' title='bbox 1612 527 1722 576; x_wconf 84' lang='lat' dir='ltr'><strong>tuos</strong></span> <span class='ocrx_word' id='word_1_15' title='bbox 1762 521 1816 574; x_wconf 90' lang='lat' dir='ltr'><strong>in</strong></span> <span class='ocrx_word' id='word_1_16' title='bbox 1861 527 1906 574; x_wconf 83' lang='lat' dir='ltr'><strong>te</strong></span> <span class='ocrx_word' id='word_1_17' title='bbox 1946 516 2134 588; x_wconf 86' lang='lat' dir='ltr'><strong>(Psal.</strong></span> 
     </span>
    </p>
   </div>
   <div class='ocr_carea' id='block_1_4' title="bbox 555 608 2140 694">
    <p class='ocr_par' dir='ltr' id='par_1_4' title="bbox 555 608 2140 694">
     <span class='ocr_line' id='line_1_4' title="bbox 555 608 2140 694; baseline -0.012 -12"><span class='ocrx_word' id='word_1_18' title='bbox 555 635 774 693; x_wconf 74' lang='lat' dir='ltr'><strong>CXLVII,</strong></span> <span class='ocrx_word' id='word_1_19' title='bbox 805 619 859 692; x_wconf 76' lang='lat' dir='ltr'><strong>i,</strong></span> <span class='ocrx_word' id='word_1_20' title='bbox 883 623 922 678; x_wconf 72' lang='grc' dir='ltr'><strong>Ξ</strong></span> <span class='ocrx_word' id='word_1_21' title='bbox 941 625 979 694; x_wconf 91' lang='grc'><strong>).</strong></span> <span class='ocrx_word' id='word_1_22' title='bbox 1025 621 1235 676; x_wconf 89' lang='lat' dir='ltr'><strong>Ciausis</strong></span> <span class='ocrx_word' id='word_1_23' title='bbox 1271 616 1440 689; x_wconf 75' lang='lat' dir='ltr'><strong>portis</strong></span> <span class='ocrx_word' id='word_1_24' title='bbox 1468 613 1645 668; x_wconf 87' lang='lat' dir='ltr'><strong>nullus</strong></span> <span class='ocrx_word' id='word_1_25' title='bbox 1675 611 1927 678; x_wconf 72' lang='lat' dir='ltr'><strong>intrabit,</strong></span> <span class='ocrx_word' id='word_1_26' title='bbox 1964 608 2140 663; x_wconf 85' lang='lat' dir='ltr'><strong>nullus</strong></span> 
     </span>
    </p>
   </div>
   <div class='ocr_carea' id='block_1_5' title="bbox 556 701 2139 786">
    <p class='ocr_par' dir='ltr' id='par_1_5' title="bbox 556 701 2139 786">
     <span class='ocr_line' id='line_1_5' title="bbox 556 701 2139 786; baseline -0.014 -10"><span class='ocrx_word' id='word_1_27' title='bbox 556 719 740 776; x_wconf 87' lang='lat' dir='ltr'><strong>exibit.</strong></span> <span class='ocrx_word' id='word_1_28' title='bbox 772 715 925 786; x_wconf 82' lang='lat' dir='ltr'><strong>Quod</strong></span> <span class='ocrx_word' id='word_1_29' title='bbox 953 723 1006 772; x_wconf 90' lang='lat' dir='ltr'><strong>et</strong></span> <span class='ocrx_word' id='word_1_30' title='bbox 1025 715 1138 786; x_wconf 90' lang='lat' dir='ltr'><strong>ipse</strong></span> <span class='ocrx_word' id='word_1_31' title='bbox 1161 724 1390 782; x_wconf 87' lang='lat' dir='ltr'><strong>sponsus</strong></span> <span class='ocrx_word' id='word_1_32' title='bbox 1420 710 1474 763; x_wconf 88' lang='lat' dir='ltr'><strong>in</strong></span> <span class='ocrx_word' id='word_1_33' title='bbox 1497 705 1784 776; x_wconf 82' lang='lat' dir='ltr'><strong>Evangelia</strong></span> <span class='ocrx_word' id='word_1_34' title='bbox 1803 703 1953 769; x_wconf 83' lang='lat' dir='ltr'><strong>dicit,</strong></span> <span class='ocrx_word' id='word_1_35' title='bbox 1978 701 2139 755; x_wconf 80' lang='lat' dir='ltr'><strong>fatuis</strong></span> 
     </span>
    </p>
   </div>
   <div class='ocr_carea' id='block_1_6' title="bbox 554 799 2140 881">
    <p class='ocr_par' dir='ltr' id='par_1_6' title="bbox 554 799 2140 881">
     <span class='ocr_line' id='line_1_6' title="bbox 554 799 2140 881; baseline -0.013 -16"><span class='ocrx_word' id='word_1_36' title='bbox 554 807 882 881; x_wconf 80' lang='lat' dir='ltr'><strong>virginibus,</strong></span> <span class='ocrx_word' id='word_1_37' title='bbox 929 806 1089 862; x_wconf 84' lang='lat' dir='ltr'><strong>etiam</strong></span> <span class='ocrx_word' id='word_1_38' title='bbox 1137 799 1508 873; x_wconf 72' lang='lat' dir='ltr'><strong>pulsantibus,</strong></span> <span class='ocrx_word' id='word_1_39' title='bbox 1561 812 1621 853; x_wconf 89' lang='lat' dir='ltr'><strong>se</strong></span> <span class='ocrx_word' id='word_1_40' title='bbox 1669 811 1774 851; x_wconf 90' lang='lat' dir='ltr'><strong>non</strong></span> <span class='ocrx_word' id='word_1_41' title='bbox 1831 802 2140 864; x_wconf 84' lang='lat' dir='ltr'><strong>aperturum</strong></span> 
     </span>
    </p>
   </div>
   <div class='ocr_carea' id='block_1_7' title="bbox 554 884 2136 973">
    <p class='ocr_par' dir='ltr' id='par_1_7' title="bbox 554 884 2136 973">
     <span class='ocr_line' id='line_1_7' title="bbox 554 884 2136 973; baseline -0.012 -16"><span class='ocrx_word' id='word_1_42' title='bbox 554 903 575 973; x_wconf 90' lang='lat'><strong>(</strong></span> <span class='ocrx_word' id='word_1_43' title='bbox 597 899 783 956; x_wconf 76' lang='lat' dir='ltr'><strong>Matth.</strong></span> <span class='ocrx_word' id='word_1_44' title='bbox 813 915 940 964; x_wconf 79' lang='lat' dir='ltr'><strong>xxv,</strong></span> <span class='ocrx_word' id='word_1_45' title='bbox 969 898 1037 954; x_wconf 75' lang='grc' dir='ltr'>η</span> <span class='ocrx_word' id='word_1_46' title='bbox 1059 897 1100 968; x_wconf 94' lang='grc'><strong>).</strong></span> <span class='ocrx_word' id='word_1_47' title='bbox 1133 891 1259 950; x_wconf 71' lang='grc' dir='ltr'><strong>Ηαεο</strong></span> <span class='ocrx_word' id='word_1_48' title='bbox 1287 887 1584 949; x_wconf 80' lang='lat' dir='ltr'><strong>Jerusalem</strong></span> <span class='ocrx_word' id='word_1_49' title='bbox 1603 930 1617 955; x_wconf 84' lang='lat'><strong>,</strong></span> <span class='ocrx_word' id='word_1_50' title='bbox 1649 896 1831 944; x_wconf 87' lang='lat' dir='ltr'><strong>sancta</strong></span> <span class='ocrx_word' id='word_1_51' title='bbox 1863 884 2098 942; x_wconf 88' lang='lat' dir='ltr'><strong>Ecclesia</strong></span> <span class='ocrx_word' id='word_1_52' title='bbox 2119 925 2136 952; x_wconf 98' lang='lat'><strong>,</strong></span> 
     </span>
    </p>
   </div>
   <div class='ocr_carea' id='block_1_8' title="bbox 555 977 2140 1064">
    <p class='ocr_par' dir='ltr' id='par_1_8' title="bbox 555 977 2140 1064">
     <span class='ocr_line' id='line_1_8' title="bbox 555 977 2140 1064; baseline -0.012 -14"><span class='ocrx_word' id='word_1_53' title='bbox 555 1008 752 1064; x_wconf 88' lang='lat' dir='ltr'><strong>sponsa</strong></span> <span class='ocrx_word' id='word_1_54' title='bbox 775 991 994 1058; x_wconf 86' lang='lat' dir='ltr'><strong>Christi,</strong></span> <span class='ocrx_word' id='word_1_55' title='bbox 1026 991 1079 1045; x_wconf 93' lang='lat' dir='ltr'><strong>in</strong></span> <span class='ocrx_word' id='word_1_56' title='bbox 1109 979 1430 1058; x_wconf 74' lang='lat' dir='ltr'><strong>Apocalypsi</strong></span> <span class='ocrx_word' id='word_1_57' title='bbox 1461 981 1680 1039; x_wconf 79' lang='lat' dir='ltr'><strong>Joannis</strong></span> <span class='ocrx_word' id='word_1_58' title='bbox 1706 981 1976 1050; x_wconf 83' lang='lat' dir='ltr'><strong>copiosius</strong></span> <span class='ocrx_word' id='word_1_59' title='bbox 2005 977 2140 1032; x_wconf 89' lang='lat' dir='ltr'><strong>ube-</strong></span> 
     </span>
    </p>
   </div>
   <div class='ocr_carea' id='block_1_9' title="bbox 555 1071 2142 1155">
    <p class='ocr_par' dir='ltr' id='par_1_9' title="bbox 555 1071 2142 1155">
     <span class='ocr_line' id='line_1_9' title="bbox 555 1071 2142 1155; baseline -0.011 -16"><span class='ocrx_word' id='word_1_60' title='bbox 555 1085 772 1155; x_wconf 89' lang='lat' dir='ltr'><strong>riusque</strong></span> <span class='ocrx_word' id='word_1_61' title='bbox 797 1081 1133 1138; x_wconf 82' lang='lat' dir='ltr'><strong>describitur.</strong></span> <span class='ocrx_word' id='word_1_62' title='bbox 1164 1079 1280 1134; x_wconf 86' lang='lat' dir='ltr'><strong>Non</strong></span> <span class='ocrx_word' id='word_1_63' title='bbox 1309 1076 1493 1132; x_wconf 81' lang='lat' dir='ltr'><strong>credat</strong></span> <span class='ocrx_word' id='word_1_64' title='bbox 1517 1073 1641 1128; x_wconf 87' lang='lat' dir='ltr'><strong>huic</strong></span> <span class='ocrx_word' id='word_1_65' title='bbox 1667 1071 1998 1144; x_wconf 46' lang='lat' dir='ltr'><strong>propheticus.</strong></span> <span class='ocrx_word' id='word_1_66' title='bbox 2026 1081 2142 1138; x_wconf 83' lang='lat' dir='ltr'><strong>pro-</strong></span> 
     </span>
    </p>
   </div>
   <div class='ocr_carea' id='block_1_10' title="bbox 555 1161 2141 1244">
    <p class='ocr_par' dir='ltr' id='par_1_10' title="bbox 555 1161 2141 1244">
     <span class='ocr_line' id='line_1_10' title="bbox 555 1161 2141 1244; baseline -0.011 -13"><span class='ocrx_word' id='word_1_67' title='bbox 555 1177 795 1232; x_wconf 80' lang='lat' dir='ltr'><strong>missioni</strong></span> <span class='ocrx_word' id='word_1_68' title='bbox 821 1174 971 1244; x_wconf 78' lang='lat' dir='ltr'><strong>virgo</strong></span> <span class='ocrx_word' id='word_1_69' title='bbox 998 1180 1141 1227; x_wconf 87' lang='lat' dir='ltr'><strong>casta</strong></span> <span class='ocrx_word' id='word_1_70' title='bbox 1165 1213 1180 1239; x_wconf 94' lang='lat'><strong>,</strong></span> <span class='ocrx_word' id='word_1_71' title='bbox 1210 1171 1254 1225; x_wconf 91' lang='lat' dir='ltr'><strong>si</strong></span> <span class='ocrx_word' id='word_1_72' title='bbox 1293 1183 1400 1224; x_wconf 90' lang='lat' dir='ltr'><strong>non</strong></span> <span class='ocrx_word' id='word_1_73' title='bbox 1443 1169 1554 1238; x_wconf 82' lang='lat' dir='ltr'><strong>jam</strong></span> <span class='ocrx_word' id='word_1_74' title='bbox 1595 1172 1739 1220; x_wconf 81' lang='lat' dir='ltr'><strong>tenet</strong></span> <span class='ocrx_word' id='word_1_75' title='bbox 1771 1161 1914 1233; x_wconf 90' lang='lat' dir='ltr'><strong>quod</strong></span> <span class='ocrx_word' id='word_1_76' title='bbox 1955 1161 2002 1216; x_wconf 88' lang='lat' dir='ltr'><strong>ei</strong></span> <span class='ocrx_word' id='word_1_77' title='bbox 2047 1175 2141 1230; x_wconf 90' lang='lat' dir='ltr'><strong>per</strong></span> 
     </span>
    </p>
   </div>
   <div class='ocr_carea' id='block_1_11' title="bbox 555 1255 2140 1337">
    <p class='ocr_par' dir='ltr' id='par_1_11' title="bbox 555 1255 2140 1337">
     <span class='ocr_line' id='line_1_11' title="bbox 555 1255 2140 1337; baseline -0.012 -12"><span class='ocrx_word' id='word_1_78' title='bbox 555 1268 796 1325; x_wconf 88' lang='lat' dir='ltr'><strong>eamdem</strong></span> <span class='ocrx_word' id='word_1_79' title='bbox 821 1263 1153 1337; x_wconf 82' lang='lat' dir='ltr'><strong>prophetiam</strong></span> <span class='ocrx_word' id='word_1_80' title='bbox 1176 1263 1277 1318; x_wconf 89' lang='lat' dir='ltr'><strong>hoc</strong></span> <span class='ocrx_word' id='word_1_81' title='bbox 1303 1270 1543 1332; x_wconf 86' lang='lat' dir='ltr'><strong>tempore</strong></span> <span class='ocrx_word' id='word_1_82' title='bbox 1561 1257 1795 1314; x_wconf 89' lang='lat' dir='ltr'><strong>futurum</strong></span> <span class='ocrx_word' id='word_1_83' title='bbox 1820 1255 2140 1327; x_wconf 86' lang='lat' dir='ltr'><strong>promissum</strong></span> 
     </span>
    </p>
   </div>
   <div class='ocr_carea' id='block_1_12' title="bbox 555 1348 2144 1428">
    <p class='ocr_par' dir='ltr' id='par_1_12' title="bbox 555 1348 2144 1428">
     <span class='ocr_line' id='line_1_12' title="bbox 555 1348 2144 1428; baseline -0.01 -13"><span class='ocrx_word' id='word_1_84' title='bbox 555 1369 637 1415; x_wconf 90' lang='lat' dir='ltr'><strong>est</strong></span> <span class='ocrx_word' id='word_1_85' title='bbox 653 1379 665 1414; x_wconf 87' lang='lat'><strong>:</strong></span> <span class='ocrx_word' id='word_1_86' title='bbox 680 1360 835 1427; x_wconf 82' lang='lat' dir='ltr'><strong>Audi,</strong></span> <span class='ocrx_word' id='word_1_87' title='bbox 850 1360 978 1428; x_wconf 84' lang='lat' dir='ltr'><strong>ﬁlia,</strong></span> <span class='ocrx_word' id='word_1_88' title='bbox 999 1367 1044 1412; x_wconf 92' lang='lat' dir='ltr'><strong>et</strong></span> <span class='ocrx_word' id='word_1_89' title='bbox 1060 1358 1189 1421; x_wconf 82' lang='lat' dir='ltr'><strong>vide,</strong></span> <span class='ocrx_word' id='word_1_90' title='bbox 1207 1361 1254 1411; x_wconf 85' lang='lat' dir='ltr'><strong>et</strong></span> <span class='ocrx_word' id='word_1_91' title='bbox 1267 1354 1457 1410; x_wconf 80' lang='lat' dir='ltr'><strong>inclina</strong></span> <span class='ocrx_word' id='word_1_92' title='bbox 1469 1365 1644 1408; x_wconf 86' lang='lat' dir='ltr'><strong>aurem</strong></span> <span class='ocrx_word' id='word_1_93' title='bbox 1657 1355 1812 1415; x_wconf 89' lang='lat' dir='ltr'><strong>tuam,</strong></span> <span class='ocrx_word' id='word_1_94' title='bbox 1831 1360 1875 1403; x_wconf 90' lang='lat' dir='ltr'><strong>et</strong></span> <span class='ocrx_word' id='word_1_95' title='bbox 1893 1348 2144 1402; x_wconf 74' lang='lat' dir='ltr'><strong>oblivisce-</strong></span> 
     </span>
    </p>
   </div>
   <div class='ocr_carea' id='block_1_13' title="bbox 555 1439 2141 1522">
    <p class='ocr_par' dir='ltr' id='par_1_13' title="bbox 555 1439 2141 1522">
     <span class='ocr_line' id='line_1_13' title="bbox 555 1439 2141 1522; baseline -0.009 -16"><span class='ocrx_word' id='word_1_96' title='bbox 555 1467 610 1506; x_wconf 97' lang='lat' dir='ltr'><strong>re</strong></span> <span class='ocrx_word' id='word_1_97' title='bbox 627 1451 872 1522; x_wconf 86' lang='lat' dir='ltr'><strong>populum</strong></span> <span class='ocrx_word' id='word_1_98' title='bbox 899 1459 1059 1515; x_wconf 85' lang='lat' dir='ltr'><strong>tuum,</strong></span> <span class='ocrx_word' id='word_1_99' title='bbox 1091 1457 1137 1503; x_wconf 91' lang='lat' dir='ltr'><strong>et</strong></span> <span class='ocrx_word' id='word_1_100' title='bbox 1152 1445 1354 1502; x_wconf 86' lang='lat' dir='ltr'><strong>domum</strong></span> <span class='ocrx_word' id='word_1_101' title='bbox 1375 1445 1532 1517; x_wconf 78' lang='lat' dir='ltr'><strong>patris</strong></span> <span class='ocrx_word' id='word_1_102' title='bbox 1552 1444 1646 1510; x_wconf 89' lang='lat' dir='ltr'><strong>tui;</strong></span> <span class='ocrx_word' id='word_1_103' title='bbox 1659 1441 1894 1512; x_wconf 87' lang='lat' dir='ltr'><strong>quoniam</strong></span> <span class='ocrx_word' id='word_1_104' title='bbox 1911 1439 2141 1509; x_wconf 87' lang='lat' dir='ltr'><strong>concupi-</strong></span> 
     </span>
    </p>
   </div>
   <div class='ocr_carea' id='block_1_14' title="bbox 555 1531 2144 1613">
    <p class='ocr_par' dir='ltr' id='par_1_14' title="bbox 555 1531 2144 1613">
     <span class='ocr_line' id='line_1_14' title="bbox 555 1531 2144 1613; baseline -0.008 -17"><span class='ocrx_word' id='word_1_105' title='bbox 555 1543 626 1596; x_wconf 89' lang='lat' dir='ltr'><strong>vit</strong></span> <span class='ocrx_word' id='word_1_106' title='bbox 654 1558 746 1598; x_wconf 73' lang='lat' dir='ltr'><strong>rex</strong></span> <span class='ocrx_word' id='word_1_107' title='bbox 773 1542 986 1613; x_wconf 80' lang='lat' dir='ltr'><strong>speciem</strong></span> <span class='ocrx_word' id='word_1_108' title='bbox 1009 1549 1163 1604; x_wconf 88' lang='lat' dir='ltr'><strong>tuam,</strong></span> <span class='ocrx_word' id='word_1_109' title='bbox 1194 1540 1309 1610; x_wconf 81' lang='lat' dir='ltr'><strong>quia</strong></span> <span class='ocrx_word' id='word_1_110' title='bbox 1335 1539 1443 1608; x_wconf 79' lang='lat' dir='ltr'><strong>ipse</strong></span> <span class='ocrx_word' id='word_1_111' title='bbox 1471 1544 1542 1590; x_wconf 86' lang='lat' dir='ltr'><strong>est</strong></span> <span class='ocrx_word' id='word_1_112' title='bbox 1571 1535 1710 1588; x_wconf 83' lang='lat' dir='ltr'><strong>Deus</strong></span> <span class='ocrx_word' id='word_1_113' title='bbox 1739 1543 1872 1598; x_wconf 85' lang='lat' dir='ltr'><strong>tuus,</strong></span> <span class='ocrx_word' id='word_1_114' title='bbox 1898 1539 1941 1587; x_wconf 88' lang='lat' dir='ltr'><strong>et</strong></span> <span class='ocrx_word' id='word_1_115' title='bbox 1967 1531 2144 1585; x_wconf 90' lang='lat' dir='ltr'><strong>adora-</strong></span> 
     </span>
    </p>
   </div>
   <div class='ocr_carea' id='block_1_15' title="bbox 557 1617 2142 1702">
    <p class='ocr_par' dir='ltr' id='par_1_15' title="bbox 557 1617 2142 1702">
     <span class='ocr_line' id='line_1_15' title="bbox 557 1617 2142 1702; baseline -0.006 -17"><span class='ocrx_word' id='word_1_116' title='bbox 557 1631 680 1686; x_wconf 83' lang='lat' dir='ltr'><strong>bunt</strong></span> <span class='ocrx_word' id='word_1_117' title='bbox 709 1647 824 1687; x_wconf 84' lang='lat' dir='ltr'><strong>eum</strong></span> <span class='ocrx_word' id='word_1_118' title='bbox 855 1632 976 1700; x_wconf 78' lang='lat' dir='ltr'><strong>ﬁlia:</strong></span> <span class='ocrx_word' id='word_1_119' title='bbox 999 1629 1124 1702; x_wconf 84' lang='lat' dir='ltr'><strong>Tgri</strong></span> <span class='ocrx_word' id='word_1_120' title='bbox 1149 1631 1201 1684; x_wconf 89' lang='lat' dir='ltr'><strong>in</strong></span> <span class='ocrx_word' id='word_1_121' title='bbox 1228 1626 1515 1684; x_wconf 80' lang='lat' dir='ltr'><strong>muneribus</strong></span> <span class='ocrx_word' id='word_1_122' title='bbox 1541 1643 1559 1681; x_wconf 91' lang='lat'><strong><em>:</em></strong></span> <span class='ocrx_word' id='word_1_123' title='bbox 1582 1625 1775 1680; x_wconf 81' lang='lat' dir='ltr'><strong>vultum</strong></span> <span class='ocrx_word' id='word_1_124' title='bbox 1804 1635 1944 1679; x_wconf 90' lang='lat' dir='ltr'><strong>tuum</strong></span> <span class='ocrx_word' id='word_1_125' title='bbox 1966 1617 2142 1694; x_wconf 83' lang='lat' dir='ltr'><strong>depre-</strong></span> 
     </span>
    </p>
   </div>
   <div class='ocr_carea' id='block_1_16' title="bbox 557 1714 2142 1792">
    <p class='ocr_par' dir='ltr' id='par_1_16' title="bbox 557 1714 2142 1792">
     <span class='ocr_line' id='line_1_16' title="bbox 557 1714 2142 1792; baseline -0.006 -14"><span class='ocrx_word' id='word_1_126' title='bbox 557 1724 805 1778; x_wconf 80' lang='lat' dir='ltr'><strong>cabuntur</strong></span> <span class='ocrx_word' id='word_1_127' title='bbox 834 1721 1010 1777; x_wconf 86' lang='lat' dir='ltr'><strong>divites</strong></span> <span class='ocrx_word' id='word_1_128' title='bbox 1040 1720 1218 1792; x_wconf 85' lang='lat' dir='ltr'><strong>plebis.</strong></span> <span class='ocrx_word' id='word_1_129' title='bbox 1271 1719 1448 1774; x_wconf 83' lang='lat' dir='ltr'><strong>Omnis</strong></span> <span class='ocrx_word' id='word_1_130' title='bbox 1487 1718 1652 1789; x_wconf 80' lang='lat' dir='ltr'><strong>gloria</strong></span> <span class='ocrx_word' id='word_1_131' title='bbox 1696 1717 1804 1788; x_wconf 86' lang='lat' dir='ltr'><strong>ejus</strong></span> <span class='ocrx_word' id='word_1_132' title='bbox 1845 1716 1966 1786; x_wconf 72' lang='lat' dir='ltr'><strong>ﬁlia:</strong></span> <span class='ocrx_word' id='word_1_133' title='bbox 2009 1714 2142 1785; x_wconf 85' lang='lat' dir='ltr'><strong>regis</strong></span> 
     </span>
    </p>
   </div>
   <div class='ocr_carea' id='block_1_17' title="bbox 558 1807 2142 1882">
    <p class='ocr_par' dir='ltr' id='par_1_17' title="bbox 558 1807 2142 1882">
     <span class='ocr_line' id='line_1_17' title="bbox 558 1807 2142 1882; baseline -0.006 -15"><span class='ocrx_word' id='word_1_134' title='bbox 558 1813 876 1880; x_wconf 77' lang='lat' dir='ltr'><strong>intrinsecus,</strong></span> <span class='ocrx_word' id='word_1_135' title='bbox 897 1815 948 1867; x_wconf 86' lang='lat' dir='ltr'><strong>in</strong></span> <span class='ocrx_word' id='word_1_136' title='bbox 970 1813 1186 1882; x_wconf 88' lang='lat' dir='ltr'><strong>ﬁmbriis</strong></span> <span class='ocrx_word' id='word_1_137' title='bbox 1211 1812 1379 1864; x_wconf 86' lang='lat' dir='ltr'><strong>aureis</strong></span> <span class='ocrx_word' id='word_1_138' title='bbox 1397 1808 1773 1864; x_wconf 74' lang='lat' dir='ltr'><strong>circumami‘cta</strong></span> <span class='ocrx_word' id='word_1_139' title='bbox 1791 1807 2142 1860; x_wconf 82' lang='lat' dir='ltr'><strong>varietatibus:</strong></span> 
     </span>
    </p>
   </div>
   <div class='ocr_carea' id='block_1_18' title="bbox 559 1891 2145 1976">
    <p class='ocr_par' dir='ltr' id='par_1_18' title="bbox 559 1891 2145 1976">
     <span class='ocr_line' id='line_1_18' title="bbox 559 1891 2145 1976; baseline -0.006 -18"><span class='ocrx_word' id='word_1_140' title='bbox 559 1903 834 1973; x_wconf 74' lang='lat' dir='ltr'><strong>a/ferentur</strong></span> <span class='ocrx_word' id='word_1_141' title='bbox 849 1905 957 1976; x_wconf 85' lang='lat' dir='ltr'><strong>regi</strong></span> <span class='ocrx_word' id='word_1_142' title='bbox 974 1905 1187 1975; x_wconf 82' lang='lat' dir='ltr'><strong>virgines</strong></span> <span class='ocrx_word' id='word_1_143' title='bbox 1210 1912 1320 1974; x_wconf 84' lang='lat' dir='ltr'><strong>post</strong></span> <span class='ocrx_word' id='word_1_144' title='bbox 1337 1915 1465 1966; x_wconf 86' lang='lat' dir='ltr'><strong>eam,</strong></span> <span class='ocrx_word' id='word_1_145' title='bbox 1488 1900 1733 1970; x_wconf 66' lang='lat' dir='ltr'><strong>proxima:</strong></span> <span class='ocrx_word' id='word_1_146' title='bbox 1748 1899 1855 1968; x_wconf 76' lang='lat' dir='ltr'><strong>ejus</strong></span> <span class='ocrx_word' id='word_1_147' title='bbox 1871 1891 2145 1964; x_wconf 69' lang='lat' dir='ltr'><strong>afferentur</strong></span> 
     </span>
    </p>
   </div>
   <div class='ocr_carea' id='block_1_19' title="bbox 563 1987 2145 2064">
    <p class='ocr_par' dir='ltr' id='par_1_19' title="bbox 563 1987 2145 2064">
     <span class='ocr_line' id='line_1_19' title="bbox 563 1987 2145 2064; baseline -0.006 -12"><span class='ocrx_word' id='word_1_148' title='bbox 563 1997 684 2064; x_wconf 83' lang='lat' dir='ltr'><strong>tibi,</strong></span> <span class='ocrx_word' id='word_1_149' title='bbox 718 2000 772 2052; x_wconf 87' lang='lat' dir='ltr'><strong>in</strong></span> <span class='ocrx_word' id='word_1_150' title='bbox 813 1999 990 2053; x_wconf 75' lang='lat' dir='ltr'><strong>laztitia</strong></span> <span class='ocrx_word' id='word_1_151' title='bbox 1028 2005 1077 2051; x_wconf 88' lang='lat' dir='ltr'><strong>et</strong></span> <span class='ocrx_word' id='word_1_152' title='bbox 1116 1995 1448 2052; x_wconf 71' lang='lat' dir='ltr'><strong>exsultatione</strong></span> <span class='ocrx_word' id='word_1_153' title='bbox 1479 1987 1797 2047; x_wconf 82' lang='lat' dir='ltr'><strong>adducentur</strong></span> <span class='ocrx_word' id='word_1_154' title='bbox 1823 1991 1875 2044; x_wconf 88' lang='lat' dir='ltr'><strong>in</strong></span> <span class='ocrx_word' id='word_1_155' title='bbox 1902 1987 2145 2059; x_wconf 82' lang='lat' dir='ltr'><strong>templum</strong></span> 
     </span>
    </p>
   </div>
   <div class='ocr_carea' id='block_1_20' title="bbox 558 2084 2144 2162">
    <p class='ocr_par' dir='ltr' id='par_1_20' title="bbox 558 2084 2144 2162">
     <span class='ocr_line' id='line_1_20' title="bbox 558 2084 2144 2162; baseline -0.004 -18"><span class='ocrx_word' id='word_1_156' title='bbox 558 2092 708 2162; x_wconf 85' lang='lat' dir='ltr'><strong>regis.</strong></span> <span class='ocrx_word' id='word_1_157' title='bbox 739 2087 846 2146; x_wconf 88' lang='lat' dir='ltr'><strong>Pro</strong></span> <span class='ocrx_word' id='word_1_158' title='bbox 878 2091 1101 2161; x_wconf 86' lang='lat' dir='ltr'><strong>patribus</strong></span> <span class='ocrx_word' id='word_1_159' title='bbox 1127 2090 1223 2144; x_wconf 85' lang='lat' dir='ltr'><strong>tuis</strong></span> <span class='ocrx_word' id='word_1_160' title='bbox 1245 2089 1350 2143; x_wconf 88' lang='lat' dir='ltr'><strong>uati</strong></span> <span class='ocrx_word' id='word_1_161' title='bbox 1375 2097 1488 2144; x_wconf 87' lang='lat' dir='ltr'><strong>sunt</strong></span> <span class='ocrx_word' id='word_1_162' title='bbox 1516 2087 1603 2140; x_wconf 83' lang='lat' dir='ltr'><strong>tibi</strong></span> <span class='ocrx_word' id='word_1_163' title='bbox 1633 2084 1748 2155; x_wconf 79' lang='lat' dir='ltr'><strong>ﬁlii,</strong></span> <span class='ocrx_word' id='word_1_164' title='bbox 1772 2085 2037 2138; x_wconf 82' lang='lat' dir='ltr'><strong>constitues</strong></span> <span class='ocrx_word' id='word_1_165' title='bbox 2061 2099 2144 2137; x_wconf 88' lang='lat' dir='ltr'><strong>eos</strong></span> 
     </span>
    </p>
   </div>
   <div class='ocr_carea' id='block_1_21' title="bbox 561 2169 2139 2257">
    <p class='ocr_par' dir='ltr' id='par_1_21' title="bbox 561 2169 2139 2257">
     <span class='ocr_line' id='line_1_21' title="bbox 561 2169 2139 2257; baseline -0.009 -17"><span class='ocrx_word' id='word_1_166' title='bbox 561 2184 808 2257; x_wconf 82' lang='lat' dir='ltr'><strong>principes</strong></span> <span class='ocrx_word' id='word_1_167' title='bbox 837 2199 987 2256; x_wconf 86' lang='lat' dir='ltr'><strong>super</strong></span> <span class='ocrx_word' id='word_1_168' title='bbox 1012 2200 1210 2238; x_wconf 86' lang='lat' dir='ltr'><strong>onmem</strong></span> <span class='ocrx_word' id='word_1_169' title='bbox 1237 2191 1424 2237; x_wconf 73' lang='lat' dir='ltr'><strong>terram</strong></span> <span class='ocrx_word' id='word_1_170' title='bbox 1446 2197 1464 2235; x_wconf 89' lang='lat'><strong><em>:</em></strong></span> <span class='ocrx_word' id='word_1_171' title='bbox 1484 2169 1725 2235; x_wconf 84' lang='lat' dir='ltr'><strong>memores</strong></span> <span class='ocrx_word' id='word_1_172' title='bbox 1751 2183 1894 2231; x_wconf 91' lang='lat' dir='ltr'><strong>erunt</strong></span> <span class='ocrx_word' id='word_1_173' title='bbox 1923 2175 2139 2228; x_wconf 83' lang='lat' dir='ltr'><strong>nominis</strong></span> 
     </span>
    </p>
   </div>
   <div class='ocr_carea' id='block_1_22' title="bbox 1373 304 3096 378">
    <p class='ocr_par' dir='ltr' id='par_1_22' title="bbox 1373 304 3096 378">
     <span class='ocr_line' id='line_1_22' title="bbox 1373 304 3096 378; baseline -0.011 0"><span class='ocrx_word' id='word_1_174' title='bbox 1373 315 1644 378; x_wconf 83' lang='lat' dir='ltr'><strong>CONTRA</strong></span> <span class='ocrx_word' id='word_1_175' title='bbox 1683 309 2008 369; x_wconf 81' lang='lat' dir='ltr'><strong>FAUSTUM</strong></span> <span class='ocrx_word' id='word_1_176' title='bbox 2046 305 2485 376; x_wconf 77' lang='lat' dir='ltr'><strong>MANlCli/EUM,</strong></span> <span class='ocrx_word' id='word_1_177' title='bbox 2531 311 2586 364; x_wconf 91' lang='lat' dir='ltr'><strong>S.</strong></span> <span class='ocrx_word' id='word_1_178' title='bbox 2631 304 3002 366; x_wconf 83' lang='lat' dir='ltr'><strong>AUGUSTINI</strong></span> <span class='ocrx_word' id='word_1_179' title='bbox 3089 312 3096 319; x_wconf 88' lang='lat'><strong>&#39;</strong></span> 
     </span>
    </p>
   </div>
   <div class='ocr_carea' id='block_1_23' title="bbox 3705 305 3800 363">
    <p class='ocr_par' dir='ltr' id='par_1_23' title="bbox 3705 305 3800 363">
     <span class='ocr_line' id='line_1_23' title="bbox 3705 305 3800 363; baseline 0.042 -4"><span class='ocrx_word' id='word_1_180' title='bbox 3705 305 3800 363; x_wconf 74' lang='lat'><strong>316</strong></span> 
     </span>
    </p>
   </div>
   <div class='ocr_carea' id='block_1_24' title="bbox 2249 407 3798 491">
    <p class='ocr_par' dir='ltr' id='par_1_24' title="bbox 2249 407 3798 491">
     <span class='ocr_line' id='line_1_24' title="bbox 2249 407 3798 491; baseline -0.005 -15"><span class='ocrx_word' id='word_1_181' title='bbox 2249 426 2325 477; x_wconf 88' lang='lat' dir='ltr'><strong>tui</strong></span> <span class='ocrx_word' id='word_1_182' title='bbox 2345 427 2399 477; x_wconf 85' lang='lat' dir='ltr'><strong>in</strong></span> <span class='ocrx_word' id='word_1_183' title='bbox 2430 422 2568 476; x_wconf 90' lang='lat' dir='ltr'><strong>omni</strong></span> <span class='ocrx_word' id='word_1_184' title='bbox 2591 407 2834 491; x_wconf 82' lang='lat' dir='ltr'><strong>progenie</strong></span> <span class='ocrx_word' id='word_1_185' title='bbox 2857 420 2915 488; x_wconf 67' lang='lat' dir='ltr'><strong>{et</strong></span> <span class='ocrx_word' id='word_1_186' title='bbox 2953 414 3300 488; x_wconf 84' lang='lat' dir='ltr'><strong>generatione,</strong></span> <span class='ocrx_word' id='word_1_187' title='bbox 3330 420 3598 484; x_wconf 84' lang='lat' dir='ltr'><strong>propterea</strong></span> <span class='ocrx_word' id='word_1_188' title='bbox 3633 415 3798 485; x_wconf 83' lang='lat' dir='ltr'><strong>populi</strong></span> 
     </span>
    </p>
   </div>
   <div class='ocr_carea' id='block_1_25' title="bbox 2250 505 3797 584">
    <p class='ocr_par' dir='ltr' id='par_1_25' title="bbox 2250 505 3797 584">
     <span class='ocr_line' id='line_1_25' title="bbox 2250 505 3797 584; baseline -0.006 -14"><span class='ocrx_word' id='word_1_189' title='bbox 2250 516 2628 584; x_wconf 85' lang='lat' dir='ltr'><strong>conﬁtebuntur</strong></span> <span class='ocrx_word' id='word_1_190' title='bbox 2673 514 2765 566; x_wconf 86' lang='lat' dir='ltr'><strong>tibi</strong></span> <span class='ocrx_word' id='word_1_191' title='bbox 2800 513 2856 565; x_wconf 84' lang='lat' dir='ltr'><strong>in</strong></span> <span class='ocrx_word' id='word_1_192' title='bbox 2886 519 3136 567; x_wconf 65' lang='lat' dir='ltr'><strong>(sternunt</strong></span> <span class='ocrx_word' id='word_1_193' title='bbox 3181 516 3228 561; x_wconf 89' lang='lat' dir='ltr'><strong>et</strong></span> <span class='ocrx_word' id='word_1_194' title='bbox 3271 506 3325 559; x_wconf 81' lang='lat' dir='ltr'><strong>in</strong></span> <span class='ocrx_word' id='word_1_195' title='bbox 3357 505 3609 560; x_wconf 64' lang='lat' dir='ltr'><strong>secutum</strong></span> <span class='ocrx_word' id='word_1_196' title='bbox 3631 507 3797 561; x_wconf 72' lang='lat' dir='ltr'><strong>oraculi</strong></span> 
     </span>
    </p>
   </div>
   <div class='ocr_carea' id='block_1_26' title="bbox 2250 599 3803 679">
    <p class='ocr_par' dir='ltr' id='par_1_26' title="bbox 2250 599 3803 679">
     <span class='ocr_line' id='line_1_26' title="bbox 2250 599 3803 679; baseline -0.005 -18"><span class='ocrx_word' id='word_1_197' title='bbox 2250 606 2420 679; x_wconf 84' lang='lat' dir='ltr'><strong>(Psal.</strong></span> <span class='ocrx_word' id='word_1_198' title='bbox 2449 621 2594 671; x_wconf 77' lang='lat' dir='ltr'><strong>xm,</strong></span> <span class='ocrx_word' id='word_1_199' title='bbox 2625 604 2829 675; x_wconf 63' lang='lat'><strong>1148).</strong></span> <span class='ocrx_word' id='word_1_200' title='bbox 2858 602 2963 657; x_wconf 86' lang='lat' dir='ltr'><strong>Sed</strong></span> <span class='ocrx_word' id='word_1_201' title='bbox 2986 611 3041 656; x_wconf 87' lang='lat' dir='ltr'><strong>tu</strong></span> <span class='ocrx_word' id='word_1_202' title='bbox 3065 599 3248 655; x_wconf 81' lang='lat' dir='ltr'><strong>infelix</strong></span> <span class='ocrx_word' id='word_1_203' title='bbox 3279 612 3311 651; x_wconf 87' lang='lat' dir='ltr'><strong>a</strong></span> <span class='ocrx_word' id='word_1_204' title='bbox 3343 602 3594 667; x_wconf 74' lang='lat' dir='ltr'><strong>serpente</strong></span> <span class='ocrx_word' id='word_1_205' title='bbox 3629 612 3803 654; x_wconf 81' lang='lat' dir='ltr'><strong>eorru-</strong></span> 
     </span>
    </p>
   </div>
   <div class='ocr_carea' id='block_1_27' title="bbox 2248 689 3804 767">
    <p class='ocr_par' dir='ltr' id='par_1_27' title="bbox 2248 689 3804 767">
     <span class='ocr_line' id='line_1_27' title="bbox 2248 689 3804 767; baseline -0.003 -16"><span class='ocrx_word' id='word_1_206' title='bbox 2248 705 2358 767; x_wconf 85' lang='lat' dir='ltr'><strong>pta,</strong></span> <span class='ocrx_word' id='word_1_207' title='bbox 2387 697 2599 766; x_wconf 78' lang='lat' dir='ltr'><strong>quando</strong></span> <span class='ocrx_word' id='word_1_208' title='bbox 2616 696 2700 750; x_wconf 73' lang='lat' dir='ltr'><strong>vel</strong></span> <span class='ocrx_word' id='word_1_209' title='bbox 2724 696 2962 765; x_wconf 81' lang='lat' dir='ltr'><strong>cogitare</strong></span> <span class='ocrx_word' id='word_1_210' title='bbox 2977 695 3192 748; x_wconf 82' lang='lat' dir='ltr'><strong>conaris</strong></span> <span class='ocrx_word' id='word_1_211' title='bbox 3219 707 3340 762; x_wconf 69' lang='lat' dir='ltr'><strong>qua:</strong></span> <span class='ocrx_word' id='word_1_212' title='bbox 3371 691 3444 746; x_wconf 94' lang='lat' dir='ltr'><strong>sit</strong></span> <span class='ocrx_word' id='word_1_213' title='bbox 3469 689 3804 760; x_wconf 83' lang='lat' dir='ltr'><strong>pulchritudo</strong></span> 
     </span>
    </p>
   </div>
   <div class='ocr_carea' id='block_1_28' title="bbox 2251 783 3807 859">
    <p class='ocr_par' dir='ltr' id='par_1_28' title="bbox 2251 783 3807 859">
     <span class='ocr_line' id='line_1_28' title="bbox 2251 783 3807 859; baseline -0.003 -16"><span class='ocrx_word' id='word_1_214' title='bbox 2251 789 2374 843; x_wconf 71' lang='lat' dir='ltr'><strong>illia:</strong></span> <span class='ocrx_word' id='word_1_215' title='bbox 2395 788 2536 858; x_wconf 86' lang='lat' dir='ltr'><strong>regis</strong></span> <span class='ocrx_word' id='word_1_216' title='bbox 2561 787 2920 841; x_wconf 75' lang='lat' dir='ltr'><strong>intrinsecus?</strong></span> <span class='ocrx_word' id='word_1_217' title='bbox 2946 786 3064 855; x_wconf 84' lang='lat' dir='ltr'><strong>ipsa</strong></span> <span class='ocrx_word' id='word_1_218' title='bbox 3092 795 3174 840; x_wconf 82' lang='lat' dir='ltr'><strong>est</strong></span> <span class='ocrx_word' id='word_1_219' title='bbox 3196 784 3339 859; x_wconf 75' lang='lat' dir='ltr'><strong>enim</strong></span> <span class='ocrx_word' id='word_1_220' title='bbox 3363 783 3584 838; x_wconf 79' lang='lat' dir='ltr'><strong>castitas</strong></span> <span class='ocrx_word' id='word_1_221' title='bbox 3603 785 3807 849; x_wconf 81' lang='lat' dir='ltr'><strong>mentis,</strong></span> 
     </span>
    </p>
   </div>
   <div class='ocr_carea' id='block_1_29' title="bbox 2250 878 3812 949">
    <p class='ocr_par' dir='ltr' id='par_1_29' title="bbox 2250 878 3812 949">
     <span class='ocr_line' id='line_1_29' title="bbox 2250 878 3812 949; baseline -0.002 -12"><span class='ocrx_word' id='word_1_222' title='bbox 2250 882 2341 937; x_wconf 91' lang='lat' dir='ltr'><strong>ubi</strong></span> <span class='ocrx_word' id='word_1_223' title='bbox 2369 891 2425 935; x_wconf 88' lang='lat' dir='ltr'><strong>tu</strong></span> <span class='ocrx_word' id='word_1_224' title='bbox 2449 881 2636 936; x_wconf 79' lang='lat' dir='ltr'><strong>vitiata</strong></span> <span class='ocrx_word' id='word_1_225' title='bbox 2673 896 2751 944; x_wconf 88' lang='lat' dir='ltr'><strong>es,</strong></span> <span class='ocrx_word' id='word_1_226' title='bbox 2780 889 2840 934; x_wconf 89' lang='lat' dir='ltr'><strong>ut</strong></span> <span class='ocrx_word' id='word_1_227' title='bbox 2866 881 3208 949; x_wconf 84' lang='lat' dir='ltr'><strong>aperirentur</strong></span> <span class='ocrx_word' id='word_1_228' title='bbox 3247 879 3344 934; x_wconf 87' lang='lat' dir='ltr'><strong>tibi</strong></span> <span class='ocrx_word' id='word_1_229' title='bbox 3371 878 3513 933; x_wconf 75' lang='lat' dir='ltr'><strong>ouili</strong></span> <span class='ocrx_word' id='word_1_230' title='bbox 3542 878 3610 932; x_wconf 89' lang='lat' dir='ltr'><strong>ad</strong></span> <span class='ocrx_word' id='word_1_231' title='bbox 3638 893 3812 934; x_wconf 77' lang='lat' dir='ltr'><strong>aman-</strong></span> 
     </span>
    </p>
   </div>
   <div class='ocr_carea' id='block_1_30' title="bbox 2251 968 3812 1040">
    <p class='ocr_par' dir='ltr' id='par_1_30' title="bbox 2251 968 3812 1040">
     <span class='ocr_line' id='line_1_30' title="bbox 2251 968 3812 1040; baseline -0.001 -13"><span class='ocrx_word' id='word_1_232' title='bbox 2251 973 2381 1028; x_wconf 87' lang='lat' dir='ltr'><strong>dum</strong></span> <span class='ocrx_word' id='word_1_233' title='bbox 2407 977 2462 1026; x_wconf 90' lang='lat' dir='ltr'><strong>et</strong></span> <span class='ocrx_word' id='word_1_234' title='bbox 2482 971 2811 1026; x_wconf 84' lang='lat' dir='ltr'><strong>adorandum</strong></span> <span class='ocrx_word' id='word_1_235' title='bbox 2840 971 3008 1026; x_wconf 84' lang='lat' dir='ltr'><strong>solem</strong></span> <span class='ocrx_word' id='word_1_236' title='bbox 3022 976 3076 1024; x_wconf 89' lang='lat' dir='ltr'><strong>et</strong></span> <span class='ocrx_word' id='word_1_237' title='bbox 3104 970 3314 1036; x_wconf 79' lang='lat' dir='ltr'><strong>lunam;</strong></span> <span class='ocrx_word' id='word_1_238' title='bbox 3338 982 3406 1024; x_wconf 87' lang='lat' dir='ltr'><strong>ac</strong></span> <span class='ocrx_word' id='word_1_239' title='bbox 3425 968 3812 1040; x_wconf 72' lang='lat' dir='ltr'><strong>sicperjustum</strong></span> 
     </span>
    </p>
   </div>
   <div class='ocr_carea' id='block_1_31' title="bbox 2244 1065 3815 1136">
    <p class='ocr_par' dir='ltr' id='par_1_31' title="bbox 2244 1065 3815 1136">
     <span class='ocr_line' id='line_1_31' title="bbox 2244 1065 3815 1136; baseline -0.001 -16"><span class='ocrx_word' id='word_1_240' title='bbox 2244 1065 2502 1135; x_wconf 86' lang='lat' dir='ltr'><strong>judicium</strong></span> <span class='ocrx_word' id='word_1_241' title='bbox 2523 1067 2617 1121; x_wconf 90' lang='lat' dir='ltr'><strong>Dei</strong></span> <span class='ocrx_word' id='word_1_242' title='bbox 2637 1065 2949 1121; x_wconf 87' lang='lat' dir='ltr'><strong>alienareris</strong></span> <span class='ocrx_word' id='word_1_243' title='bbox 2972 1079 3002 1119; x_wconf 72' lang='grc' dir='ltr'>α</span> <span class='ocrx_word' id='word_1_244' title='bbox 3027 1066 3172 1136; x_wconf 84' lang='lat' dir='ltr'><strong>ligno</strong></span> <span class='ocrx_word' id='word_1_245' title='bbox 3196 1065 3340 1132; x_wconf 62' lang='lat' dir='ltr'><strong>vitae,</strong></span> <span class='ocrx_word' id='word_1_246' title='bbox 3363 1066 3506 1133; x_wconf 80' lang='lat' dir='ltr'><strong>quod</strong></span> <span class='ocrx_word' id='word_1_247' title='bbox 3525 1069 3607 1118; x_wconf 82' lang='lat' dir='ltr'><strong>est</strong></span> <span class='ocrx_word' id='word_1_248' title='bbox 3629 1068 3815 1118; x_wconf 61' lang='lat' dir='ltr'><strong>aeterna</strong></span> 
     </span>
    </p>
   </div>
   <div class='ocr_carea' id='block_1_32' title="bbox 2248 1157 3816 1228">
    <p class='ocr_par' dir='ltr' id='par_1_32' title="bbox 2248 1157 3816 1228">
     <span class='ocr_line' id='line_1_32' title="bbox 2248 1157 3816 1228; baseline -0.002 -15"><span class='ocrx_word' id='word_1_249' title='bbox 2248 1165 2303 1213; x_wconf 90' lang='lat' dir='ltr'><strong>et</strong></span> <span class='ocrx_word' id='word_1_250' title='bbox 2326 1157 2534 1213; x_wconf 86' lang='lat' dir='ltr'><strong>interna</strong></span> <span class='ocrx_word' id='word_1_251' title='bbox 2561 1159 2851 1228; x_wconf 84' lang='lat' dir='ltr'><strong>sapientia;</strong></span> <span class='ocrx_word' id='word_1_252' title='bbox 2891 1158 3128 1228; x_wconf 86' lang='lat' dir='ltr'><strong>nihilque</strong></span> <span class='ocrx_word' id='word_1_253' title='bbox 3155 1157 3299 1212; x_wconf 85' lang='lat' dir='ltr'><strong>aliud</strong></span> <span class='ocrx_word' id='word_1_254' title='bbox 3333 1165 3559 1212; x_wconf 69' lang='lat' dir='ltr'><strong>vocares</strong></span> <span class='ocrx_word' id='word_1_255' title='bbox 3582 1162 3816 1226; x_wconf 77' lang='lat' dir='ltr'><strong>patares-</strong></span> 
     </span>
    </p>
   </div>
   <div class='ocr_carea' id='block_1_33' title="bbox 2249 1248 3816 1321">
    <p class='ocr_par' dir='ltr' id='par_1_33' title="bbox 2249 1248 3816 1321">
     <span class='ocr_line' id='line_1_33' title="bbox 2249 1248 3816 1321; baseline -0.003 -16"><span class='ocrx_word' id='word_1_256' title='bbox 2249 1265 2352 1319; x_wconf 90' lang='lat' dir='ltr'><strong>que</strong></span> <span class='ocrx_word' id='word_1_257' title='bbox 2393 1250 2670 1305; x_wconf 80' lang='lat' dir='ltr'><strong>veritatem</strong></span> <span class='ocrx_word' id='word_1_258' title='bbox 2713 1261 2872 1321; x_wconf 85' lang='lat' dir='ltr'><strong>atque</strong></span> <span class='ocrx_word' id='word_1_259' title='bbox 2913 1249 3261 1320; x_wconf 83' lang='lat' dir='ltr'><strong>sapientiam,</strong></span> <span class='ocrx_word' id='word_1_260' title='bbox 3296 1249 3401 1304; x_wconf 82' lang='lat' dir='ltr'><strong>nisi</strong></span> <span class='ocrx_word' id='word_1_261' title='bbox 3429 1249 3603 1304; x_wconf 90' lang='lat' dir='ltr'><strong>lucem</strong></span> <span class='ocrx_word' id='word_1_262' title='bbox 3634 1248 3816 1316; x_wconf 82' lang='lat' dir='ltr'><strong>istam,</strong></span> 
     </span>
    </p>
   </div>
   <div class='ocr_carea' id='block_1_34' title="bbox 2249 1341 3818 1414">
    <p class='ocr_par' dir='ltr' id='par_1_34' title="bbox 2249 1341 3818 1414">
     <span class='ocr_line' id='line_1_34' title="bbox 2249 1341 3818 1414; baseline -0.003 -16"><span class='ocrx_word' id='word_1_263' title='bbox 2249 1359 2408 1414; x_wconf 92' lang='lat' dir='ltr'><strong>quam</strong></span> <span class='ocrx_word' id='word_1_264' title='bbox 2438 1358 2533 1414; x_wconf 86' lang='lat' dir='ltr'><strong>per</strong></span> <span class='ocrx_word' id='word_1_265' title='bbox 2559 1344 2694 1399; x_wconf 87' lang='lat' dir='ltr'><strong>male</strong></span> <span class='ocrx_word' id='word_1_266' title='bbox 2721 1351 2936 1414; x_wconf 87' lang='lat' dir='ltr'><strong>apertos</strong></span> <span class='ocrx_word' id='word_1_267' title='bbox 2959 1343 3143 1399; x_wconf 87' lang='lat' dir='ltr'><strong>oculos</strong></span> <span class='ocrx_word' id='word_1_268' title='bbox 3168 1351 3412 1406; x_wconf 86' lang='lat' dir='ltr'><strong>tractam,</strong></span> <span class='ocrx_word' id='word_1_269' title='bbox 3441 1351 3494 1396; x_wconf 85' lang='lat' dir='ltr'><strong>et</strong></span> <span class='ocrx_word' id='word_1_270' title='bbox 3521 1341 3571 1394; x_wconf 90' lang='lat' dir='ltr'><strong>in</strong></span> <span class='ocrx_word' id='word_1_271' title='bbox 3603 1341 3818 1394; x_wconf 82' lang='lat' dir='ltr'><strong>immen-</strong></span> 
     </span>
    </p>
   </div>
   <div class='ocr_carea' id='block_1_35' title="bbox 2249 1431 3821 1505">
    <p class='ocr_par' dir='ltr' id='par_1_35' title="bbox 2249 1431 3821 1505">
     <span class='ocr_line' id='line_1_35' title="bbox 2249 1431 3821 1505; baseline -0.003 -15"><span class='ocrx_word' id='word_1_272' title='bbox 2249 1450 2368 1490; x_wconf 86' lang='lat' dir='ltr'><strong>sum</strong></span> <span class='ocrx_word' id='word_1_273' title='bbox 2394 1441 2600 1490; x_wconf 84' lang='lat' dir='ltr'><strong>auctam</strong></span> <span class='ocrx_word' id='word_1_274' title='bbox 2622 1478 2636 1502; x_wconf 95' lang='lat'><strong>,</strong></span> <span class='ocrx_word' id='word_1_275' title='bbox 2667 1435 3137 1505; x_wconf 85' lang='lat' dir='ltr'><strong>multipliciterque</strong></span> <span class='ocrx_word' id='word_1_276' title='bbox 3163 1433 3424 1488; x_wconf 82' lang='lat' dir='ltr'><strong>variatam</strong></span> <span class='ocrx_word' id='word_1_277' title='bbox 3451 1445 3545 1501; x_wconf 87' lang='lat' dir='ltr'><strong>per</strong></span> <span class='ocrx_word' id='word_1_278' title='bbox 3575 1431 3821 1500; x_wconf 79' lang='lat' dir='ltr'><strong>imagines</strong></span> 
     </span>
    </p>
   </div>
   <div class='ocr_carea' id='block_1_36' title="bbox 2250 1522 3819 1596">
    <p class='ocr_par' dir='ltr' id='par_1_36' title="bbox 2250 1522 3819 1596">
     <span class='ocr_line' id='line_1_36' title="bbox 2250 1522 3819 1596; baseline -0.004 -15"><span class='ocrx_word' id='word_1_279' title='bbox 2250 1526 2519 1582; x_wconf 82' lang='lat' dir='ltr'><strong>falmlosas</strong></span> <span class='ocrx_word' id='word_1_280' title='bbox 2551 1526 2812 1596; x_wconf 82' lang='lat' dir='ltr'><strong>impudica</strong></span> <span class='ocrx_word' id='word_1_281' title='bbox 2841 1533 3018 1582; x_wconf 84' lang='lat' dir='ltr'><strong>mente</strong></span> <span class='ocrx_word' id='word_1_282' title='bbox 3046 1525 3416 1581; x_wconf 81' lang='lat' dir='ltr'><strong>convolveres.</strong></span> <span class='ocrx_word' id='word_1_283' title='bbox 3447 1523 3540 1578; x_wconf 84' lang='lat' dir='ltr'><strong>Hae</strong></span> <span class='ocrx_word' id='word_1_284' title='bbox 3566 1530 3694 1578; x_wconf 83' lang='lat' dir='ltr'><strong>sunt</strong></span> <span class='ocrx_word' id='word_1_285' title='bbox 3721 1522 3819 1576; x_wconf 61' lang='lat' dir='ltr'><strong>lora</strong></span> 
     </span>
    </p>
   </div>
   <div class='ocr_carea' id='block_1_37' title="bbox 2250 1613 3824 1684">
    <p class='ocr_par' dir='ltr' id='par_1_37' title="bbox 2250 1613 3824 1684">
     <span class='ocr_line' id='line_1_37' title="bbox 2250 1613 3824 1684; baseline -0.003 -12"><span class='ocrx_word' id='word_1_286' title='bbox 2250 1619 2541 1673; x_wconf 81' lang='lat' dir='ltr'><strong>n‘icat’iones</strong></span> <span class='ocrx_word' id='word_1_287' title='bbox 2563 1625 2667 1672; x_wconf 65' lang='lat' dir='ltr'><strong>iure</strong></span> <span class='ocrx_word' id='word_1_288' title='bbox 2694 1617 2851 1672; x_wconf 84' lang='lat' dir='ltr'><strong>nimis</strong></span> <span class='ocrx_word' id='word_1_289' title='bbox 2873 1617 3265 1672; x_wconf 57' lang='lat' dir='ltr'><strong>abominanda.</strong></span> <span class='ocrx_word' id='word_1_290' title='bbox 3283 1616 3354 1670; x_wconf 89' lang='lat' dir='ltr'><strong>Et</strong></span> <span class='ocrx_word' id='word_1_291' title='bbox 3373 1625 3550 1670; x_wconf 88' lang='lat' dir='ltr'><strong>tamen</strong></span> <span class='ocrx_word' id='word_1_292' title='bbox 3570 1613 3824 1684; x_wconf 85' lang='lat' dir='ltr'><strong>patienter</strong></span> 
     </span>
    </p>
   </div>
   <div class='ocr_carea' id='block_1_38' title="bbox 2249 1704 3824 1780">
    <p class='ocr_par' dir='ltr' id='par_1_38' title="bbox 2249 1704 3824 1780">
     <span class='ocr_line' id='line_1_38' title="bbox 2249 1704 3824 1780; baseline -0.004 -16"><span class='ocrx_word' id='word_1_293' title='bbox 2249 1713 2421 1780; x_wconf 81' lang='lat' dir='ltr'><strong>cogita</strong></span> <span class='ocrx_word' id='word_1_294' title='bbox 2450 1721 2568 1776; x_wconf 87' lang='lat' dir='ltr'><strong>eas,</strong></span> <span class='ocrx_word' id='word_1_295' title='bbox 2597 1717 2651 1765; x_wconf 87' lang='lat' dir='ltr'><strong>et</strong></span> <span class='ocrx_word' id='word_1_296' title='bbox 2674 1715 2943 1765; x_wconf 77' lang='lat' dir='ltr'><strong>revertere</strong></span> <span class='ocrx_word' id='word_1_297' title='bbox 2967 1709 3034 1763; x_wconf 79' lang='lat' dir='ltr'><strong>ad</strong></span> <span class='ocrx_word' id='word_1_298' title='bbox 3066 1717 3151 1763; x_wconf 88' lang='lat' dir='ltr'><strong>me</strong></span> <span class='ocrx_word' id='word_1_299' title='bbox 3171 1749 3186 1775; x_wconf 95' lang='lat'><strong>,</strong></span> <span class='ocrx_word' id='word_1_300' title='bbox 3212 1707 3341 1761; x_wconf 85' lang='lat' dir='ltr'><strong>dicit</strong></span> <span class='ocrx_word' id='word_1_301' title='bbox 3370 1704 3600 1761; x_wconf 77' lang='lat' dir='ltr'><strong>Veritas.</strong></span> <span class='ocrx_word' id='word_1_302' title='bbox 3633 1704 3824 1759; x_wconf 57' lang='lat' dir='ltr'><strong>never.</strong></span> 
     </span>
    </p>
   </div>
   <div class='ocr_carea' id='block_1_39' title="bbox 2250 1793 3823 1868">
    <p class='ocr_par' dir='ltr' id='par_1_39' title="bbox 2250 1793 3823 1868">
     <span class='ocr_line' id='line_1_39' title="bbox 2250 1793 3823 1868; baseline -0.004 -14"><span class='ocrx_word' id='word_1_303' title='bbox 2250 1809 2364 1854; x_wconf 90' lang='lat' dir='ltr'><strong>tere</strong></span> <span class='ocrx_word' id='word_1_304' title='bbox 2388 1799 2452 1853; x_wconf 91' lang='lat' dir='ltr'><strong>ad</strong></span> <span class='ocrx_word' id='word_1_305' title='bbox 2481 1815 2584 1865; x_wconf 90' lang='lat' dir='ltr'><strong>me,</strong></span> <span class='ocrx_word' id='word_1_306' title='bbox 2617 1808 2671 1855; x_wconf 89' lang='lat' dir='ltr'><strong>et</strong></span> <span class='ocrx_word' id='word_1_307' title='bbox 2699 1799 3061 1862; x_wconf 89' lang='lat' dir='ltr'><strong>mundaberis,</strong></span> <span class='ocrx_word' id='word_1_308' title='bbox 3095 1797 3431 1868; x_wconf 85' lang='lat' dir='ltr'><strong>reparaberis</strong></span> <span class='ocrx_word' id='word_1_309' title='bbox 3458 1798 3499 1863; x_wconf 73' lang='lat'><strong>*,</strong></span> <span class='ocrx_word' id='word_1_310' title='bbox 3530 1795 3576 1852; x_wconf 86' lang='lat' dir='ltr'><strong>si</strong></span> <span class='ocrx_word' id='word_1_311' title='bbox 3602 1793 3823 1851; x_wconf 67' lang='lat' dir='ltr'><strong>confusio</strong></span> 
     </span>
    </p>
   </div>
   <div class='ocr_carea' id='block_1_40' title="bbox 2249 1883 3826 1957">
    <p class='ocr_par' dir='ltr' id='par_1_40' title="bbox 2249 1883 3826 1957">
     <span class='ocr_line' id='line_1_40' title="bbox 2249 1883 3826 1957; baseline -0.004 -11"><span class='ocrx_word' id='word_1_312' title='bbox 2249 1891 2395 1946; x_wconf 71' lang='lat' dir='ltr'><strong>datis</strong></span> <span class='ocrx_word' id='word_1_313' title='bbox 2439 1891 2532 1946; x_wconf 85' lang='lat' dir='ltr'><strong>tibi</strong></span> <span class='ocrx_word' id='word_1_314' title='bbox 2553 1935 2568 1957; x_wconf 95' lang='lat'><strong>,</strong></span> <span class='ocrx_word' id='word_1_315' title='bbox 2601 1898 2656 1946; x_wconf 90' lang='lat' dir='ltr'><strong>ct</strong></span> <span class='ocrx_word' id='word_1_316' title='bbox 2705 1889 3009 1946; x_wconf 70' lang='lat' dir='ltr'><strong>rotundatis</strong></span> <span class='ocrx_word' id='word_1_317' title='bbox 3044 1889 3195 1944; x_wconf 88' lang='lat' dir='ltr'><strong>mihi.</strong></span> <span class='ocrx_word' id='word_1_318' title='bbox 3241 1887 3354 1943; x_wconf 78' lang='lat' dir='ltr'><strong>Hoc</strong></span> <span class='ocrx_word' id='word_1_319' title='bbox 3381 1885 3504 1942; x_wconf 83' lang='lat' dir='ltr'><strong>audi</strong></span> <span class='ocrx_word' id='word_1_320' title='bbox 3526 1928 3540 1952; x_wconf 90' lang='lat'><strong>,</strong></span> <span class='ocrx_word' id='word_1_321' title='bbox 3572 1883 3683 1941; x_wconf 84' lang='lat' dir='ltr'><strong>hoc</strong></span> <span class='ocrx_word' id='word_1_322' title='bbox 3708 1883 3826 1940; x_wconf 85' lang='lat' dir='ltr'><strong>dicit</strong></span> 
     </span>
    </p>
   </div>
   <div class='ocr_carea' id='block_1_41' title="bbox 2249 1976 3825 2052">
    <p class='ocr_par' dir='ltr' id='par_1_41' title="bbox 2249 1976 3825 2052">
     <span class='ocr_line' id='line_1_41' title="bbox 2249 1976 3825 2052; baseline -0.002 -18"><span class='ocrx_word' id='word_1_323' title='bbox 2249 1993 2375 2037; x_wconf 75' lang='lat' dir='ltr'><strong>vera</strong></span> <span class='ocrx_word' id='word_1_324' title='bbox 2397 1982 2625 2046; x_wconf 75' lang='lat' dir='ltr'><strong>Veritas,</strong></span> <span class='ocrx_word' id='word_1_325' title='bbox 2657 1992 2775 2052; x_wconf 62' lang='lat' dir='ltr'><strong>qua</strong></span> <span class='ocrx_word' id='word_1_326' title='bbox 2803 1991 2901 2037; x_wconf 79' lang='lat' dir='ltr'><strong>nec</strong></span> <span class='ocrx_word' id='word_1_327' title='bbox 2925 1980 3200 2036; x_wconf 78' lang='lat' dir='ltr'><strong>fallacibus</strong></span> <span class='ocrx_word' id='word_1_328' title='bbox 3225 1979 3410 2033; x_wconf 79' lang='lat' dir='ltr'><strong>formis</strong></span> <span class='ocrx_word' id='word_1_329' title='bbox 3438 1989 3560 2033; x_wconf 76' lang='lat' dir='ltr'><strong>cum</strong></span> <span class='ocrx_word' id='word_1_330' title='bbox 3581 1976 3825 2032; x_wconf 38' lang='lat' dir='ltr'><strong>tenebras</strong></span> 
     </span>
    </p>
   </div>
   <div class='ocr_carea' id='block_1_42' title="bbox 2251 2069 3823 2156">
    <p class='ocr_par' dir='ltr' id='par_1_42' title="bbox 2251 2069 3823 2156">
     <span class='ocr_line' id='line_1_42' title="bbox 2251 2069 3823 2156; baseline -0.003 -30"><span class='ocrx_word' id='word_1_331' title='bbox 2251 2080 2368 2126; x_wconf 75' lang='lat' dir='ltr'><strong>rum</strong></span> <span class='ocrx_word' id='word_1_332' title='bbox 2397 2082 2551 2142; x_wconf 80' lang='lat' dir='ltr'><strong>gente</strong></span> <span class='ocrx_word' id='word_1_333' title='bbox 2577 2074 2986 2156; x_wconf 32' lang='lat' dir='ltr'><strong>pugnantum</strong></span> <span class='ocrx_word' id='word_1_334' title='bbox 3015 2072 3188 2155; x_wconf 74' lang='lat' dir='ltr'><strong>fallaci</strong></span> <span class='ocrx_word' id='word_1_335' title='bbox 3218 2071 3478 2142; x_wconf 79' lang='lat' dir='ltr'><strong>sanguine</strong></span> <span class='ocrx_word' id='word_1_336' title='bbox 3507 2080 3558 2125; x_wconf 87' lang='lat' dir='ltr'><strong>te</strong></span> <span class='ocrx_word' id='word_1_337' title='bbox 3583 2069 3823 2125; x_wconf 81' lang='lat' dir='ltr'><strong>redemit.</strong></span> 
     </span>
    </p>
   </div>
   <div class='ocr_carea' id='block_1_43' title="bbox 2316 2177 3683 2248">
    <p class='ocr_par' dir='ltr' id='par_1_43' title="bbox 2316 2177 3683 2248">
     <span class='ocr_line' id='line_1_43' title="bbox 2316 2177 3683 2248; baseline -0.003 -14"><span class='ocrx_word' id='word_1_338' title='bbox 2316 2185 2332 2216; x_wconf 87' lang='grc'>¹</span> <span class='ocrx_word' id='word_1_339' title='bbox 2367 2189 2477 2235; x_wconf 67' lang='lat' dir='ltr'><strong>nov.</strong></span> <span class='ocrx_word' id='word_1_340' title='bbox 2505 2191 2556 2234; x_wconf 91' lang='lat' dir='ltr'><strong>et</strong></span> <span class='ocrx_word' id='word_1_341' title='bbox 2579 2184 2752 2248; x_wconf 81' lang='lat' dir='ltr'><strong>Belgici</strong></span> <span class='ocrx_word' id='word_1_342' title='bbox 2772 2187 2955 2235; x_wconf 82' lang='lat' dir='ltr'><strong>tantum</strong></span> <span class='ocrx_word' id='word_1_343' title='bbox 2972 2190 3079 2234; x_wconf 78' lang='lat' dir='ltr'><strong>Mss.</strong></span> <span class='ocrx_word' id='word_1_344' title='bbox 3096 2185 3340 2244; x_wconf 82' lang='lat' dir='ltr'><strong>omittunt,</strong></span> <span class='ocrx_word' id='word_1_345' title='bbox 3359 2177 3683 2246; x_wconf 78' lang='lat' dir='ltr'><strong>reparab&#39;en&#39;s.</strong></span> 
     </span>
    </p>
   </div>
   <div class='ocr_carea' id='block_1_44' title="bbox 1233 2349 2152 2544">
    <p class='ocr_par' dir='ltr' id='par_1_44' title="bbox 1233 2349 2152 2493">
     <span class='ocr_line' id='line_1_44' title="bbox 1233 2349 2152 2493; baseline -0.014 -20"><span class='ocrx_word' id='word_1_346' title='bbox 1233 2356 1700 2493; x_wconf 84' lang='lat' dir='ltr'><strong>LIBER</strong></span> <span class='ocrx_word' id='word_1_347' title='bbox 1745 2351 2034 2466; x_wconf 83' lang='lat' dir='ltr'><strong>SEX</strong></span> <span class='ocrx_word' id='word_1_348' title='bbox 2055 2349 2152 2462; x_wconf 87' lang='lat' dir='ltr'><strong><em>T</em></strong></span> 
     </span>
    </p>
   </div>
   <div class='ocr_carea' id='block_1_45' title="bbox 2262 2349 3168 2544">
    <p class='ocr_par' dir='ltr' id='par_1_45' title="bbox 2262 2351 3168 2544">
     <span class='ocr_line' id='line_1_45' title="bbox 2262 2351 3168 2544; baseline 0.001 -81"><span class='ocrx_word' id='word_1_349' title='bbox 2262 2351 2636 2544; x_wconf 49' lang='grc' dir='ltr'><strong>ΞΒΕ</strong></span> <span class='ocrx_word' id='word_1_350' title='bbox 2651 2357 2947 2469; x_wconf 75' lang='grc' dir='ltr'><strong>ΟΙΜ</strong></span> <span class='ocrx_word' id='word_1_351' title='bbox 2960 2351 3168 2466; x_wconf 78' lang='lat' dir='ltr'><strong>U&#39;S.</strong></span> 
     </span>
    </p>
   </div>
   <div class='ocr_carea' id='block_1_46' title="bbox 633 2585 2146 2656">
    <p class='ocr_par' dir='ltr' id='par_1_46' title="bbox 633 2585 2146 2656">
     <span class='ocr_line' id='line_1_46' title="bbox 633 2585 2146 2656; baseline -0.008 -2"><span class='ocrx_word' id='word_1_352' title='bbox 633 2596 860 2654; x_wconf 74' lang='lat' dir='ltr'><strong>CAPUT</strong></span> <span class='ocrx_word' id='word_1_353' title='bbox 885 2593 1170 2652; x_wconf 78' lang='lat' dir='ltr'><strong>PRIMUM.</strong></span> <span class='ocrx_word' id='word_1_354' title='bbox 1189 2622 1263 2634; x_wconf 90' lang='lat'><strong>—</strong></span> <span class='ocrx_word' id='word_1_355' title='bbox 1284 2591 1526 2646; x_wconf 59' lang='lat' dir='ltr'><strong>Fausrus</strong></span> <span class='ocrx_word' id='word_1_356' title='bbox 1544 2587 1710 2642; x_wconf 83' lang='lat' dir='ltr'><strong>dixit:</strong></span> <span class='ocrx_word' id='word_1_357' title='bbox 1735 2586 1909 2653; x_wconf 83' lang='lat' dir='ltr'><strong>Quare</strong></span> <span class='ocrx_word' id='word_1_358' title='bbox 1929 2585 2146 2656; x_wconf 79' lang='lat' dir='ltr'><strong>Moysen</strong></span> 
     </span>
    </p>
   </div>
   <div class='ocr_carea' id='block_1_47' title="bbox 562 2676 2145 2759">
    <p class='ocr_par' dir='ltr' id='par_1_47' title="bbox 562 2676 2145 2759">
     <span class='ocr_line' id='line_1_47' title="bbox 562 2676 2145 2759; baseline -0.01 -13"><span class='ocrx_word' id='word_1_359' title='bbox 562 2707 670 2746; x_wconf 75' lang='lat' dir='ltr'><strong>non</strong></span> <span class='ocrx_word' id='word_1_360' title='bbox 700 2689 958 2759; x_wconf 81' lang='lat' dir='ltr'><strong>accipitis,</strong></span> <span class='ocrx_word' id='word_1_361' title='bbox 983 2702 1104 2743; x_wconf 83' lang='lat' dir='ltr'><strong>cum</strong></span> <span class='ocrx_word' id='word_1_362' title='bbox 1133 2684 1375 2742; x_wconf 83' lang='lat' dir='ltr'><strong>Christus</strong></span> <span class='ocrx_word' id='word_1_363' title='bbox 1400 2680 1543 2736; x_wconf 88' lang='lat' dir='ltr'><strong>dicat</strong></span> <span class='ocrx_word' id='word_1_364' title='bbox 1567 2697 1578 2732; x_wconf 91' lang='lat'><strong>:</strong></span> <span class='ocrx_word' id='word_1_365' title='bbox 1605 2677 1808 2748; x_wconf 83' lang='lat' dir='ltr'><strong>Moyses</strong></span> <span class='ocrx_word' id='word_1_366' title='bbox 1835 2676 1898 2732; x_wconf 86' lang='lat' dir='ltr'><strong>de</strong></span> <span class='ocrx_word' id='word_1_367' title='bbox 1922 2693 2000 2730; x_wconf 86' lang='lat' dir='ltr'><strong>me</strong></span> <span class='ocrx_word' id='word_1_368' title='bbox 2016 2677 2145 2731; x_wconf 56' lang='lat' dir='ltr'><strong>scrip</strong></span> 
     </span>
    </p>
   </div>
   <div class='ocr_carea' id='block_1_48' title="bbox 565 2769 2144 2855">
    <p class='ocr_par' dir='ltr' id='par_1_48' title="bbox 565 2769 2144 2855">
     <span class='ocr_line' id='line_1_48' title="bbox 565 2769 2144 2855; baseline -0.01 -16"><span class='ocrx_word' id='word_1_369' title='bbox 565 2785 702 2855; x_wconf 82' lang='lat' dir='ltr'><strong>psit;</strong></span> <span class='ocrx_word' id='word_1_370' title='bbox 729 2792 774 2838; x_wconf 86' lang='lat' dir='ltr'><strong>et</strong></span> <span class='ocrx_word' id='word_1_371' title='bbox 801 2785 846 2838; x_wconf 85' lang='lat' dir='ltr'><strong>si</strong></span> <span class='ocrx_word' id='word_1_372' title='bbox 869 2781 1134 2836; x_wconf 81' lang='lat' dir='ltr'><strong>crederetis</strong></span> <span class='ocrx_word' id='word_1_373' title='bbox 1165 2777 1355 2848; x_wconf 72' lang='lat' dir='ltr'><strong>Moysi,</strong></span> <span class='ocrx_word' id='word_1_374' title='bbox 1377 2773 1643 2830; x_wconf 80' lang='lat' dir='ltr'><strong>crederetis</strong></span> <span class='ocrx_word' id='word_1_375' title='bbox 1664 2780 1708 2824; x_wconf 90' lang='lat' dir='ltr'><strong>et</strong></span> <span class='ocrx_word' id='word_1_376' title='bbox 1735 2770 1857 2823; x_wconf 84' lang='lat' dir='ltr'><strong>mihi</strong></span> <span class='ocrx_word' id='word_1_377' title='bbox 1883 2769 2059 2838; x_wconf 76' lang='lat' dir='ltr'><strong>(Joan.</strong></span> <span class='ocrx_word' id='word_1_378' title='bbox 2089 2785 2144 2836; x_wconf 87' lang='lat' dir='ltr'><strong>v,</strong></span> 
     </span>
    </p>
   </div>
   <div class='ocr_carea' id='block_1_49' title="bbox 566 2859 2148 2945">
    <p class='ocr_par' dir='ltr' id='par_1_49' title="bbox 566 2859 2148 2945">
     <span class='ocr_line' id='line_1_49' title="bbox 566 2859 2148 2945; baseline -0.009 -16"><span class='ocrx_word' id='word_1_379' title='bbox 566 2874 695 2945; x_wconf 66' lang='lat'><strong>46)?</strong></span> <span class='ocrx_word' id='word_1_380' title='bbox 727 2875 839 2943; x_wconf 86' lang='lat' dir='ltr'><strong>Ego</strong></span> <span class='ocrx_word' id='word_1_381' title='bbox 864 2887 992 2928; x_wconf 81' lang='lat' dir='ltr'><strong>vero</strong></span> <span class='ocrx_word' id='word_1_382' title='bbox 1037 2886 1142 2925; x_wconf 83' lang='lat' dir='ltr'><strong>non</strong></span> <span class='ocrx_word' id='word_1_383' title='bbox 1182 2869 1356 2922; x_wconf 87' lang='lat' dir='ltr'><strong>solum</strong></span> <span class='ocrx_word' id='word_1_384' title='bbox 1409 2863 1626 2934; x_wconf 84' lang='lat' dir='ltr'><strong>Moysen</strong></span> <span class='ocrx_word' id='word_1_385' title='bbox 1665 2860 1734 2916; x_wconf 86' lang='lat' dir='ltr'><strong>de</strong></span> <span class='ocrx_word' id='word_1_386' title='bbox 1775 2859 1988 2914; x_wconf 84' lang='lat' dir='ltr'><strong>Christo</strong></span> <span class='ocrx_word' id='word_1_387' title='bbox 2011 2860 2148 2914; x_wconf 83' lang='lat' dir='ltr'><strong>scri-</strong></span> 
     </span>
    </p>
   </div>
   <div class='ocr_carea' id='block_1_50' title="bbox 565 2949 2149 3036">
    <p class='ocr_par' dir='ltr' id='par_1_50' title="bbox 565 2949 2149 3036">
     <span class='ocr_line' id='line_1_50' title="bbox 565 2949 2149 3036; baseline -0.011 -15"><span class='ocrx_word' id='word_1_388' title='bbox 565 2966 739 3036; x_wconf 84' lang='lat' dir='ltr'><strong>psisse</strong></span> <span class='ocrx_word' id='word_1_389' title='bbox 766 2963 927 3020; x_wconf 84' lang='lat' dir='ltr'><strong>velim</strong></span> <span class='ocrx_word' id='word_1_390' title='bbox 954 2999 974 3026; x_wconf 74' lang='grc'><strong><em>,</em></strong></span> <span class='ocrx_word' id='word_1_391' title='bbox 997 2961 1091 3017; x_wconf 88' lang='lat' dir='ltr'><strong>sed</strong></span> <span class='ocrx_word' id='word_1_392' title='bbox 1121 2973 1309 3014; x_wconf 87' lang='lat' dir='ltr'><strong>omnes</strong></span> <span class='ocrx_word' id='word_1_393' title='bbox 1337 2956 1496 3012; x_wconf 85' lang='lat' dir='ltr'><strong>etiam</strong></span> <span class='ocrx_word' id='word_1_394' title='bbox 1525 2952 1818 3022; x_wconf 77' lang='lat' dir='ltr'><strong>Prophetas</strong></span> <span class='ocrx_word' id='word_1_395' title='bbox 1845 2949 2149 3005; x_wconf 64' lang='lat' dir='ltr'><strong>Iudaeorum</strong></span> 
     </span>
    </p>
   </div>
   <div class='ocr_carea' id='block_1_51' title="bbox 565 3041 2150 3119">
    <p class='ocr_par' dir='ltr' id='par_1_51' title="bbox 565 3041 2150 3119">
     <span class='ocr_line' id='line_1_51' title="bbox 565 3041 2150 3119; baseline -0.01 -7"><span class='ocrx_word' id='word_1_396' title='bbox 565 3063 623 3112; x_wconf 84' lang='lat' dir='ltr'><strong>et</strong></span> <span class='ocrx_word' id='word_1_397' title='bbox 651 3055 919 3112; x_wconf 73' lang='lat' dir='ltr'><strong>Gentium.</strong></span> <span class='ocrx_word' id='word_1_398' title='bbox 950 3051 1088 3119; x_wconf 84' lang='lat' dir='ltr'><strong>Quid</strong></span> <span class='ocrx_word' id='word_1_399' title='bbox 1119 3049 1266 3106; x_wconf 85' lang='lat' dir='ltr'><strong>enim</strong></span> <span class='ocrx_word' id='word_1_400' title='bbox 1293 3046 1396 3102; x_wconf 86' lang='lat' dir='ltr'><strong>hoc</strong></span> <span class='ocrx_word' id='word_1_401' title='bbox 1422 3052 1621 3100; x_wconf 66' lang='lat' dir='ltr'><strong>nostra:</strong></span> <span class='ocrx_word' id='word_1_402' title='bbox 1641 3041 1762 3097; x_wconf 80' lang='lat' dir='ltr'><strong>ﬁdei</strong></span> <span class='ocrx_word' id='word_1_403' title='bbox 1788 3049 2025 3107; x_wconf 86' lang='lat' dir='ltr'><strong>noceret,</strong></span> <span class='ocrx_word' id='word_1_404' title='bbox 2058 3047 2150 3096; x_wconf 88' lang='lat' dir='ltr'><strong>aut</strong></span> 
     </span>
    </p>
   </div>
   <div class='ocr_carea' id='block_1_52' title="bbox 567 3130 2144 3216">
    <p class='ocr_par' dir='ltr' id='par_1_52' title="bbox 567 3130 2144 3216">
     <span class='ocr_line' id='line_1_52' title="bbox 567 3130 2144 3216; baseline -0.01 -15"><span class='ocrx_word' id='word_1_405' title='bbox 567 3147 696 3216; x_wconf 81' lang='lat' dir='ltr'><strong>quid</strong></span> <span class='ocrx_word' id='word_1_406' title='bbox 723 3160 830 3200; x_wconf 81' lang='lat' dir='ltr'><strong>non</strong></span> <span class='ocrx_word' id='word_1_407' title='bbox 857 3144 1032 3214; x_wconf 79' lang='lat' dir='ltr'><strong>potius</strong></span> <span class='ocrx_word' id='word_1_408' title='bbox 1061 3140 1357 3211; x_wconf 82' lang='lat' dir='ltr'><strong>prodesset,</strong></span> <span class='ocrx_word' id='word_1_409' title='bbox 1382 3138 1426 3192; x_wconf 86' lang='lat' dir='ltr'><strong>si</strong></span> <span class='ocrx_word' id='word_1_410' title='bbox 1447 3148 1680 3204; x_wconf 81' lang='lat' dir='ltr'><strong>congrua</strong></span> <span class='ocrx_word' id='word_1_411' title='bbox 1702 3141 1756 3186; x_wconf 92' lang='lat' dir='ltr'><strong>et</strong></span> <span class='ocrx_word' id='word_1_412' title='bbox 1773 3130 2144 3186; x_wconf 82' lang='lat' dir='ltr'><strong>convenientia</strong></span> 
     </span>
    </p>
   </div>
   <div class='ocr_carea' id='block_1_53' title="bbox 570 3220 2148 3306">
    <p class='ocr_par' dir='ltr' id='par_1_53' title="bbox 570 3220 2148 3306">
     <span class='ocr_line' id='line_1_53' title="bbox 570 3220 2148 3306; baseline -0.011 -14"><span class='ocrx_word' id='word_1_413' title='bbox 570 3237 804 3306; x_wconf 78' lang='lat' dir='ltr'><strong>undique</strong></span> <span class='ocrx_word' id='word_1_414' title='bbox 849 3235 902 3290; x_wconf 90' lang='lat' dir='ltr'><strong>in</strong></span> <span class='ocrx_word' id='word_1_415' title='bbox 948 3234 1118 3289; x_wconf 81' lang='lat' dir='ltr'><strong>Deum</strong></span> <span class='ocrx_word' id='word_1_416' title='bbox 1156 3239 1397 3286; x_wconf 85' lang='lat' dir='ltr'><strong>nostrum</strong></span> <span class='ocrx_word' id='word_1_417' title='bbox 1439 3223 1740 3282; x_wconf 86' lang='lat' dir='ltr'><strong>testimonia</strong></span> <span class='ocrx_word' id='word_1_418' title='bbox 1767 3220 2148 3292; x_wconf 86' lang='lat' dir='ltr'><strong>carperemus?</strong></span> 
     </span>
    </p>
   </div>
   <div class='ocr_carea' id='block_1_54' title="bbox 567 3312 2152 3398">
    <p class='ocr_par' dir='ltr' id='par_1_54' title="bbox 567 3312 2152 3398">
     <span class='ocr_line' id='line_1_54' title="bbox 567 3312 2152 3398; baseline -0.011 -14"><span class='ocrx_word' id='word_1_419' title='bbox 567 3327 849 3398; x_wconf 77' lang='lat' dir='ltr'><strong>Siquidem</strong></span> <span class='ocrx_word' id='word_1_420' title='bbox 875 3333 1020 3382; x_wconf 88' lang='lat' dir='ltr'><strong>esset</strong></span> <span class='ocrx_word' id='word_1_421' title='bbox 1046 3324 1207 3380; x_wconf 84' lang='lat' dir='ltr'><strong>etiam</strong></span> <span class='ocrx_word' id='word_1_422' title='bbox 1236 3330 1346 3376; x_wconf 85' lang='lat' dir='ltr'><strong>tum</strong></span> <span class='ocrx_word' id='word_1_423' title='bbox 1387 3319 1612 3374; x_wconf 85' lang='lat' dir='ltr'><strong>liberum</strong></span> <span class='ocrx_word' id='word_1_424' title='bbox 1656 3314 1846 3379; x_wconf 86' lang='lat' dir='ltr'><strong>nobis,</strong></span> <span class='ocrx_word' id='word_1_425' title='bbox 1873 3312 1997 3368; x_wconf 91' lang='lat' dir='ltr'><strong>odio</strong></span> <span class='ocrx_word' id='word_1_426' title='bbox 2033 3327 2152 3368; x_wconf 84' lang='lat' dir='ltr'><strong>ma-</strong></span> 
     </span>
    </p>
   </div>
   <div class='ocr_carea' id='block_1_55' title="bbox 571 3403 2154 3488">
    <p class='ocr_par' dir='ltr' id='par_1_55' title="bbox 571 3403 2154 3488">
     <span class='ocr_line' id='line_1_55' title="bbox 571 3403 2154 3488; baseline -0.01 -14"><span class='ocrx_word' id='word_1_427' title='bbox 571 3428 731 3476; x_wconf 82' lang='lat' dir='ltr'><strong>nente</strong></span> <span class='ocrx_word' id='word_1_428' title='bbox 758 3427 919 3488; x_wconf 77' lang='lat' dir='ltr'><strong>atque</strong></span> <span class='ocrx_word' id='word_1_429' title='bbox 941 3413 1312 3472; x_wconf 70' lang='lat' dir='ltr'><strong>exsecratione</strong></span> <span class='ocrx_word' id='word_1_430' title='bbox 1344 3407 1734 3480; x_wconf 83' lang='lat' dir='ltr'><strong>superstitionis</strong></span> <span class='ocrx_word' id='word_1_431' title='bbox 1760 3419 1980 3470; x_wconf 87' lang='lat' dir='ltr'><strong>eorum,</strong></span> <span class='ocrx_word' id='word_1_432' title='bbox 2011 3403 2154 3458; x_wconf 88' lang='lat' dir='ltr'><strong>solas</strong></span> 
     </span>
    </p>
   </div>
   <div class='ocr_carea' id='block_1_56' title="bbox 570 3493 2154 3570">
    <p class='ocr_par' dir='ltr' id='par_1_56' title="bbox 570 3493 2154 3570">
     <span class='ocr_line' id='line_1_56' title="bbox 570 3493 2154 3570; baseline -0.011 -3"><span class='ocrx_word' id='word_1_433' title='bbox 570 3511 644 3567; x_wconf 82' lang='lat' dir='ltr'><strong>ab</strong></span> <span class='ocrx_word' id='word_1_434' title='bbox 681 3509 885 3566; x_wconf 75' lang='lat' dir='ltr'><strong>eisdem</strong></span> <span class='ocrx_word' id='word_1_435' title='bbox 929 3507 998 3564; x_wconf 87' lang='lat' dir='ltr'><strong>de</strong></span> <span class='ocrx_word' id='word_1_436' title='bbox 1039 3505 1256 3562; x_wconf 76' lang='lat' dir='ltr'><strong>Christo</strong></span> <span class='ocrx_word' id='word_1_437' title='bbox 1298 3514 1588 3570; x_wconf 83' lang='lat' dir='ltr'><strong>excerpere</strong></span> <span class='ocrx_word' id='word_1_438' title='bbox 1635 3495 1941 3568; x_wconf 88' lang='lat' dir='ltr'><strong>prophetias</strong></span> <span class='ocrx_word' id='word_1_439' title='bbox 1972 3511 1986 3548; x_wconf 89' lang='lat'><strong>:</strong></span> <span class='ocrx_word' id='word_1_440' title='bbox 2020 3493 2154 3550; x_wconf 88' lang='lat' dir='ltr'><strong>adeo</strong></span> 
     </span>
    </p>
   </div>
   <div class='ocr_carea' id='block_1_57' title="bbox 567 3587 2156 3665">
    <p class='ocr_par' dir='ltr' id='par_1_57' title="bbox 567 3587 2156 3665">
     <span class='ocr_line' id='line_1_57' title="bbox 567 3587 2156 3665; baseline -0.014 -5"><span class='ocrx_word' id='word_1_441' title='bbox 567 3603 702 3660; x_wconf 86' lang='lat' dir='ltr'><strong>mihi</strong></span> <span class='ocrx_word' id='word_1_442' title='bbox 727 3599 1058 3658; x_wconf 77' lang='lat' dir='ltr'><strong>contrarium</strong></span> <span class='ocrx_word' id='word_1_443' title='bbox 1079 3612 1185 3652; x_wconf 90' lang='lat' dir='ltr'><strong>non</strong></span> <span class='ocrx_word' id='word_1_444' title='bbox 1208 3601 1385 3665; x_wconf 81' lang='lat' dir='ltr'><strong>potest</strong></span> <span class='ocrx_word' id='word_1_445' title='bbox 1407 3606 1550 3655; x_wconf 87' lang='lat' dir='ltr'><strong>esse,</strong></span> <span class='ocrx_word' id='word_1_446' title='bbox 1577 3590 1622 3644; x_wconf 93' lang='lat' dir='ltr'><strong>si</strong></span> <span class='ocrx_word' id='word_1_447' title='bbox 1647 3598 1702 3644; x_wconf 89' lang='lat' dir='ltr'><strong>et</strong></span> <span class='ocrx_word' id='word_1_448' title='bbox 1725 3587 1954 3658; x_wconf 82' lang='lat' dir='ltr'><strong>Moyses,</strong></span> <span class='ocrx_word' id='word_1_449' title='bbox 1969 3599 2156 3656; x_wconf 88' lang='lat' dir='ltr'><strong>quam-</strong></span> 
     </span>
    </p>
   </div>
   <div class='ocr_carea' id='block_1_58' title="bbox 571 3677 2156 3754">
    <p class='ocr_par' dir='ltr' id='par_1_58' title="bbox 571 3677 2156 3754">
     <span class='ocr_line' id='line_1_58' title="bbox 571 3677 2156 3754; baseline -0.013 -1"><span class='ocrx_word' id='word_1_450' title='bbox 571 3697 652 3754; x_wconf 84' lang='lat' dir='ltr'><strong>vis</strong></span> <span class='ocrx_word' id='word_1_451' title='bbox 695 3697 768 3752; x_wconf 86' lang='lat' dir='ltr'><strong>sit</strong></span> <span class='ocrx_word' id='word_1_452' title='bbox 806 3694 1016 3751; x_wconf 85' lang='lat' dir='ltr'><strong>alienus</strong></span> <span class='ocrx_word' id='word_1_453' title='bbox 1055 3706 1088 3746; x_wconf 83' lang='lat' dir='ltr'><strong>a</strong></span> <span class='ocrx_word' id='word_1_454' title='bbox 1129 3687 1366 3754; x_wconf 84' lang='lat' dir='ltr'><strong>Christo,</strong></span> <span class='ocrx_word' id='word_1_455' title='bbox 1403 3683 1644 3740; x_wconf 83' lang='lat' dir='ltr'><strong>nonnihil</strong></span> <span class='ocrx_word' id='word_1_456' title='bbox 1693 3678 1871 3736; x_wconf 75' lang='lat' dir='ltr'><strong>tamen</strong></span> <span class='ocrx_word' id='word_1_457' title='bbox 1913 3677 2156 3734; x_wconf 84' lang='lat' dir='ltr'><strong>videatur</strong></span> 
     </span>
    </p>
   </div>
   <div class='ocr_carea' id='block_1_59' title="bbox 571 3771 2154 3857">
    <p class='ocr_par' dir='ltr' id='par_1_59' title="bbox 571 3771 2154 3857">
     <span class='ocr_line' id='line_1_59' title="bbox 571 3771 2154 3857; baseline -0.012 -12"><span class='ocrx_word' id='word_1_458' title='bbox 571 3788 852 3857; x_wconf 82' lang='lat' dir='ltr'><strong>scripsisse</strong></span> <span class='ocrx_word' id='word_1_459' title='bbox 893 3785 966 3841; x_wconf 76' lang='lat' dir='ltr'><strong>de</strong></span> <span class='ocrx_word' id='word_1_460' title='bbox 1002 3782 1236 3840; x_wconf 78' lang='lat' dir='ltr'><strong>Christo.</strong></span> <span class='ocrx_word' id='word_1_461' title='bbox 1282 3780 1365 3835; x_wconf 88' lang='lat' dir='ltr'><strong>An</strong></span> <span class='ocrx_word' id='word_1_462' title='bbox 1406 3776 1686 3848; x_wconf 75' lang='lat' dir='ltr'><strong>quisquam</strong></span> <span class='ocrx_word' id='word_1_463' title='bbox 1726 3771 2002 3826; x_wconf 81' lang='lat' dir='ltr'><strong>hominum</strong></span> <span class='ocrx_word' id='word_1_464' title='bbox 2048 3784 2154 3826; x_wconf 84' lang='lat' dir='ltr'><strong>non</strong></span> 
     </span>
    </p>
   </div>
   <div class='ocr_carea' id='block_1_60' title="bbox 572 3858 2156 3948">
    <p class='ocr_par' dir='ltr' id='par_1_60' title="bbox 572 3858 2156 3948">
     <span class='ocr_line' id='line_1_60' title="bbox 572 3858 2156 3948; baseline -0.013 -14"><span class='ocrx_word' id='word_1_465' title='bbox 572 3878 839 3948; x_wconf 88' lang='lat' dir='ltr'><strong>optaverit</strong></span> <span class='ocrx_word' id='word_1_466' title='bbox 864 3875 932 3931; x_wconf 88' lang='lat' dir='ltr'><strong>de</strong></span> <span class='ocrx_word' id='word_1_467' title='bbox 956 3874 1124 3944; x_wconf 84' lang='lat' dir='ltr'><strong>spinis</strong></span> <span class='ocrx_word' id='word_1_468' title='bbox 1152 3870 1402 3928; x_wconf 79' lang='lat' dir='ltr'><strong>omnibus</strong></span> <span class='ocrx_word' id='word_1_469' title='bbox 1435 3866 1626 3922; x_wconf 78' lang='lat' dir='ltr'><strong>ﬂorem</strong></span> <span class='ocrx_word' id='word_1_470' title='bbox 1668 3863 1878 3933; x_wconf 83' lang='lat' dir='ltr'><strong>legere,</strong></span> <span class='ocrx_word' id='word_1_471' title='bbox 1905 3859 1973 3915; x_wconf 87' lang='lat' dir='ltr'><strong>de</strong></span> <span class='ocrx_word' id='word_1_472' title='bbox 2012 3858 2156 3914; x_wconf 86' lang='lat' dir='ltr'><strong>omni</strong></span> 
     </span>
    </p>
   </div>
   <div class='ocr_carea' id='block_1_61' title="bbox 575 3954 2157 4037">
    <p class='ocr_par' dir='ltr' id='par_1_61' title="bbox 575 3954 2157 4037">
     <span class='ocr_line' id='line_1_61' title="bbox 575 3954 2157 4037; baseline -0.011 -13"><span class='ocrx_word' id='word_1_473' title='bbox 575 3969 742 4026; x_wconf 85' lang='lat' dir='ltr'><strong>herba</strong></span> <span class='ocrx_word' id='word_1_474' title='bbox 767 3968 992 4037; x_wconf 71' lang='lat' dir='ltr'><strong>frugem,</strong></span> <span class='ocrx_word' id='word_1_475' title='bbox 1013 3966 1082 4020; x_wconf 88' lang='lat' dir='ltr'><strong>de</strong></span> <span class='ocrx_word' id='word_1_476' title='bbox 1111 3965 1310 4020; x_wconf 85' lang='lat' dir='ltr'><strong>muscis</strong></span> <span class='ocrx_word' id='word_1_477' title='bbox 1333 3960 1580 4018; x_wconf 89' lang='lat' dir='ltr'><strong>omnibus</strong></span> <span class='ocrx_word' id='word_1_478' title='bbox 1611 3956 1715 4013; x_wconf 89' lang='lat' dir='ltr'><strong>mel</strong></span> <span class='ocrx_word' id='word_1_479' title='bbox 1745 3973 1759 4010; x_wconf 90' lang='lat'><strong>:</strong></span> <span class='ocrx_word' id='word_1_480' title='bbox 1788 3954 2030 4026; x_wconf 80' lang='lat' dir='ltr'><strong>quamvis</strong></span> <span class='ocrx_word' id='word_1_481' title='bbox 2059 3967 2157 4008; x_wconf 91' lang='lat' dir='ltr'><strong>nec</strong></span> 
     </span>
    </p>
   </div>
   <div class='ocr_carea' id='block_1_62' title="bbox 575 4047 2158 4127">
    <p class='ocr_par' dir='ltr' id='par_1_62' title="bbox 575 4047 2158 4127">
     <span class='ocr_line' id='line_1_62' title="bbox 575 4047 2158 4127; baseline -0.011 -13"><span class='ocrx_word' id='word_1_482' title='bbox 575 4073 810 4125; x_wconf 80' lang='lat' dir='ltr'><strong>muscas,</strong></span> <span class='ocrx_word' id='word_1_483' title='bbox 836 4070 938 4114; x_wconf 86' lang='lat' dir='ltr'><strong>nec</strong></span> <span class='ocrx_word' id='word_1_484' title='bbox 961 4069 1180 4127; x_wconf 84' lang='lat' dir='ltr'><strong>gramen</strong></span> <span class='ocrx_word' id='word_1_485' title='bbox 1210 4054 1264 4110; x_wconf 87' lang='lat' dir='ltr'><strong>in</strong></span> <span class='ocrx_word' id='word_1_486' title='bbox 1292 4053 1492 4116; x_wconf 88' lang='lat' dir='ltr'><strong>cibum,</strong></span> <span class='ocrx_word' id='word_1_487' title='bbox 1524 4063 1625 4104; x_wconf 89' lang='lat' dir='ltr'><strong>nec</strong></span> <span class='ocrx_word' id='word_1_488' title='bbox 1653 4047 1834 4118; x_wconf 89' lang='lat' dir='ltr'><strong>spinas</strong></span> <span class='ocrx_word' id='word_1_489' title='bbox 1861 4047 1914 4100; x_wconf 91' lang='lat' dir='ltr'><strong>in</strong></span> <span class='ocrx_word' id='word_1_490' title='bbox 1945 4058 2158 4100; x_wconf 73' lang='lat' dir='ltr'><strong>corona:</strong></span> 
     </span>
    </p>
   </div>
   <div class='ocr_carea' id='block_1_63' title="bbox 577 4135 2158 4220">
    <p class='ocr_par' dir='ltr' id='par_1_63' title="bbox 577 4135 2158 4220">
     <span class='ocr_line' id='line_1_63' title="bbox 577 4135 2158 4220; baseline -0.011 -13"><span class='ocrx_word' id='word_1_491' title='bbox 577 4163 900 4220; x_wconf 70' lang='lat' dir='ltr'><strong>usurpamus</strong></span> <span class='ocrx_word' id='word_1_492' title='bbox 944 4145 1226 4204; x_wconf 73' lang='lat' dir='ltr'><strong>ornatum?</strong></span> <span class='ocrx_word' id='word_1_493' title='bbox 1254 4145 1338 4200; x_wconf 83' lang='lat' dir='ltr'><strong>An</strong></span> <span class='ocrx_word' id='word_1_494' title='bbox 1379 4142 1659 4212; x_wconf 79' lang='lat' dir='ltr'><strong>quisquam</strong></span> <span class='ocrx_word' id='word_1_495' title='bbox 1708 4137 1877 4193; x_wconf 89' lang='lat' dir='ltr'><strong>nollet</strong></span> <span class='ocrx_word' id='word_1_496' title='bbox 1914 4138 1967 4191; x_wconf 90' lang='lat' dir='ltr'><strong>in</strong></span> <span class='ocrx_word' id='word_1_497' title='bbox 2012 4135 2158 4192; x_wconf 86' lang='lat' dir='ltr'><strong>omni</strong></span> 
     </span>
    </p>
   </div>
   <div class='ocr_carea' id='block_1_64' title="bbox 578 4226 2157 4314">
    <p class='ocr_par' dir='ltr' id='par_1_64' title="bbox 578 4226 2157 4314">
     <span class='ocr_line' id='line_1_64' title="bbox 578 4226 2157 4314; baseline -0.013 -16"><span class='ocrx_word' id='word_1_498' title='bbox 578 4240 840 4314; x_wconf 79' lang='lat' dir='ltr'><strong>profundo</strong></span> <span class='ocrx_word' id='word_1_499' title='bbox 864 4237 1204 4308; x_wconf 76' lang='lat' dir='ltr'><strong>margaritam</strong></span> <span class='ocrx_word' id='word_1_500' title='bbox 1231 4233 1413 4297; x_wconf 87' lang='lat' dir='ltr'><strong>nasci,</strong></span> <span class='ocrx_word' id='word_1_501' title='bbox 1445 4232 1500 4286; x_wconf 91' lang='lat' dir='ltr'><strong>in</strong></span> <span class='ocrx_word' id='word_1_502' title='bbox 1525 4228 1772 4284; x_wconf 85' lang='lat' dir='ltr'><strong>omnibus</strong></span> <span class='ocrx_word' id='word_1_503' title='bbox 1812 4226 1970 4282; x_wconf 85' lang='lat' dir='ltr'><strong>terris</strong></span> <span class='ocrx_word' id='word_1_504' title='bbox 2007 4240 2157 4296; x_wconf 81' lang='lat' dir='ltr'><strong>gem-</strong></span> 
     </span>
    </p>
   </div>
   <div class='ocr_carea' id='block_1_65' title="bbox 579 4315 2159 4400">
    <p class='ocr_par' dir='ltr' id='par_1_65' title="bbox 579 4315 2159 4400">
     <span class='ocr_line' id='line_1_65' title="bbox 579 4315 2159 4400; baseline -0.013 -9"><span class='ocrx_word' id='word_1_505' title='bbox 579 4349 715 4400; x_wconf 83' lang='lat' dir='ltr'><strong>mas,</strong></span> <span class='ocrx_word' id='word_1_506' title='bbox 748 4333 806 4390; x_wconf 81' lang='lat' dir='ltr'><strong>in</strong></span> <span class='ocrx_word' id='word_1_507' title='bbox 827 4331 978 4390; x_wconf 76' lang='lat' dir='ltr'><strong>silvis</strong></span> <span class='ocrx_word' id='word_1_508' title='bbox 999 4327 1250 4386; x_wconf 79' lang='lat' dir='ltr'><strong>omnibus</strong></span> <span class='ocrx_word' id='word_1_509' title='bbox 1274 4323 1465 4397; x_wconf 82' lang='lat' dir='ltr'><strong>poma?</strong></span> <span class='ocrx_word' id='word_1_510' title='bbox 1493 4323 1602 4378; x_wconf 81' lang='lat' dir='ltr'><strong>Aut</strong></span> <span class='ocrx_word' id='word_1_511' title='bbox 1627 4319 1674 4376; x_wconf 88' lang='lat' dir='ltr'><strong>si</strong></span> <span class='ocrx_word' id='word_1_512' title='bbox 1704 4321 1900 4390; x_wconf 87' lang='lat' dir='ltr'><strong>piscem</strong></span> <span class='ocrx_word' id='word_1_513' title='bbox 1930 4316 1996 4372; x_wconf 90' lang='lat' dir='ltr'><strong>de</strong></span> <span class='ocrx_word' id='word_1_514' title='bbox 2025 4315 2159 4370; x_wconf 88' lang='lat' dir='ltr'><strong>mari</strong></span> 
     </span>
    </p>
   </div>
   <div class='ocr_carea' id='block_1_66' title="bbox 573 4410 2161 4490">
    <p class='ocr_par' dir='ltr' id='par_1_66' title="bbox 573 4410 2161 4490">
     <span class='ocr_line' id='line_1_66' title="bbox 573 4410 2161 4490; baseline -0.013 -7"><span class='ocrx_word' id='word_1_515' title='bbox 573 4426 743 4483; x_wconf 86' lang='lat' dir='ltr'><strong>edere</strong></span> <span class='ocrx_word' id='word_1_516' title='bbox 789 4439 896 4480; x_wconf 88' lang='lat' dir='ltr'><strong>non</strong></span> <span class='ocrx_word' id='word_1_517' title='bbox 953 4431 1148 4489; x_wconf 87' lang='lat' dir='ltr'><strong>nocet,</strong></span> <span class='ocrx_word' id='word_1_518' title='bbox 1194 4433 1387 4490; x_wconf 86' lang='lat' dir='ltr'><strong>aquam</strong></span> <span class='ocrx_word' id='word_1_519' title='bbox 1433 4416 1619 4471; x_wconf 89' lang='lat' dir='ltr'><strong>bibere</strong></span> <span class='ocrx_word' id='word_1_520' title='bbox 1665 4419 1855 4476; x_wconf 86' lang='lat' dir='ltr'><strong>nocet,</strong></span> <span class='ocrx_word' id='word_1_521' title='bbox 1883 4410 2161 4479; x_wconf 81' lang='lat' dir='ltr'><strong>sciantque</strong></span> 
     </span>
    </p>
   </div>
   <div class='ocr_carea' id='block_1_67' title="bbox 586 4499 2160 4582">
    <p class='ocr_par' dir='ltr' id='par_1_67' title="bbox 586 4499 2160 4582">
     <span class='ocr_line' id='line_1_67' title="bbox 586 4499 2160 4582; baseline -0.013 -9"><span class='ocrx_word' id='word_1_522' title='bbox 586 4518 830 4574; x_wconf 75' lang='lat' dir='ltr'><strong>homines</strong></span> <span class='ocrx_word' id='word_1_523' title='bbox 853 4514 1071 4572; x_wconf 79' lang='lat' dir='ltr'><strong>utilibus</strong></span> <span class='ocrx_word' id='word_1_524' title='bbox 1095 4511 1323 4582; x_wconf 79' lang='lat' dir='ltr'><strong>sumptis</strong></span> <span class='ocrx_word' id='word_1_525' title='bbox 1349 4507 1560 4564; x_wconf 88' lang='lat' dir='ltr'><strong>inimica</strong></span> <span class='ocrx_word' id='word_1_526' title='bbox 1586 4517 1870 4574; x_wconf 87' lang='lat' dir='ltr'><strong>respuere;</strong></span> <span class='ocrx_word' id='word_1_527' title='bbox 1902 4499 2055 4556; x_wconf 79' lang='lat' dir='ltr'><strong>nobis</strong></span> <span class='ocrx_word' id='word_1_528' title='bbox 2093 4499 2160 4554; x_wconf 89' lang='lat' dir='ltr'><strong>li-</strong></span> 
     </span>
    </p>
   </div>
   <div class='ocr_carea' id='block_1_68' title="bbox 582 4589 2162 4672">
    <p class='ocr_par' dir='ltr' id='par_1_68' title="bbox 582 4589 2162 4672">
     <span class='ocr_line' id='line_1_68' title="bbox 582 4589 2162 4672; baseline -0.014 -7"><span class='ocrx_word' id='word_1_529' title='bbox 582 4609 768 4665; x_wconf 87' lang='lat' dir='ltr'><strong>berum</strong></span> <span class='ocrx_word' id='word_1_530' title='bbox 799 4620 911 4662; x_wconf 75' lang='lat' dir='ltr'><strong>non</strong></span> <span class='ocrx_word' id='word_1_531' title='bbox 933 4612 1093 4668; x_wconf 85' lang='lat' dir='ltr'><strong>esset,</strong></span> <span class='ocrx_word' id='word_1_532' title='bbox 1119 4599 1391 4672; x_wconf 63' lang='lat' dir='ltr'><strong>religionis</strong></span> <span class='ocrx_word' id='word_1_533' title='bbox 1409 4597 1665 4667; x_wconf 76' lang='lat' dir='ltr'><strong>cujusque</strong></span> <span class='ocrx_word' id='word_1_534' title='bbox 1690 4593 1794 4650; x_wconf 88' lang='lat' dir='ltr'><strong>ritu</strong></span> <span class='ocrx_word' id='word_1_535' title='bbox 1821 4591 2092 4658; x_wconf 83' lang='lat' dir='ltr'><strong>damnato,</strong></span> <span class='ocrx_word' id='word_1_536' title='bbox 2116 4589 2162 4644; x_wconf 88' lang='lat' dir='ltr'><strong>si</strong></span> 
     </span>
    </p>
   </div>
   <div class='ocr_carea' id='block_1_69' title="bbox 583 4682 2163 4760">
    <p class='ocr_par' dir='ltr' id='par_1_69' title="bbox 583 4682 2163 4760">
     <span class='ocr_line' id='line_1_69' title="bbox 583 4682 2163 4760; baseline -0.013 -3"><span class='ocrx_word' id='word_1_537' title='bbox 583 4709 730 4757; x_wconf 85' lang='lat' dir='ltr'><strong>esset</strong></span> <span class='ocrx_word' id='word_1_538' title='bbox 749 4697 960 4754; x_wconf 78' lang='lat' dir='ltr'><strong>inutilis</strong></span> <span class='ocrx_word' id='word_1_539' title='bbox 977 4695 1162 4760; x_wconf 79' lang='lat' dir='ltr'><strong>nobis,</strong></span> <span class='ocrx_word' id='word_1_540' title='bbox 1192 4692 1336 4749; x_wconf 88' lang='lat' dir='ltr'><strong>solas</strong></span> <span class='ocrx_word' id='word_1_541' title='bbox 1360 4689 1484 4746; x_wconf 88' lang='lat' dir='ltr'><strong>inde</strong></span> <span class='ocrx_word' id='word_1_542' title='bbox 1509 4687 1578 4744; x_wconf 90' lang='lat' dir='ltr'><strong>de</strong></span> <span class='ocrx_word' id='word_1_543' title='bbox 1605 4685 1821 4742; x_wconf 90' lang='lat' dir='ltr'><strong>Christo</strong></span> <span class='ocrx_word' id='word_1_544' title='bbox 1853 4682 2163 4754; x_wconf 83' lang='lat' dir='ltr'><strong>prephetias</strong></span> 
     </span>
    </p>
   </div>
   <div class='ocr_carea' id='block_1_70' title="bbox 583 4773 2165 4862">
    <p class='ocr_par' dir='ltr' id='par_1_70' title="bbox 583 4773 2165 4862">
     <span class='ocr_line' id='line_1_70' title="bbox 583 4773 2165 4862; baseline -0.013 -15"><span class='ocrx_word' id='word_1_545' title='bbox 583 4789 858 4862; x_wconf 85' lang='lat' dir='ltr'><strong>accipere?</strong></span> <span class='ocrx_word' id='word_1_546' title='bbox 885 4788 1071 4858; x_wconf 78' lang='lat' dir='ltr'><strong>Neque</strong></span> <span class='ocrx_word' id='word_1_547' title='bbox 1104 4785 1206 4841; x_wconf 82' lang='lat' dir='ltr'><strong>hoc</strong></span> <span class='ocrx_word' id='word_1_548' title='bbox 1241 4782 1519 4855; x_wconf 82' lang='lat' dir='ltr'><strong>prodesset</strong></span> <span class='ocrx_word' id='word_1_549' title='bbox 1554 4778 1827 4836; x_wconf 84' lang='lat' dir='ltr'><strong>erroribus</strong></span> <span class='ocrx_word' id='word_1_550' title='bbox 1852 4774 1919 4830; x_wconf 92' lang='lat' dir='ltr'><strong>ad</strong></span> <span class='ocrx_word' id='word_1_551' title='bbox 1949 4773 2165 4844; x_wconf 85' lang='lat' dir='ltr'><strong>capien-</strong></span> 
     </span>
    </p>
   </div>
   <div class='ocr_carea' id='block_1_71' title="bbox 584 4868 2162 4950">
    <p class='ocr_par' dir='ltr' id='par_1_71' title="bbox 584 4868 2162 4950">
     <span class='ocr_line' id='line_1_71' title="bbox 584 4868 2162 4950; baseline -0.014 -8"><span class='ocrx_word' id='word_1_552' title='bbox 584 4886 683 4942; x_wconf 85' lang='lat' dir='ltr'><strong>dos</strong></span> <span class='ocrx_word' id='word_1_553' title='bbox 729 4891 944 4940; x_wconf 81' lang='lat' dir='ltr'><strong>nosmet</strong></span> <span class='ocrx_word' id='word_1_554' title='bbox 975 4896 1039 4936; x_wconf 82' lang='lat' dir='ltr'><strong>ac</strong></span> <span class='ocrx_word' id='word_1_555' title='bbox 1075 4876 1396 4950; x_wconf 74' lang='lat' dir='ltr'><strong>redigendos</strong></span> <span class='ocrx_word' id='word_1_556' title='bbox 1425 4876 1480 4930; x_wconf 83' lang='lat' dir='ltr'><strong>in</strong></span> <span class='ocrx_word' id='word_1_557' title='bbox 1510 4871 1780 4946; x_wconf 86' lang='lat' dir='ltr'><strong>propriam</strong></span> <span class='ocrx_word' id='word_1_558' title='bbox 1809 4868 2122 4925; x_wconf 86' lang='lat' dir='ltr'><strong>servitutem</strong></span> <span class='ocrx_word' id='word_1_559' title='bbox 2149 4882 2162 4921; x_wconf 90' lang='lat'><strong>:</strong></span> 
     </span>
    </p>
   </div>
   <div class='ocr_carea' id='block_1_72' title="bbox 583 4961 2167 5051">
    <p class='ocr_par' dir='ltr' id='par_1_72' title="bbox 583 4961 2167 5051">
     <span class='ocr_line' id='line_1_72' title="bbox 583 4961 2167 5051; baseline -0.013 -15"><span class='ocrx_word' id='word_1_560' title='bbox 583 4981 706 5051; x_wconf 89' lang='lat' dir='ltr'><strong>quia</strong></span> <span class='ocrx_word' id='word_1_561' title='bbox 736 4993 836 5035; x_wconf 68' lang='lat' dir='ltr'><strong>lucc</strong></span> <span class='ocrx_word' id='word_1_562' title='bbox 860 4975 1137 5048; x_wconf 80' lang='lat' dir='ltr'><strong>spiritibus</strong></span> <span class='ocrx_word' id='word_1_563' title='bbox 1164 4969 1469 5036; x_wconf 82' lang='lat' dir='ltr'><strong>immundis,</strong></span> <span class='ocrx_word' id='word_1_564' title='bbox 1498 4983 1621 5023; x_wconf 84' lang='lat' dir='ltr'><strong>cum</strong></span> <span class='ocrx_word' id='word_1_565' title='bbox 1649 4965 1809 5022; x_wconf 89' lang='lat' dir='ltr'><strong>iidem</strong></span> <span class='ocrx_word' id='word_1_566' title='bbox 1838 4961 2020 5020; x_wconf 79' lang='lat' dir='ltr'><strong>lesum</strong></span> <span class='ocrx_word' id='word_1_567' title='bbox 2047 4973 2167 5016; x_wconf 88' lang='lat' dir='ltr'><strong>esse</strong></span> 
     </span>
    </p>
   </div>
   <div class='ocr_carea' id='block_1_73' title="bbox 586 5054 2169 5130">
    <p class='ocr_par' dir='ltr' id='par_1_73' title="bbox 586 5054 2169 5130">
     <span class='ocr_line' id='line_1_73' title="bbox 586 5054 2169 5130; baseline -0.015 -1"><span class='ocrx_word' id='word_1_568' title='bbox 586 5071 782 5128; x_wconf 85' lang='lat' dir='ltr'><strong>Filium</strong></span> <span class='ocrx_word' id='word_1_569' title='bbox 821 5070 918 5127; x_wconf 88' lang='lat' dir='ltr'><strong>Dei</strong></span> <span class='ocrx_word' id='word_1_570' title='bbox 958 5074 1170 5126; x_wconf 82' lang='lat' dir='ltr'><strong>exserte</strong></span> <span class='ocrx_word' id='word_1_571' title='bbox 1205 5061 1764 5130; x_wconf 82' lang='lat' dir='ltr'><strong>indissimulauterque</strong></span> <span class='ocrx_word' id='word_1_572' title='bbox 1787 5054 2169 5112; x_wconf 80' lang='lat' dir='ltr'><strong>conﬁterentur</strong></span> 
     </span>
    </p>
   </div>
   <div class='ocr_carea' id='block_1_74' title="bbox 589 5141 2165 5234">
    <p class='ocr_par' dir='ltr' id='par_1_74' title="bbox 589 5141 2165 5234">
     <span class='ocr_line' id='line_1_74' title="bbox 589 5141 2165 5234; baseline -0.015 -13"><span class='ocrx_word' id='word_1_573' title='bbox 589 5165 804 5234; x_wconf 82' lang='lat' dir='ltr'><strong>(Matth.</strong></span> <span class='ocrx_word' id='word_1_574' title='bbox 834 5179 950 5231; x_wconf 82' lang='lat' dir='ltr'><strong>vni,</strong></span> <span class='ocrx_word' id='word_1_575' title='bbox 971 5158 1094 5232; x_wconf 74' lang='lat'><strong>29),</strong></span> <span class='ocrx_word' id='word_1_576' title='bbox 1125 5156 1340 5230; x_wconf 87' lang='lat' dir='ltr'><strong>profuit,</strong></span> <span class='ocrx_word' id='word_1_577' title='bbox 1366 5163 1426 5211; x_wconf 89' lang='lat' dir='ltr'><strong>ut</strong></span> <span class='ocrx_word' id='word_1_578' title='bbox 1448 5151 1670 5210; x_wconf 88' lang='lat' dir='ltr'><strong>minime</strong></span> <span class='ocrx_word' id='word_1_579' title='bbox 1693 5149 1803 5205; x_wconf 88' lang='lat' dir='ltr'><strong>sint</strong></span> <span class='ocrx_word' id='word_1_580' title='bbox 1820 5145 1975 5203; x_wconf 90' lang='lat' dir='ltr'><strong>nobis</strong></span> <span class='ocrx_word' id='word_1_581' title='bbox 1997 5141 2165 5201; x_wconf 82' lang='lat' dir='ltr'><strong>exosi.</strong></span> 
     </span>
    </p>
   </div>
   <div class='ocr_carea' id='block_1_75' title="bbox 588 5236 2172 5325">
    <p class='ocr_par' dir='ltr' id='par_1_75' title="bbox 588 5236 2172 5325">
     <span class='ocr_line' id='line_1_75' title="bbox 588 5236 2172 5325; baseline -0.013 -14"><span class='ocrx_word' id='word_1_582' title='bbox 588 5257 765 5323; x_wconf 81' lang='lat' dir='ltr'><strong>Quare</strong></span> <span class='ocrx_word' id='word_1_583' title='bbox 806 5257 852 5310; x_wconf 89' lang='lat' dir='ltr'><strong>si</strong></span> <span class='ocrx_word' id='word_1_584' title='bbox 894 5261 951 5311; x_wconf 83' lang='lat' dir='ltr'><strong>et</strong></span> <span class='ocrx_word' id='word_1_585' title='bbox 988 5253 1198 5325; x_wconf 78' lang='lat' dir='ltr'><strong>Moyses</strong></span> <span class='ocrx_word' id='word_1_586' title='bbox 1236 5247 1528 5306; x_wconf 79' lang='lat' dir='ltr'><strong>secundum</strong></span> <span class='ocrx_word' id='word_1_587' title='bbox 1569 5245 1673 5300; x_wconf 91' lang='lat' dir='ltr'><strong>hoc</strong></span> <span class='ocrx_word' id='word_1_588' title='bbox 1713 5238 2075 5298; x_wconf 86' lang='lat' dir='ltr'><strong>testimonium</strong></span> <span class='ocrx_word' id='word_1_589' title='bbox 2103 5236 2172 5293; x_wconf 91' lang='lat' dir='ltr'><strong>de</strong></span> 
     </span>
    </p>
   </div>
   <div class='ocr_carea' id='block_1_76' title="bbox 589 5329 2172 5418">
    <p class='ocr_par' dir='ltr' id='par_1_76' title="bbox 589 5329 2172 5418">
     <span class='ocr_line' id='line_1_76' title="bbox 589 5329 2172 5418; baseline -0.014 -12"><span class='ocrx_word' id='word_1_590' title='bbox 589 5350 806 5406; x_wconf 86' lang='lat' dir='ltr'><strong>Christo</strong></span> <span class='ocrx_word' id='word_1_591' title='bbox 831 5345 1032 5418; x_wconf 86' lang='lat' dir='ltr'><strong>aliquid</strong></span> <span class='ocrx_word' id='word_1_592' title='bbox 1055 5342 1304 5416; x_wconf 84' lang='lat' dir='ltr'><strong>scripsit,</strong></span> <span class='ocrx_word' id='word_1_593' title='bbox 1333 5341 1591 5412; x_wconf 80' lang='lat' dir='ltr'><strong>accipiam</strong></span> <span class='ocrx_word' id='word_1_594' title='bbox 1617 5357 1631 5396; x_wconf 90' lang='lat'><strong>:</strong></span> <span class='ocrx_word' id='word_1_595' title='bbox 1654 5338 1728 5394; x_wconf 84' lang='lat' dir='ltr'><strong>ita</strong></span> <span class='ocrx_word' id='word_1_596' title='bbox 1769 5344 1947 5391; x_wconf 86' lang='lat' dir='ltr'><strong>tamen</strong></span> <span class='ocrx_word' id='word_1_597' title='bbox 1975 5338 2036 5387; x_wconf 87' lang='lat' dir='ltr'><strong>ut</strong></span> <span class='ocrx_word' id='word_1_598' title='bbox 2070 5329 2172 5400; x_wconf 91' lang='lat' dir='ltr'><strong>ipsi</strong></span> 
     </span>
    </p>
   </div>
   <div class='ocr_carea' id='block_1_77' title="bbox 593 5423 2174 5510">
    <p class='ocr_par' dir='ltr' id='par_1_77' title="bbox 593 5423 2174 5510">
     <span class='ocr_line' id='line_1_77' title="bbox 593 5423 2174 5510; baseline -0.013 -12"><span class='ocrx_word' id='word_1_599' title='bbox 593 5444 697 5498; x_wconf 86' lang='lat' dir='ltr'><strong>hoc</strong></span> <span class='ocrx_word' id='word_1_600' title='bbox 731 5441 952 5495; x_wconf 86' lang='lat' dir='ltr'><strong>minime</strong></span> <span class='ocrx_word' id='word_1_601' title='bbox 990 5439 1160 5510; x_wconf 81' lang='lat' dir='ltr'><strong>prosit</strong></span> <span class='ocrx_word' id='word_1_602' title='bbox 1199 5435 1265 5490; x_wconf 89' lang='lat' dir='ltr'><strong>ad</strong></span> <span class='ocrx_word' id='word_1_603' title='bbox 1303 5431 1674 5505; x_wconf 83' lang='lat' dir='ltr'><strong>captivandum</strong></span> <span class='ocrx_word' id='word_1_604' title='bbox 1699 5445 1790 5485; x_wconf 90' lang='lat' dir='ltr'><strong>me</strong></span> <span class='ocrx_word' id='word_1_605' title='bbox 1817 5429 1870 5483; x_wconf 92' lang='lat' dir='ltr'><strong>in</strong></span> <span class='ocrx_word' id='word_1_606' title='bbox 1899 5423 2174 5495; x_wconf 85' lang='lat' dir='ltr'><strong>propriam</strong></span> 
     </span>
    </p>
   </div>
   <div class='ocr_carea' id='block_1_78' title="bbox 594 5515 2175 5604">
    <p class='ocr_par' dir='ltr' id='par_1_78' title="bbox 594 5515 2175 5604">
     <span class='ocr_line' id='line_1_78' title="bbox 594 5515 2175 5604; baseline -0.014 -12"><span class='ocrx_word' id='word_1_607' title='bbox 594 5534 791 5604; x_wconf 72' lang='lat' dir='ltr'><strong>legum,</strong></span> <span class='ocrx_word' id='word_1_608' title='bbox 820 5545 979 5602; x_wconf 77' lang='lat' dir='ltr'><strong>quam</strong></span> <span class='ocrx_word' id='word_1_609' title='bbox 1001 5528 1136 5584; x_wconf 89' lang='lat' dir='ltr'><strong>nihil</strong></span> <span class='ocrx_word' id='word_1_610' title='bbox 1158 5527 1367 5584; x_wconf 80' lang='lat' dir='ltr'><strong>videam</strong></span> <span class='ocrx_word' id='word_1_611' title='bbox 1392 5541 1422 5580; x_wconf 88' lang='lat' dir='ltr'><strong>a</strong></span> <span class='ocrx_word' id='word_1_612' title='bbox 1449 5523 1765 5595; x_wconf 87' lang='lat' dir='ltr'><strong>Paganismo</strong></span> <span class='ocrx_word' id='word_1_613' title='bbox 1787 5521 2004 5575; x_wconf 88' lang='lat' dir='ltr'><strong>distare.</strong></span> <span class='ocrx_word' id='word_1_614' title='bbox 2031 5515 2175 5585; x_wconf 87' lang='lat' dir='ltr'><strong>Qua—</strong></span> 
     </span>
    </p>
   </div>
   <div class='ocr_carea' id='block_1_79' title="bbox 596 5609 2176 5698">
    <p class='ocr_par' dir='ltr' id='par_1_79' title="bbox 596 5609 2176 5698">
     <span class='ocr_line' id='line_1_79' title="bbox 596 5609 2176 5698; baseline -0.011 -18"><span class='ocrx_word' id='word_1_615' title='bbox 596 5634 814 5698; x_wconf 81' lang='lat' dir='ltr'><strong>propter</strong></span> <span class='ocrx_word' id='word_1_616' title='bbox 839 5621 974 5676; x_wconf 84' lang='lat' dir='ltr'><strong>nihil</strong></span> <span class='ocrx_word' id='word_1_617' title='bbox 993 5620 1213 5676; x_wconf 88' lang='lat' dir='ltr'><strong>omnino</strong></span> <span class='ocrx_word' id='word_1_618' title='bbox 1234 5627 1318 5674; x_wconf 88' lang='lat' dir='ltr'><strong>est</strong></span> <span class='ocrx_word' id='word_1_619' title='bbox 1339 5617 1480 5689; x_wconf 88' lang='lat' dir='ltr'><strong>quod</strong></span> <span class='ocrx_word' id='word_1_620' title='bbox 1508 5615 1804 5681; x_wconf 86' lang='lat' dir='ltr'><strong>arbitreris,</strong></span> <span class='ocrx_word' id='word_1_621' title='bbox 1823 5612 1870 5668; x_wconf 90' lang='lat' dir='ltr'><strong>si</strong></span> <span class='ocrx_word' id='word_1_622' title='bbox 1896 5609 2176 5683; x_wconf 87' lang='lat' dir='ltr'><strong>probatum</strong></span> 
     </span>
    </p>
   </div>
   <div class='ocr_carea' id='block_1_80' title="bbox 599 5705 2176 5784">
    <p class='ocr_par' dir='ltr' id='par_1_80' title="bbox 599 5705 2176 5784">
     <span class='ocr_line' id='line_1_80' title="bbox 599 5705 2176 5784; baseline -0.009 -10"><span class='ocrx_word' id='word_1_623' title='bbox 599 5718 700 5774; x_wconf 89' lang='lat' dir='ltr'><strong>hoc</strong></span> <span class='ocrx_word' id='word_1_624' title='bbox 727 5713 920 5781; x_wconf 90' lang='lat' dir='ltr'><strong>fuerit,</strong></span> <span class='ocrx_word' id='word_1_625' title='bbox 947 5726 1035 5768; x_wconf 91' lang='lat' dir='ltr'><strong>me</strong></span> <span class='ocrx_word' id='word_1_626' title='bbox 1063 5711 1282 5766; x_wconf 88' lang='lat' dir='ltr'><strong>minime</strong></span> <span class='ocrx_word' id='word_1_627' title='bbox 1307 5709 1610 5784; x_wconf 80' lang='lat' dir='ltr'><strong>gavisurum</strong></span> <span class='ocrx_word' id='word_1_628' title='bbox 1632 5749 1648 5778; x_wconf 91' lang='lat'><strong>,</strong></span> <span class='ocrx_word' id='word_1_629' title='bbox 1678 5705 1924 5780; x_wconf 88' lang='lat' dir='ltr'><strong>spiritum</strong></span> <span class='ocrx_word' id='word_1_630' title='bbox 1958 5716 2176 5763; x_wconf 87' lang='lat' dir='ltr'><strong>omnem</strong></span> 
     </span>
    </p>
   </div>
   <div class='ocr_carea' id='block_1_81' title="bbox 599 5800 1298 5889">
    <p class='ocr_par' dir='ltr' id='par_1_81' title="bbox 599 5800 1298 5889">
     <span class='ocr_line' id='line_1_81' title="bbox 599 5800 1298 5889; baseline -0.014 -21"><span class='ocrx_word' id='word_1_631' title='bbox 599 5806 950 5889; x_wconf 72' lang='lat' dir='ltr'><strong>prepbctassc</strong></span> <span class='ocrx_word' id='word_1_632' title='bbox 977 5801 1044 5865; x_wconf 83' lang='lat' dir='ltr'><strong>de</strong></span> <span class='ocrx_word' id='word_1_633' title='bbox 1067 5800 1298 5864; x_wconf 81' lang='lat' dir='ltr'><strong>Cluisto.</strong></span> 
     </span>
    </p>
   </div>
   <div class='ocr_carea' id='block_1_82' title="bbox 2324 2581 3835 2652">
    <p class='ocr_par' dir='ltr' id='par_1_82' title="bbox 2324 2581 3835 2652">
     <span class='ocr_line' id='line_1_82' title="bbox 2324 2581 3835 2652; baseline -0.007 -7"><span class='ocrx_word' id='word_1_634' title='bbox 2324 2587 2549 2645; x_wconf 78' lang='lat' dir='ltr'><strong>CAPUT</strong></span> <span class='ocrx_word' id='word_1_635' title='bbox 2581 2585 2647 2642; x_wconf 82' lang='lat' dir='ltr'><strong>ll.</strong></span> <span class='ocrx_word' id='word_1_636' title='bbox 2668 2616 2740 2628; x_wconf 87' lang='lat'><strong>--</strong></span> <span class='ocrx_word' id='word_1_637' title='bbox 2769 2585 2886 2640; x_wconf 91' lang='lat' dir='ltr'><strong>Tibi</strong></span> <span class='ocrx_word' id='word_1_638' title='bbox 2914 2599 3046 2640; x_wconf 89' lang='lat' dir='ltr'><strong>sane</strong></span> <span class='ocrx_word' id='word_1_639' title='bbox 3073 2583 3400 2640; x_wconf 74' lang='lat' dir='ltr'><strong>sufﬁcientes</strong></span> <span class='ocrx_word' id='word_1_640' title='bbox 3418 2583 3436 2618; x_wconf 71' lang='grc' dir='ltr'>ί</span> <span class='ocrx_word' id='word_1_641' title='bbox 3463 2581 3696 2638; x_wconf 82' lang='lat' dir='ltr'><strong>referam</strong></span> <span class='ocrx_word' id='word_1_642' title='bbox 3722 2593 3835 2652; x_wconf 84' lang='lat' dir='ltr'><strong>gra-</strong></span> 
     </span>
    </p>
   </div>
   <div class='ocr_carea' id='block_1_83' title="bbox 2257 2673 3832 2750">
    <p class='ocr_par' dir='ltr' id='par_1_83' title="bbox 2257 2673 3832 2750">
     <span class='ocr_line' id='line_1_83' title="bbox 2257 2673 3832 2750; baseline -0.007 -13"><span class='ocrx_word' id='word_1_643' title='bbox 2257 2682 2358 2736; x_wconf 86' lang='lat' dir='ltr'><strong>tias</strong></span> <span class='ocrx_word' id='word_1_644' title='bbox 2378 2721 2396 2748; x_wconf 89' lang='lat'><strong>,</strong></span> <span class='ocrx_word' id='word_1_645' title='bbox 2424 2681 2468 2736; x_wconf 89' lang='lat' dir='ltr'><strong>si</strong></span> <span class='ocrx_word' id='word_1_646' title='bbox 2497 2679 2944 2750; x_wconf 81' lang='lat' dir='ltr'><strong>quemadmodum</strong></span> <span class='ocrx_word' id='word_1_647' title='bbox 2972 2676 3211 2733; x_wconf 89' lang='lat' dir='ltr'><strong>ostendis</strong></span> <span class='ocrx_word' id='word_1_648' title='bbox 3239 2677 3362 2748; x_wconf 90' lang='lat' dir='ltr'><strong>quia</strong></span> <span class='ocrx_word' id='word_1_649' title='bbox 3392 2674 3639 2730; x_wconf 91' lang='lat' dir='ltr'><strong>Christus</strong></span> <span class='ocrx_word' id='word_1_650' title='bbox 3685 2673 3832 2744; x_wconf 81' lang='lat' dir='ltr'><strong>Moy-</strong></span> 
     </span>
    </p>
   </div>
   <div class='ocr_carea' id='block_1_84' title="bbox 2255 2761 3836 2841">
    <p class='ocr_par' dir='ltr' id='par_1_84' title="bbox 2255 2761 3836 2841">
     <span class='ocr_line' id='line_1_84' title="bbox 2255 2761 3836 2841; baseline -0.008 -13"><span class='ocrx_word' id='word_1_651' title='bbox 2255 2787 2350 2830; x_wconf 86' lang='lat' dir='ltr'><strong>sen</strong></span> <span class='ocrx_word' id='word_1_652' title='bbox 2380 2772 2450 2827; x_wconf 93' lang='lat' dir='ltr'><strong>de</strong></span> <span class='ocrx_word' id='word_1_653' title='bbox 2475 2787 2534 2827; x_wconf 89' lang='lat' dir='ltr'><strong>se</strong></span> <span class='ocrx_word' id='word_1_654' title='bbox 2559 2771 2839 2841; x_wconf 85' lang='lat' dir='ltr'><strong>scripsisse</strong></span> <span class='ocrx_word' id='word_1_655' title='bbox 2869 2777 3091 2824; x_wconf 87' lang='lat' dir='ltr'><strong>testatus</strong></span> <span class='ocrx_word' id='word_1_656' title='bbox 3122 2770 3227 2835; x_wconf 89' lang='lat' dir='ltr'><strong>sit,</strong></span> <span class='ocrx_word' id='word_1_657' title='bbox 3255 2768 3327 2822; x_wconf 86' lang='lat' dir='ltr'><strong>ita</strong></span> <span class='ocrx_word' id='word_1_658' title='bbox 3363 2766 3523 2822; x_wconf 88' lang='lat' dir='ltr'><strong>etiam</strong></span> <span class='ocrx_word' id='word_1_659' title='bbox 3568 2763 3706 2819; x_wconf 88' lang='lat' dir='ltr'><strong>illud</strong></span> <span class='ocrx_word' id='word_1_660' title='bbox 3744 2761 3836 2818; x_wconf 88' lang='lat' dir='ltr'><strong>do-</strong></span> 
     </span>
    </p>
   </div>
   <div class='ocr_carea' id='block_1_85' title="bbox 2255 2855 3838 2933">
    <p class='ocr_par' dir='ltr' id='par_1_85' title="bbox 2255 2855 3838 2933">
     <span class='ocr_line' id='line_1_85' title="bbox 2255 2855 3838 2933; baseline -0.007 -13"><span class='ocrx_word' id='word_1_661' title='bbox 2255 2879 2398 2930; x_wconf 80' lang='lat' dir='ltr'><strong>ceas,</strong></span> <span class='ocrx_word' id='word_1_662' title='bbox 2431 2877 2676 2933; x_wconf 80' lang='lat' dir='ltr'><strong>quaenam</strong></span> <span class='ocrx_word' id='word_1_663' title='bbox 2706 2862 2814 2916; x_wconf 89' lang='lat' dir='ltr'><strong>sint</strong></span> <span class='ocrx_word' id='word_1_664' title='bbox 2838 2876 2899 2917; x_wconf 87' lang='lat' dir='ltr'><strong>ea</strong></span> <span class='ocrx_word' id='word_1_665' title='bbox 2929 2875 3048 2930; x_wconf 70' lang='lat' dir='ltr'><strong>qua:</strong></span> <span class='ocrx_word' id='word_1_666' title='bbox 3073 2859 3308 2930; x_wconf 89' lang='lat' dir='ltr'><strong>scripsit.</strong></span> <span class='ocrx_word' id='word_1_667' title='bbox 3335 2857 3468 2914; x_wconf 85' lang='lat' dir='ltr'><strong>Nam</strong></span> <span class='ocrx_word' id='word_1_668' title='bbox 3495 2872 3594 2928; x_wconf 83' lang='lat' dir='ltr'><strong>ego</strong></span> <span class='ocrx_word' id='word_1_669' title='bbox 3625 2855 3838 2926; x_wconf 86' lang='lat' dir='ltr'><strong>quidem</strong></span> 
     </span>
    </p>
   </div>
   <div class='ocr_carea' id='block_1_86' title="bbox 2255 2945 3840 3023">
    <p class='ocr_par' dir='ltr' id='par_1_86' title="bbox 2255 2945 3840 3023">
     <span class='ocr_line' id='line_1_86' title="bbox 2255 2945 3840 3023; baseline -0.005 -15"><span class='ocrx_word' id='word_1_670' title='bbox 2255 2953 2560 3022; x_wconf 83' lang='lat' dir='ltr'><strong>Scripturas</strong></span> <span class='ocrx_word' id='word_1_671' title='bbox 2586 2953 2702 3020; x_wconf 89' lang='lat' dir='ltr'><strong>ejus</strong></span> <span class='ocrx_word' id='word_1_672' title='bbox 2745 2959 3141 3023; x_wconf 87' lang='lat' dir='ltr'><strong>perscrutatus,</strong></span> <span class='ocrx_word' id='word_1_673' title='bbox 3174 2958 3232 3005; x_wconf 90' lang='lat' dir='ltr'><strong>ut</strong></span> <span class='ocrx_word' id='word_1_674' title='bbox 3251 2949 3461 3019; x_wconf 87' lang='lat' dir='ltr'><strong>jussum</strong></span> <span class='ocrx_word' id='word_1_675' title='bbox 3491 2948 3638 3010; x_wconf 63' lang='lat' dir='ltr'><strong>est”,</strong></span> <span class='ocrx_word' id='word_1_676' title='bbox 3673 2945 3840 3000; x_wconf 78' lang='lat' dir='ltr'><strong>nullas</strong></span> 
     </span>
    </p>
   </div>
   <div class='ocr_carea' id='block_1_87' title="bbox 2257 3037 3842 3112">
    <p class='ocr_par' dir='ltr' id='par_1_87' title="bbox 2257 3037 3842 3112">
     <span class='ocr_line' id='line_1_87' title="bbox 2257 3037 3842 3112; baseline -0.006 -12"><span class='ocrx_word' id='word_1_677' title='bbox 2257 3044 2453 3101; x_wconf 87' lang='lat' dir='ltr'><strong>ibidem</strong></span> <span class='ocrx_word' id='word_1_678' title='bbox 2482 3043 2549 3098; x_wconf 91' lang='lat' dir='ltr'><strong>de</strong></span> <span class='ocrx_word' id='word_1_679' title='bbox 2574 3042 2788 3098; x_wconf 82' lang='lat' dir='ltr'><strong>Christo</strong></span> <span class='ocrx_word' id='word_1_680' title='bbox 2816 3042 3124 3112; x_wconf 89' lang='lat' dir='ltr'><strong>prophetias</strong></span> <span class='ocrx_word' id='word_1_681' title='bbox 3152 3041 3362 3106; x_wconf 88' lang='lat' dir='ltr'><strong>inveni;</strong></span> <span class='ocrx_word' id='word_1_682' title='bbox 3391 3041 3504 3096; x_wconf 86' lang='lat' dir='ltr'><strong>sive</strong></span> <span class='ocrx_word' id='word_1_683' title='bbox 3529 3040 3660 3110; x_wconf 88' lang='lat' dir='ltr'><strong>quia</strong></span> <span class='ocrx_word' id='word_1_684' title='bbox 3690 3037 3842 3093; x_wconf 74' lang='lat' dir='ltr'><strong>nulla:</strong></span> 
     </span>
    </p>
   </div>
   <div class='ocr_carea' id='block_1_88' title="bbox 2256 3131 3844 3206">
    <p class='ocr_par' dir='ltr' id='par_1_88' title="bbox 2256 3131 3844 3206">
     <span class='ocr_line' id='line_1_88' title="bbox 2256 3131 3844 3206; baseline -0.004 -14"><span class='ocrx_word' id='word_1_685' title='bbox 2256 3145 2404 3202; x_wconf 86' lang='lat' dir='ltr'><strong>sunt,</strong></span> <span class='ocrx_word' id='word_1_686' title='bbox 2429 3137 2542 3192; x_wconf 87' lang='lat' dir='ltr'><strong>sive</strong></span> <span class='ocrx_word' id='word_1_687' title='bbox 2563 3136 2684 3206; x_wconf 89' lang='lat' dir='ltr'><strong>quia</strong></span> <span class='ocrx_word' id='word_1_688' title='bbox 2711 3135 3007 3206; x_wconf 82' lang='lat' dir='ltr'><strong>intelligere</strong></span> <span class='ocrx_word' id='word_1_689' title='bbox 3033 3135 3148 3205; x_wconf 90' lang='lat' dir='ltr'><strong>ipse</strong></span> <span class='ocrx_word' id='word_1_690' title='bbox 3173 3150 3276 3189; x_wconf 89' lang='lat' dir='ltr'><strong>non</strong></span> <span class='ocrx_word' id='word_1_691' title='bbox 3304 3134 3471 3204; x_wconf 86' lang='lat' dir='ltr'><strong>potui.</strong></span> <span class='ocrx_word' id='word_1_692' title='bbox 3496 3131 3657 3188; x_wconf 89' lang='lat' dir='ltr'><strong>Unde</strong></span> <span class='ocrx_word' id='word_1_693' title='bbox 3684 3132 3737 3187; x_wconf 92' lang='lat' dir='ltr'><strong>iu</strong></span> <span class='ocrx_word' id='word_1_694' title='bbox 3769 3131 3844 3185; x_wconf 88' lang='lat' dir='ltr'><strong>in-</strong></span> 
     </span>
    </p>
   </div>
   <div class='ocr_carea' id='block_1_89' title="bbox 2257 3221 3844 3298">
    <p class='ocr_par' dir='ltr' id='par_1_89' title="bbox 2257 3221 3844 3298">
     <span class='ocr_line' id='line_1_89' title="bbox 2257 3221 3844 3298; baseline -0.005 -14"><span class='ocrx_word' id='word_1_695' title='bbox 2257 3228 2401 3298; x_wconf 84' lang='lat' dir='ltr'><strong>genti</strong></span> <span class='ocrx_word' id='word_1_696' title='bbox 2429 3228 2632 3297; x_wconf 86' lang='lat' dir='ltr'><strong>positus</strong></span> <span class='ocrx_word' id='word_1_697' title='bbox 2653 3236 2809 3294; x_wconf 82' lang='lat' dir='ltr'><strong>aestu,</strong></span> <span class='ocrx_word' id='word_1_698' title='bbox 2841 3227 3047 3282; x_wconf 83' lang='lat' dir='ltr'><strong>ratione</strong></span> <span class='ocrx_word' id='word_1_699' title='bbox 3075 3226 3304 3296; x_wconf 85' lang='lat' dir='ltr'><strong>cogebar</strong></span> <span class='ocrx_word' id='word_1_700' title='bbox 3335 3224 3389 3279; x_wconf 91' lang='lat' dir='ltr'><strong>in</strong></span> <span class='ocrx_word' id='word_1_701' title='bbox 3417 3225 3649 3280; x_wconf 88' lang='lat' dir='ltr'><strong>alterum</strong></span> <span class='ocrx_word' id='word_1_702' title='bbox 3673 3239 3706 3278; x_wconf 90' lang='lat' dir='ltr'><strong>e</strong></span> <span class='ocrx_word' id='word_1_703' title='bbox 3722 3221 3844 3277; x_wconf 74' lang='lat' dir='ltr'><strong>duo</strong></span> 
     </span>
    </p>
   </div>
   <div class='ocr_carea' id='block_1_90' title="bbox 2257 3313 3848 3386">
    <p class='ocr_par' dir='ltr' id='par_1_90' title="bbox 2257 3313 3848 3386">
     <span class='ocr_line' id='line_1_90' title="bbox 2257 3313 3848 3386; baseline -0.004 -13"><span class='ocrx_word' id='word_1_704' title='bbox 2257 3319 2393 3386; x_wconf 88' lang='lat' dir='ltr'><strong>bus;</strong></span> <span class='ocrx_word' id='word_1_705' title='bbox 2422 3327 2480 3373; x_wconf 92' lang='lat' dir='ltr'><strong>ut</strong></span> <span class='ocrx_word' id='word_1_706' title='bbox 2509 3328 2602 3374; x_wconf 85' lang='lat' dir='ltr'><strong>aut</strong></span> <span class='ocrx_word' id='word_1_707' title='bbox 2630 3317 2820 3373; x_wconf 87' lang='lat' dir='ltr'><strong>falsum</strong></span> <span class='ocrx_word' id='word_1_708' title='bbox 2849 3318 3248 3386; x_wconf 86' lang='lat' dir='ltr'><strong>pronuntiarem</strong></span> <span class='ocrx_word' id='word_1_709' title='bbox 3280 3315 3572 3386; x_wconf 87' lang='lat' dir='ltr'><strong>capitulum</strong></span> <span class='ocrx_word' id='word_1_710' title='bbox 3599 3313 3733 3379; x_wconf 90' lang='lat' dir='ltr'><strong>hoc,</strong></span> <span class='ocrx_word' id='word_1_711' title='bbox 3763 3320 3848 3366; x_wconf 87' lang='lat' dir='ltr'><strong>aut</strong></span> 
     </span>
    </p>
   </div>
   <div class='ocr_carea' id='block_1_91' title="bbox 2258 3401 3846 3477">
    <p class='ocr_par' dir='ltr' id='par_1_91' title="bbox 2258 3401 3846 3477">
     <span class='ocr_line' id='line_1_91' title="bbox 2258 3401 3846 3477; baseline -0.007 -10"><span class='ocrx_word' id='word_1_712' title='bbox 2258 3409 2574 3467; x_wconf 87' lang='lat' dir='ltr'><strong>mendaeem</strong></span> <span class='ocrx_word' id='word_1_713' title='bbox 2619 3409 2820 3464; x_wconf 87' lang='lat' dir='ltr'><strong>Jesum.</strong></span> <span class='ocrx_word' id='word_1_714' title='bbox 2867 3407 2971 3462; x_wconf 91' lang='lat' dir='ltr'><strong>Sed</strong></span> <span class='ocrx_word' id='word_1_715' title='bbox 3017 3407 3067 3462; x_wconf 92' lang='lat' dir='ltr'><strong>id</strong></span> <span class='ocrx_word' id='word_1_716' title='bbox 3110 3405 3327 3477; x_wconf 86' lang='lat' dir='ltr'><strong>quidem</strong></span> <span class='ocrx_word' id='word_1_717' title='bbox 3366 3405 3594 3460; x_wconf 83' lang='lat' dir='ltr'><strong>alienum</strong></span> <span class='ocrx_word' id='word_1_718' title='bbox 3640 3401 3846 3474; x_wconf 85' lang='lat' dir='ltr'><strong>pietatis</strong></span> 
     </span>
    </p>
   </div>
   <div class='ocr_carea' id='block_1_92' title="bbox 2261 3495 3848 3572">
    <p class='ocr_par' dir='ltr' id='par_1_92' title="bbox 2261 3495 3848 3572">
     <span class='ocr_line' id='line_1_92' title="bbox 2261 3495 3848 3572; baseline -0.008 -12"><span class='ocrx_word' id='word_1_719' title='bbox 2261 3512 2396 3572; x_wconf 89' lang='lat' dir='ltr'><strong>erat,</strong></span> <span class='ocrx_word' id='word_1_720' title='bbox 2427 3503 2593 3558; x_wconf 89' lang='lat' dir='ltr'><strong>Deum</strong></span> <span class='ocrx_word' id='word_1_721' title='bbox 2622 3503 2928 3558; x_wconf 80' lang='lat' dir='ltr'><strong>existimare</strong></span> <span class='ocrx_word' id='word_1_722' title='bbox 2953 3501 3254 3555; x_wconf 89' lang='lat' dir='ltr'><strong>mentitum.</strong></span> <span class='ocrx_word' id='word_1_723' title='bbox 3283 3499 3501 3554; x_wconf 84' lang='lat' dir='ltr'><strong>Rectius</strong></span> <span class='ocrx_word' id='word_1_724' title='bbox 3522 3511 3659 3566; x_wconf 82' lang='lat' dir='ltr'><strong>ergo</strong></span> <span class='ocrx_word' id='word_1_725' title='bbox 3679 3495 3848 3551; x_wconf 90' lang='lat' dir='ltr'><strong>visum</strong></span> 
     </span>
    </p>
   </div>
   <div class='ocr_carea' id='block_1_93' title="bbox 2261 3586 3850 3667">
    <p class='ocr_par' dir='ltr' id='par_1_93' title="bbox 2261 3586 3850 3667">
     <span class='ocr_line' id='line_1_93' title="bbox 2261 3586 3850 3667; baseline -0.01 -12"><span class='ocrx_word' id='word_1_726' title='bbox 2261 3606 2344 3655; x_wconf 86' lang='lat' dir='ltr'><strong>est</strong></span> <span class='ocrx_word' id='word_1_727' title='bbox 2361 3639 2377 3665; x_wconf 92' lang='lat'><strong>,</strong></span> <span class='ocrx_word' id='word_1_728' title='bbox 2405 3595 2755 3667; x_wconf 88' lang='lat' dir='ltr'><strong>scriptoribus</strong></span> <span class='ocrx_word' id='word_1_729' title='bbox 2781 3593 3050 3650; x_wconf 82' lang='lat' dir='ltr'><strong>ascribere</strong></span> <span class='ocrx_word' id='word_1_730' title='bbox 3081 3591 3364 3647; x_wconf 86' lang='lat' dir='ltr'><strong>falsitatem</strong></span> <span class='ocrx_word' id='word_1_731' title='bbox 3383 3631 3398 3654; x_wconf 91' lang='lat'><strong>,</strong></span> <span class='ocrx_word' id='word_1_732' title='bbox 3423 3604 3578 3660; x_wconf 87' lang='lat' dir='ltr'><strong>quam</strong></span> <span class='ocrx_word' id='word_1_733' title='bbox 3604 3586 3850 3644; x_wconf 83' lang='lat' dir='ltr'><strong>veritatis</strong></span> 
     </span>
    </p>
   </div>
   <div class='ocr_carea' id='block_1_94' title="bbox 2261 3679 3853 3754">
    <p class='ocr_par' dir='ltr' id='par_1_94' title="bbox 2261 3679 3853 3754">
     <span class='ocr_line' id='line_1_94' title="bbox 2261 3679 3853 3754; baseline -0.009 -8"><span class='ocrx_word' id='word_1_734' title='bbox 2261 3691 2465 3746; x_wconf 89' lang='lat' dir='ltr'><strong>auctori</strong></span> <span class='ocrx_word' id='word_1_735' title='bbox 2495 3687 2850 3743; x_wconf 86' lang='lat' dir='ltr'><strong>mendacium.</strong></span> <span class='ocrx_word' id='word_1_736' title='bbox 2882 3684 3088 3754; x_wconf 80' lang='lat' dir='ltr'><strong>Quippe</strong></span> <span class='ocrx_word' id='word_1_737' title='bbox 3121 3698 3243 3738; x_wconf 91' lang='lat' dir='ltr'><strong>cum</strong></span> <span class='ocrx_word' id='word_1_738' title='bbox 3282 3691 3337 3736; x_wconf 89' lang='lat' dir='ltr'><strong>et</strong></span> <span class='ocrx_word' id='word_1_739' title='bbox 3378 3681 3551 3752; x_wconf 88' lang='lat' dir='ltr'><strong>ipsum</strong></span> <span class='ocrx_word' id='word_1_740' title='bbox 3580 3679 3853 3735; x_wconf 88' lang='lat' dir='ltr'><strong>dicentem</strong></span> 
     </span>
    </p>
   </div>
   <div class='ocr_carea' id='block_1_95' title="bbox 2263 3771 3854 3844">
    <p class='ocr_par' dir='ltr' id='par_1_95' title="bbox 2263 3771 3854 3844">
     <span class='ocr_line' id='line_1_95' title="bbox 2263 3771 3854 3844; baseline -0.01 -6"><span class='ocrx_word' id='word_1_741' title='bbox 2263 3780 2523 3844; x_wconf 87' lang='lat' dir='ltr'><strong>audirem,</strong></span> <span class='ocrx_word' id='word_1_742' title='bbox 2556 3778 2702 3834; x_wconf 83' lang='lat' dir='ltr'><strong>fures</strong></span> <span class='ocrx_word' id='word_1_743' title='bbox 2729 3776 2892 3832; x_wconf 86' lang='lat' dir='ltr'><strong>fuisse</strong></span> <span class='ocrx_word' id='word_1_744' title='bbox 2920 3781 2975 3830; x_wconf 90' lang='lat' dir='ltr'><strong>et</strong></span> <span class='ocrx_word' id='word_1_745' title='bbox 2999 3777 3231 3830; x_wconf 89' lang='lat' dir='ltr'><strong>latrones</strong></span> <span class='ocrx_word' id='word_1_746' title='bbox 3260 3787 3446 3827; x_wconf 89' lang='lat' dir='ltr'><strong>omnes</strong></span> <span class='ocrx_word' id='word_1_747' title='bbox 3473 3771 3562 3841; x_wconf 90' lang='lat' dir='ltr'><strong>qui</strong></span> <span class='ocrx_word' id='word_1_748' title='bbox 3585 3776 3854 3828; x_wconf 87' lang='lat' dir='ltr'><strong>venerunt</strong></span> 
     </span>
    </p>
   </div>
   <div class='ocr_carea' id='block_1_96' title="bbox 2263 3861 3854 3943">
    <p class='ocr_par' dir='ltr' id='par_1_96' title="bbox 2263 3861 3854 3943">
     <span class='ocr_line' id='line_1_96' title="bbox 2263 3861 3854 3943; baseline -0.009 -15"><span class='ocrx_word' id='word_1_749' title='bbox 2263 3881 2388 3928; x_wconf 86' lang='lat' dir='ltr'><strong>ante</strong></span> <span class='ocrx_word' id='word_1_750' title='bbox 2415 3887 2472 3926; x_wconf 87' lang='lat' dir='ltr'><strong>se</strong></span> <span class='ocrx_word' id='word_1_751' title='bbox 2506 3870 2681 3943; x_wconf 85' lang='lat' dir='ltr'><strong>(Joan.</strong></span> <span class='ocrx_word' id='word_1_752' title='bbox 2703 3885 2761 3935; x_wconf 74' lang='grc' dir='ltr'><strong>ι,</strong></span> <span class='ocrx_word' id='word_1_753' title='bbox 2789 3867 2858 3939; x_wconf 92' lang='grc'><strong>8)</strong></span> <span class='ocrx_word' id='word_1_754' title='bbox 2886 3885 2899 3922; x_wconf 91' lang='lat'>:</span> <span class='ocrx_word' id='word_1_755' title='bbox 2923 3882 3025 3938; x_wconf 85' lang='lat' dir='ltr'><strong>qua</strong></span> <span class='ocrx_word' id='word_1_756' title='bbox 3052 3864 3314 3922; x_wconf 88' lang='lat' dir='ltr'><strong>sententia</strong></span> <span class='ocrx_word' id='word_1_757' title='bbox 3342 3863 3575 3934; x_wconf 89' lang='lat' dir='ltr'><strong>primum</strong></span> <span class='ocrx_word' id='word_1_758' title='bbox 3606 3861 3854 3917; x_wconf 85' lang='lat' dir='ltr'><strong>omnium</strong></span> 
     </span>
    </p>
   </div>
   <div class='ocr_carea' id='block_1_97' title="bbox 2263 3945 3856 4031">
    <p class='ocr_par' dir='ltr' id='par_1_97' title="bbox 2263 3945 3856 4031">
     <span class='ocr_line' id='line_1_97' title="bbox 2263 3945 3856 4031; baseline -0.009 -11"><span class='ocrx_word' id='word_1_759' title='bbox 2263 3962 2419 4020; x_wconf 86' lang='lat' dir='ltr'><strong>video</strong></span> <span class='ocrx_word' id='word_1_760' title='bbox 2463 3962 2606 4018; x_wconf 88' lang='lat' dir='ltr'><strong>feriri</strong></span> <span class='ocrx_word' id='word_1_761' title='bbox 2650 3961 2888 4031; x_wconf 87' lang='lat' dir='ltr'><strong>Moysen.</strong></span> <span class='ocrx_word' id='word_1_762' title='bbox 2934 3957 3015 4013; x_wconf 78' lang='lat' dir='ltr'><strong>Ad</strong></span> <span class='ocrx_word' id='word_1_763' title='bbox 3057 3956 3207 4023; x_wconf 82' lang='lat' dir='ltr'><strong>haec,</strong></span> <span class='ocrx_word' id='word_1_764' title='bbox 3243 3965 3298 4011; x_wconf 89' lang='lat' dir='ltr'><strong>et</strong></span> <span class='ocrx_word' id='word_1_765' title='bbox 3341 3969 3463 4010; x_wconf 89' lang='lat' dir='ltr'><strong>cum</strong></span> <span class='ocrx_word' id='word_1_766' title='bbox 3511 3945 3856 4024; x_wconf 71' lang='lat' dir='ltr'><strong>maiestatem</strong></span> 
     </span>
    </p>
   </div>
   <div class='ocr_carea' id='block_1_98' title="bbox 2265 4043 3856 4122">
    <p class='ocr_par' dir='ltr' id='par_1_98' title="bbox 2265 4043 3856 4122">
     <span class='ocr_line' id='line_1_98' title="bbox 2265 4043 3856 4122; baseline -0.009 -12"><span class='ocrx_word' id='word_1_767' title='bbox 2265 4069 2415 4110; x_wconf 87' lang='lat' dir='ltr'><strong>suam</strong></span> <span class='ocrx_word' id='word_1_768' title='bbox 2460 4050 2698 4122; x_wconf 87' lang='lat' dir='ltr'><strong>loquenti</strong></span> <span class='ocrx_word' id='word_1_769' title='bbox 2724 4050 2896 4105; x_wconf 87' lang='lat' dir='ltr'><strong>eidem</strong></span> <span class='ocrx_word' id='word_1_770' title='bbox 2916 4088 2932 4114; x_wconf 93' lang='lat'><strong>,</strong></span> <span class='ocrx_word' id='word_1_771' title='bbox 2965 4047 3054 4103; x_wconf 91' lang='lat' dir='ltr'><strong>ubi</strong></span> <span class='ocrx_word' id='word_1_772' title='bbox 3083 4061 3142 4102; x_wconf 89' lang='lat' dir='ltr'><strong>se</strong></span> <span class='ocrx_word' id='word_1_773' title='bbox 3164 4045 3348 4102; x_wconf 91' lang='lat' dir='ltr'><strong>mundi</strong></span> <span class='ocrx_word' id='word_1_774' title='bbox 3375 4045 3552 4100; x_wconf 88' lang='lat' dir='ltr'><strong>lumen</strong></span> <span class='ocrx_word' id='word_1_775' title='bbox 3576 4043 3856 4114; x_wconf 88' lang='lat' dir='ltr'><strong>appellat,</strong></span> 
     </span>
    </p>
   </div>
   <div class='ocr_carea' id='block_1_99' title="bbox 2265 4133 3855 4213">
    <p class='ocr_par' dir='ltr' id='par_1_99' title="bbox 2265 4133 3855 4213">
     <span class='ocr_line' id='line_1_99' title="bbox 2265 4133 3855 4213; baseline -0.011 -11"><span class='ocrx_word' id='word_1_776' title='bbox 2265 4144 2435 4202; x_wconf 66' lang='lat' dir='ltr'><strong>Judaei</strong></span> <span class='ocrx_word' id='word_1_777' title='bbox 2463 4143 2800 4213; x_wconf 85' lang='lat' dir='ltr'><strong>indignantes</strong></span> <span class='ocrx_word' id='word_1_778' title='bbox 2829 4139 3221 4206; x_wconf 88' lang='lat' dir='ltr'><strong>reclamarent,</strong></span> <span class='ocrx_word' id='word_1_779' title='bbox 3255 4137 3384 4204; x_wconf 88' lang='lat' dir='ltr'><strong>Quia</strong></span> <span class='ocrx_word' id='word_1_780' title='bbox 3413 4147 3466 4192; x_wconf 90' lang='lat' dir='ltr'><strong>tu</strong></span> <span class='ocrx_word' id='word_1_781' title='bbox 3497 4137 3558 4190; x_wconf 90' lang='lat' dir='ltr'><strong>de</strong></span> <span class='ocrx_word' id='word_1_782' title='bbox 3587 4145 3641 4189; x_wconf 90' lang='lat' dir='ltr'><strong>te</strong></span> <span class='ocrx_word' id='word_1_783' title='bbox 3677 4133 3855 4203; x_wconf 82' lang='lat' dir='ltr'><strong>testiﬁ-</strong></span> 
     </span>
    </p>
   </div>
   <div class='ocr_carea' id='block_1_100' title="bbox 2267 4223 3860 4302">
    <p class='ocr_par' dir='ltr' id='par_1_100' title="bbox 2267 4223 3860 4302">
     <span class='ocr_line' id='line_1_100' title="bbox 2267 4223 3860 4302; baseline -0.009 -10"><span class='ocrx_word' id='word_1_784' title='bbox 2267 4237 2420 4302; x_wconf 84' lang='lat' dir='ltr'><strong>caris,</strong></span> <span class='ocrx_word' id='word_1_785' title='bbox 2445 4233 2777 4288; x_wconf 88' lang='lat' dir='ltr'><strong>testimonium</strong></span> <span class='ocrx_word' id='word_1_786' title='bbox 2799 4241 2940 4286; x_wconf 88' lang='lat' dir='ltr'><strong>tuum</strong></span> <span class='ocrx_word' id='word_1_787' title='bbox 2962 4247 3063 4284; x_wconf 90' lang='lat' dir='ltr'><strong>non</strong></span> <span class='ocrx_word' id='word_1_788' title='bbox 3085 4238 3159 4284; x_wconf 89' lang='lat' dir='ltr'><strong>est</strong></span> <span class='ocrx_word' id='word_1_789' title='bbox 3179 4246 3350 4284; x_wconf 85' lang='lat' dir='ltr'><strong>verum</strong></span> <span class='ocrx_word' id='word_1_790' title='bbox 3373 4244 3392 4282; x_wconf 91' lang='lat'><strong><em>:</em></strong></span> <span class='ocrx_word' id='word_1_791' title='bbox 3413 4242 3516 4282; x_wconf 89' lang='lat' dir='ltr'><strong>non</strong></span> <span class='ocrx_word' id='word_1_792' title='bbox 3544 4242 3676 4282; x_wconf 89' lang='lat' dir='ltr'><strong>cum</strong></span> <span class='ocrx_word' id='word_1_793' title='bbox 3703 4223 3860 4280; x_wconf 89' lang='lat' dir='ltr'><strong>video</strong></span> 
     </span>
    </p>
   </div>
   <div class='ocr_carea' id='block_1_101' title="bbox 2268 4317 3865 4398">
    <p class='ocr_par' dir='ltr' id='par_1_101' title="bbox 2268 4317 3865 4398">
     <span class='ocr_line' id='line_1_101' title="bbox 2268 4317 3865 4398; baseline -0.01 -15"><span class='ocrx_word' id='word_1_794' title='bbox 2268 4334 2638 4398; x_wconf 85' lang='lat' dir='ltr'><strong>prosecutum,</strong></span> <span class='ocrx_word' id='word_1_795' title='bbox 2667 4324 2758 4380; x_wconf 91' lang='lat' dir='ltr'><strong>ubi</strong></span> <span class='ocrx_word' id='word_1_796' title='bbox 2800 4323 3034 4379; x_wconf 80' lang='lat' dir='ltr'><strong>maxime</strong></span> <span class='ocrx_word' id='word_1_797' title='bbox 3077 4321 3225 4376; x_wconf 87' lang='lat' dir='ltr'><strong>locus</strong></span> <span class='ocrx_word' id='word_1_798' title='bbox 3263 4319 3538 4390; x_wconf 80' lang='lat' dir='ltr'><strong>exigebat,</strong></span> <span class='ocrx_word' id='word_1_799' title='bbox 3566 4327 3628 4373; x_wconf 84' lang='lat' dir='ltr'><strong>ut</strong></span> <span class='ocrx_word' id='word_1_800' title='bbox 3654 4317 3865 4373; x_wconf 87' lang='lat' dir='ltr'><strong>diceret</strong></span> 
     </span>
    </p>
   </div>
   <div class='ocr_carea' id='block_1_102' title="bbox 2268 4408 3865 4489">
    <p class='ocr_par' dir='ltr' id='par_1_102' title="bbox 2268 4408 3865 4489">
     <span class='ocr_line' id='line_1_102' title="bbox 2268 4408 3865 4489; baseline -0.008 -14"><span class='ocrx_word' id='word_1_801' title='bbox 2268 4418 2336 4475; x_wconf 91' lang='lat' dir='ltr'><strong>de</strong></span> <span class='ocrx_word' id='word_1_802' title='bbox 2361 4433 2420 4474; x_wconf 90' lang='lat' dir='ltr'><strong>se</strong></span> <span class='ocrx_word' id='word_1_803' title='bbox 2445 4418 2793 4489; x_wconf 88' lang='lat' dir='ltr'><strong>prophetasse</strong></span> <span class='ocrx_word' id='word_1_804' title='bbox 2818 4415 3070 4487; x_wconf 84' lang='lat' dir='ltr'><strong>Moysen;</strong></span> <span class='ocrx_word' id='word_1_805' title='bbox 3097 4413 3190 4469; x_wconf 87' lang='lat' dir='ltr'><strong>sed</strong></span> <span class='ocrx_word' id='word_1_806' title='bbox 3223 4423 3473 4483; x_wconf 87' lang='lat' dir='ltr'><strong>tanquam</strong></span> <span class='ocrx_word' id='word_1_807' title='bbox 3504 4426 3703 4466; x_wconf 88' lang='lat' dir='ltr'><strong>revera</strong></span> <span class='ocrx_word' id='word_1_808' title='bbox 3734 4408 3865 4464; x_wconf 76' lang='lat' dir='ltr'><strong>alie—</strong></span> 
     </span>
    </p>
   </div>
   <div class='ocr_carea' id='block_1_103' title="bbox 2270 4499 3866 4572">
    <p class='ocr_par' dir='ltr' id='par_1_103' title="bbox 2270 4499 3866 4572">
     <span class='ocr_line' id='line_1_103' title="bbox 2270 4499 3866 4572; baseline -0.009 -6"><span class='ocrx_word' id='word_1_809' title='bbox 2270 4525 2372 4565; x_wconf 90' lang='lat' dir='ltr'><strong>nus</strong></span> <span class='ocrx_word' id='word_1_810' title='bbox 2418 4517 2471 4566; x_wconf 89' lang='lat' dir='ltr'><strong>et</strong></span> <span class='ocrx_word' id='word_1_811' title='bbox 2513 4508 2718 4564; x_wconf 90' lang='lat' dir='ltr'><strong>nullum</strong></span> <span class='ocrx_word' id='word_1_812' title='bbox 2767 4507 2971 4562; x_wconf 89' lang='lat' dir='ltr'><strong>habens</strong></span> <span class='ocrx_word' id='word_1_813' title='bbox 3013 4519 3078 4559; x_wconf 82' lang='lat' dir='ltr'><strong>ex</strong></span> <span class='ocrx_word' id='word_1_814' title='bbox 3116 4517 3303 4560; x_wconf 89' lang='lat' dir='ltr'><strong>eorum</strong></span> <span class='ocrx_word' id='word_1_815' title='bbox 3337 4501 3576 4572; x_wconf 86' lang='lat' dir='ltr'><strong>patribus</strong></span> <span class='ocrx_word' id='word_1_816' title='bbox 3603 4499 3866 4556; x_wconf 89' lang='lat' dir='ltr'><strong>testimo-</strong></span> 
     </span>
    </p>
   </div>
   <div class='ocr_carea' id='block_1_104' title="bbox 2271 4592 3867 4669">
    <p class='ocr_par' dir='ltr' id='par_1_104' title="bbox 2271 4592 3867 4669">
     <span class='ocr_line' id='line_1_104' title="bbox 2271 4592 3867 4669; baseline -0.01 -11"><span class='ocrx_word' id='word_1_817' title='bbox 2271 4603 2416 4658; x_wconf 93' lang='lat' dir='ltr'><strong>nium</strong></span> <span class='ocrx_word' id='word_1_818' title='bbox 2438 4642 2454 4668; x_wconf 93' lang='lat'><strong>,</strong></span> <span class='ocrx_word' id='word_1_819' title='bbox 2485 4599 2794 4669; x_wconf 89' lang='lat' dir='ltr'><strong>respondit,</strong></span> <span class='ocrx_word' id='word_1_820' title='bbox 2834 4595 3032 4665; x_wconf 83' lang='lat' dir='ltr'><strong>Nempe</strong></span> <span class='ocrx_word' id='word_1_821' title='bbox 3059 4595 3113 4648; x_wconf 90' lang='lat' dir='ltr'><strong>in</strong></span> <span class='ocrx_word' id='word_1_822' title='bbox 3140 4595 3246 4666; x_wconf 88' lang='lat' dir='ltr'><strong>lege</strong></span> <span class='ocrx_word' id='word_1_823' title='bbox 3274 4603 3434 4648; x_wconf 87' lang='lat' dir='ltr'><strong>vestra</strong></span> <span class='ocrx_word' id='word_1_824' title='bbox 3460 4592 3720 4661; x_wconf 84' lang='lat' dir='ltr'><strong>scriptum</strong></span> <span class='ocrx_word' id='word_1_825' title='bbox 3761 4596 3833 4644; x_wconf 88' lang='lat' dir='ltr'><strong>est</strong></span> <span class='ocrx_word' id='word_1_826' title='bbox 3852 4628 3867 4655; x_wconf 94' lang='lat'><strong>,</strong></span> 
     </span>
    </p>
   </div>
   <div class='ocr_carea' id='block_1_105' title="bbox 2271 4681 3875 4764">
    <p class='ocr_par' dir='ltr' id='par_1_105' title="bbox 2271 4681 3875 4764">
     <span class='ocr_line' id='line_1_105' title="bbox 2271 4681 3875 4764; baseline -0.01 -17"><span class='ocrx_word' id='word_1_827' title='bbox 2271 4693 2392 4764; x_wconf 87' lang='lat' dir='ltr'><strong>quia</strong></span> <span class='ocrx_word' id='word_1_828' title='bbox 2414 4691 2631 4746; x_wconf 81' lang='lat' dir='ltr'><strong>duorum</strong></span> <span class='ocrx_word' id='word_1_829' title='bbox 2653 4689 2910 4744; x_wconf 83' lang='lat' dir='ltr'><strong>hominum</strong></span> <span class='ocrx_word' id='word_1_830' title='bbox 2933 4685 3272 4741; x_wconf 86' lang='lat' dir='ltr'><strong>testimonium</strong></span> <span class='ocrx_word' id='word_1_831' title='bbox 3301 4699 3472 4738; x_wconf 86' lang='lat' dir='ltr'><strong>verum</strong></span> <span class='ocrx_word' id='word_1_832' title='bbox 3497 4689 3588 4737; x_wconf 88' lang='lat' dir='ltr'><strong>est.</strong></span> <span class='ocrx_word' id='word_1_833' title='bbox 3612 4681 3737 4752; x_wconf 84' lang='lat' dir='ltr'><strong>Ego</strong></span> <span class='ocrx_word' id='word_1_834' title='bbox 3759 4697 3875 4735; x_wconf 86' lang='lat' dir='ltr'><strong>sum</strong></span> 
     </span>
    </p>
   </div>
   <div class='ocr_carea' id='block_1_106' title="bbox 2273 4772 3873 4854">
    <p class='ocr_par' dir='ltr' id='par_1_106' title="bbox 2273 4772 3873 4854">
     <span class='ocr_line' id='line_1_106' title="bbox 2273 4772 3873 4854; baseline -0.011 -15"><span class='ocrx_word' id='word_1_835' title='bbox 2273 4786 2358 4854; x_wconf 89' lang='lat' dir='ltr'><strong>qui</strong></span> <span class='ocrx_word' id='word_1_836' title='bbox 2389 4784 2627 4847; x_wconf 88' lang='lat' dir='ltr'><strong>testiﬁcor</strong></span> <span class='ocrx_word' id='word_1_837' title='bbox 2654 4781 2716 4835; x_wconf 90' lang='lat' dir='ltr'><strong>de</strong></span> <span class='ocrx_word' id='word_1_838' title='bbox 2743 4796 2857 4846; x_wconf 88' lang='lat' dir='ltr'><strong>me;</strong></span> <span class='ocrx_word' id='word_1_839' title='bbox 2888 4789 2934 4833; x_wconf 88' lang='lat' dir='ltr'><strong>et</strong></span> <span class='ocrx_word' id='word_1_840' title='bbox 2963 4778 3258 4847; x_wconf 86' lang='lat' dir='ltr'><strong>testiﬁcatur</strong></span> <span class='ocrx_word' id='word_1_841' title='bbox 3286 4774 3349 4830; x_wconf 90' lang='lat' dir='ltr'><strong>de</strong></span> <span class='ocrx_word' id='word_1_842' title='bbox 3375 4791 3472 4840; x_wconf 87' lang='lat' dir='ltr'><strong>me,</strong></span> <span class='ocrx_word' id='word_1_843' title='bbox 3492 4774 3577 4845; x_wconf 88' lang='lat' dir='ltr'><strong>qui</strong></span> <span class='ocrx_word' id='word_1_844' title='bbox 3599 4791 3688 4828; x_wconf 87' lang='lat' dir='ltr'><strong>me</strong></span> <span class='ocrx_word' id='word_1_845' title='bbox 3714 4772 3873 4837; x_wconf 87' lang='lat' dir='ltr'><strong>misit,</strong></span> 
     </span>
    </p>
   </div>
   <div class='ocr_carea' id='block_1_107' title="bbox 2277 4865 3879 4944">
    <p class='ocr_par' dir='ltr' id='par_1_107' title="bbox 2277 4865 3879 4944">
     <span class='ocr_line' id='line_1_107' title="bbox 2277 4865 3879 4944; baseline -0.01 -13"><span class='ocrx_word' id='word_1_846' title='bbox 2277 4875 2432 4931; x_wconf 85' lang='lat' dir='ltr'><strong>Pater</strong></span> <span class='ocrx_word' id='word_1_847' title='bbox 2457 4872 2568 4944; x_wconf 90' lang='lat' dir='ltr'><strong>(Id.</strong></span> <span class='ocrx_word' id='word_1_848' title='bbox 2592 4889 2683 4929; x_wconf 82' lang='lat' dir='ltr'><strong>VIII</strong></span> <span class='ocrx_word' id='word_1_849' title='bbox 2701 4913 2718 4940; x_wconf 93' lang='lat'><strong>,</strong></span> <span class='ocrx_word' id='word_1_850' title='bbox 2747 4872 2833 4937; x_wconf 78' lang='lat' dir='ltr'><strong>i5,</strong></span> <span class='ocrx_word' id='word_1_851' title='bbox 2861 4871 2950 4936; x_wconf 82' lang='grc'><strong>17,</strong></span> <span class='ocrx_word' id='word_1_852' title='bbox 2975 4867 3098 4940; x_wconf 81' lang='lat' dir='ltr'><strong>i8).</strong></span> <span class='ocrx_word' id='word_1_853' title='bbox 3143 4865 3277 4922; x_wconf 83' lang='lat' dir='ltr'><strong>Illud</strong></span> <span class='ocrx_word' id='word_1_854' title='bbox 3303 4866 3381 4922; x_wconf 90' lang='lat' dir='ltr'><strong>eis</strong></span> <span class='ocrx_word' id='word_1_855' title='bbox 3407 4878 3879 4927; x_wconf 90' lang='lat' dir='ltr'><strong>commemorans,</strong></span> 
     </span>
    </p>
   </div>
   <div class='ocr_carea' id='block_1_108' title="bbox 2255 4954 3882 5039">
    <p class='ocr_par' dir='ltr' id='par_1_108' title="bbox 2255 4954 3882 5039">
     <span class='ocr_line' id='line_1_108' title="bbox 2255 4954 3882 5039; baseline -0.01 -16"><span class='ocrx_word' id='word_1_856' title='bbox 2255 4967 2418 5039; x_wconf 84' lang='lat' dir='ltr'><strong>quod</strong></span> <span class='ocrx_word' id='word_1_857' title='bbox 2443 4965 2510 5020; x_wconf 92' lang='lat' dir='ltr'><strong>de</strong></span> <span class='ocrx_word' id='word_1_858' title='bbox 2533 4964 2672 5019; x_wconf 86' lang='lat' dir='ltr'><strong>coelo</strong></span> <span class='ocrx_word' id='word_1_859' title='bbox 2697 4962 2898 5019; x_wconf 90' lang='lat' dir='ltr'><strong>dictum</strong></span> <span class='ocrx_word' id='word_1_860' title='bbox 2922 4975 3109 5016; x_wconf 88' lang='lat' dir='ltr'><strong>omnes</strong></span> <span class='ocrx_word' id='word_1_861' title='bbox 3137 4959 3438 5026; x_wconf 89' lang='lat' dir='ltr'><strong>audierant,</strong></span> <span class='ocrx_word' id='word_1_862' title='bbox 3471 4954 3575 5011; x_wconf 83' lang='lat' dir='ltr'><strong>llic</strong></span> <span class='ocrx_word' id='word_1_863' title='bbox 3598 4964 3678 5011; x_wconf 86' lang='lat' dir='ltr'><strong>est</strong></span> <span class='ocrx_word' id='word_1_864' title='bbox 3702 4954 3758 5009; x_wconf 67' lang='grc' dir='ltr'><em>Γ</em></span> <span class='ocrx_word' id='word_1_865' title='bbox 3759 4956 3882 5009; x_wconf 84' lang='lat' dir='ltr'><strong>ilius</strong></span> 
     </span>
    </p>
   </div>
   <div class='ocr_carea' id='block_1_109' title="bbox 2278 5048 3884 5126">
    <p class='ocr_par' dir='ltr' id='par_1_109' title="bbox 2278 5048 3884 5126">
     <span class='ocr_line' id='line_1_109' title="bbox 2278 5048 3884 5126; baseline -0.01 -9"><span class='ocrx_word' id='word_1_866' title='bbox 2278 5077 2418 5116; x_wconf 83' lang='lat' dir='ltr'><strong>meus</strong></span> <span class='ocrx_word' id='word_1_867' title='bbox 2441 5058 2830 5125; x_wconf 84' lang='lat' dir='ltr'><strong>dilectissimus,</strong></span> <span class='ocrx_word' id='word_1_868' title='bbox 2861 5055 3052 5110; x_wconf 68' lang='lat' dir='ltr'><strong>credite,</strong></span> <span class='ocrx_word' id='word_1_869' title='bbox 3074 5054 3152 5108; x_wconf 87' lang='lat' dir='ltr'><strong>illi</strong></span> <span class='ocrx_word' id='word_1_870' title='bbox 3180 5051 3394 5126; x_wconf 79' lang='lat' dir='ltr'><strong>(Matth.</strong></span> <span class='ocrx_word' id='word_1_871' title='bbox 3427 5066 3505 5118; x_wconf 82' lang='lat' dir='ltr'><strong>tu,</strong></span> <span class='ocrx_word' id='word_1_872' title='bbox 3535 5049 3628 5115; x_wconf 72' lang='lat' dir='ltr'><strong>l7,</strong></span> <span class='ocrx_word' id='word_1_873' title='bbox 3662 5059 3714 5105; x_wconf 90' lang='lat' dir='ltr'><strong>et</strong></span> <span class='ocrx_word' id='word_1_874' title='bbox 3746 5048 3884 5103; x_wconf 84' lang='lat' dir='ltr'><strong>Luc.</strong></span> 
     </span>
    </p>
   </div>
   <div class='ocr_carea' id='block_1_110' title="bbox 2277 5143 3886 5224">
    <p class='ocr_par' dir='ltr' id='par_1_110' title="bbox 2277 5143 3886 5224">
     <span class='ocr_line' id='line_1_110' title="bbox 2277 5143 3886 5224; baseline -0.01 -12"><span class='ocrx_word' id='word_1_875' title='bbox 2277 5171 2353 5224; x_wconf 70' lang='grc' dir='ltr'><strong>ιι,</strong></span> <span class='ocrx_word' id='word_1_876' title='bbox 2383 5154 2510 5224; x_wconf 75' lang='grc'><strong>55).</strong></span> <span class='ocrx_word' id='word_1_877' title='bbox 2539 5151 2758 5208; x_wconf 83' lang='lat' dir='ltr'><strong>Necnon</strong></span> <span class='ocrx_word' id='word_1_878' title='bbox 2788 5157 2844 5204; x_wconf 89' lang='lat' dir='ltr'><strong>et</strong></span> <span class='ocrx_word' id='word_1_879' title='bbox 2870 5149 2999 5204; x_wconf 90' lang='lat' dir='ltr'><strong>illud</strong></span> <span class='ocrx_word' id='word_1_880' title='bbox 3025 5146 3155 5202; x_wconf 90' lang='lat' dir='ltr'><strong>mihi</strong></span> <span class='ocrx_word' id='word_1_881' title='bbox 3181 5145 3471 5201; x_wconf 84' lang='lat' dir='ltr'><strong>verisimile</strong></span> <span class='ocrx_word' id='word_1_882' title='bbox 3495 5158 3600 5199; x_wconf 90' lang='lat' dir='ltr'><strong>non</strong></span> <span class='ocrx_word' id='word_1_883' title='bbox 3628 5143 3886 5210; x_wconf 82' lang='lat' dir='ltr'><strong>videtur,</strong></span> 
     </span>
    </p>
   </div>
   <div class='ocr_carea' id='block_1_111' title="bbox 2279 5235 3894 5316">
    <p class='ocr_par' dir='ltr' id='par_1_111' title="bbox 2279 5235 3894 5316">
     <span class='ocr_line' id='line_1_111' title="bbox 2279 5235 3894 5316; baseline -0.009 -12"><span class='ocrx_word' id='word_1_884' title='bbox 2279 5247 2492 5305; x_wconf 63' lang='lat' dir='ltr'><strong>Iudaeos</strong></span> <span class='ocrx_word' id='word_1_885' title='bbox 2521 5244 2756 5316; x_wconf 90' lang='lat' dir='ltr'><strong>potuisse</strong></span> <span class='ocrx_word' id='word_1_886' title='bbox 2786 5251 2992 5308; x_wconf 85' lang='lat' dir='ltr'><strong>tacere,</strong></span> <span class='ocrx_word' id='word_1_887' title='bbox 3023 5255 3142 5295; x_wconf 92' lang='lat' dir='ltr'><strong>cum</strong></span> <span class='ocrx_word' id='word_1_888' title='bbox 3171 5237 3416 5294; x_wconf 90' lang='lat' dir='ltr'><strong>Christus</strong></span> <span class='ocrx_word' id='word_1_889' title='bbox 3455 5236 3667 5292; x_wconf 88' lang='lat' dir='ltr'><strong>diceret</strong></span> <span class='ocrx_word' id='word_1_890' title='bbox 3711 5235 3788 5291; x_wconf 91' lang='lat' dir='ltr'><strong>de</strong></span> <span class='ocrx_word' id='word_1_891' title='bbox 3830 5249 3894 5290; x_wconf 88' lang='lat' dir='ltr'><strong>se</strong></span> 
     </span>
    </p>
   </div>
   <div class='ocr_carea' id='block_1_112' title="bbox 2281 5326 3898 5410">
    <p class='ocr_par' dir='ltr' id='par_1_112' title="bbox 2281 5326 3898 5410">
     <span class='ocr_line' id='line_1_112' title="bbox 2281 5326 3898 5410; baseline -0.009 -15"><span class='ocrx_word' id='word_1_892' title='bbox 2281 5339 2560 5410; x_wconf 88' lang='lat' dir='ltr'><strong>scripsisse</strong></span> <span class='ocrx_word' id='word_1_893' title='bbox 2605 5335 2857 5408; x_wconf 80' lang='lat' dir='ltr'><strong>Moysen,</strong></span> <span class='ocrx_word' id='word_1_894' title='bbox 2895 5332 3022 5402; x_wconf 89' lang='lat' dir='ltr'><strong>quin</strong></span> <span class='ocrx_word' id='word_1_895' title='bbox 3065 5331 3278 5398; x_wconf 87' lang='lat' dir='ltr'><strong>statim,</strong></span> <span class='ocrx_word' id='word_1_896' title='bbox 3331 5335 3515 5399; x_wconf 89' lang='lat' dir='ltr'><strong>utpote</strong></span> <span class='ocrx_word' id='word_1_897' title='bbox 3553 5326 3796 5398; x_wconf 83' lang='lat' dir='ltr'><strong>maligni</strong></span> <span class='ocrx_word' id='word_1_898' title='bbox 3839 5333 3898 5380; x_wconf 88' lang='lat' dir='ltr'><strong>et</strong></span> 
     </span>
    </p>
   </div>
   <div class='ocr_carea' id='block_1_113' title="bbox 2284 5418 3902 5500">
    <p class='ocr_par' dir='ltr' id='par_1_113' title="bbox 2284 5418 3902 5500">
     <span class='ocr_line' id='line_1_113' title="bbox 2284 5418 3902 5500; baseline -0.007 -13"><span class='ocrx_word' id='word_1_899' title='bbox 2284 5431 2482 5500; x_wconf 86' lang='lat' dir='ltr'><strong>astuti,</strong></span> <span class='ocrx_word' id='word_1_900' title='bbox 2509 5432 2817 5500; x_wconf 69' lang='lat' dir='ltr'><strong>quaererent</strong></span> <span class='ocrx_word' id='word_1_901' title='bbox 2835 5422 3089 5496; x_wconf 90' lang='lat' dir='ltr'><strong>quidnam</strong></span> <span class='ocrx_word' id='word_1_902' title='bbox 3115 5421 3246 5479; x_wconf 91' lang='lat' dir='ltr'><strong>illud</strong></span> <span class='ocrx_word' id='word_1_903' title='bbox 3273 5429 3452 5491; x_wconf 87' lang='lat' dir='ltr'><strong>esset,</strong></span> <span class='ocrx_word' id='word_1_904' title='bbox 3484 5418 3630 5494; x_wconf 88' lang='lat' dir='ltr'><strong>quod</strong></span> <span class='ocrx_word' id='word_1_905' title='bbox 3660 5418 3742 5479; x_wconf 85' lang='lat' dir='ltr'><strong>de</strong></span> <span class='ocrx_word' id='word_1_906' title='bbox 3774 5434 3839 5478; x_wconf 86' lang='lat' dir='ltr'><strong>se</strong></span> <span class='ocrx_word' id='word_1_907' title='bbox 3867 5431 3902 5474; x_wconf 84' lang='lat' dir='ltr'><strong>a</strong></span> 
     </span>
    </p>
   </div>
   <div class='ocr_carea' id='block_1_114' title="bbox 2347 5596 3201 5666">
    <p class='ocr_par' dir='ltr' id='par_1_114' title="bbox 2347 5596 3201 5666">
     <span class='ocr_line' id='line_1_114' title="bbox 2347 5596 3201 5666; baseline -0.012 -8"><span class='ocrx_word' id='word_1_908' title='bbox 2347 5611 2365 5643; x_wconf 76' lang='grc' dir='ltr'>ί</span> <span class='ocrx_word' id='word_1_909' title='bbox 2403 5617 2503 5658; x_wconf 78' lang='lat' dir='ltr'><strong>Arn.</strong></span> <span class='ocrx_word' id='word_1_910' title='bbox 2526 5611 2602 5654; x_wconf 79' lang='lat' dir='ltr'><strong>Er.</strong></span> <span class='ocrx_word' id='word_1_911' title='bbox 2628 5608 2824 5666; x_wconf 69' lang='lat' dir='ltr'><strong>ettdss,</strong></span> <span class='ocrx_word' id='word_1_912' title='bbox 2845 5596 3201 5666; x_wconf 77' lang='lat' dir='ltr'><strong>insufﬁcientes.</strong></span> 
     </span>
    </p>
   </div>
   <div class='ocr_carea' id='block_1_115' title="bbox 2348 5658 3909 5739">
    <p class='ocr_par' dir='ltr' id='par_1_115' title="bbox 2348 5658 3909 5739">
     <span class='ocr_line' id='line_1_115' title="bbox 2348 5658 3909 5739; baseline -0.001 1"><span class='ocrx_word' id='word_1_913' title='bbox 2348 5673 2368 5705; x_wconf 78' lang='grc'><strong><em>’</em></strong></span> <span class='ocrx_word' id='word_1_914' title='bbox 2401 5677 2534 5739; x_wconf 50' lang='lat' dir='ltr'><strong>Lor-2</strong></span> <span class='ocrx_word' id='word_1_915' title='bbox 2570 5672 2623 5716; x_wconf 75' lang='grc' dir='ltr'><strong>αι</strong></span> <span class='ocrx_word' id='word_1_916' title='bbox 2659 5658 2916 5739; x_wconf 46' lang='lat' dir='ltr'><strong>visumst</strong></span> <span class='ocrx_word' id='word_1_917' title='bbox 2955 5658 3259 5739; x_wconf 53' lang='grc' dir='ltr'><strong>λειξτθεὲιρ</strong></span> <span class='ocrx_word' id='word_1_918' title='bbox 3282 5658 3550 5739; x_wconf 57' lang='lat' dir='ltr'><strong>We”?</strong></span> <span class='ocrx_word' id='word_1_919' title='bbox 3577 5658 3909 5739; x_wconf 53' lang='lat' dir='ltr'><strong>enisus</strong></span> 
     </span>
    </p>
   </div>
   <div class='ocr_carea' id='block_1_116' title="bbox 2282 5718 3908 5798">
    <p class='ocr_par' dir='ltr' id='par_1_116' title="bbox 2282 5718 3908 5798">
     <span class='ocr_line' id='line_1_116' title="bbox 2282 5718 3908 5798; baseline -0.009 -15"><span class='ocrx_word' id='word_1_920' title='bbox 2431 5718 2488 5798; x_wconf 57' lang='lat' dir='ltr'><strong>ut</strong></span> <span class='ocrx_word' id='word_1_921' title='bbox 2501 5718 2693 5798; x_wconf 63' lang='lat' dir='ltr'><strong>iussum</strong></span> <span class='ocrx_word' id='word_1_922' title='bbox 2713 5733 2784 5798; x_wconf 73' lang='lat' dir='ltr'><strong>est</strong></span> <span class='ocrx_word' id='word_1_923' title='bbox 2807 5738 2824 5798; x_wconf 71' lang='grc' dir='ltr'>ξ</span> <span class='ocrx_word' id='word_1_924' title='bbox 2963 5723 3192 5798; x_wconf 70' lang='lat' dir='ltr'><strong>videlicet</strong></span> <span class='ocrx_word' id='word_1_925' title='bbox 3213 5718 3458 5788; x_wconf 66' lang='lat' dir='ltr'><strong>Evangelii</strong></span> <span class='ocrx_word' id='word_1_926' title='bbox 3493 5718 3725 5784; x_wconf 80' lang='lat' dir='ltr'><strong>capitulo</strong></span> <span class='ocrx_word' id='word_1_927' title='bbox 3756 5725 3908 5771; x_wconf 75' lang='lat' dir='ltr'><strong>toan.</strong></span> 
     </span>
    </p>
   </div>
   <div class='ocr_carea' id='block_1_117' title="bbox 2284 5793 3253 5863">
    <p class='ocr_par' dir='ltr' id='par_1_117' title="bbox 2284 5793 3253 5863">
     <span class='ocr_line' id='line_1_117' title="bbox 2284 5793 3253 5863; baseline -0.013 -14"><span class='ocrx_word' id='word_1_928' title='bbox 2284 5798 2334 5863; x_wconf 74' lang='lat'><strong>5,</strong></span> <span class='ocrx_word' id='word_1_929' title='bbox 2356 5793 2408 5862; x_wconf 59' lang='grc' dir='ltr'><strong>γέ</strong></span> <span class='ocrx_word' id='word_1_930' title='bbox 2431 5793 2510 5860; x_wconf 72' lang='lat'><strong>39,</strong></span> <span class='ocrx_word' id='word_1_931' title='bbox 2535 5793 2826 5846; x_wconf 76' lang='lat' dir='ltr'><strong>Scrutamt&#39;ai</strong></span> <span class='ocrx_word' id='word_1_932' title='bbox 2844 5793 3135 5854; x_wconf 75' lang='lat' dir='ltr'><strong>scripturas,</strong></span> <span class='ocrx_word' id='word_1_933' title='bbox 3157 5797 3253 5839; x_wconf 75' lang='lat' dir='ltr'><strong>etc.</strong></span> 
     </span>
    </p>
   </div>
  </div>
