4052 6488
222 405 329 465 ﬂ?

227 517 411 588 loyce
429 513 691 586 saiptum
708 520 940 586 putaret.
966 511 1074 572 Sed
1095 519 1154 570 et
1173 512 1292 569 hac
1312 526 1500 570 eorum
1530 513 1810 569 omnifaria

229 607 562 662 taciturnitas
581 621 696 663 non
717 607 898 664 minus
920 603 1102 662 Iesum
1121 604 1256 660 nihil
1289 603 1394 661 tale
1419 603 1620 658 dixisse
1647 602 1814 673 signi-

226 697 367 752 ﬁcat.

297 783 526 842 CAPUT
554 785 644 841 III.
667 815 742 827 —
758 785 1010 854 Quamvis
1037 800 1164 856 ergo
1191 793 1246 840 et
1274 784 1389 840 haec
1410 798 1517 838 non
1545 796 1706 853 parva
1733 782 1813 836 vi-

225 877 456 934 deantur
482 878 551 933 ad
577 877 1002 940 conﬁrmandam
1039 876 1396 947 suspicionem
1424 875 1541 930 falsi
1571 875 1640 930 de
1666 874 1813 944 capi-

228 971 342 1025 tulo
369 971 508 1036 isto,
539 971 658 1041 plus
696 979 874 1026 tamen
917 970 1008 1024 illo
1051 977 1273 1034 teneor,
1323 968 1445 1039 quia
1484 982 1694 1022 omnem
1716 1007 1730 1032 ,
1760 972 1818 1019 ut

228 1062 380 1128 dixi,
418 1060 668 1132 Moyseos
710 1061 1028 1132 scripturam
1070 1068 1337 1115 scrutatus
1361 1098 1376 1126 ,
1425 1059 1599 1114 nullas
1650 1057 1723 1112 ibi
1749 1057 1817 1112 de

233 1151 452 1207 Christo
477 1152 783 1222 prophetias
813 1153 1010 1208 inveni.
1030 1151 1178 1207 Nunc
1209 1159 1383 1206 tamen
1416 1160 1466 1205 te
1509 1157 1812 1218 compertus

227 1243 465 1296 melioris
510 1242 875 1314 intelligentiae
921 1243 1172 1299 lectorem
1207 1283 1226 1309 ,
1270 1252 1683 1298 consecuturum
1731 1255 1818 1296 me

225 1334 430 1405 aliquid
459 1335 621 1390 credo
648 1377 666 1402 ,
707 1344 1058 1406 acturumque
1098 1335 1274 1392 fateor
1311 1337 1540 1406 gratias,
1579 1337 1622 1390 si
1669 1349 1818 1404 spem

225 1426 503 1500 profectus
530 1443 592 1482 ac
617 1427 876 1483 doctrina:
896 1470 910 1494 ,
950 1444 1107 1498 quam
1140 1428 1270 1483 mihi
1311 1427 1690 1497 objurgationis
1719 1436 1820 1480 tua:

227 1521 423 1576 tiducia
453 1521 728 1590 promittit,
756 1521 900 1574 nulla
931 1521 1198 1574 frustreris
1226 1520 1456 1585 invidia;
1485 1518 1578 1574 sed
1603 1518 1817 1585 doceas,

225 1614 270 1669 si
298 1613 430 1685 quid
455 1624 540 1670 est
563 1615 705 1685 quod
728 1630 813 1669 me
841 1614 977 1669 forte
1003 1614 1264 1684 legentem
1291 1613 1602 1682 praeterierit
1623 1612 1691 1666 de
1713 1612 1820 1665 Deo

227 1719 290 1759 ac
313 1705 382 1762 de
417 1705 648 1760 Domino
675 1714 859 1760 nostro
886 1713 1238 1759 memoratum
1270 1705 1322 1758 in
1349 1704 1607 1772 scriptura
1630 1702 1817 1772 Moysi.

227 1797 338 1853 Nec
379 1797 624 1864 dixeris,
661 1815 842 1868 quaso
865 1840 881 1867 ,
923 1809 980 1854 ut
1009 1799 1241 1869 imperiti
1265 1800 1469 1864 solent,
1505 1797 1608 1852 hoc
1647 1798 1822 1866 ipsum

229 1892 360 1946 satis
401 1906 525 1947 esse
570 1891 768 1948 debere
793 1892 860 1948 ad
887 1892 1044 1948 fidem
1061 1933 1078 1959 ,
1124 1893 1244 1963 quia
1270 1891 1514 1948 Christus
1541 1891 1736 1946 dixerit
1756 1890 1822 1946 de

231 1997 293 2037 se
314 1982 602 2051 scripsisse
617 1983 1004 2054 Moysen.Nolo
1021 1984 1162 2038 enim
1188 1999 1331 2040 nunc
1348 1983 1413 2036 ad
1439 1998 1526 2038 me
1547 1981 1820 2052 respicias,

234 2088 397 2142 quem
425 2073 493 2128 ad
519 2074 841 2130 credendum
869 2074 1132 2145 professio
1173 2090 1293 2131 mea
1341 2074 1468 2131 fecit
1496 2075 1782 2130 obnoxium
1806 2115 1820 2141 ,

234 2174 295 2220 ut
319 2181 430 2221 non
451 2169 656 2237 possim
682 2183 792 2222 non
808 2167 1028 2223 credere
1055 2169 1106 2222 ei
1135 2183 1294 2239 quem
1321 2183 1546 2238 sequor;
1583 2166 1676 2222 sed
1700 2175 1824 2236 puta

233 2271 334 2312 nos
361 2273 487 2313 cum
511 2258 699 2316 ludam
727 2267 953 2316 tractare
971 2298 988 2328 ,
1017 2269 1144 2329 puta
1190 2275 1312 2316 cum
1337 2259 1532 2315 (ὲθωὶιί
1561 2277 1576 2315 :
1601 2274 1720 2316 cum
1747 2260 1825 2315 eis

234 2346 572 2415 dixerimus,
621 2348 832 2420 Moyses
881 2349 950 2405 de
994 2349 1210 2405 Christo
1257 2351 1502 2421 scripsit,
1553 2351 1826 2420 quaesituri

237 2448 393 2496 erunt
422 2441 441 2471 ¹
485 2439 830 2511 probationes
848 2482 864 2508 ,
921 2441 1045 2511 quid
1076 2440 1404 2497 offeramus?
1433 2441 1824 2510 Numquidnam

237 2533 421 2588 dicere
451 2533 742 2603 poterimus
763 2573 785 2599 ,
809 2532 1054 2589 Christus
1079 2533 1180 2588 hoc
1206 2532 1381 2601 dixit,
1421 2534 1506 2589 cui
1535 2533 1708 2588 adhuc
1754 2532 1829 2589 illi

237 2624 462 2681 minime
487 2625 746 2682 credunt?
765 2625 968 2698 Nempe
992 2638 1128 2698 opus
1149 2626 1250 2682 erit
1273 2641 1372 2681 nos
1399 2626 1528 2697 ipsis
1543 2625 1829 2682 ostendere

239 2716 367 2788 quid
395 2716 693 2786 scripserit.

308 2808 541 2866 CAPUT
567 2808 916 2877 lV.—-Quid
961 2823 1088 2881 ergo
1133 2809 1554 2865 ostendemus”?
1579 2810 1663 2863 An
1704 2807 1831 2864 illud

241 2901 386 2971 quod
414 2915 512 2956 vos
539 2900 757 2969 soletis,
789 2901 878 2956 ubi
904 2901 1047 2956 Deus
1089 2915 1218 2957 suus
1248 2901 1480 2971 loquitur
1519 2900 1587 2956 ad
1614 2900 1832 2971 Moysen

243 2992 472 3050 dicens:
519 2991 790 3048 Suscitabo
835 2993 938 3048 illis
966 2991 1280 3064 PrOphetam
1320 2993 1383 3046 de
1425 2992 1664 3062 fratribus
1691 2993 1832 3064 ipso-

244 3100 362 3137 rum
405 3083 621 3139 tiodiem
666 3083 755 3138 tibi
807 3083 998 3154 (Deut.
1055 3100 1222 3151 xvnt,
1255 3082 1542 3153 15,18)?
1579 3082 1686 3139 Sed
1735 3083 1836 3138 hoc

246 3175 462 3245 quidem
489 3174 560 3230 ad
584 3174 855 3232 Christum
896 3175 1115 3232 minime
1157 3184 1400 3246 spectare
1419 3215 1437 3242 ,
1465 3190 1566 3230 nec
1592 3173 1835 3230 Judazum

247 3265 398 3332 latet,
424 3281 526 3322 nec
550 3266 706 3323 nobis
727 3266 806 3321 sic
831 3265 1051 3322 credere
1076 3265 1407 3321 conducibile
1435 3273 1556 3319 est:
1587 3264 1710 3334 quia
1729 3277 1837 3318 non

249 3355 510 3428 propheta
530 3356 792 3422 Christus,
816 3371 919 3412 nec
941 3356 1112 3427 Moysi
1136 3357 1324 3412 similis
1350 3355 1607 3426 propheta
1632 3372 1646 3408 :
1673 3355 1838 3425 siqui-

247 3448 374 3506 dem
417 3449 509 3505 ille
548 3448 711 3504 fuerit
753 3449 948 3515 homo,
976 3449 1062 3503 hic
1091 3449 1266 3514 Deus;
1299 3448 1388 3503 ille
1427 3456 1712 3518 peccator,
1751 3446 1838 3502 hic

251 3543 500 3598 sanctus;
533 3533 626 3588 ille
651 3548 716 3588 ex
745 3534 888 3587 coitu
913 3541 1068 3588 natus
1086 3572 1100 3598 ,
1131 3532 1218 3587 hic
1244 3532 1533 3588 secundum
1563 3540 1612 3586 te
1639 3546 1703 3588 ex
1725 3531 1838 3586 vir-

252 3626 374 3697 gine
397 3666 414 3692 ,
442 3625 742 3681 secundum
768 3640 854 3680 me
874 3640 1002 3682 vero
1027 3640 1126 3680 nec
1151 3640 1218 3678 ex
1240 3624 1476 3694 virgine;
1524 3623 1614 3678 ille
1637 3622 1839 3678 offenso

253 3717 367 3773 Deo
417 3731 519 3772 suo
555 3716 816 3770 occiditur
857 3716 912 3770 in
947 3724 1128 3771 monte
1153 3717 1172 3786 (
1196 3713 1349 3769 Deut.
1385 3730 1547 3770 xxxw
1571 3753 1587 3780 ,
1616 3713 1728 3783 5),
1756 3712 1841 3768 hic

253 3809 398 3865 Patri
432 3809 745 3880 perplacens
786 3809 982 3879 patitur
1005 3808 1218 3879 propria
1244 3809 1514 3863 voluntate
1539 3807 1558 3877 (
1581 3805 1737 3860 Joan.
1767 3822 1800 3860 ιι
1823 3845 1839 3873 ,

258 3901 347 3972 18)
364 3941 378 3954 .
414 3899 696 3968 Quomodo
723 3915 849 3971 ergo
875 3900 990 3971 ipse
1018 3900 1118 3956 erit
1142 3899 1398 3970 propheta
1416 3899 1602 3952 similis
1634 3895 1843 3968 Moysi?

253 3992 469 4062 Nempe
496 3993 670 4048 statim
696 4007 794 4048 nos
820 3991 1043 4048 Iudaeus
1063 4000 1155 4048 aut
1183 4000 1238 4049 ut
1266 3991 1541 4063 imperitos
1567 3988 1841 4057 irridebit,

257 4091 362 4138 aut
388 4091 640 4153 coarguet
662 4092 716 4139 ut
738 4083 1040 4140 mendaces.

333 4172 568 4230 CAPUT
594 4172 656 4228 V.
675 4203 743 4214 —-
766 4175 850 4230 An
878 4173 1005 4230 illud
1032 4172 1317 4230 oﬂ‘ercmus
1345 4173 1394 4228 ei
1419 4214 1432 4240 ,
1459 4171 1600 4243 quod
1627 4169 1846 4241 perinde

258 4264 449 4320 soletis
479 4261 750 4332 inducere,
782 4263 1029 4319 Videbunt
1063 4264 1214 4318 vitam
1257 4280 1399 4319 suam
1434 4262 1764 4335 pendentem,
1799 4268 1848 4317 et

260 4374 360 4412 non
384 4357 590 4412 credent
618 4358 730 4412 itin
752 4374 858 4412 sua:
880 4357 899 4426 (
922 4357 1072 4412 Deut.
1097 4372 1280 4425 xxviii,
1300 4355 1407 4427 66)
1442 4357 1467 4411 ?
1499 4353 1598 4412 Cui
1614 4369 1710 4411 vos
1732 4354 1848 4424 qui-

261 4450 383 4507 dem
427 4449 662 4520 adjicitis
685 4491 702 4518 ,
731 4451 786 4504 in
819 4451 991 4522 ligno;
1035 4465 1156 4505 nam
1193 4463 1300 4505 non
1325 4449 1572 4505 habetur.
1600 4448 1706 4504 Sed
1747 4447 1850 4503 hoc

262 4557 472 4613 quoque
504 4543 735 4613 probare
761 4543 905 4613 quod
933 4543 1001 4599 ad
1020 4543 1291 4614 Christum
1319 4543 1538 4598 minime
1563 4543 1846 4612 pertineat,

264 4634 396 4689 nihil
425 4644 538 4690 tam
580 4635 638 4690 in
673 4643 924 4708 promptu
948 4644 1048 4692 est.
1092 4636 1232 4690 Inter
1255 4634 1660 4690 maledictorum
1705 4634 1849 4690 enim

267 4739 435 4791 sazva,
460 4740 587 4797 quae
612 4727 875 4796 prompsit
902 4727 956 4781 in
984 4727 1238 4798 populum
1265 4741 1422 4782 suum
1440 4767 1456 4792 ,
1489 4726 1534 4781 si
1559 4740 1589 4780 a
1615 4726 1731 4796 lege
1757 4739 1852 4780 sua

268 4813 665 4884 desciscerent,
692 4816 854 4872 etiam
883 4817 985 4872 hoc
1010 4817 1236 4888 adjecit,
1281 4815 1490 4872 futuros
1526 4817 1742 4872 eosdem
1767 4816 1852 4871 di-

270 4920 393 4962 cens
442 4907 504 4963 in
544 4907 850 4978 captivitate
892 4909 1126 4970 hostium
1165 4924 1418 4976 suorum,
1464 4909 1732 4980 finemque
1770 4907 1854 4964 sui

275 5001 624 5056 meditaturos
664 5001 851 5059 diebus
892 5017 955 5058 ac
994 5001 1274 5070 noctibus,
1301 5010 1362 5057 ut
1397 5016 1498 5058 nec
1533 5002 1655 5057 vitae
1689 5001 1855 5073 ipsius

277 5106 380 5147 sua:
402 5093 655 5150 fiduciam
681 5103 972 5166 gererent,
1010 5109 1128 5166 qua:
1170 5094 1271 5151 sibi
1310 5102 1458 5151 esset
1495 5109 1524 5149 a
1568 5094 1856 5150 victoribus

280 5184 571 5241 condonata
594 5201 611 5240 :
638 5186 764 5257 quia
783 5187 970 5244 eadem
1008 5203 1074 5244 ex
1117 5188 1322 5244 incerto
1361 5187 1619 5260 penderet
1658 5201 1858 5257 pavens

282 5289 339 5330 ac
363 5277 590 5333 sollicita
615 5291 829 5348 semper
854 5279 953 5334 sub
977 5278 1304 5334 imminentia
1325 5277 1640 5350 gladiorum.
1659 5278 1736 5335 Ne
1757 5277 1858 5334 hoc

286 5367 492 5436 quidem
537 5382 667 5440 ergo
706 5368 774 5424 ad
799 5367 1065 5424 Christum
1110 5369 1382 5440 pertinet:
1414 5369 1698 5440 quaerenda
1738 5378 1861 5426 sunt

287 5460 402 5516 alia.
429 5461 566 5517 Nam
594 5461 727 5518 illud
750 5463 965 5535 quidem
989 5463 1079 5518 vix
1102 5462 1418 5519 crediderim
1445 5463 1512 5519 de
1530 5462 1742 5520 Christo
1764 5478 1861 5520 vos

289 5550 482 5610 dictum
507 5561 701 5626 putare
719 5594 736 5621 ,
771 5553 1114 5610 maledictum
1147 5569 1268 5611 esse
1307 5570 1520 5611 omnem
1549 5555 1641 5626 qui
1667 5553 1864 5624 pendet

290 5643 344 5702 in
375 5647 520 5721 ligno
550 5645 681 5721 (Id.
717 5663 842 5716 xxi,
870 5647 943 5707 25
968 5649 1025 5720 ):
1053 5656 1146 5708 aut
1193 5648 1328 5707 illud
1351 5647 1515 5719 aliud,
1542 5647 1863 5706 interficien-

350 5803 369 5868 ξ
399 5803 645 5868 Εικυιεὰ.
671 5810 886 5868 et__ven.,
905 5810 1059 5856 erant.
1102 5867 1114 5868 ί
1158 5809 1216 5856 tt.
1748 5785 1760 5793 ’

280 5874 291 5882 ·
351 5866 378 5902 ε
404 5872 457 5918 ιιι
475 5865 879 5933 3.,
896 5867 1136 5933 meum.
1159 5872 1294 5934 tom,
1315 5868 1475 5922 neuti
1488 5879 1673 5922 sumus.
1707 5871 1766 5921 I.

1425 400 1628 458 LIBER
1663 397 1931 459 SEXTUS
1965 396 2278 456 DECIMUS.

1919 511 2044 566 dum
2073 525 2196 566 casse
2223 509 2540 581 prephetam
2581 509 2694 567 sive
2723 511 3014 582 principem
3039 513 3219 583 populi
3241 553 3258 580 ,
3291 517 3382 584 qui
3407 530 3499 573 eos

1917 617 1947 656 a
1977 603 2085 658 Deo
2111 618 2210 658 suo
2233 603 2394 658 vellet
2417 611 2660 660 avertere
2678 643 2695 671 ,
2721 603 3003 674 aliquodve
3031 604 3316 676 infringere
3344 615 3495 660 man-

1918 693 2162 749 datorum
2185 691 2361 762 (Deut.
2379 709 2493 759 xnl,
2509 694 2744 765 5).Quod
2769 710 2868 765 ego
2894 695 3105 766 quidem
3131 695 3402 752 Christum
3421 697 3500 753 fe-

1919 783 2056 838 cisse
2085 783 2241 852 plane
2263 798 2458 852 negare
2481 798 2588 838 non
2611 798 2852 854 possum.
2868 785 2976 841 Sed
3006 795 3066 842 tu
3089 796 3274 842 contra
3294 787 3363 844 de
3386 788 3503 858 ipso

1920 873 2036 929 haec
2058 888 2177 930 esse
2219 874 2414 944 scripta
2454 874 2608 943 plane
2636 874 2790 931 fateri
2814 892 2922 932 non
2950 878 3186 949 poteris,
3228 893 3300 934 ne
3326 879 3373 934 si
3401 882 3503 935 hoc

1920 964 2026 1030 sit,
2072 979 2314 1034 quaerere
2360 979 2548 1019 rursus
2595 965 2934 1035 incipiamus,
2974 969 3134 1023 etiam
3177 969 3230 1023 in
3271 971 3502 1038 quonam

1921 1058 2109 1128 spiritu
2156 1058 2368 1130 Moyses
2409 1056 2846 1127 pi-Oplietaverit,
2896 1065 2956 1114 ut
3010 1067 3104 1114 aut
3155 1060 3501 1116 malediceret

1920 1151 2136 1207 Christo
2162 1193 2176 1218 ,
2213 1161 2306 1206 aut
2345 1166 2468 1208 eum
2504 1151 2716 1221 iuberet
2758 1152 2949 1208 occidi.
2978 1153 3034 1209 Si
3069 1155 3216 1209 enim
3257 1153 3503 1223 spiritum

1923 1244 2016 1298 Dei
2063 1243 2280 1308 habuit,
2329 1244 2443 1298 [nec
2487 1243 2554 1299 de
2581 1243 2796 1300 Christo
2835 1259 2940 1300 non
2983 1245 3120 1301 dixit
3157 1263 3168 1298 :
3201 1246 3248 1302 si
3291 1244 3408 1301 haec
3434 1244 3503 1300 de

1921 1335 2138 1390 Christo
2158 1335 2330 1400 dixit,
2362 1335 2607 1406 spiritum
2640 1336 2732 1391 Dei
2761 1351 2866 1392 non
2896 1337 3098 1393 habuit.
3129 1338 3315 1410 Neque
3355 1339 3500 1394 enim

1923 1427 2130 1482 divinus
2174 1427 2395 1496 spiritus
2436 1436 2527 1482 aut
2571 1428 2912 1484 malediceret
2954 1429 3206 1496 Christo,
3249 1439 3343 1485 aut
3381 1441 3504 1486 eum

1917 1517 2130 1588 juberet
2179 1519 2424 1574 interﬁci.
2464 1519 2534 1576 Ut.
2579 1534 2706 1590 ergo
2757 1519 2974 1592 Moysen
3021 1520 3091 1576 ab
3130 1519 3234 1575 hoc
3279 1520 3505 1577 crimine

1923 1609 2198 1665 vindicetis
2226 1651 2240 1676 ,
2271 1609 2542 1666 fateamini
2591 1627 2812 1668 necesse
2859 1621 2976 1678 cst,
3019 1627 3088 1668 ne
3133 1612 3249 1668 haec
3291 1613 3505 1682 quidem

1924 1717 2044 1757 eum
2085 1703 2363 1772 scripsisse
2407 1703 2476 1760 de
2503 1703 2733 1758 Christo.
2763 1703 2916 1771 Quod
2951 1703 2998 1757 si
3047 1702 3161 1759 haec
3202 1702 3269 1758 de
3292 1703 3508 1760 Christo

1927 1797 2147 1850 minime
2172 1797 2384 1865 scripsu
2405 1836 2420 1862 ,
2452 1805 2543 1851 aut
2571 1797 2675 1851 alia
2704 1795 2931 1864 dabitis,
2960 1805 3052 1852 aut
3080 1797 3221 1852 nulla
3251 1805 3424 1852 erunt.
3449 1797 3508 1853 Si

1926 1888 2068 1943 nulla
2118 1887 2351 1954 iuerint,
2395 1903 2497 1943 nec
2524 1888 2770 1944 Christus
2812 1888 2984 1959 potuit
3021 1902 3330 1945 asseverare
3365 1887 3506 1958 quod

1926 1994 2186 2050 nusquam
2217 1987 2317 2035 est.
2365 1979 2440 2034 Ita
2463 1980 2508 2034 si
2533 1979 2776 2036 Christus
2803 1979 2907 2035 hoc
2927 1979 3147 2036 minime
3170 1994 3510 2037 asseverave-

1925 2076 2029 2142 rit,
2055 2075 2344 2143 capitulum
2371 2073 2499 2129 illud
2523 2072 2715 2130 falsum
2743 2089 2865 2130 esse
2888 2073 3204 2129 constiterit.

1996 2168 2224 2224 CAPUT
2249 2167 2416 2221 VI.——
2434 2166 2540 2223 Sed
2572 2182 2671 2223 nec
2697 2166 2825 2222 illud
2851 2166 3064 2237 quidem
3087 2164 3374 2222 verisimile
3402 2171 3512 2233 est,

1927 2261 2068 2332 quod
2110 2261 2449 2332 prosequitur
2471 2302 2484 2325 ,
2549 2260 2611 2315 Si
2631 2259 2898 2314 crederetis
2926 2258 3128 2329 Moysi,
3169 2256 3434 2312 crederetis
3463 2265 3511 2312 et

1929 2353 2054 2406 mild
2085 2352 2103 2423 (
2127 2352 2284 2405 Joan.
2314 2367 2371 2416 v,
2399 2350 2468 2407 46
2496 2349 2535 2420 ).
2559 2349 2695 2418 Quia
2722 2349 3000 2404 dissimilis
3028 2348 3313 2403 admodum
3340 2347 3507 2402 tradi-

1930 2445 2007 2500 tio
2034 2453 2198 2500 estet
2226 2445 2381 2514 Iunge
2425 2444 2594 2498 altera
2619 2442 2864 2514 Moyseos
2902 2449 2956 2496 et
2977 2439 3174 2496 Christi
3198 2481 3215 2507 ,
3264 2445 3322 2495 ut
3351 2440 3393 2495 si
3419 2453 3513 2495 eo-

1930 2551 2050 2592 rum
2075 2535 2228 2590 alteri
2251 2534 2422 2590 Judaei
2463 2533 2781 2600 crederent,
2827 2533 2982 2588 alteri
3015 2532 3319 2587 necessario
3353 2545 3514 2601 repu-

1929 2637 2171 2700 gnarent.
2205 2627 2338 2681 Nam
2364 2626 2575 2698 Moyses
2599 2626 2814 2696 quidem
2849 2639 2961 2694 prae
3005 2625 3214 2681 caeteris
3259 2622 3326 2679 ab
3368 2625 3513 2679 omni

1931 2736 2096 2790 opere
2125 2719 2496 2774 abstinendum
2523 2717 2679 2773 docet
2707 2718 2760 2771 in
2788 2716 3009 2772 sabbato
3033 2757 3047 2782 ,
3077 2729 3399 2784 causamque
3427 2715 3513 2768 in-

1932 2812 2080 2878 ducit
2127 2811 2400 2880 religionis
2443 2809 2601 2880 hujus
2658 2810 2795 2864 hanc
2847 2821 2998 2874 esse,
3049 2809 3169 2878 quia
3219 2807 3359 2862 Deus
3395 2819 3517 2861 cum

1942 2904 2195 2959 mundum
2244 2910 2298 2958 et
2343 2917 2460 2972 qua:
2509 2902 2561 2957 in
2605 2917 2670 2957 eo
2714 2910 2836 2956 sunt
2865 2898 3042 2955 omnia
3081 2901 3394 2966 fabricaret,
3425 2913 3520 2956 sex

1938 2995 2129 3050 diebus
2169 2989 2450 3048 induiseri-t
2488 2994 2680 3063 operi,
2721 2993 2948 3062 septima
3000 3005 3131 3048 vero
3185 2989 3516 3059 cessaverit,

1935 3086 2077 3157 quod
2120 3093 2204 3140 est
2234 3083 2512 3139 sabbatum
2541 3101 2553 3137 :
2587 3083 2890 3154 idcircoque
2910 3081 3266 3148 benedixerit,
3299 3082 3352 3138 id
3398 3090 3480 3137 est
3502 3122 3519 3149 ,

1938 3177 2353 3233 sanctiﬁcaverit
2377 3217 2392 3242 ,
2421 3185 2668 3247 tanquam
2697 3191 2809 3231 suae
2837 3175 3230 3246 tranquillitatis
3260 3183 3478 3253 portum
3503 3215 3518 3240 ,

1943 3269 2222 3339 legemque
2250 3265 2458 3322 dederit
2485 3269 2717 3337 insuper,
2753 3267 2923 3337 utqui
2963 3267 3100 3321 idem
3131 3263 3398 3330 solveret,
3426 3280 3521 3319 oc-

1939 3361 2210 3416 cideretur
2245 3358 2454 3430 (Exod.
2502 3373 2617 3426 xx,
2643 3359 2767 3414 8-H
2789 3399 2802 3423 ,
2845 3366 2890 3412 et
2929 3373 3088 3424 xxxi,
3124 3355 3368 3425 15-17).
3400 3351 3515 3411 Hoc

1939 3451 2102 3521 igitur
2127 3449 2297 3504 Judaei
2326 3448 2670 3503 vehementer
2691 3447 2978 3502 credebant
3000 3489 3016 3515 ,
3045 3447 3271 3502 docente
3296 3445 3480 3518 Moyse
3504 3461 3520 3500 :

1940 3543 2241 3612 idcircoque
2264 3539 2479 3596 Christo
2517 3556 2584 3595 ne
2627 3555 2784 3595 aures
2803 3539 3016 3610 quidem
3042 3534 3524 3594 accommodandas

1941 3635 2196 3706 putabant
2220 3676 2234 3699 ,
2260 3632 2584 3688 asseveranti
2612 3633 2774 3686 Deum
2803 3636 3016 3702 semper
3042 3633 3248 3701 operari
3274 3673 3288 3697 ,
3321 3643 3421 3685 nec
3445 3629 3525 3684 ul-

1943 3727 2055 3782 lam
2081 3726 2180 3780 sibi
2208 3724 2522 3780 cessationis
2560 3723 2810 3778 statuisse
2833 3722 3008 3789 diem,
3040 3723 3165 3792 quia
3203 3721 3272 3777 sit
3301 3719 3443 3792 jugis
3471 3728 3527 3775 et

1943 3816 2284 3888 infatigabilis
2305 3815 2510 3881 virtus;
2552 3827 2724 3885 seque-
2744 3815 2880 3870 adeo
2907 3814 3106 3870 idcirco
3136 3827 3406 3882 nunquam
3431 3811 3525 3867 de-

1943 3908 2073 3964 bere
2093 3921 2326 3974 cessare,
2353 3922 2420 3961 ne
2447 3905 2679 3960 sabbatis
2692 3905 2934 3975 quidem:
2955 3904 3111 3958 Pater
3131 3902 3294 3968 enim,
3321 3903 3512 3972 inquit,

1945 4015 2087 4055 meus
2109 4014 2304 4070 semper
2322 4006 2581 4066 operatur,
2613 4006 2661 4051 et
2687 4011 2766 4050 me
2798 4004 2994 4067 oportet
3017 3995 3218 4064 operari
3241 3993 3430 4066 (Joan.
3468 4007 3523 4058 ν,

1947 4094 2036 4159 i7,
2068 4101 2115 4147 et
2140 4107 2214 4160 ιι,
2242 4092 2276 4146 4
2297 4092 2335 4160 ).
2366 4091 2496 4146 Item
2523 4089 2729 4161 Moyses
2751 4089 2930 4143 carnis
2954 4089 3251 4159 peritomen
3278 4087 3331 4141 in
3357 4085 3524 4142 sacris

1947 4193 2002 4242 et
2046 4185 2158 4240 Dec
2209 4183 2526 4239 amabilibus
2576 4189 2856 4248 numerat,
2911 4181 3162 4252 iubetque
3226 4177 3529 4236 circumcidi

1948 4275 2302 4332 masculinum
2325 4289 2514 4338 omne,
2543 4287 2704 4330 carne
2734 4273 2974 4343 praeputii
3008 4273 3239 4343 ipsorum
3264 4290 3275 4324 :
3301 4285 3527 4341 esseque

1951 4367 2052 4424 hoc
2072 4367 2228 4424 docet
2248 4366 2607 4422 necessarium
2634 4365 2840 4435 signum
2865 4362 3165 4418 testamenti
3195 4361 3365 4426 illius,
3388 4360 3529 4431 quod

1953 4461 2094 4515 Deus
2114 4473 2241 4514 suus
2262 4457 2584 4528 disposuerit
2605 4455 2672 4510 ad
2697 4453 2964 4510 Abraham
2991 4493 3004 4516 ,
3034 4452 3370 4522 affirmatque
3387 4451 3530 4521 quod

1952 4553 2189 4607 virorum
2215 4549 2454 4619 quisquis
2483 4550 2500 4581 ί
2541 4548 2645 4602 hoc
2669 4561 2778 4600 non
2799 4543 3115 4614 gestaverit,
3153 4543 3533 4598 exterminabi-

1954 4650 2040 4698 tur
2065 4643 2155 4698 ille
2179 4641 2246 4696 de
2272 4641 2416 4696 tribu
2440 4653 2533 4693 sua
2553 4679 2568 4705 ,
2595 4645 2650 4692 et
2687 4636 3016 4691 baereditatis
3041 4650 3159 4705 quae
3179 4633 3406 4689 Abrahae
3444 4648 3533 4687 re-

1953 4737 2213 4809 promissa
2242 4735 2308 4788 sit
2329 4747 2392 4788 ac
2416 4731 2604 4788 semini
2630 4731 2775 4800 ejus,
2807 4745 2912 4785 non
2934 4729 3110 4785 veniet
3136 4728 3188 4782 in
3207 4727 3532 4782 consortium

1956 4825 2126 4898 (Gen.
2160 4841 2297 4892 xvn,
2331 4823 2526 4894 9-H).
2557 4822 2626 4877 Et
2667 4821 2770 4876 hoc
2813 4835 2940 4890 ergo
2968 4819 3137 4875 Judaei
3181 4817 3335 4873 valde
3360 4815 3530 4870 credi-

1955 4917 2163 4984 derant,
2188 4921 2528 4971 asseverante
2546 4913 2761 4984 Moyse:
2810 4912 3113 4982 idcircoque
3135 4909 3289 4963 ﬁdem
3324 4905 3537 4961 Christo

1958 5011 2157 5067 habere
2185 5025 2292 5065 non
2318 5013 2565 5080 poterant
2591 5007 2878 5061 infirmanti
2907 5020 2970 5060 ea
2990 5045 3005 5070 ,
3053 5013 3108 5061 et
3133 5002 3351 5070 insuper
3387 5014 3537 5054 asse-

1958 5103 2166 5160 veranti
2211 5101 2351 5172 quod
2400 5100 2684 5171 dupliciter
2715 5099 2974 5170 gehennae
3021 5095 3163 5150 ﬁlius
3208 5093 3393 5160 ﬁeret,
3450 5096 3539 5163 qui

1960 5204 2103 5252 esset
2143 5193 2487 5249 circumcisus
2531 5191 2759 5263 (Matth.
2794 5188 3118 5259 xxrn,15).
3159 5185 3290 5240 Item
3331 5185 3540 5256 Moyses

1961 5285 2256 5341 carnalium
2283 5284 2523 5340 ciborum
2570 5284 2850 5338 sollicitam
2880 5280 3006 5336 facit
3047 5277 3422 5334 discretionem
3443 5320 3458 5346 ,
3490 5289 3545 5335 et

1964 5381 2103 5436 inter
2127 5380 2300 5450 pisces
2341 5393 2404 5432 ac
2431 5377 2673 5433 volucres
2707 5384 2762 5432 et
2796 5371 3157 5446 quadrupedis
3194 5370 3460 5428 helluonis
3490 5372 3544 5428 in

1964 5473 2179 5529 modum
2233 5471 2559 5542 disceptator
2624 5469 2820 5534 sedet;
2864 5465 3118 5537 iubetque
3175 5465 3279 5520 alia
3329 5465 3544 5536 quidem

1965 5563 2241 5636 abliguriri
2285 5577 2384 5634 pro
2422 5561 2667 5626 mundis,
2716 5559 2817 5614 alia
2856 5572 2984 5614 vero
3011 5571 3109 5628 pro
3147 5557 3435 5614 immundis
3477 5573 3546 5612 ne

2030 5683 2050 5744 ξ
2085 5679 2429 5744 Amerbachius
2447 5685 2499 5728 et
2521 5673 2739 5725 nonnulli
2761 5681 2892 5744 MSS,
2923 5673 3050 5738 quod
3074 5679 3295 5744 utrorum
3334 5673 3548 5744 virorum

1967 5741 2198 5807 quisquis.
2231 5748 2451 5790 Erasmus
2492 5752 2629 5798 vero,
2653 5735 2781 5800 quod
2825 5735 3037 5788 virorum
3057 5735 3550 5852 virorum

1969 5807 2116 5852 idaue
2141 5817 2254 5852 esse
2276 5803 2605 5850 Hebraismum
2629 5807 2761 5848 notat
2779 5799 2836 5848 ad
2859 5812 2993 5850 oram
3013 5798 3125 5852 libri
3148 5813 3162 5852 :
3195 5816 3219 5849 ι
3239 5805 3277 5850 Η
3415 5808 3494 5852 ce.
3517 5811 3540 5843 ιι

1969 5798 2116 5868 idque
2141 5817 2254 5853 esse
2276 5803 2605 5850 Hebraismum
2629 5798 2761 5868 uetat
2779 5799 2836 5848 ad
2859 5812 2993 5850 oram
3013 5798 3125 5853 libri
3148 5813 3162 5853 :
3195 5816 3219 5849 ι
3239 5798 3494 5860 Hebraice,
3517 5811 3540 5843 ι

1973 5859 2058 5934 ait;
2090 5884 2113 5918 α
2133 5879 2240 5933 pro,
2259 5873 2662 5929 quorunwwnque
2684 5859 2914 5916 virorum.
2939 5877 2962 5912 ι

2716 6007 2857 6036 6:230“
2881 6007 2890 6011 ”
2951 6010 2958 6014 ‘
