4016 6460
575 373 685 434 ’519

574 485 807 553 contingi
838 485 1049 555 quidem
1078 502 1091 537 :
1121 500 1347 556 quorum
1396 485 1449 537 in
1490 490 1636 553 parte
1667 497 1885 553 porcum
1918 490 2061 536 taxat
2104 488 2161 535 et

576 574 812 645 leporem
837 616 852 639 ,
879 584 936 631 et
963 577 1006 631 si
1030 577 1154 646 quid
1185 578 1236 631 in
1268 575 1500 646 piscibus
1524 584 1669 629 caret
1697 589 1915 644 squama
1937 616 1951 639 ,
1982 582 2072 626 aut
2103 571 2159 625 in

576 666 1004 737 quadrupedibus
1032 668 1277 738 ungulam
1307 667 1481 719 lissam
1511 680 1613 719 non
1645 665 1831 730 habet,
1865 680 1964 719 nec
1991 666 2156 717 rumi-

578 770 671 815 nat
712 761 730 830 (
758 760 909 815 Deut.
942 778 1047 826 XIV,
1081 760 1209 816 5-20
1234 760 1274 828 ).
1308 760 1372 813 Et
1415 759 1530 815 haec
1572 774 1699 829 ergo
1734 757 1904 813 Judmi
1955 757 2161 811 fortiter

574 850 950 918 crediderunt,
1008 852 1272 906 scribente
1312 850 1494 922 Moyse
1534 869 1547 904 :
1597 850 1900 920 idcircoque
1942 847 2159 903 Christo

570 942 679 1013 jam
724 944 943 999 credere
990 958 1095 997 non
1144 950 1429 1013 poterant,
1473 942 1885 997 indiﬂ'erentiam
1944 939 2158 994 docenti

573 1034 811 1089 ciborum
833 1077 847 1100 ,
878 1042 931 1089 et
958 1050 986 1087 a
1018 1034 1130 1088 suis
1158 1033 1375 1103 quidem
1416 1033 1689 1103 discipulis
1728 1033 1906 1087 omnia
1946 1030 2159 1100 penitus

576 1125 866 1178 removenti
886 1165 902 1187 ,
935 1123 1275 1178 saecularibus
1299 1138 1427 1178 vero
1456 1123 1610 1193 vulgo
1634 1121 1948 1177 concedenti
1980 1120 2158 1174 omnia

574 1230 691 1281 qua:
720 1223 937 1282 possent
977 1213 1081 1280 edi,
1103 1223 1261 1284 atque
1298 1214 1624 1270 asseveranti
1656 1212 1797 1283 quod
1826 1227 1921 1267 eos
1948 1211 2075 1265 nihil
2104 1210 2158 1264 in

571 1315 632 1356 os
664 1303 866 1357 intrans
907 1304 1197 1373 pollueret;
1230 1305 1350 1374 quia
1391 1320 1509 1375 quas
1549 1304 1616 1359 de
1658 1320 1751 1359 ore
1782 1301 2116 1371 impudenter
2139 1300 2156 1332 ¹

573 1396 901 1465 procedant,
971 1413 1033 1452 ea
1102 1399 1213 1452 sola
1284 1400 1391 1453 sint
1437 1414 1555 1469 quae
1602 1400 1843 1469 polluant
1882 1397 2157 1465 hominem

574 1484 807 1556 (Matth.
836 1504 936 1552 xv,
965 1487 1135 1543 11-20
1163 1488 1204 1559 ).
1237 1489 1362 1544 Haec
1407 1499 1563 1560 atque
1614 1491 1715 1543 alia
1777 1490 1939 1544 multa
1990 1487 2155 1559 Moysi

572 1577 837 1631 contraria
863 1618 879 1643 ,
910 1576 1092 1633 Jesum
1123 1578 1482 1649 dogmatizare
1502 1620 1516 1644 ,
1547 1594 1704 1633 nemo
1733 1580 1821 1648 qui
1864 1578 2083 1633 nesciat.

644 1665 872 1723 CAPUT
893 1667 1004 1723 VII.
1024 1700 1099 1709 —
1117 1669 1245 1736 Quae
1271 1670 1393 1740 quia
1445 1671 1651 1741 singula
1690 1686 1997 1739 percurrere
2044 1670 2159 1725 Ion-

573 1770 696 1825 gum
726 1767 807 1811 est
832 1799 845 1822 ,
879 1774 1040 1813 unum
1072 1775 1167 1829 pro
1212 1760 1391 1814 multis
1433 1760 1710 1815 ostendam
1731 1802 1746 1829 ,
1781 1761 1831 1815 id
1874 1770 1996 1828 est,
2036 1761 2159 1832 quia

573 1847 989 1905 Christianarum
1016 1852 1295 1907 haeresium
1330 1868 1450 1921 pars
1477 1854 1705 1907 maxima
1731 1893 1745 1917 ,
1777 1861 1851 1921 et,
1899 1854 2039 1923 quod
2077 1862 2160 1909 est

575 1938 625 1992 in
660 1950 903 2009 promptu
934 1983 947 2006 ,
982 1942 1236 1997 Catholici
1282 1943 1411 1997 nihil
1441 1959 1627 1998 eorum
1670 1958 1886 1998 servare
1928 1953 2155 2011 curant,

573 2044 693 2098 qua:
715 2030 920 2101 Moyses
944 2033 1144 2087 scribit.
1166 2034 1315 2099 Quod
1344 2034 1518 2103 ipsum
1543 2037 1587 2089 si
1614 2048 1721 2089 non
1741 2034 1808 2089 de
1832 2048 2015 2089 errore
2039 2034 2161 2089 des-

573 2119 752 2174 cendit
774 2122 972 2190 aliquo,
1000 2123 1093 2177 sed
1120 2140 1185 2178 ex
1214 2139 1341 2179 vera
1368 2125 1452 2178 illa
1478 2125 1675 2180 Christi
1702 2134 1756 2181 et
1775 2126 2157 2196 discipulorum

571 2212 687 2279 ejus
727 2211 1038 2279 traditione,
1087 2231 1179 2270 vos
1211 2216 1429 2271 omnino
1471 2216 1738 2271 fateamini
1778 2233 1997 2273 necesse
2036 2226 2155 2286 est,

571 2304 835 2357 contraria
865 2304 1089 2359 invicem
1119 2307 1217 2361 sibi
1244 2307 1425 2362 Jesum
1444 2306 1691 2363 docuisse
1717 2318 1881 2379 atque
1898 2309 2115 2380 Moysen
2141 2326 2155 2363 :

575 2392 881 2464 idcircoque
924 2412 1023 2451 nec
1071 2397 1333 2452 creditum
1372 2398 1644 2453 Christum
1690 2414 1720 2453 a
1760 2400 1990 2466 Iudaeis,
2035 2399 2159 2470 quia

578 2482 736 2539 fidem
779 2487 975 2541 vellent
1017 2488 1273 2544 exhibere
1316 2489 1789 2561 Moysi.Quorsum
1815 2506 1941 2563 ergo
1967 2491 2159 2547 falsum

571 2590 679 2629 non
726 2576 856 2644 erit,
890 2578 1019 2631 illud
1061 2578 1243 2634 Jesum
1283 2580 1484 2635 dixisse
1515 2581 1581 2635 ad
1624 2596 1751 2647 eos,
1782 2582 1843 2637 Si
1894 2582 2159 2637 crederetis

578 2664 770 2735 Moysi,
795 2669 1062 2723 crederetis
1087 2680 1133 2723 et
1162 2670 1286 2723 mihi
1308 2687 1327 2724 :
1352 2686 1471 2725 cum
1500 2673 1569 2726 sit
1593 2672 1749 2743 longe
1778 2673 2114 2728 manifestum
2139 2715 2155 2741 ,

542 2754 771 2827 (idcirco
815 2760 982 2829 magis
1030 2775 1125 2815 eos
1170 2776 1275 2815 non
1321 2761 1611 2817 credidisse
1635 2762 1790 2830 Jesu,
1840 2765 1963 2833 quia
1990 2764 2156 2834 Moysi

569 2847 878 2913 crederent;
916 2852 1152 2919 potuisse
1190 2862 1368 2908 autem
1418 2854 1573 2908 lidem
1603 2856 1818 2910 Christo
1855 2857 2081 2921 habere,
2113 2856 2158 2910 si

571 2936 738 3008 Moysi
764 2939 986 2995 credere
1016 2942 1391 2998 destitissent?
1421 2944 1501 2998 Tu
1531 2954 1705 3000 tamen
1731 2958 1746 3012 ,
1780 2945 1966 3001 utdixi
1994 2987 2008 3012 ,
2040 2947 2157 3001 ubi-

571 3042 694 3082 nam
715 3028 928 3101 Moyses
949 3030 1016 3087 de
1044 3031 1255 3089 Christo
1282 3034 1481 3103 aliquid
1510 3037 1820 3107 scripserit,
1852 3052 2034 3107 quaeso
2061 3054 2157 3094 nos

568 3117 784 3177 doceas.

640 3210 872 3267 CAPUT
900 3213 1035 3268 VIII.
1060 3245 1127 3254 —
1148 3214 1292 3271 Alias
1338 3216 1510 3287 inquit
1534 3235 1546 3271 :
1578 3218 1634 3274 Si
1678 3218 2013 3275 Christianus
2057 3236 2115 3276 es
2135 3263 2153 3289 ,

570 3303 731 3359 crede
756 3304 953 3360 dicenti
979 3306 1192 3361 Christo
1217 3309 1338 3379 quia
1361 3309 1429 3364 de
1457 3325 1516 3365 se
1539 3310 1751 3380 scripsit
1772 3311 2155 3384 Moyses.Quod

571 3395 617 3451 si
645 3411 753 3450 non
783 3398 977 3465 credis,
1011 3398 1330 3455 cbristianus
1358 3416 1460 3455 non
1488 3417 1565 3458 es.
1592 3402 1772 3473 Inepta
1801 3402 1915 3458 haec
1945 3419 2157 3476 semper

569 3495 626 3542 et
667 3488 931 3543 imbecilla
969 3492 1247 3560 responsio
1273 3501 1355 3547 est
1384 3492 1511 3547 nihil
1550 3493 1857 3548 habentium
1890 3494 2032 3564 quod
2063 3511 2155 3552 os-

571 3577 811 3632 tendant.
838 3580 1047 3646 Quanto
1074 3581 1231 3650 igitur
1264 3582 1453 3636 melius
1485 3583 1699 3638 fecisses
1724 3626 1737 3649 ,
1767 3584 1811 3638 si
1853 3585 1992 3639 idem
2023 3600 2156 3641 con-

570 3671 795 3727 litereris
839 3674 1271 3743 simpliciter?et
1309 3684 1485 3731 tamen
1514 3676 1615 3731 hoc
1646 3677 1773 3731 mihi
1821 3678 2035 3748 quidem
2074 3679 2157 3734 di-

568 3779 692 3820 cere
724 3766 939 3836 potuisti
961 3807 978 3833 ,
1021 3783 1178 3837 quem
1205 3768 1342 3822 scias
1368 3782 1587 3823 necesse
1623 3768 1821 3824 habere
1859 3779 1917 3825 ut
1941 3770 2155 3826 credam

568 3869 728 3909 causa
764 3857 1039 3924 religionis
1053 3873 1157 3927 qua
1188 3858 1413 3913 famulor
1433 3858 1674 3915 Christo:
1712 3862 1833 3915 licet
1857 3861 1959 3917 hoc
1982 3862 2155 3933 ipsum

570 3946 744 4013 adhuc
770 3959 1039 4016 qureratnr
1063 3991 1078 4016 ,
1109 3960 1286 4005 utrum
1329 3952 1399 4005 sit
1440 3961 1494 4006 et.
1526 3953 1627 4007 hoc
1671 3952 1868 4007 Christi
1914 3957 2155 4011 testimo-

572 4038 758 4105 nium,
800 4049 857 4092 ut
903 4040 1050 4094 credi
1073 4040 1265 4095 debeat
1305 4042 1574 4107 absolute;
1624 4060 1690 4096 an
1737 4047 2069 4114 scriptoris,
2096 4055 2156 4102 nt

569 4131 862 4184 examinari
893 4131 1135 4185 sollicite.
1170 4131 1279 4186 Nec
1307 4132 1351 4185 si
1388 4149 1485 4187 nos
1524 4150 1627 4186 non
1661 4134 1929 4189 credimus
1958 4135 2107 4190 falsis
2135 4179 2150 4204 ,

573 4221 841 4277 Christum
892 4221 1017 4275 hinc
1061 4222 1378 4277 offendimus
1408 4265 1423 4289 ,
1461 4224 1555 4277 sed
1606 4223 1902 4280 falsatorcs.
1952 4225 2153 4283 Tamen

572 4322 853 4383 utcumque
884 4312 984 4368 hoc
1023 4313 1147 4368 ferri
1173 4315 1193 4344 ²
1226 4316 1420 4383 poterit
1458 4314 1772 4369 Christianis
1806 4318 2105 4385 oppositum
2136 4335 2149 4371 :

571 4406 697 4476 quid
727 4416 903 4459 autem
936 4406 1001 4460 de
1028 4406 1130 4460 illis
1157 4421 1404 4477 agemus,
1437 4422 1583 4477 quos
1606 4408 1792 4474 retuli,
1824 4407 2011 4463 Iudaeo
2041 4409 2150 4464 sci-

573 4499 698 4554 licet
722 4507 879 4568 atque
902 4498 1100 4553 Gcntili
1123 4542 1137 4565 ,
1170 4500 1363 4569 quibus
1387 4500 1566 4555 dicere
1594 4515 1697 4555 non
1730 4515 2010 4570 possumus
2036 4542 2050 4566 ,
2096 4501 2152 4558 Si

568 4589 894 4643 Christianus
924 4604 1013 4653 es,
1043 4590 1240 4655 crede;
1269 4590 1312 4644 si
1341 4606 1445 4644 non
1474 4590 1668 4657 credis,
1703 4589 2023 4646 christianus
2045 4606 2151 4647 non

568 4682 665 4736 es?
686 4681 996 4751 Quanquam
1036 4697 1101 4736 ne
1127 4680 1430 4736 Christiano
1471 4682 1684 4753 quidem
1725 4682 1828 4738 hoc
1858 4684 2152 4739 rectissime

566 4774 784 4838 dixeris,
808 4790 927 4829 cum
950 4774 1189 4829 Christus
1209 4774 1467 4829 Thomam
1494 4775 1795 4844 apostolum
1822 4756 2151 4830 dubitantem

565 4867 634 4923 de
661 4883 719 4922 se
744 4876 1057 4938 aspernatus
1084 4882 1189 4922 non
1220 4867 1322 4933 sit;
1354 4866 1446 4922 sed
1477 4882 1583 4937 quo
1620 4866 1780 4920 animi
1818 4866 1933 4937 ejus
1960 4868 2150 4924 vulne-

566 4960 714 5015 ribus
742 4960 1066 5025 mcderetur,
1095 4960 1333 5030 corporis
1360 4959 1441 5013 sui
1462 4958 1736 5014 cicatrices
1755 4958 1985 5013 ostendit
2009 4976 2022 5012 :
2051 4973 2150 5015 nec

567 5051 740 5118 dixit,
768 5051 824 5107 Si
854 5052 1144 5120 discipulus
1178 5068 1235 5106 es
1260 5092 1275 5114 ,
1302 5050 1493 5112 crede,
1532 5050 1577 5103 si
1606 5064 1709 5104 non
1736 5048 1939 5114 credis,
1986 5049 2148 5104 disci-

566 5143 722 5212 pulus
751 5160 855 5197 non
887 5158 964 5198 cs.
988 5143 1066 5196 Tu
1100 5141 1224 5195 mihi
1263 5149 1362 5195 hoc
1383 5140 1529 5195 dicas
1553 5182 1568 5206 ,
1597 5156 1701 5195 non
1724 5140 1789 5195 de
1808 5140 2022 5193 Christo
2047 5140 2147 5194 du-

564 5235 755 5289 bitanti
782 5275 796 5300 ,
825 5234 918 5289 sed
946 5234 1013 5289 de
1042 5227 1302 5288 sententia
1326 5273 1339 5293 .
1373 5241 1549 5286 utrum
1579 5233 1650 5286 sit
1676 5232 1811 5302 ejus,
1863 5248 1929 5286 an
1960 5232 2149 5286 subin-

562 5325 848 5391 ducta.At,
873 5326 1066 5395 inquis,
1092 5325 1355 5379 beatiores
1382 5325 1633 5394 appellat,
1663 5325 1749 5393 qui
1776 5339 1879 5378 non
1904 5323 2150 5377 viderunt

564 5425 619 5471 et
641 5417 983 5472 crediderunt
1004 5419 1021 5487 (
1042 5417 1197 5471 Joan.
1222 5434 1314 5478 xx,
1337 5416 1427 5483 27,
1449 5415 1518 5469 29
1536 5415 1575 5488 ).
1603 5416 1713 5471 lloc
1738 5416 1780 5470 si
1807 5415 1926 5469 ideo
1948 5414 2146 5468 dictum

566 5516 719 5577 putas
738 5549 752 5571 ,
786 5518 846 5561 ut
888 5508 1003 5561 sine
1032 5509 1237 5562 ratione
1263 5518 1315 5562 ct
1334 5507 1534 5577 judicio
1566 5506 1796 5576 quidque
1823 5503 2104 5558 credamus
2129 5519 2144 5569 ;

565 5608 681 5652 esto
710 5607 764 5651 tu
806 5598 1006 5651 beatior
1046 5600 1160 5653 sine
1201 5615 1400 5665 sensu,
1433 5614 1532 5669 ego
1572 5596 1702 5651 mihi
1742 5602 2021 5650 contentus
2056 5608 2148 5649 ero

567 5706 687 5744 cum
718 5690 919 5744 ratione
946 5690 1130 5745 beatus
1156 5691 1387 5747 audisse.

628 5804 644 5834 ι
681 5808 729 5850 tn
753 5802 1247 5866 Mss.,imprudenter.

624 5866 646 5901 ι
676 5871 751 5917 Er.
770 5865 916 5931 Lugd.
945 5861 997 5918 ct
1021 5873 1157 5931 ven.,
1180 5861 1304 5929 ﬁeri.
1372 5870 1425 5916 ιι.

1392 372 1664 428 CONTRA
1703 364 2028 427 FAUS’I‘UM
2068 365 2519 435 MANICII/EUM,
2562 366 2620 425 S.
2662 367 3029 426 AUGUSTINI

3735 362 3843 428 3‘20

2336 480 2562 537 CAPUT
2584 481 2673 536 IX.
2696 484 3115 539 -—Aucus'rmus
3155 481 3463 551 respondit:
3496 484 3679 539 Astute
3727 486 3847 556 qui-

2266 574 2385 628 dem
2433 583 2673 643 paratum
2717 584 2767 629 te
2810 574 2982 640 dicis,
3026 574 3069 629 si
3117 588 3247 644 quas
3291 574 3344 629 in
3382 574 3532 630 libris
3573 577 3743 648 Moysi
3780 577 3851 634 de

2265 668 2479 725 Christo
2522 669 2823 739 pr0phetias
2870 669 3169 735 inveneris,
3220 669 3287 723 ita
3334 670 3641 738 percipere,
3684 685 3749 724 ac
3803 670 3852 725 si

2268 762 2466 831 piscem
2493 761 2560 816 de
2599 763 2770 827 mari,
2812 777 2932 816 cum
2974 776 3160 832 aquam
3205 762 3371 831 ipsam
3404 762 3543 817 unde
3571 764 3733 832 piscis
3761 778 3855 817 ca-

2267 852 2438 920 pitur,
2470 866 2707 921 respuas.
2732 850 2836 907 Sed
2863 851 2984 923 quia
3014 851 3221 922 Moyses
3246 866 3405 906 omne
3444 852 3583 922 quod
3610 854 3851 922 scripsit,

2265 944 2333 999 de
2360 943 2574 998 Christo
2599 954 2707 1009 est,
2738 942 2791 997 id
2816 952 2926 1011 est,
2954 943 3021 998 ad
3045 942 3317 998 Christum
3346 943 3563 998 omnino
3586 945 3849 1013 pertinet.

2266 1036 2378 1090 sive
2402 1036 2544 1105 quod
2575 1051 2697 1091 eum
2722 1036 2904 1106 figuris
2940 1025 3120 1090 rerum
3145 1036 3231 1090 vel
3256 1045 3525 1106 gestarum
3555 1037 3637 1090 vel
3671 1035 3849 1091 dicta-

2264 1143 2380 1181 rum
2406 1128 2722 1197 praenuntiet
2743 1171 2757 1195 ,
2805 1129 2917 1183 sive
2944 1128 3085 1198 quod
3117 1128 3231 1197 ejus
3264 1128 3485 1197 gratiam
3515 1129 3853 1198 gloriamque

2264 1221 2635 1287 commendet;
2670 1230 2723 1275 tu
2769 1221 2857 1291 qui
2886 1220 3303 1276 commentitium
3326 1220 3667 1289 fallacemque
3683 1219 3814 1274 Chri

2264 1321 2402 1366 stum
2433 1311 2499 1366 de
2520 1311 2792 1368 Manichzei
2825 1312 3012 1366 litteris
3036 1310 3411 1376 credidisti,ita
3438 1311 3603 1382 Moysi
3635 1326 3740 1365 non
3770 1310 3855 1365 vis

2264 1401 2516 1466 credere,
2549 1402 2685 1456 sicut
2727 1417 2828 1457 nec
2866 1403 3062 1471 piscem
3089 1402 3169 1455 vis
3197 1402 3375 1456 edere.
3400 1400 3596 1455 Verum
3630 1400 3733 1455 hoc
3766 1401 3855 1454 in-

2264 1501 2428 1547 terest
2445 1534 2459 1557 ,
2483 1494 2624 1563 quod
2640 1475 2868 1564 Moysen
2894 1493 3156 1548 hostiliter
3185 1492 3460 1547 insectaris
3483 1532 3497 1556 ,
3525 1493 3725 1561 piscem
3754 1506 3857 1545 au-

2265 1594 2371 1639 tem
2413 1584 2672 1639 fallaciter
2712 1584 2913 1639 laudas.
2939 1584 2995 1640 Si
3024 1585 3164 1639 enim
3204 1584 3403 1654 piscem
3431 1584 3497 1639 de
3526 1584 3656 1637 mari
3685 1581 3856 1639 edere

2263 1693 2367 1731 non
2397 1686 2571 1745 nocet,
2595 1678 2729 1732 sicut
2760 1678 2873 1744 ipse
2899 1676 3098 1741 dixisti;
3128 1691 3223 1730 cur
3254 1677 3324 1730 ita
3350 1691 3472 1730 eum
3503 1690 3594 1729 vos
3625 1676 3852 1730 noxium

2266 1770 2581 1840 prtedicatis,
2615 1779 2672 1825 ut
2709 1771 2754 1824 si
2784 1770 2884 1823 alia
2916 1784 3035 1823 esca
3064 1784 3171 1823 non
3207 1775 3483 1832 occurrat,
3518 1768 3663 1835 prius
3708 1766 3857 1823 fame

2262 1862 2645 1918 consumamini
2670 1902 2685 1926 ,
2713 1876 2870 1929 quam
2897 1860 3040 1929 pisce
3064 1858 3389 1914 vescamini?
3415 1857 3551 1925 Quid
3577 1900 3592 1924 ,
3624 1857 3767 1927 quod
3802 1856 3855 1913 si

2262 1954 2435 2009 omnis
2463 1968 2587 2008 caro
2618 1951 2888 2006 immunda
2914 1960 3029 2017 est,
3059 1958 3116 2004 ut
3140 1949 3315 2004 dicitis
3337 1989 3350 2012 ,
3383 1959 3436 2003 et
3458 1949 3508 2001 in
3539 1949 3681 2002 omni
3709 1962 3855 2017 aqua

2264 2048 2513 2117 omnique
2538 2046 2702 2103 herba
2731 2046 2835 2100 vita
2877 2046 2966 2099 illa
3006 2046 3198 2100 misera
3236 2043 3321 2098 dei
3360 2043 3523 2098 vestri
3551 2042 3851 2107 retinetur,

2261 2155 2381 2210 qua:
2426 2154 2521 2209 per
2549 2147 2724 2193 vestra
2765 2137 3015 2192 alimenta
3046 2133 3314 2206 purganda
3359 2144 3475 2199 est;
3515 2132 3855 2189 detestabilis

2262 2230 2569 2300 superstitio
2586 2237 2670 2284 tua
2698 2238 2752 2284 et
2794 2228 2989 2298 piscem
3019 2234 3073 2281 te
3095 2227 3235 2296 cogit
3260 2224 3519 2295 projicere
3540 2239 3697 2294 quem
3728 2224 3856 2277 lau-

2262 2324 2397 2379 dasti
2414 2366 2429 2391 ,
2453 2332 2506 2379 et
2533 2338 2723 2394 aquam
2748 2322 3006 2377 marinam
3033 2321 3217 2376 bibere
3243 2334 3305 2374 ac
3328 2319 3508 2387 spinas
3533 2318 3693 2373 edere
3715 2332 3858 2385 quas

2264 2417 2573 2488 vituperasti
2594 2417 2617 2470 ἲ
2642 2415 2791 2484 Quod
2832 2429 2963 2471 vero
3007 2414 3167 2469 etiam
3195 2411 3523 2467 daamonibus
3552 2410 3644 2464 Dei
3674 2409 3859 2463 famn-

2264 2510 2375 2565 Ium
2404 2509 2721 2581 comparasti
2745 2552 2759 2575 ,
2790 2517 2849 2562 ut
2878 2507 3061 2578 quales
3087 2505 3157 2559 illi
3187 2504 3399 2559 fuerunt
3425 2519 3546 2558 cum
3576 2502 3860 2558 Christum

2262 2604 2663 2669 confiterentur,
2697 2601 2921 2674 (Matth.
2950 2615 3042 2654 vni
3061 2642 3074 2663 ,
3102 2597 3171 2653 29
3193 2596 3235 2668 ),
3269 2596 3388 2651 talis
3407 2605 3462 2650 et
3488 2596 3589 2650 iste
3617 2595 3861 2663 accipia-

2263 2704 2347 2749 tur
2367 2696 2411 2749 si
2440 2693 2639 2764 aliquid
2661 2694 2713 2747 in
2740 2693 2854 2763 ejus
2882 2691 3030 2747 libris
3058 2689 3275 2759 reperiri
3306 2687 3533 2758 potuerit
3549 2687 3690 2757 quod
3713 2702 3861 2757 pra:-

2263 2787 2401 2842 dicet
2428 2785 2734 2852 Christum;
2772 2784 2861 2838 ille
2889 2782 3101 2852 quidem
3150 2795 3255 2834 non
3294 2778 3610 2850 dedignatur
3651 2792 3861 2848 oppro-

2263 2878 2435 2933 brium
2466 2877 2672 2932 Domini
2713 2876 2814 2931 sui.
2841 2874 2895 2930 Si
2940 2874 3081 2928 enim
3125 2870 3503 2942 paterfamilias
3549 2868 3860 2924 Beelzebub

2261 2968 2556 3038 appellatus
2579 2977 2693 3033 est,
2723 2975 2920 3037 quanto
2947 2964 3112 3034 magis
3150 2961 3428 3017 domestici
3475 2960 3590 3030 ejus
3624 2958 3749 3032 (Id.
3774 2976 3813 3015 ι
3838 3002 3858 3027 ,

2260 3060 2351 3129 25)
2376 3060 2399 3113 ?
2424 3058 2528 3115 Sed
2554 3074 2648 3113 vos
2674 3058 2847 3112 videte
2868 3072 2896 3110 a
2922 3056 3113 3126 quibus
3138 3055 3241 3109 ista
3263 3052 3551 3107 didiceritis
3572 3092 3584 3116 ,
3610 3050 3863 3121 profecto

2261 3151 2626 3206 sceleratiores
2654 3164 2811 3219 quam
2838 3148 2911 3201 illi
2935 3147 3022 3217 qui
3049 3147 3270 3203 Domino
3300 3147 3367 3200 ita
3397 3143 3669 3199 conviciati
3699 3152 3860 3199 sunt.

2261 3240 2340 3297 llli
2366 3243 2508 3298 enim
2546 3256 2653 3296 non
2692 3255 2813 3296 eum
2838 3237 3107 3293 Christum
3137 3252 3258 3293 esse
3296 3235 3618 3302 credebant,
3650 3243 3705 3289 et
3731 3234 3865 3291 ideo

2260 3335 2501 3392 fallacem
2530 3334 2783 3405 putabant
2807 3352 2820 3387 :
2849 3347 2944 3387 vos
2968 3341 3147 3387 autem
3173 3330 3470 3385 doctrinam
3513 3343 3619 3383 non
3651 3328 3865 3397 putatis

2259 3443 2379 3484 esse
2419 3442 2661 3483 veracem
2685 3469 2699 3495 ,
2729 3425 2835 3481 nisn
2878 3441 2995 3496 quae
3034 3423 3306 3478 Christum
3350 3419 3510 3476 audet
3553 3418 3865 3488 praedicare

2258 3518 2516 3574 fallacem.

2328 3611 2554 3669 CAPUT
2582 3609 2904 3667 X.—Unde
2925 3619 3099 3664 autem
3129 3607 3221 3664 tibi
3241 3606 3449 3663 videtur
3474 3606 3645 3676 legem
3678 3604 3864 3676 Moysi

2259 3703 2392 3758 nihil
2429 3720 2459 3758 a
2487 3703 2801 3774 Paganismo
2832 3701 3075 3756 distare?
3116 3702 3194 3755 An
3226 3700 3348 3770 quia
3374 3699 3651 3769 templum,
3682 3698 3863 3753 sacri-

2259 3793 2457 3860 ficium,
2496 3794 2682 3856 altare,
2725 3792 3161 3861 saccrdotemque
3206 3788 3582 3844 commendat?
3626 3789 3695 3842 At
3736 3788 3867 3843 haec

2258 3886 2435 3940 omnia
2480 3886 2692 3939 nomina
2737 3894 2790 3938 et
2830 3885 2881 3937 in
2923 3882 3071 3937 Novo
3110 3882 3451 3935 Testamento
3488 3880 3866 3950 reperiuntur.

2260 3976 2471 4043 Solvite,
2500 3977 2690 4046 inquit,
2726 3974 2968 4045 templum
3006 3975 3122 4039 hoc,
3167 3982 3211 4027 et
3240 3973 3291 4025 in
3332 3972 3500 4025 triduo
3542 3972 3868 4025 resuscitaba

2258 4068 2389 4121 illud
2406 4066 2585 4135 (Joan.
2618 4083 2676 4133 ιι,
2708 4066 2794 4137 I9)
2819 4082 2833 4131 ;
2862 4074 2933 4131 et,
2963 4064 3091 4120 Cum
3115 4062 3268 4130 offers
3295 4079 3477 4116 munus
3503 4072 3642 4115 tuum
3669 4062 3742 4114 ad
3765 4063 3865 4115 al-

2260 4167 2367 4213 tare
2410 4158 2622 4227 (Matth.
2680 4173 2733 4222 v,
2763 4157 2893 4228 24);
2940 4165 3014 4224 et,
3060 4154 3201 4209 Vade
3240 4153 3445 4209 ostende
3482 4163 3529 4207 te
3573 4153 3866 4221 sacerdoti,

2258 4260 2304 4303 et
2351 4248 2478 4315 offer
2525 4265 2616 4318 pro
2660 4258 2707 4301 te
2751 4248 3088 4317 sacri/icium,
3132 4245 3267 4317 quod
3322 4245 3557 4315 prwcepit
3604 4244 3865 4315 Moyses,

2256 4342 2309 4393 in
2363 4340 2695 4394 testimonium
2739 4340 2839 4392 illis
2889 4337 3012 4409 (Id.
3075 4353 3198 4405 vm,
3245 4338 3334 4406 4).
3387 4338 3622 4403 Quorum
3666 4344 3869 4392 autem

2257 4432 2439 4502 figura:
2466 4430 2663 4487 fuerint
2682 4432 2817 4498 istte,
2850 4430 3040 4500 partim
3071 4430 3328 4484 Dominus
3350 4430 3462 4499 ipse
3488 4430 3867 4495 demonstrat,

2257 4539 2377 4579 cum
2406 4524 2660 4594 templum
2692 4522 2931 4592 corporis
2955 4521 3037 4575 sui
3065 4520 3262 4590 templo
3294 4519 3367 4574 illi
3388 4527 3696 4588 comparat;
3724 4533 3871 4587 par-

2259 4615 2351 4669 tim
2379 4614 2667 4684 apostolica
2711 4613 2951 4668 doctrina
2977 4612 3385 4681 cognoscimus:
3411 4608 3677 4680 Templum
3713 4610 3872 4664 enim

2256 4708 2354 4762 Dei
2382 4716 2609 4760 sanctum
2635 4714 2727 4771 est,
2755 4705 2828 4758 ait
2848 4704 3153 4774 Apostolus,
3172 4702 3307 4773 quod
3322 4703 3437 4757 estis
3461 4717 3546 4754 vos
3568 4698 3744 4772 (lCor.
3766 4716 3871 4769 ιιι,

2257 4797 2383 4869 l7);
2414 4806 2489 4861 et,
2522 4796 2740 4849 Obsecro
2777 4795 2945 4863 itaque
2974 4810 3059 4848 vos
3087 4809 3175 4862 per
3210 4792 3604 4847 misericordiam
3640 4790 3759 4856 Dei,
3800 4800 3877 4846 ss!

2256 4890 2527 4946 exhibeatis
2557 4903 2769 4958 corpora
2794 4896 2961 4941 vestra
2999 4887 3215 4940 hostiam
3238 4887 3420 4948 vivam,
3450 4895 3698 4949 sanctam,
3736 4883 3877 4940 Deo

2255 4984 2531 5055 placentem
2559 4981 2729 5052 (Rom.
2754 4996 2850 5047 xu,
2874 4978 2924 5049 l)
2948 4996 2963 5045 ;
2984 4987 3037 5035 et
3052 4988 3241 5033 caetera
3264 4978 3586 5048 hujusmodi.
3614 4977 3877 5034 Proinde

2256 5076 2344 5131 illa
2383 5076 2559 5129 omnia
2588 5075 2767 5145 ﬁgura:
2807 5082 2992 5127 nostra:
3022 5077 3225 5142 fuerunt
3272 5070 3311 5141 (l
3344 5069 3460 5125 Cor.
3491 5087 3545 5135 χ,
3591 5069 3671 5139 6),
3706 5071 3881 5127 sicut

2256 5166 2392 5221 idem
2424 5166 2565 5230 dicit,
2598 5174 2650 5219 et
2690 5179 2834 5233 sarpe
2870 5161 3392 5218 commemorandum
3434 5170 3514 5214 est
3542 5178 3554 5213 :
3587 5160 3709 5229 quia
3738 5174 3880 5216 non

2254 5259 2532 5314 daemoniis
2570 5258 2978 5318 exhibebantur.
3026 5254 3119 5309 scd
3163 5254 3253 5309 uni
3279 5268 3406 5307 vero
3437 5253 3564 5316 Deo,
3598 5251 3685 5321 qui
3719 5250 3883 5312 fecit

2254 5351 2446 5405 cmlum
2470 5359 2524 5405 et
2553 5360 2747 5405 terram
2773 5365 2787 5413 ;
2820 5362 2924 5401 non
2948 5357 3197 5415 tanquam
3224 5344 3475 5413 indigenti
3507 5343 3721 5407 talibus,
3748 5343 3884 5401 sed

2256 5452 2491 5511 tempora
2536 5440 2900 5510 distinguenti,
2948 5448 3002 5493 et
3037 5438 3240 5507 iubenti
3266 5438 3569 5506 prmscntia,
3604 5451 3701 5505 per
3727 5452 3883 5506 quze

2254 5530 2575 5599 significaret
2601 5527 2794 5581 futura.
2823 5524 2931 5578 Vos
2953 5534 3151 5589 autem,
3176 5524 3263 5595 qui
3293 5532 3348 5576 ut
3383 5521 3649 5575 scducatis
3675 5531 3733 5575 et
3755 5522 3887 5578 de-

2253 5622 2457 5690 cipiatis
2510 5620 2699 5673 idiotas
2750 5617 3194 5687 imperfectosque
3249 5622 3615 5678 Christianos,
3675 5614 3888 5685 Page.

2254 5714 2483 5768 nismum
2528 5727 2622 5765 vos
2652 5710 2847 5781 ﬁngitis
2882 5708 3154 5773 detestari,
3197 5707 3337 5761 edite
3367 5707 3517 5759 nobis
3546 5706 3889 5765 auctoritag

2256 5814 2363 5865 tem
2382 5803 2792 5863 Christianorum
2817 5800 3098 5872 librorum,
3121 5801 3175 5858 in
3197 5799 3387 5873 quibus
3410 5797 3557 5858 vobis
3578 5796 3754 5858 solem
3784 5812 3891 5864 ac
