4052 6446
207 364 316 425 se:

213 482 406 537 lunam
449 479 628 538 coiere
670 485 831 553 atque
870 477 1098 537 adorare
1136 487 1457 552 praeceptum
1493 481 1580 535 sit.
1615 479 1806 535 Vester

215 590 350 645 ergo
375 574 550 643 potius
589 589 742 630 error
765 573 1082 643 Paganismo
1119 573 1308 629 similis
1331 581 1446 637 est;
1476 570 1806 642 quandoqui-

213 666 342 723 dem
373 683 473 722 nec
497 667 768 722 Christum
797 667 991 735 colitis,
1021 667 1118 724 sed
1157 667 1353 723 Christi
1382 666 1596 722 nomine
1626 666 1807 720 nescio

212 759 366 831 quid,
395 759 541 828 quod
582 759 732 816 vobis
777 760 1083 816 mentiendo
1125 759 1370 827 ﬁnxistis,
1401 766 1455 814 et
1481 757 1610 814 deos
1637 757 1719 811 vel
1751 757 1804 812 in

213 851 320 907 isto
359 853 650 922 conSpicuo
688 853 827 909 ctelo
856 854 1109 916 visibiles,
1136 853 1218 908 vel
1264 853 1398 930 alios
1443 851 1805 907 innumerabi-

211 941 294 999 les
338 945 734 1000 commentitios
779 945 1032 1000 adoratis.
1087 944 1290 1014 Quibus
1347 943 1805 1014 phantasmatibus

212 1037 366 1104 quasi
399 1035 551 1091 vanis
594 1045 755 1106 atque
782 1037 1027 1092 inanibus
1050 1036 1370 1100 simulacris,
1408 1051 1515 1090 non
1550 1033 1803 1090 aediculas

209 1125 535 1190 fabricastis,
560 1127 653 1182 sed
681 1128 841 1182 corda
869 1139 1042 1183 vestra
1073 1127 1270 1198 templa
1300 1125 1518 1182 fecistis.

281 1214 512 1272 CAPUT
556 1217 645 1271 XI.
666 1249 738 1258 —
763 1219 942 1288 Exigis
970 1235 1000 1273 a
1043 1233 1130 1273 me
1160 1226 1218 1274 ut
1244 1217 1520 1273 ostendam
1559 1232 1802 1289 quaenam

209 1304 493 1374 scripserit
521 1306 590 1362 de
627 1306 842 1362 Christo
887 1309 1116 1380 Moyses.
1151 1307 1269 1363 Jam
1310 1308 1524 1378 quidem
1560 1308 1806 1378 superius

205 1395 377 1450 multa
406 1395 772 1452 demonstrata
813 1407 975 1464 sunt;
1023 1398 1116 1454 sed
1161 1399 1280 1469 quis
1307 1399 1473 1469 possit
1509 1399 1687 1453 omnia
1712 1398 1806 1454 de-

209 1487 562 1542 monstrare?
602 1488 925 1552 Praesertim,
953 1490 1076 1560 quia
1104 1490 1148 1544 si
1195 1490 1437 1560 quaedam
1478 1504 1806 1545 commemo-

209 1592 349 1642 rem,
402 1587 619 1650 paratus
657 1580 869 1636 videtur
919 1581 1352 1652 iste‘perversus,
1404 1582 1488 1638 vel
1539 1583 1590 1636 in
1644 1582 1806 1636 alium

210 1683 435 1725 sensum
471 1687 536 1726 ea
565 1673 748 1728 conari
777 1682 1118 1743 pervertere;
1164 1675 1249 1730 vel
1285 1676 1330 1730 si
1361 1673 1518 1730 fuerit
1542 1674 1806 1729 evidentia

211 1760 464 1817 clarioris
491 1763 731 1818 veritatis
755 1779 1062 1834 oppressus,
1105 1765 1283 1820 dicere
1330 1781 1389 1821 se
1428 1766 1515 1820 illa
1558 1775 1804 1836 tanquam

213 1851 282 1906 de
311 1854 449 1927 mari
477 1855 619 1908 salso
646 1869 863 1909 suavem
903 1857 1102 1924 piscem
1132 1871 1326 1926 capere
1351 1873 1362 1909 :
1389 1871 1486 1912 nec
1512 1856 1632 1911 ideo
1658 1871 1715 1910 se
1741 1857 1807 1911 ad

213 1952 379 1999 tatam
409 1943 740 2015 Scripturam
772 1946 1033 2017 Moyseos,
1060 1947 1208 2002 velut
1235 1947 1301 2001 ad
1327 1963 1516 2016 aquam
1549 1948 1804 2001 marinam

215 2035 509 2091 bibendam
531 2039 646 2109 cogi
674 2048 938 2108 oportere.
963 2039 1296 2110 QuaprOpter
1315 2040 1560 2096 sufﬁcere
1580 2041 1808 2095 arbitror

214 2125 342 2181 huic
373 2129 547 2196 operi,
576 2138 635 2183 ut
658 2145 719 2184 ea
743 2131 856 2201 ipsa
887 2147 1003 2200 quze
1041 2131 1476 2202 reprehendenda
1506 2133 1804 2202 decerpsit'

214 2217 284 2274 de
323 2218 604 2290 Scriptura
644 2221 776 2292 legis
815 2223 1182 2290 Hebraeorum,
1219 2224 1283 2278 ad
1313 2224 1581 2278 Christum
1612 2225 1805 2294 praedi-

215 2311 451 2366 candum
482 2313 770 2381 pertinere,
809 2314 854 2368 si
883 2323 1027 2370 recte
1074 2316 1454 2386 intelligantur,
1485 2317 1760 2370 ostendam
1791 2334 1804 2370 :

216 2417 283 2458 ex
306 2418 419 2472 quo
449 2404 581 2458 satis
607 2413 860 2474 appareat
896 2407 1064 2460 multo
1088 2407 1257 2476 magis
1277 2410 1491 2474 caetera,
1521 2408 1602 2462 vel
1630 2408 1808 2464 statim

217 2494 585 2563 pronuntiata,
619 2495 704 2550 vel
747 2495 1030 2566 diligenter
1070 2512 1133 2552 ac
1172 2499 1434 2554 veraciter
1460 2507 1806 2568 perscrutata,

219 2583 528 2639 christiana:
551 2585 670 2641 lidci
698 2588 1019 2651 convenire;
1044 2588 1088 2642 si
1115 2603 1176 2643 ea
1199 2604 1318 2659 quae
1343 2588 1631 2644 deridenda
1653 2601 1810 2659 atque

219 2676 526 2734 damnanda
585 2681 768 2750 objicit
821 2681 1098 2749 inimicus,
1153 2683 1233 2737 eis
1280 2684 1408 2752 ipsis
1461 2683 1812 2738 convincatur

222 2772 519 2830 christiana
560 2777 782 2832 veritate
812 2777 1164 2832 damnandus.
1197 2778 1548 2848 Quapropter,
1593 2793 1626 2832 ο
1657 2779 1812 2847 plcne

221 2867 364 2920 omni
396 2867 626 2933 fallacia,
673 2885 794 2925 cum
826 2869 1161 2940 Dominus_iu
1194 2870 1481 2940 Evangelio
1511 2870 1724 2934 dixerit,
1751 2870 1812 2926 Si

220 2959 490 3013 crederetis
534 2959 723 3030 Moysi,
767 2962 1029 3016 crederetis
1074 2971 1120 3015 et
1153 2962 1311 3024 mihi;
1350 2964 1412 3016 de
1443 2979 1522 3016 me
1561 2963 1693 3016 enim
1728 2961 1815 3016 ille

222 3050 422 3118 scripsit
465 3050 647 3119 (Joan.
681 3067 738 3118 v,
779 3052 902 3123 46);
947 3052 1074 3106 nihil
1117 3063 1201 3107 est
1240 3053 1381 3123 quod
1425 3063 1473 3108 te
1519 3053 1569 3108 in
1615 3053 1811 3124 ingenti

224 3148 356 3193 :estu
383 3141 615 3208 positum
649 3141 837 3214 fingas,
887 3152 942 3197 et
975 3143 1090 3214 cogi
1134 3143 1363 3198 videaris
1408 3143 1458 3198 in
1511 3145 1734 3199 alterum
1783 3159 1815 3198 e

223 3229 451 3298 duobus,
497 3242 554 3286 ut
579 3242 673 3288 aut
697 3233 886 3289 falsum
912 3236 1222 3304 pronunties
1247 3235 1535 3304 capitulum
1574 3235 1695 3300 hoc,
1724 3245 1815 3290 aut

224 3325 536 3379 mendaeem
562 3325 767 3380 Jesum.
803 3326 949 3382 Sicut
993 3329 1133 3382 enim
1167 3327 1266 3381 hoc
1295 3329 1584 3398 capitulum
1629 3344 1812 3383 verum

226 3424 324 3477 est,
353 3416 424 3469 ita
453 3425 507 3469 et
539 3431 702 3471 verax
745 3426 827 3472 est
851 3416 1026 3472 Jesus.
1070 3418 1274 3472 Rectius
1301 3419 1462 3472 visum
1504 3429 1594 3485 est,
1623 3417 1812 3489 inquit,

225 3509 554 3578 scriptoribus
589 3511 840 3565 ascribere
877 3511 1174 3583 falsitatem,
1205 3527 1356 3582 quant
1384 3511 1600 3565 veritatis
1626 3513 1816 3565 auctori

229 3601 568 3653 mendacium.
599 3601 745 3655 Itane
781 3610 834 3655 tu
860 3601 1129 3664 Christum
1159 3601 1332 3656 credis
1360 3602 1596 3656 veritatis
1621 3612 1806 3656 aucto-

227 3703 362 3755 rem,
389 3705 552 3759 quem
581 3691 840 3760 pmdicas
866 3691 1065 3759 carnis,
1113 3703 1168 3747 et
1193 3693 1399 3759 mortis,
1430 3702 1484 3748 et
1513 3694 1812 3759 vulnerum,

228 3790 283 3837 et
303 3784 610 3838 cicatricum
632 3773 1034 3840 simuiatorem?
1056 3785 1189 3840 Volo
1218 3785 1346 3840 mihi
1380 3785 1650 3850 ostendas,
1675 3786 1816 3840 unde

225 3883 504 3930 auctorem
533 3877 773 3930 veritatis
801 3875 1052 3932 didiceris
1080 3875 1372 3942 Christum,
1420 3877 1464 3930 si
1504 3878 1603 3939 eis,
1637 3879 1724 3945 qui
1751 3875 1818 3931 de

226 3962 320 4017 illo
346 3964 695 4033 scripserunt,
739 3981 965 4036 quorum
997 3968 1284 4021 auctoritas
1311 3967 1509 4020 recenti
1560 3966 1814 4020 memoria

225 4054 602 4108 commendata
627 4065 784 4127 atque
811 4056 1014 4110 ﬁrmata
1043 4058 1093 4110 in
1124 4065 1365 4127 posteros
1403 4056 1690 4122 emanavit,
1721 4071 1816 4109 au-

226 4135 324 4200 des
359 4146 627 4202 ascribere
654 4149 960 4204 falsitatem.
992 4148 1107 4203 Non
1136 4149 1278 4203 enim
1307 4147 1484 4203 vidisti
1521 4148 1814 4214 Christum,

227 4250 316 4294 aut
341 4241 796 4309 quemadmodum
817 4258 936 4298 cum
963 4243 1246 4312 Apostolis,
1277 4243 1484 4298 locutus
1514 4253 1596 4297 est
1621 4255 1815 4306 tecum,

228 4340 317 4384 aut
345 4331 418 4386 de
454 4333 596 4387 ccelo
641 4343 712 4397 te,
742 4333 878 4388 sicut
904 4333 1121 4388 Saulum
1147 4335 1384 4400 ,vocavit
1414 4333 1548 4404 (Act.
1574 4349 1645 4397 ix,
1677 4334 1816 4403 5-7).

227 4421 362 4487 Quid
411 4423 484 4477 de
531 4423 622 4477 illo
666 4425 888 4492 sentire,
927 4425 1053 4495 quid
1101 4425 1321 4480 credere
1364 4440 1666 4494 possumus,
1718 4425 1816 4478 nisi

229 4518 370 4587 quod
403 4518 682 4590 Scriptura
713 4519 978 4574 testatur?
1021 4520 1188 4574 Porro
1217 4519 1263 4572 si
1291 4519 1514 4574 mendax
1541 4531 1623 4573 est
1648 4519 1820 4573 Evan-

227 4611 421 4684 gelium
453 4611 860 4667 disseminatum
905 4621 961 4668 et
986 4621 1166 4668 nolunt
1192 4613 1439 4668 omnibus
1467 4613 1734 4683 gentibus,
1765 4621 1821 4668 et

229 4701 296 4756 ab
331 4703 490 4758 initio
529 4703 926 4774 prtedicationis
963 4706 1194 4761 nominis
1228 4705 1425 4760 Christi
1468 4706 1519 4760 in
1569 4705 1823 4762 Ecclesiis

231 4796 481 4852 omnibus
531 4797 584 4850 iu
635 4807 784 4853 tanto
837 4799 1133 4854 sanctitatis
1181 4799 1414 4855 culmine
1465 4800 1818 4868 collocatum;

229 4900 345 4959 qua:
389 4888 655 4958 scriptura
700 4889 924 4959 proferri
958 4899 1151 4960 potest,
1199 4892 1284 4946 cui
1327 4891 1393 4946 de
1431 4892 1646 4948 Christo
1688 4893 1819 4950 fides

237 4979 474 5034 habenda
517 4981 624 5035 sit?
670 4981 805 5048 Quid
847 4983 1045 5051 poteris
1080 4981 1319 5052 proferre
1359 4984 1635 5054 scriptum,
1678 4983 1820 5054 quod

238 5085 334 5125 non
361 5073 454 5128 ille
480 5073 571 5142 qui
606 5073 706 5128 hoc
749 5090 854 5128 non
884 5075 995 5129 vult
1031 5074 1274 5143 credere,
1303 5075 1445 5131 dicat
1489 5091 1608 5131 esse
1650 5077 1819 5132 conli-

239 5171 395 5229 ctum,
427 5165 474 5218 si
505 5175 649 5219 tanta
670 5165 944 5237 Evangelii
967 5167 1151 5222 notitia
1181 5167 1329 5222 venit
1353 5167 1406 5222 in
1430 5167 1688 5223 dubium?

301 5252 527 5310 CAPUT
570 5253 683 5310 XII.
710 5286 780 5298 ——
803 5255 1002 5312 Deinde
1023 5256 1320 5327 subjungis,
1349 5257 1520 5327 ipsum
1538 5267 1588 5312 te
1609 5259 1820 5315 audisse

246 5341 525 5410 dicentem,
556 5345 700 5400 fures
739 5346 900 5402 fuisse
945 5357 998 5402 et
1028 5348 1261 5404 latrones
1303 5364 1487 5404 omnes
1528 5351 1617 5419 qui
1662 5365 1820 5405 vene-

244 5446 356 5490 runt
379 5448 505 5494 ante
530 5453 590 5494 se
626 5437 804 5509 (Joan,
840 5455 897 5505 x,
927 5437 1003 5511 8).
1033 5439 1186 5496 Unde
1215 5441 1362 5495 illum
1391 5440 1584 5496 audisti
1615 5441 1715 5497 hoc
1740 5442 1822 5496 di-

244 5541 463 5594 centem,
491 5532 590 5586 nisi
617 5546 683 5587 ex
713 5532 1036 5604 Evangelio?
1064 5533 1134 5587 At
1161 5533 1206 5587 si
1231 5533 1352 5598 hoc,
1376 5534 1517 5604 quod
1548 5534 1616 5588 ita
1644 5534 1820 5590 credis

244 5636 303 5676 ex
331 5623 635 5695 Evangelio,
686 5635 741 5679 ut
769 5635 1015 5697 tanquam
1045 5643 1110 5682 ex
1137 5642 1232 5682 ore
1273 5629 1480 5682 Domini
1526 5629 1738 5684 audisse
1771 5639 1820 5685 te

247 5713 400 5781 dicas,
429 5719 564 5772 alius
593 5717 783 5774 falsum
811 5734 930 5775 esse
967 5721 1275 5788 contendat,
1305 5730 1463 5792 atque
1495 5721 1596 5777 hoc
1623 5722 1820 5779 dixisse

301 5831 315 5860 ¹
350 5840 448 5881 Am.
475 5841 528 5885 et
545 5839 672 5896 las,
689 5835 904 5900 secerpit.

1438 361 1637 422 LIBER
1673 361 1942 422 SEXTUS
1979 365 2288 425 DECIMUS.

3377 380 3486 442 322

1915 479 2184 537 Christum
2215 492 2402 555 neget;
2431 499 2538 557 quo
2565 485 2697 543 ibis?
2725 487 2851 560 quid
2884 487 3085 546 facies?
3110 490 3295 550 Nonne
3322 474 3489 552 evan-

1911 569 2133 640 gelicam
2174 575 2538 632 auctoritatem
2561 579 2773 648 quantis
2805 582 3043 650 potueris
3069 583 3270 638 viribus
3297 588 3492 656 praedi-

1911 664 2101 721 cabis?
2129 667 2309 735 Miser,
2351 669 2458 726 illic
2506 671 2758 742 scriptum
2797 682 2881 729 est
2912 674 3052 744 quod
3101 691 3205 730 non
3250 678 3328 732 vis
3371 693 3492 734 cre-

1913 755 2062 823 dere,
2088 758 2178 812 ubi
2208 757 2436 816 didicisti
2475 763 2614 832 quod
2651 763 2718 817 ita
2747 763 2941 828 credis,
2971 774 3031 820 ut
3057 764 3160 822 hoc
3193 774 3248 822 te
3283 767 3350 821 ab
3378 769 3494 838 ipso

1911 847 2130 904 Christo
2153 849 2302 905 dicas
2330 852 2562 909 audisse.
2592 853 2732 909 Ecce
2755 869 2853 910 nos
2891 866 3175 926 utrumque
3202 857 3489 924 credimus,

1911 940 2035 1010 quia
2063 941 2348 1013 Evangelio
2387 952 2574 999 sancto
2614 945 2900 1014 credimus,
2930 947 3022 1002 ubi
3048 957 3329 1020 utrumque
3355 949 3492 1004 scri-

1912 1038 2059 1100 ptum
2103 1042 2216 1098 est;
2247 1042 2301 1089 et
2325 1033 2394 1090 de
2419 1034 2632 1090 Christo
2656 1037 2932 1106 scripsisse
2958 1037 3196 1111 Moysen,
3228 1051 3284 1096 et
3306 1055 3493 1096 omnes

1908 1122 1997 1192 qui
2023 1132 2146 1179 ante
2173 1122 2442 1180 Christum
2469 1135 2750 1195 venerunt,
2780 1127 2925 1184 fures
2954 1128 3118 1186 fuisse
3143 1139 3200 1186 et
3228 1131 3489 1188 latrones.

1909 1211 2132 1268 Venisse
2157 1215 2352 1285 quippe
2381 1217 2451 1270 ita
2477 1217 2589 1272 vult
2609 1218 2849 1288 intelligi,
2879 1219 2997 1288 quia
3021 1220 3168 1275 missi
3196 1236 3300 1276 non
3325 1231 3483 1278 sunt:

1908 1318 2031 1358 nam
2058 1305 2149 1374 qui
2187 1307 2333 1361 missi
2373 1316 2513 1374 sunt,
2561 1308 2699 1364 sicut
2725 1309 2934 1380 Moyses
2961 1321 3017 1366 et
3043 1313 3212 1368 sancti
3250 1313 3489 1384 Pr0phe-

1912 1397 2037 1462 tas,‘
2069 1411 2173 1450 non
2214 1407 2338 1453 ante
2381 1399 2578 1468 ipsum,
2621 1399 2714 1454 sed
2743 1415 2862 1454 cum
2892 1401 3006 1470 ipso
3031 1411 3326 1470 venerunt;
3364 1405 3489 1474 quia

1910 1501 2017 1541 non
2058 1501 2179 1542 eum
2236 1505 2331 1559 per
2370 1490 2670 1560 superbiam
2713 1490 3017 1560 praecedere
3050 1492 3350 1558 voluerunt,
3395 1494 3489 1549 sed

1910 1595 2031 1636 eum
2060 1597 2153 1650 per
2183 1582 2326 1652 ipsos
2355 1583 2658 1654 loquentem
2687 1583 3348 1653 humiliterportaverant.
3377 1586 3486 1642 Vos

1909 1679 2108 1736 autem,
2141 1672 2228 1742 qui
2273 1671 2384 1727 hzec
2409 1673 2618 1726 Domini
2645 1673 2805 1728 verba
2849 1673 2929 1729 sic
2958 1673 3268 1745 intelligitis,
3295 1690 3489 1733 secun-

1909 1764 2035 1819 dum
2061 1775 2293 1819 vestrum
2325 1765 2650 1821 intellectum
2687 1766 2814 1821 satis
2840 1766 3168 1822 conﬁtemini
3197 1768 3370 1823 nullos
3401 1783 3493 1825 vos

1915 1855 2115 1910 habere
2156 1856 2462 1926 pr0phetas,
2493 1857 2584 1927 qui
2610 1866 2888 1911 venturum
2916 1856 3184 1912 Christum
3210 1857 3494 1929 propheta-

1911 1946 2085 2000 verint
2117 1964 2128 2000 :
2155 1955 2211 2000 et
2249 1946 2368 2001 ideo
2396 1947 2547 2002 vobis
2592 1963 2714 2002 eum
2758 1948 2895 2002 sicut
2934 1947 3198 2012 voluistis,
3245 1948 3490 2006 ﬁnxistis.

1910 2035 2042 2090 Nam
2079 2037 2122 2091 si
2162 2038 2324 2107 aliqui
2352 2039 2535 2104 vestri,
2567 2038 2758 2107 quibus
2800 2039 3012 2109 quidem
3052 2049 3334 2110 propterea
3364 2041 3496 2096 fides

1912 2125 2154 2181 habenda
2184 2143 2290 2182 non
2317 2137 2420 2196 est,
2452 2130 2574 2199 quia
2620 2146 2723 2184 non
2750 2130 2850 2184 nisi
2879 2145 2907 2182 a
2948 2131 3098 2186 vobis
3125 2131 3492 2200 proferuntur;

1911 2225 2086 2272 tamen
2109 2219 2152 2273 si
2173 2219 2332 2288 aliqui
2362 2229 2505 2286 sunt,
2528 2236 2661 2290 quos
2685 2219 2861 2275 dicere
2883 2221 3121 2276 audeatis
3146 2222 3496 2292 prophetasse

1909 2307 2178 2364 Christum
2221 2309 2350 2364 falsa
2388 2325 2549 2366 carne
2579 2321 2882 2378 venturum,
2929 2311 3059 2366 falsa
3097 2321 3268 2368 morte
3309 2329 3496 2384 passu-

1911 2415 2051 2465 rum,
2105 2399 2268 2457 falsas
2306 2402 2580 2457 cicatrices
2625 2401 2986 2457 dubitantibus
3023 2403 3299 2473 discipulis
3345 2407 3493 2461 obla-

1913 2500 2125 2558 turum;
2171 2510 2275 2547 non
2313 2494 2438 2548 dico
2479 2509 2544 2549 ex
2585 2493 2686 2549 hoc
2727 2495 2840 2564 ipso
2881 2511 3038 2565 quam
3069 2496 3172 2551 sint
3201 2497 3496 2554 detestandi

1911 2593 2070 2655 atque
2114 2585 2369 2656 fugiendi,
2411 2601 2675 2656 quamque
2717 2601 2821 2642 non
2866 2587 3072 2656 possint
3100 2602 3221 2644 esse
3257 2603 3491 2656 veraces,

1913 2679 2106 2748 quibus
2131 2679 2198 2734 dc
2223 2679 2504 2734 mendacio
2540 2679 2783 2735 Christus
2818 2680 2992 2750 placet
3016 2698 3028 2734 :
3057 2689 3116 2736 ut
3141 2681 3244 2736 hoc
3283 2697 3385 2736 non
3413 2682 3497 2736 di-

1913 2786 2052 2834 cam,
2080 2781 2225 2827 certe
2249 2780 2307 2827 ut
2329 2773 2505 2828 dicere
2525 2787 2813 2843 coeperam,
2844 2773 3139 2828 secundum
3163 2774 3317 2828 istum
3340 2774 3497 2828 intel-

1916 2862 2112 2918 lectum
2151 2871 2386 2918 vestrum
2428 2866 2569 2919 fures
2614 2863 2823 2919 fuerunt
2870 2864 3206 2932 et‘latrones,
3247 2865 3496 2935 quoniam

1914 2963 2037 3008 ante
2064 2953 2334 3010 Christum
2375 2963 2655 3021 venerunt,
2702 2955 2791 3024 qui
2831 2970 2952 3010 eum
2979 2964 3258 3010 venturum
3289 2970 3500 3026 quoquo

1916 3047 2076 3102 modo
2105 3047 2546 3117 przedicaverunt.
2584 3048 2749 3102 Porro
2774 3048 2818 3102 si
2856 3048 2944 3102 ille
2971 3047 3275 3102 intellectus
3299 3057 3382 3104 est
3406 3063 3499 3103 ve-

1916 3154 2029 3205 rus,
2050 3146 2109 3192 ut
2152 3139 2248 3208 ipsi
2281 3147 2405 3193 ante
2430 3137 2699 3193 Christum
2733 3137 2942 3193 venisse
2971 3137 3231 3204 dicantur,
3260 3139 3348 3208 qui
3380 3153 3501 3192 cum

1915 3229 2149 3295 Christo,
2180 3231 2229 3284 id
2258 3240 2358 3295 est,
2390 3245 2510 3285 cum
2543 3230 2714 3284 Verho
2745 3230 2836 3284 Dei
2865 3230 3046 3285 venire
3074 3232 3378 3296 noluerunt,
3407 3229 3501 3285 sed

1917 3336 2038 3375 cum
2066 3337 2158 3376 eos
2200 3336 2304 3376 non
2335 3321 2541 3376 miserit
2570 3321 2729 3386 Deus,
2769 3320 3042 3376 mendacia
3071 3336 3165 3376 sua
3203 3321 3502 3376 hominibus

1917 3413 2248 3467 attulerunt:
2280 3426 2373 3466 vos
2416 3427 2628 3482 quoque
2670 3412 2807 3481 ipsi,
2861 3413 3102 3481 quamvis
3146 3422 3264 3482 post
3307 3412 3502 3466 Christi

1917 3504 2218 3572 passionem
2243 3510 2296 3557 et
2327 3503 2775 3557 resurrectionem
2807 3503 2861 3555 in
2893 3501 2995 3556 hoc
3023 3501 3220 3555 mundo
3244 3502 3354 3556 nati
3384 3501 3502 3557 fue-

1918 3595 2054 3658 ritis,
2080 3593 2223 3647 fures
2249 3601 2302 3646 et
2330 3593 2564 3648 latrones
2585 3593 2747 3657 estis;
2780 3593 2902 3660 quia
2935 3593 3240 3662 priusquam
3269 3607 3364 3645 vos
3393 3592 3504 3660 ipse

1919 3685 2260 3750 illuminaret,
2306 3694 2366 3739 ut
2414 3685 2691 3739 veritatem
2741 3684 2906 3752 ipsius
2947 3683 3330 3754 praadicaretis,
3379 3691 3504 3739 ante

1919 3789 2039 3829 eum
2065 3775 2245 3829 venire
2273 3774 2534 3842 voluistis,
2564 3783 2624 3829 ut
2651 3783 2882 3830 vestram
2924 3773 3181 3829 fallaciam
3209 3775 3502 3844 iactantis.

1989 3865 2210 3922 CAPUT
2250 3865 2385 3920 Xlll.
2412 3896 2484 3906 —
2508 3866 2620 3920 Illic
2659 3874 2856 3930 autem,
2887 3865 2980 3920 ubi
3019 3865 3068 3921 ei
3111 3865 3309 3920 dictum
3349 3873 3434 3921 est
3473 3880 3505 3919 a

1919 3959 2136 4026 ludatis,
2173 3959 2248 4013 Tu
2273 3960 2333 4014 de
2359 3970 2404 4013 te
2425 3959 2744 4028 testiﬁcaris;
2771 3957 3107 4012 testimonium
3137 3967 3277 4011 tuum
3307 3974 3407 4012 non
3435 3966 3506 4012 est

1919 4067 2126 4117 verum;
2171 4066 2276 4105 non
2315 4052 2512 4105 mirum
2551 4059 2652 4115 est,
2706 4065 2812 4105 non
2855 4059 2905 4104 te
2946 4050 3125 4105 videre
3167 4060 3506 4120 prosecutum

1921 4156 2064 4206 eum,
2094 4150 2153 4194 ut
2170 4140 2372 4196 diceret
2397 4140 2464 4196 de
2489 4157 2548 4195 se
2575 4140 2926 4210 prophetasse
2953 4139 3168 4211 Moysen
3194 4157 3206 4192 :
3238 4154 3341 4195 non
3364 4141 3506 4195 enim

1922 4231 2087 4286 habes
2110 4233 2253 4300 pium
2284 4233 2514 4297 oculum,
2544 4245 2649 4301 quo
2689 4231 2741 4285 id
2783 4231 2955 4300 possis
2983 4230 3184 4285 videre.
3215 4229 3347 4284 Nam
3382 4246 3508 4286 ecce

1924 4327 2150 4397 idipsum
2187 4327 2328 4397 quod
2368 4327 2446 4380 eis
2480 4324 2791 4393 respondit:
2821 4338 3032 4392 nempe,
3086 4322 3152 4377 In
3200 4323 3307 4394 lege
3350 4332 3509 4378 vestra

1923 4420 2168 4488 scriptum
2196 4428 2288 4479 est,
2317 4419 2434 4487 quia
2454 4417 2671 4469 duorum
2694 4415 2951 4469 hominum
2978 4413 3311 4466 testimonium
3341 4431 3510 4467 verum

1925 4523 2016 4565 est.
2049 4511 2160 4581 Ego
2187 4527 2298 4564 sum
2318 4510 2402 4580 qui
2423 4509 2660 4578 testificor
2685 4509 2750 4562 de
2782 4523 2880 4571 me,
2907 4514 2955 4560 et
2982 4506 3278 4576 testiﬁcatur
3314 4506 3378 4560 de
3409 4523 3508 4571 me,

1924 4603 2010 4673 qui
2033 4618 2112 4655 me
2133 4602 2286 4664 misit,
2316 4599 2474 4654 Pater
2495 4598 2673 4664 (Joan.
2694 4614 2804 4661 vm,
2832 4599 2919 4662 i3,
2945 4598 3034 4664 17,
3058 4597 3151 4668 18)
3180 4615 3194 4650 :
3221 4596 3346 4666 quid
3372 4595 3510 4650 aliud

1925 4705 2082 4750 sonat
2109 4702 2258 4749 recte
2286 4691 2728 4762 intelligentibus,
2767 4691 2868 4745 nisi
2899 4690 3046 4744 illum
3079 4690 3295 4745 testium
3325 4704 3512 4743 nume.

1925 4801 2044 4842 rum
2078 4787 2128 4840 in
2168 4787 2284 4856 lege
2314 4784 2622 4855 prophetico
2648 4782 2835 4852 Spiritu
2865 4790 3236 4838 consecratum
3274 4789 3326 4837 ct
3359 4795 3510 4834 com-

1927 4879 2257 4943 mendatum,
2288 4885 2345 4932 ut
2373 4876 2532 4931 etiam
2562 4874 2640 4930 sic
2669 4875 3118 4945 prtenuntiaretur
3149 4873 3320 4928 futura
3355 4887 3510 4928 reve-

1929 4969 2055 5023 latio
2092 4969 2262 5023 Patris
2287 4975 2341 5022 et
2371 4966 2508 5032 Filii,
2539 4981 2766 5036 quorum
2801 4965 3026 5036 Spiritus
3065 4973 3146 5020 est
3174 4965 3224 5017 in
3255 4963 3342 5017 illa
3373 4963 3512 5017 inse-

1928 5061 2152 5133 parabili
2203 5060 2462 5114 Trinitate
2515 5057 2744 5126 Spiritus
2783 5056 3038 5110 sanctus?
3087 5054 3211 5110 Ideo
3255 5053 3510 5122 scriptum

1928 5161 2031 5217 est,
2063 5149 2127 5204 In
2167 5167 2252 5204 ore
2287 5151 2502 5203 duorum
2539 5149 2613 5201 vel
2640 5149 2792 5201 trium
2825 5148 3024 5200 testium
3063 5145 3211 5198 stabit
3235 5159 3382 5197 omne
3405 5159 3514 5196 ver-

1928 5243 2044 5296 bum
2073 5241 2252 5314 (Deut.
2284 5257 2397 5306 xrx,
2431 5241 2541 5308 15).
2571 5239 2816 5308 Alioquin
2855 5248 2910 5290 et
2934 5250 3072 5290 unus
3099 5235 3249 5290 testis
3276 5234 3514 5304 plerum-

1929 5351 2034 5406 que
2067 5351 2252 5390 vcrum
2293 5334 2440 5397 dicit,
2487 5343 2541 5388 et
2579 5332 2760 5402 plures
2801 5330 3112 5399 plerumque
3143 5329 3513 5384 mentiuntur:

1934 5430 2217 5500 potiusque
2247 5427 2506 5482 creditum
2537 5435 2620 5480 est
2664 5425 2714 5477 in
2743 5419 2963 5478 exordio
3002 5419 3123 5474 fidei
3152 5420 3391 5489 gentium
3421 5421 3512 5475 uni

1993 5592 2008 5622 ί
2048 5596 2195 5639 vetus
2216 5586 2369 5637 codex
2395 5581 2790 5632 Bernardinorum
2815 5579 3147 5630 Parisieusium
3171 5579 3321 5630 habet
3341 5578 3420 5629 hic
3442 5581 3515 5628 in-

1928 5660 2057 5701 serta
2082 5651 2299 5714 quaedam
2324 5661 2418 5714 non
2447 5645 2584 5704 mala,
2612 5643 2796 5714 scilicet
2835 5656 2847 5690 :
2896 5651 2996 5692 Non
3019 5647 3198 5705 prteter
3375 5653 3512 5714 uerte-

1929 5721 2059 5771 runt,
2073 5701 2184 5775 (fuia
2202 5723 2308 5760 cum
2325 5709 2408 5758 illo
2420 5701 2660 5756 venerunt.
2683 5711 2908 5776 Venturos
2922 5701 3167 5776 prtccones
3414 5709 3514 5776 etc.

1928 5764 2106 5824 Verum
2123 5776 2227 5824 hzec
2247 5779 2433 5832 sumpta
2459 5775 2571 5817 sunt
2594 5781 2657 5818 ex
2691 5764 2938 5829 Attgttslini
2961 5773 3166 5835 tractatu
3201 5764 3263 5813 45
3296 5765 3346 5828 in
3378 5770 3516 5812 Joan-

1931 5851 2058 5887 [1011].
