4016 6450
519 416 628 476 523

523 531 767 608 apostolo
821 525 1224 601 evangelizanti,
1273 539 1428 598 quam
1481 522 1691 595 populis
1741 519 2044 577 errantibus
2086 532 2117 572 a

523 629 715 706 quibus
768 628 883 698 ipse
934 623 1359 696 persecutionem
1413 617 1730 700 patiebatur.
1786 612 1903 670 Non
1953 613 2114 684 igitur

523 719 721 774 frustra
753 717 979 789 quodam
1026 713 1184 774 modo
1222 719 1563 770 consecratus
1591 715 1675 764 est
1720 706 1820 761 iste
1861 718 2114 764 numerus

525 809 738 864 testium
769 826 781 861 :
809 816 862 876 et
889 821 1011 870 cum
1049 804 1150 858 hoc
1188 802 1442 862 Dominus
1472 797 1770 870 respondit,
1812 812 1876 852 eo
1903 809 2115 870 quoque

525 899 642 967 ipso
682 898 900 968 intelligi
944 895 1110 952 voluit
1149 893 1218 947 de
1262 908 1320 948 se
1364 891 1713 969 prophetassc
1751 890 1987 962 Moysen.
2029 888 2114 950 Au

524 991 670 1045 forte
706 988 830 1048 inde
869 985 1283 1054 calumniantini,
1319 986 1441 1056 quia
1485 1000 1590 1038 non
1615 983 1709 1048 ait,
1753 982 1805 1038 in
1848 982 1962 1052 lege
1992 979 2110 1047 Dei,

526 1083 643 1150 sed,
674 1080 738 1146 In
769 1080 872 1152 lege
888 1089 1050 1136 vestra
1077 1078 1319 1150 scriptum
1341 1079 1452 1134 est?
1481 1076 1580 1132 Ubi
1611 1077 1858 1130 usitatam
1891 1073 2114 1130 locutio-

525 1191 645 1230 nem
679 1173 1069 1246 Scripturarum
1109 1171 1226 1241 quis
1269 1187 1377 1226 non
1405 1168 1694 1244 agnoscat?
1735 1165 1804 1222 In
1832 1167 1938 1235 lege
1971 1166 2112 1234 enim

522 1275 681 1319 vestra
710 1263 864 1329 dixit,
895 1262 1048 1322 vobis
1087 1261 1209 1322 data
1241 1260 1304 1330 (υ
1338 1260 1468 1316 Tim.
1504 1276 1564 1326 tt,
1602 1259 1655 1325 8,
1697 1267 1743 1311 et
1773 1255 1924 1312 Galal
1953 1273 1990 1321 ι,
2022 1256 2112 1324 il,

525 1356 615 1424 12)
647 1371 659 1408 :
689 1356 826 1414 sicut
849 1353 977 1410 dicit
1002 1352 1292 1426 Apostolus
1318 1350 1660 1422 Evangelintn
1686 1363 1863 1414 suum,
1894 1345 2034 1418 quod
2055 1359 2114 1404 se

526 1455 706 1510 tamen
736 1447 1010 1520 accepisse
1055 1452 1302 1510 testatur,
1349 1459 1454 1498 non
1498 1442 1566 1498 ab
1610 1441 1848 1507 homine,
1896 1439 1990 1495 sed
2020 1453 2114 1507 per

525 1536 906 1598 revelationem
951 1535 1078 1596 Jesu
1120 1533 1338 1590 Christi.
1399 1536 1475 1590 An
1524 1544 1576 1588 et
1621 1533 1891 1588 Christum
1938 1531 2113 1589 dicitis

531 1643 752 1702 negasse
778 1642 837 1699 se
863 1627 1062 1690 habere
1091 1625 1305 1686 Patrem
1334 1625 1522 1695 Deum,
1548 1624 1866 1693 ubicumque
1889 1638 1995 1678 non
2017 1623 2110 1690 ait,

530 1723 687 1794 Pater
739 1729 962 1785 noster;
1014 1717 1142 1786 sed,
1203 1716 1358 1776 Pater
1397 1727 1552 1774 vester
1609 1716 1820 1790 (Matth.
1875 1732 1960 1781 v1,
2005 1714 2109 1780 26.,

540 1813 629 1880 59.,
664 1808 794 1886 etc.)
815 1811 838 1864 ?
863 1809 979 1876 lam
1009 1825 1136 1868 vero
1168 1824 1351 1866 vocem
1388 1810 1552 1874 illam,
1585 1823 1741 1878 quam
1785 1821 2114 1862 commemo-

529 1904 656 1958 rasti
687 1903 825 1957 coelo
854 1901 1106 1965 delatam,
1139 1900 1238 1956 llic
1265 1910 1335 1954 est
1366 1899 1532 1954 Filius
1561 1915 1700 1956 meus
1735 1897 2112 1965 dilectissimus,

525 1997 710 2051 credite
729 1996 804 2052 illi
833 1993 941 2066 (Id.
975 2010 1054 2062 ιιι,
1087 1994 1174 2062 l7,
1202 2003 1246 2052 et
1271 2008 1405 2060 xvn,
1434 1992 1526 2063 5);
1559 1992 1682 2062 quia
1708 2006 1802 2048 vos
1830 2006 1936 2048 non
1962 1989 2114 2044 audi-

525 2088 643 2152 stis,
671 2087 836 2154 nolite
875 2087 947 2140 illi
974 2085 1215 2140 credere.
1247 2084 1301 2140 Si
1337 2093 1515 2138 autcm
1547 2083 1666 2140 ideo
1710 2083 1946 2147 creditis,
1991 2083 2114 2152 quia

524 2194 643 2238 eam
673 2180 726 2236 in
753 2178 1046 2249 Scripturis
1085 2178 1286 2238 sanctis
1332 2177 1631 2245 invenistis,
1678 2176 1748 2232 ibi
1794 2185 1876 2232 est
1915 2184 1971 2230 et
2014 2176 2114 2230 ista

525 2271 609 2326 cui
631 2270 853 2334 credere
885 2287 991 2330 non
1013 2271 1187 2338 vultis,
1223 2269 1291 2328 de
1317 2269 1530 2324 Christo
1565 2269 1841 2340 scripsisse
1868 2269 2112 2339 Moysen;

525 2366 597 2422 ibi
633 2367 752 2424 alia:
795 2367 998 2438 multis,
1026 2365 1219 2438 quibus
1258 2366 1458 2437 pariter
1494 2365 1651 2422 (idem
1688 2365 1985 2435 derogat'ts:
2019 2379 2116 2424 nec

527 2457 750 2526 timetis,
783 2457 989 2523 miseri,
1035 2473 1107 2516 ne
1153 2458 1225 2517 ita
1266 2457 1516 2531 profanus
1545 2458 1736 2528 aliquis
1764 2457 1924 2524 dicat,
1959 2457 2114 2511 istam

526 2563 714 2610 vocem
753 2549 972 2615 omnino
1017 2563 1124 2610 non
1171 2549 1415 2608 sonuisse
1444 2547 1511 2602 de
1552 2549 1725 2615 cmlo;
1751 2555 1806 2606 et
1846 2548 1984 2602 sicut
2020 2560 2116 2602 vos

526 2648 713 2700 contra
753 2640 980 2700 salutem
1007 2639 1215 2708 scitaris
1259 2638 1496 2703 humani,
1527 2653 1646 2712 qua:
1675 2637 1922 2694 omnibus
1943 2637 2116 2709 genti-

527 2729 628 2790 bus
669 2729 979 2802 evangelica
1026 2728 1341 2790 auctoritate
1385 2727 1680 2792 confertur,
1720 2727 1883 2784 etiam
1924 2728 1975 2782 in
2023 2742 2113 2782 ve-

528 2830 694 2886 stram
737 2821 1029 2894 perniciem
1077 2821 1545 2894 argumentamini,
1596 2836 1716 2876 cum
1770 2819 1945 2878 dicitis
1991 2835 2114 2889 proe

530 2923 713 2989 pterea
739 2929 843 2970 non
862 2928 982 2972 esse
1011 2913 1360 2977 credendum,
1392 2914 1534 2985 quod
1563 2912 2022 2974 dixeritChristus
2046 2913 2116 2974 de

527 3021 586 3070 se
614 3007 892 3080 scripsisse
920 3006 1160 3080 Moysen,
1187 3007 1309 3077 quia
1338 3009 1381 3062 si
1412 3009 1507 3060 hoc
1533 3007 1619 3064 ille
1647 3007 1874 3071 dixisset,
1907 3022 1994 3060 uec
2017 3004 2114 3060 Ju-

529 3097 627 3160 dwi
671 3107 832 3156 tacere
872 3099 1169 3167 potuissent,
1214 3099 1334 3170 quin
1381 3098 1570 3162 statim,
1615 3107 1786 3168 utpote
1815 3096 2024 3168 maligni
2067 3105 2116 3152 ει

528 3192 702 3262 astuti,
743 3199 1018 3262 autercrent
1056 3190 1298 3262 quidnam
1345 3189 1478 3244 illud
1527 3199 1670 3254 esset,
1717 3189 1854 3261 quod
1897 3189 1959 3242 de
1995 3205 2048 3244 se
2082 3206 2116 3254 α

530 3281 584 3338 Μ
593 3299 710 3354 oyse
739 3283 984 3351 scriptum
1011 3289 1211 3354 putaret
1235 3297 1253 3334 :
1277 3281 1354 3335 sic
1394 3289 1449 3336 et
1486 3279 1579 3334 ille
1602 3294 1767 3334 vanus
1795 3288 1848 3335 et
1875 3279 2115 3348 perditus

530 3372 692 3438 dicat,
719 3372 777 3429 Si
806 3372 874 3432 de
899 3372 1036 3430 ctelo
1057 3386 1158 3430 vox
1183 3371 1272 3426 illa
1293 3370 1584 3438 sonuisset,
1616 3382 1803 3424 omnes
1831 3367 1999 3423 Judaei
2026 3369 2116 3438 qui

529 3465 829 3532 audierant,
857 3460 1252 3520 credidissent?
1278 3459 1388 3520 Cur
1420 3475 1548 3530 ergo
1591 3473 1702 3516 non
1743 3458 2114 3528 consideratis,

531 3554 724 3620 insani,
771 3554 910 3612 sicut
950 3553 1063 3612 ﬁeri
1095 3552 1267 3622 potuit
1313 3559 1371 3604 ut
1415 3557 1469 3606 et
1514 3558 1632 3620 post
1667 3549 1812 3604 illam
1842 3549 2113 3606 caelestem

530 3660 716 3708 vocem
761 3644 900 3706 dura
941 3643 1242 3714 ludteorum
1284 3640 1571 3700 inﬁdelitas
1625 3650 1990 3711 permaneret;
2043 3640 2116 3696 ita

530 3738 645 3798 ﬁeri
673 3738 912 3814 potuisse
937 3746 994 3800 ut
1017 3750 1139 3794 cum
1166 3735 1416 3794 Christus
1442 3735 1643 3792 diceret
1665 3733 1730 3789 de
1754 3748 1813 3789 se
1838 3733 2116 3803 scripsisse

529 3828 769 3902 Moysen,
804 3829 908 3892 hoc
956 3827 1123 3900 magis
1165 3826 1391 3898 maligna
1443 3828 1636 3886 astutia
1680 3826 1928 3893 timentes
1973 3825 2116 3880 unde

528 3914 971 3974 convincerentur
1004 3911 1208 3976 audire,
1258 3911 1481 3966 omnino
1518 3926 1624 3968 non
1649 3918 1948 3984 quaererent
1989 3908 2115 3980 quid

529 4002 596 4070 de
613 4005 701 4066 illo
728 4002 1002 4074 scripserit
1027 4001 1273 4072 Moyses?

603 4095 827 4152 CAPUT
868 4093 1006 4148 XIV.
1036 4123 1106 4136 --
1130 4093 1238 4148 Sed
1281 4091 1418 4154 hanc
1447 4107 1554 4148 non
1599 4090 1771 4148 solum
1805 4090 2114 4161 sacrilegam

531 4185 791 4246 adversus
818 4183 1178 4258 evangelicam
1206 4183 1561 4249 sanctitatem,
1582 4197 1763 4238 verum
1781 4182 1939 4238 etiam
1961 4197 2116 4237 ener-

531 4292 649 4333 vem
677 4291 739 4331 ac
764 4275 992 4336 debilem
1023 4289 1142 4329 esse
1169 4272 1679 4343 argumentationem
1707 4273 1866 4328 sentit
1894 4281 1946 4326 et
1974 4271 2114 4326 Fau-

531 4377 676 4434 stus;
706 4377 865 4438 atque
897 4365 1251 4422 intentionem
1280 4378 1433 4419 suam
1487 4365 1538 4416 iu
1583 4362 1709 4418 illud
1762 4363 1933 4431 potius
1981 4377 2111 4418 con-

530 4459 651 4530 fert,
679 4471 845 4528 eoque
873 4471 933 4518 se
974 4455 1094 4534 plus
1132 4453 1299 4509 teneri
1348 4453 1497 4520 dicit,
1544 4453 1665 4526 quia
1702 4467 1916 4525 omnem
1967 4453 2115 4524 Moy-

528 4565 652 4612 seos
722 4549 1042 4620 scripturam
1095 4554 1361 4608 scrutatus
1416 4544 1587 4600 nullas
1647 4545 1716 4606 ibi
1772 4544 1840 4600 de
1905 4543 2115 4600 Christo

530 4639 835 4717 prophetias
863 4639 1082 4703 invenit.
1115 4637 1211 4692 Cui
1252 4638 1357 4692 cito
1385 4637 1703 4708 reSpondeo,
1734 4637 1855 4707 quia
1883 4652 1987 4692 non
2030 4638 2114 4691 in-

529 4731 752 4803 telligit:
781 4737 834 4800 et
873 4729 918 4794 si
945 4744 1039 4785 cur
1073 4743 1179 4783 non
1212 4727 1464 4798 intelligat
1494 4728 1771 4800 quisquam
1803 4728 2112 4801 quarsierit;

531 4819 887 4894 respondebo,
932 4819 1054 4891 quia
1097 4819 1332 4888 inimico,
1363 4820 1484 4890 quia
1535 4819 1758 4890 adverso
1787 4821 1802 4851 ²
1825 4820 2003 4876 animo
2033 4821 2114 4878 le-

525 4915 636 4990 git;
691 4914 814 4986 quia
845 4929 951 4969 non
979 4913 1098 4972 ideo
1123 4921 1386 4968 scrutatur
1403 4921 1460 4968 ut
1477 4912 1630 4982 sciat,
1653 4913 1746 4972 sed
1765 4914 1904 4986 quod
1922 4916 2110 4988 nescit,

525 5008 665 5072 scire
705 5021 763 5066 se
803 5014 971 5079 putat.
1017 5005 1141 5061 Haec
1177 5005 1527 5080 praesumptio
1558 5005 1770 5070 tumidte
1796 5008 2113 5078 arrogantia:

527 5098 744 5164 oculum
773 5097 948 5159 cordis
969 5097 1053 5152 vel
1078 5097 1294 5162 claudit,
1328 5104 1386 5156 ut
1410 5095 1628 5151 omnino
1659 5110 1765 5150 non
1788 5097 1996 5165 videat;
2027 5098 2111 5154 vel

529 5191 931 5270 distorquet,ut
961 5204 1209 5260 perverse
1236 5189 1434 5257 videat,
1466 5198 1520 5244 et
1548 5189 1687 5245 aliud
1717 5205 1813 5260 pro
1853 5191 1956 5246 alio
1983 5206 2111 5261 pro-

529 5283 620 5346 bet
645 5291 736 5338 aut
757 5281 1035 5352 improbet.
1072 5281 1147 5336 Tu
1186 5298 1283 5347 me,
1330 5281 1519 5350 inquit,
1552 5280 1694 5350 doce,
1723 5282 1845 5352 quid
1883 5292 1953 5338 est
1979 5284 2112 5352 quod

528 5391 606 5434 me
639 5378 764 5446 forte
792 5372 1034 5446 legentem
1073 5373 1364 5446 praeterierit
1385 5375 1447 5430 de
1476 5372 1582 5427 Deo
1613 5389 1672 5426 ac
1702 5372 1916 5428 Domino
1943 5383 2112 5430 nostro

529 5476 860 5520 memoratum
882 5465 937 5519 in
963 5465 1228 5534 Scriptura
1261 5465 1453 5537 Moysi.
1505 5465 1570 5520 Et
1614 5465 1698 5521 hic
1738 5467 1846 5521 cito
1886 5481 2112 5536 respon-

528 5557 706 5624 deam,
738 5559 928 5613 Totum
970 5568 1021 5614 te
1063 5558 1338 5628 praeteriit,
1370 5558 1492 5628 quia
1524 5567 1690 5613 totum
1719 5559 1842 5614 ille'
1871 5559 1938 5616 de
1961 5559 2114 5615 Chri-

530 5659 612 5714 sto
642 5651 871 5726 scripsit.
907 5651 1011 5712 Sed
1056 5653 1177 5722 quia
1211 5659 1380 5708 totum
1410 5652 1681 5711 discutere
1711 5663 1762 5710 et
1789 5663 2112 5726 pertractare

591 5808 609 5838 ι
644 5807 794 5855 Editio
811 5812 905 5867 Er.,
933 5819 1114 5856 averso.

589 5870 610 5902 ’
643 5869 781 5930 Editi,
804 5867 942 5919 illud.
964 5877 1016 5918 At
1039 5877 1164 5930 Mitt,
1187 5868 1285 5920 ille.
1355 5885 1372 5895 ‘

1337 407 1608 465 CONTRA
1647 401 1974 462 FAUSTUM
2017 397 2464 470 MANICIIJICUM,
2497 403 2554 459 S.
2595 404 2961 462 AUGUSTINI

3693 405 3810 466 524

2226 532 2331 574 non
2361 534 2662 589 possumus,
2691 520 2790 578 hoc
2819 524 2910 579 tibi
2948 523 3002 579 in
3040 523 3145 582 isto
3173 538 3358 596 opere,
3391 524 3439 582 si
3479 532 3666 596 potero
3692 524 3811 584 Do-

2224 611 2370 664 mino
2396 611 2700 681 adjuvante,
2750 615 2996 685 servabo,
3043 615 3184 687 quod
3229 619 3474 688 superius
3496 617 3627 684 dixi,
3657 626 3719 674 ut
3740 632 3813 674 ea

2221 701 2332 772 ipsa
2351 720 2466 776 qua:
2483 705 2549 760 ad
2571 707 3071 777 reprehendendum
3090 711 3264 781 eligis,
3279 711 3553 770 ostendam
3573 712 3640 766 de
3650 711 3815 768 Chri-

2221 802 2303 848 sto
2328 809 2446 850 esse
2474 800 2792 869 conscripta.
2821 801 2959 872 Quin
2985 801 3146 858 etiam
3172 804 3310 872 petis
3356 817 3426 858 ne
3471 802 3720 869 dixerim,
3747 812 3813 860 ut

2219 886 2436 955 imperiti
2477 890 2656 959 solent,
2701 891 2794 946 hoc
2833 893 3000 964 ipsum
3042 894 3164 950 satis
3185 910 3293 950 esse
3320 894 3586 950 deberead
3621 895 3808 964 ﬁdem,

2218 978 2335 1052 quia
2359 979 2583 1040 Christus
2606 983 2788 1048 dixerit
2808 985 2870 1044 de
2890 1001 2944 1042 se
2963 987 3222 1057 scripsisse
3245 985 3478 1058 Moysen.
3505 987 3658 1054 Quod
3687 988 3814 1058 qui-

2219 1069 2339 1124 dem
2369 1072 2412 1125 si
2435 1071 2573 1139 dico,
2606 1090 2712 1136 nou
2741 1083 2800 1140 ut
2827 1076 3125 1146 imperitus,
3144 1077 3238 1132 sed
3255 1087 3310 1132 ut
3328 1076 3492 1134 ﬁdelis
3517 1077 3670 1133 dico:
3691 1093 3808 1147 non

2219 1163 2395 1219 valere
2415 1175 2594 1226 autem
2622 1166 2722 1224 hoc
2746 1169 2814 1226 ad
2841 1170 3265 1229 convincendum
3293 1170 3556 1230 Geutilem
3590 1171 3675 1227 vel
3704 1171 3810 1228 Ju-

2217 1256 2414 1326 dznum,
2439 1266 2492 1312 et
2520 1273 2618 1328 ego
2663 1258 2862 1328 fateor;
2896 1262 2987 1319 sed
3013 1261 3270 1320 adversus
3307 1277 3422 1328 vos,
3467 1262 3556 1333 qui
3585 1276 3814 1333 quoque

2218 1351 2378 1406 modo
2407 1351 2619 1408 nomine
2648 1351 2952 1412 Christiano
2976 1355 3294 1425 gloriamini,
3323 1355 3452 1410 satis
3505 1369 3626 1411 esse
3680 1354 3810 1412 ido-

2217 1459 2375 1502 neum
2402 1458 2464 1498 ac
2489 1444 2853 1514 praevalidum,
2875 1454 2928 1502 tu
2945 1461 3154 1517 quoque
3165 1447 3270 1502 etsi
3289 1446 3381 1503 diu
3401 1446 3811 1516 tergiversotus,

2219 1545 2393 1596 tamen
2439 1546 2654 1592 coactus
2692 1551 2752 1594 es
2793 1539 3037 1596 conﬁteri
3063 1539 3270 1607 dicens,
3315 1537 3454 1596 Nolo
3496 1540 3627 1594 enim
3666 1554 3812 1594 nunc

2217 1629 2286 1686 ad
2320 1645 2398 1684 me
2424 1629 2685 1700 respicias,
2729 1646 2875 1700 quem
2904 1629 2972 1686 ad
2993 1629 3294 1687 credendum
3321 1631 3568 1702 professio
3594 1646 3707 1686 mea
3735 1630 3812 1698 [o-

2217 1721 2284 1774 cit
2305 1719 2595 1787 obnoxium,
2618 1730 2674 1775 ut
2699 1737 2800 1776 non
2820 1722 3008 1792 possim
3029 1739 3130 1777 non
3154 1722 3354 1777 credere
3371 1722 3417 1778 ei
3433 1739 3584 1790 quem
3596 1737 3812 1790 sequor:

2218 1810 2306 1865 sed
2335 1819 2458 1881 puta
2502 1827 2593 1865 nos
2635 1827 2751 1866 cum
2794 1811 2981 1867 Iudaeo
3021 1822 3258 1878 tractare,
3303 1821 3426 1882 puta
3450 1829 3565 1868 cum
3589 1810 3808 1868 Catili.

2219 1900 2422 1970 Quibus
2447 1902 2624 1958 verbis
2650 1903 2952 1970 ostendisti,
2986 1912 3039 1960 te
3083 1905 3318 1972 interim,
3365 1919 3490 1960 eum
3530 1919 3636 1975 quo
3665 1903 3813 1966 mihi

2219 2006 2358 2046 nunc
2379 2007 2465 2046 res
2488 2001 2590 2058 est,
2617 1992 2740 2064 quia
2771 2003 2822 2050 te
2851 1994 2915 2050 ad
2939 1994 3264 2054 credendum
3289 1995 3550 2066 professio
3562 2005 3651 2052 tua
3676 1995 3815 2052 fecit

2218 2080 2530 2151 obnoxium,
2556 2085 2684 2140 satis
2711 2100 2830 2142 esse
2856 2087 3156 2144 convictum
3187 2087 3258 2145 de
3280 2086 3498 2144 Christo
3523 2089 3814 2159 scripsisse

2218 2173 2469 2244 Moysen;
2504 2175 2625 2246 quia
2652 2176 2822 2248 ipsum
2854 2177 3126 2236 Christum
3158 2179 3263 2234 hoc
3286 2179 3506 2245 dixisse,
3539 2180 3592 2234 in
3623 2180 3811 2236 Evan-

2217 2265 2354 2335 getio
2375 2265 2628 2336 scriptum
2653 2277 2756 2332 est,
2791 2270 2940 2336 cujus
2968 2277 3078 2328 tam
3116 2270 3426 2339 praeclaram
3456 2279 3814 2342 “namque

2217 2357 2586 2414 auctoritatem
2627 2357 2947 2416 labefactare
2990 2376 3097 2420 non
3141 2361 3344 2418 arulas:
3371 2363 3494 2432 auia
3519 2372 3718 2420 etcum
3746 2363 3814 2422 id

2219 2465 2284 2506 ex
2309 2451 2524 2522 obliquo
2548 2451 2732 2520 audes,
2772 2452 3099 2510 difﬁcultatis
3129 2464 3235 2512 tua
3263 2470 3481 2525 pressus
3520 2458 3811 2527 attgustiis.

2218 2552 2273 2602 et
2313 2559 2538 2602 cernens
2566 2555 2759 2616 quanta
2789 2546 2940 2602 ruina
2988 2557 3039 2603 te
3065 2548 3260 2606 obruat
3283 2565 3404 2606 cum
3436 2549 3532 2606 tibi
3579 2550 3813 2617 dicitur.

2226 2635 2424 2690 nullam
2455 2650 2573 2692 esse
2600 2637 2914 2706 scripturam
2962 2639 3048 2694 cui
3071 2639 3139 2696 de
3167 2639 3322 2698 factis
3345 2650 3402 2696 et
3425 2640 3579 2700 dictis
3602 2641 3816 2701 Christi

2219 2723 2423 2794 ﬂagites
2454 2740 2572 2780 esse
2595 2727 2938 2797 credendum,
2965 2730 3011 2786 si
3037 2730 3324 2802 Evangelia
3353 2741 3459 2790 tam
3503 2743 3688 2792 satiate
3718 2734 3813 2792 la-

2219 2823 2373 2885 teque
2404 2818 2684 2874 notissinio
2707 2819 3032 2876 credendum
3061 2836 3180 2878 esse
3197 2837 3302 2877 non
3322 2834 3503 2894 putas;
3526 2834 3580 2879 et
3607 2826 3816 2884 timus

2217 2923 2287 2966 ne
2314 2910 2509 2964 amisso
2533 2910 2820 2966 Christiani
2863 2913 3093 2970 nominis
3121 2914 3280 2984 pallio
3307 2915 3448 2972 nuda
3473 2916 3680 2974 vanitas
3707 2933 3813 2974 ve-

2218 3010 2328 3060 ttra
2374 3003 2618 3060 omnibus
2665 3005 3006 3074 conspuenda
3048 3015 3101 3062 et
3143 3007 3452 3064 detestanda
3498 3019 3815 3078 ramaneat,

2218 3108 2406 3150 rursus
2435 3105 2486 3150 te
2513 3098 2750 3154 saucium
2783 3098 3035 3168 colligere
3057 3097 3288 3167 conaris,
3313 3099 3514 3156 etdicis
3528 3097 3669 3169 quod
3687 3101 3816 3160 istis

2218 3185 2490 3258 Evangelii
2521 3188 2698 3246 verbis
2735 3189 2848 3261 jam
2885 3199 2941 3248 te
2962 3191 3031 3248 ad
3058 3189 3383 3252 credenqu
3424 3191 3688 3262 professio
3711 3202 3816 3252 tua

2217 3277 2342 3334 fecit
2369 3279 2684 3336 obnoxium.
2723 3282 2811 3337 Sic
2834 3298 2964 3353 ergo
3007 3292 3058 3338 te
3097 3283 3332 3350 interim,
3361 3298 3480 3342 eum
3522 3299 3630 3354 quo
3656 3300 3815 3346 nunc

2217 3385 2339 3442 ago,
2395 3380 2569 3438 teneo,
2611 3372 2764 3441 ferio,
2796 3375 3022 3444 perimo,
3056 3375 3108 3430 id
3131 3383 3234 3444 est,
3265 3391 3502 3434 errorem
3536 3385 3683 3434 tuum
3713 3387 3815 3434 at-

2217 3477 2320 3532 que
2349 3463 2640 3531 fallaciam;
2671 3473 2726 3522 et
2767 3480 2901 3535 cogo
2942 3467 3093 3522 fateri
3139 3468 3208 3522 de
3255 3467 3469 3524 Christo
3517 3469 3816 3538 scripsisse

2218 3554 2432 3627 Moysen
2457 3575 2469 3610 :
2496 3556 2620 3628 quia
2645 3557 2746 3612 hoc
2773 3555 3041 3616 Christum
3067 3558 3263 3614 dixisse
3305 3560 3359 3616 in
3399 3560 3687 3628 Evangelia
3714 3561 3812 3618 le-

2218 3647 2377 3718 gitur,
2432 3647 2517 3702 cui
2565 3655 2615 3704 te
2654 3647 2721 3704 ad
2767 3647 3092 3714 credendum
3134 3648 3400 3719 professio
3425 3659 3512 3710 tua
3540 3650 3665 3708 fecit
3697 3651 3814 3710 oh-

2219 3741 2457 3799 noxium.
2488 3740 2621 3798 Cum
2663 3740 2847 3800 Iudaeo
2888 3757 3016 3798 vero
3062 3743 3144 3798 vel
3191 3742 3386 3800 Geatili
3434 3743 3479 3800 si
3523 3743 3652 3804 mihi
3704 3759 3816 3804 no-

2219 3845 2370 3888 cessc
2414 3829 2574 3887 fuerit
2622 3832 2927 3903 disputare,
2978 3833 3088 3902 iam
3139 3847 3298 3904 supra
3345 3833 3556 3899 ostendi
3607 3834 3817 3904 quibus

2220 3921 2393 3980 modis
2420 3937 2515 3994 pro
2544 3923 2678 3982 meis
2715 3925 2952 3995 parvulis
2992 3924 3199 3986 viribus
3239 3940 3326 3980 me
3363 3940 3523 3996 agere
3551 3935 3821 3995 oportere

2220 4015 2541 4072 existimem.

2293 4106 2517 4162 CAPUT
2556 4105 2673 4164 XV.
2706 4137 2776 4147 —
2802 4105 2911 4162 Nec
2956 4106 3087 4164 illud
3133 4121 3273 4177 nego
3315 4106 3383 4168 de
3423 4107 3636 4165 Christo
3681 4107 3822 4166 esse

2219 4203 2548 4274 prazdictum,
2583 4200 2723 4272 quod
2760 4209 2814 4255 tu
2855 4209 3104 4272 tanquam
3131 4201 3296 4265 facile
3319 4200 3664 4260 refellendum
3694 4199 3819 4258 ele-

2217 4296 2360 4366 gisti,
2393 4294 2478 4352 ubi
2503 4293 2643 4352 Deus
2671 4292 2903 4363 loquitur
2931 4293 2998 4348 ad
3022 4293 3258 4364 Moysen,
3287 4293 3504 4349 dicens:
3527 4289 3820 4347 Suscitabo

2219 4389 2320 4444 illis
2342 4386 2652 4458 Pr0plrctam
2669 4385 2732 4439 de
2762 4384 3000 4456 fratribus
3025 4385 3248 4456 ipsarum
3266 4385 3481 4442 similem
3504 4383 3592 4438 tibi
3621 4380 3818 4453 (Deut.

2219 4495 2371 4546 xvm,
2395 4479 2483 4546 15,
2512 4477 2623 4548 18).
2651 4477 2762 4532 Nec
2790 4491 2876 4532 me
2923 4484 3011 4544 tua
3053 4476 3196 4532 lauta
3231 4485 3285 4532 et
3315 4475 3488 4546 lepida
3515 4474 3816 4543 antitheto.

2219 4570 2416 4640 quibus
2453 4569 2652 4628 luteum
2691 4582 2998 4632 sermonem
3040 4569 3192 4639 quasi
3219 4569 3466 4626 colorare
3492 4581 3557 4624 ac
3580 4567 3823 4637 purgare

2219 4661 2454 4727 voluisti,
2485 4661 2595 4722 ullo
2637 4659 2806 4724 modo
2843 4661 2910 4718 ab
2956 4659 3058 4720 hac
3095 4659 3220 4726 ﬁdei
3248 4661 3480 4724 veritate
3500 4658 3820 4720 deterrent.

2219 4755 2545 4826 Comparaas
2573 4753 2714 4814 enim
2741 4753 3009 4811 Christum
3045 4763 3204 4824 atque
3228 4753 3468 4826 Manen,
3497 4760 3553 4809 et
3577 4752 3822 4822 cupiens

2218 4848 2590 4910 demonstrare
2617 4847 2924 4915 dissimiles,
2951 4854 3012 4904 ut
3035 4847 3104 4904 ob
3132 4847 3232 4906 hoc
3259 4862 3370 4906 non
3397 4846 3472 4904 de
3486 4844 3704 4906 GhriStO
3722 4845 3824 4900 vi.

2217 4941 2405 5002 deatur
2432 4939 2836 5010 intelligendum
2861 4953 2981 4996 esse
3007 4939 3151 5010 quod
3178 4940 3434 5009 scriptum
3464 4947 3565 5004 est,
3611 4937 3820 4998 Susci-

2219 5033 2330 5096 tabo
2372 5032 2476 5096 illis
2522 5030 2833 5102 Propltetaut
2859 5031 3077 5094 similem
3105 5031 3224 5097 tibi;
3267 5030 3562 5101 opposuisti
3593 5029 3826 5090 tibimet

2219 5141 2284 5180 ex
2301 5124 2529 5180 adverso
2542 5122 2703 5182 multa
2723 5124 3010 5192 contraria,
3038 5123 3182 5195 quod
3207 5124 3299 5186 ille
3325 5123 3508 5190 homo,
3530 5123 3619 5180 hic
3634 5123 3822 5192 Deus;

2218 5217 2306 5274 ille
2336 5225 2603 5287 peccator,
2648 5215 2735 5270 hic
2774 5225 3020 5282 sanctus;
3066 5217 3156 5272 ille
3197 5231 3263 5272 ex
3309 5216 3456 5277 coitu
3494 5223 3674 5280 natus.
3716 5215 3821 5273 hic

2217 5308 2508 5364 secundum
2535 5322 2632 5364 nos
2661 5324 2725 5370 ex
2751 5307 2978 5378 virgine,
3008 5306 3300 5368 secundum
3327 5323 3422 5362 vos
3448 5322 3576 5369 vero
3599 5321 3704 5364 nec
3737 5321 3824 5369 ex

2217 5403 2452 5474 virgine;
2487 5403 2576 5459 ille
2599 5401 2804 5460 alienae
2832 5402 2948 5464 Deo
2975 5401 3234 5462 Occiditur
3259 5403 3314 5460 in
3343 5410 3546 5467 monte,
3579 5399 3671 5459 hic
3702 5401 3826 5457 Pa-

2218 5495 2285 5556 tri
2314 5495 2626 5566 perplacent;
2669 5495 2866 5563 patitur
2908 5495 3118 5564 propria
3145 5495 3437 5558 voluntate.
3480 5494 3646 5562 Quasi
3674 5510 3828 5555 vel!)

2218 5603 2339 5642 cum
2387 5585 2560 5642 simile
2600 5585 2795 5655 aliquid
2838 5586 3050 5652 dicitur,
3096 5601 3160 5640 ex
3189 5587 3333 5642 omni
3363 5596 3514 5657 parte
3542 5595 3710 5656 atque
3737 5603 3816 5642 ex

2218 5679 2360 5734 omni
2390 5677 2550 5731 modo
2577 5677 2748 5732 simile
2776 5678 3097 5747 intelligatur
3121 5696 3133 5732 :
3157 5679 3278 5747 quia
3320 5694 3426 5732 non
3471 5693 3532 5733 ea
3573 5687 3815 5745 Inuitum,

2220 5786 2336 5840 qua:
2364 5771 2516 5824 unius
2545 5769 2889 5839 ejusdemque
2919 5779 3118 5825 natura:
3145 5780 3288 5836 sunt,
3320 5771 3567 5828 dicuntur
3590 5771 3735 5826 inter
3751 5787 3822 5829 se

2224 5878 2344 5920 esse
2373 5862 2585 5932 similia,
2613 5864 2749 5918 sicut
2773 5863 2968 5937 gemini
2997 5863 3260 5933 homines,
3292 5863 3374 5920 vel
3417 5863 3512 5919 lilii
3561 5867 3817 5936 parenti-
