4052 6424
564 364 670 425 3C7

566 476 709 550 quod
756 469 1069 529 dissimilem
1111 464 1382 524 ostendis?
1417 462 1547 517 Aliis
1587 458 1729 513 enim
1758 454 1932 511 causis
1960 462 2014 508 et
2059 466 2156 507 nos

566 543 794 626 similem
818 563 1165 620 ostendimus.
1196 562 1274 613 An
1302 555 1420 626 quia
1450 549 1709 622 propheta
1737 547 1910 602 dictus
1939 553 2038 610 est,
2068 543 2157 614 qui

568 673 624 720 et
650 664 811 716 homo
839 672 957 713 esse
986 656 1229 725 dignatus
1254 657 1373 715 est,
1405 653 1458 701 et
1483 652 1591 698 tam
1618 640 1783 697 multa
1812 638 1989 693 futura
2016 650 2157 706 prae-

568 752 741 809 dixit?
767 750 879 807 Nisi
908 748 1045 803 forte
1070 741 1212 800 aliud
1239 747 1322 796 est
1346 736 1625 808 propheta,
1646 746 1805 804 quam
1832 730 1996 785 homo
2021 726 2158 782 ultra

569 846 831 900 humanas
870 840 1201 909 conjecturas
1248 830 1424 886 futura
1472 821 1869 899 prtenuntians?
1906 820 2061 877 Unde
2104 828 2160 874 et

567 937 680 1006 ipse
710 934 777 989 de
802 947 860 988 se
888 932 1004 1000 ipso
1030 927 1104 982 ait
1127 942 1141 980 :
1170 922 1293 979 Non
1320 930 1393 977 est
1420 919 1666 990 propheta
1689 917 1798 971 sine
1823 915 2033 979 honore,
2059 910 2159 966 nisi

567 1001 621 1082 ίὶι
650 1025 815 1097 patria
840 1037 933 1076 sua
959 1016 1169 1091 (Matth.
1214 1030 1328 1077 xm,
1361 1013 1476 1081 57).
1508 1009 1613 1066 Sed
1653 1007 1721 1063 de
1750 1014 1802 1061 te
1830 1003 2042 1097 videro,
2068 1001 2159 1097 qui

569 1127 621 1174 te
648 1092 948 1172 convictum
977 1107 1133 1179 paulo
1161 1114 1285 1161 ante
1321 1101 1599 1159 confessus
1626 1113 1687 1154 es
1709 1138 1725 1165 ,
1769 1109 1891 1151 cum
1936 1092 2156 1159 dixisti,

567 1207 710 1280 quod
741 1215 793 1261 te
830 1202 897 1258 ad
941 1198 1266 1256 credendum
1312 1192 1600 1264 Evangelio
1625 1188 1888 1280 professio
1917 1196 2007 1241 tua
2035 1183 2162 1239 fecit

567 1275 855 1357 obnoxium
903 1310 918 1349 :
964 1292 1177 1349 Judwus
1220 1291 1334 1360 ipse
1383 1284 1635 1357 procedat
1673 1283 1725 1337 in
1766 1279 2022 1345 medium,
2066 1275 2159 1347 qui

569 1390 833 1448 cervicem
864 1402 894 1441 a
930 1386 1058 1456 jugo
1086 1381 1282 1436 Christi
1316 1379 1455 1435 male
1482 1378 1708 1433 liberam
1753 1373 1891 1429 tollit
1914 1413 1931 1437 ,
1958 1378 2013 1427 et
2039 1368 2161 1425 ideo

571 1483 673 1539 sibi
699 1480 872 1536 adhuc
896 1477 974 1532 fas
1000 1483 1149 1545 putat
1174 1473 1371 1535 dicere,
1404 1470 1658 1526 Mentitus
1686 1476 1770 1524 est
1792 1465 2035 1522 Christus
2068 1477 2161 1519 ve-

568 1582 716 1637 ster;
747 1569 878 1625 nihil
903 1567 970 1623 de
996 1566 1087 1620 illo
1111 1564 1323 1634 scripsit
1351 1562 1579 1631 Moyses.

641 1662 868 1720 CAPUT
905 1659 1050 1716 XIX.
1076 1687 1150 1698 —
1172 1657 1323 1711 Dicat
1346 1654 1475 1709 mihi
1507 1666 1665 1723 quem
1693 1649 2006 1721 prophetam
2037 1660 2164 1717 pro-

572 1753 780 1811 miserit
805 1752 968 1816 Deus,
1000 1764 1121 1804 cum
1149 1747 1224 1801 ait
1265 1744 1455 1815 Moysi,
1489 1741 1758 1798 Suscitabo
1786 1739 1891 1794 illis
1921 1738 2159 1809 PrOphe-

572 1855 677 1899 tam
704 1844 766 1897 de
806 1840 1045 1913 fratribus
1086 1852 1293 1904 eorum,
1336 1836 1465 1889 sicut
1510 1843 1593 1900 te,
1626 1832 1749 1899 vel,
1781 1830 1997 1885 similem
2037 1826 2167 1882 tibi!

571 1935 721 1991 Multi
777 1932 918 1989 enim
984 1928 1256 2001 prophetae
1306 1935 1491 1997 postea
1536 1923 1789 1989 fuerunt,
1840 1920 1934 1976 sed
1979 1920 2164 1989 utique

573 2044 738 2087 unum
767 2026 1051 2098 quemdam
1097 2020 1320 2091 intelligi
1345 2018 1531 2073 voluit.
1560 2017 1657 2072 Hic
1689 2015 1761 2078 ei,
1789 2012 1970 2079 credo,
2011 2010 2165 2065 facil-

574 2122 704 2177 lime
732 2125 977 2174 occurret
1004 2128 1284 2170 successor
1328 2111 1419 2165 ille
1446 2107 1651 2179 Moysi,
1682 2106 1772 2175 qui
1800 2102 2053 2175 populum
2098 2115 2165 2155 ex

575 2213 811 2284 Egypto
851 2209 1152 2271 liberatum,
1185 2206 1237 2259 in
1281 2211 1481 2258 terram
1520 2196 1890 2270 promissionis
1935 2191 2164 2248 induxit.

576 2308 747 2376 Quem
777 2303 1015 2375 cogitans
1039 2342 1053 2366 ,
1082 2313 1168 2355 me
1207 2297 1381 2353 adhuc
1425 2294 1652 2349 fortasse
1692 2289 1886 2345 ridebit
1925 2300 2169 2357 quaeren-

578 2408 688 2455 tem
714 2396 781 2451 de
809 2408 914 2464 quo
941 2392 1140 2447 dictum
1180 2390 1287 2456 sit,
1322 2386 1586 2442 Suscitabo
1611 2383 1714 2437 illis
1759 2379 2070 2451 PrOphetam
2099 2377 2170 2431 si-

579 2490 751 2545 milem
776 2487 902 2551 tibi;
928 2498 1050 2539 cum
1078 2481 1247 2551 legam
1291 2478 1410 2549 quis
1440 2476 1493 2531 in
1520 2473 1710 2529 eodem
1738 2484 1959 2526 munere
1983 2466 2169 2539 pepuli

576 2580 721 2636 illius
746 2575 965 2647 regendi
992 2582 1153 2642 atque
1190 2568 1417 2625 ducendi
1461 2565 1629 2637 Moysi
1668 2561 1924 2617 defuncto
1952 2573 2169 2614 succes-

576 2670 729 2727 serit.
757 2667 857 2735 Qui
881 2680 1003 2720 cum
1028 2677 1115 2719 me
1142 2661 1286 2716 velut
1308 2657 1610 2728 imperitum
1641 2653 1820 2710 riserit
1848 2651 2007 2721 (talis
2028 2650 2169 2706 enim

580 2768 636 2817 et
660 2775 691 2814 a
717 2757 914 2813 Fausto
937 2752 1309 2821 describitur),
1340 2764 1446 2803 non
1487 2746 1727 2802 desinam
1770 2742 2043 2798 hominem
2073 2739 2169 2794 ad-

584 2851 692 2907 huc
719 2850 878 2905 etiam
922 2843 1244 2913 compellare
1284 2842 1325 2906 ⁸,
1357 2848 1412 2895 et
1438 2854 1467 2894 a
1510 2850 1700 2893 securo
1741 2834 1853 2889 risu
1892 2831 1959 2888 ad
1988 2845 2170 2886 curam

584 2937 945 3012 respondendi
988 2948 1242 2991 revocare
1265 2973 1280 3000 ,
1311 2928 1603 3001 quaerendo
1643 2935 1803 2997 atque
1845 2921 2132 2993 ﬂagitando
2154 2959 2170 2986 ,

583 3049 684 3089 cur
710 3030 884 3087 eidem
929 3027 1032 3098 ipsi
1072 3024 1252 3080 futuro
1293 3038 1391 3079 suo
1416 3019 1731 3083 successori,
1765 3017 1817 3072 in
1845 3015 1997 3085 cujus
2025 3027 2173 3067 com-

578 3123 858 3199 paratione
906 3117 1239 3190 improbatus
1278 3123 1401 3181 est,
1434 3121 1491 3167 ut
1518 3127 1624 3168 non
1667 3112 1784 3181 ipse
1814 3104 2175 3163 introduceret

580 3195 835 3289 populum
867 3212 920 3267 in
970 3220 1167 3264 terram
1210 3204 1614 3278 promissionis;
1660 3217 1729 3257 ne
1773 3199 2027 3255 videlicet
2064 3195 2172 3251 Lex

581 3287 683 3379 per
707 3305 926 3376 Moysen
952 3315 1056 3357 non
1078 3299 1145 3356 ad
1172 3296 1507 3363 salvandum,
1538 3294 1633 3351 sed
1660 3292 1726 3348 ad
1751 3287 2172 3347 convincendum

582 3406 920 3470 peccatorem
967 3392 1122 3459 data,
1168 3389 1221 3445 in
1265 3401 1490 3458 regnum
1537 3385 1793 3441 caelorum
1837 3379 2176 3436 introducere

582 3468 859 3562 putaretur
897 3484 1078 3556 (Joan.
1111 3498 1149 3547 ι,
1179 3479 1293 3554 i7),
1322 3479 1413 3535 sed
1444 3476 1611 3549 gratia
1653 3484 1707 3531 et
1730 3474 1926 3530 veritas
1968 3486 2062 3543 per
2088 3468 2176 3562 Je-

586 3560 705 3636 sum
736 3577 1003 3634 Christum
1033 3573 1170 3629 facta
1201 3589 1215 3625 :
1247 3584 1480 3641 quaeram
1524 3582 1652 3639 ergo
1678 3582 1707 3619 a
1736 3564 1951 3629 Judaeo,
1983 3577 2078 3616 cur
2101 3560 2178 3615 ei-

588 3672 711 3727 dem
737 3671 835 3741 ipsi
876 3668 1051 3722 futuro
1079 3680 1176 3720 suo
1205 3662 1501 3719 successori
1541 3660 1750 3730 Moyses
1778 3672 1972 3712 nomen
1999 3661 2176 3709 muta-

584 3764 740 3818 verit.
764 3760 1063 3815 Vocabatur
1082 3755 1225 3812 enim
1250 3755 1394 3810 Ause
1410 3755 1454 3821 ²,
1478 3762 1530 3807 et
1548 3748 1834 3821 appellavit
1852 3762 1972 3802 eum
1994 3745 2176 3800 lesum

584 3852 778 3925 (Num.
808 3867 922 3915 xm,
958 3849 1015 3916 9,
1044 3857 1091 3904 et
1132 3862 1251 3913 xw,
1279 3846 1357 3917 6).
1384 3843 1491 3900 Cttr
1530 3843 1758 3912 denique
1783 3850 1909 3894 tunc
1935 3836 2175 3907 appella-

588 3944 743 4010 verit,
772 3940 984 4012 quando
1014 3956 1079 3994 ex
1120 3938 1361 3994 convalle
1406 3935 1613 3991 Pharan
1657 3931 1914 4003 prtcmisit
1936 3929 2003 3983 ad
2033 3942 2179 3982 eam-

590 4035 714 4091 dem
759 4042 954 4087 terram
980 4071 995 4096 ,
1037 4043 1143 4098 quo
1167 4038 1281 4083 erat
1320 4026 1546 4095 populus
1576 4024 1690 4093 ipso
1719 4021 1854 4075 duce
1878 4016 2177 4073 venturus?

586 4124 731 4182 Dixit
753 4122 894 4178 enim
917 4134 1079 4174 verus
1103 4119 1218 4187 ipse
1236 4116 1391 4171 Jesus
1417 4133 1429 4169 :
1454 4114 1522 4167 Et
1542 4114 1586 4167 si
1609 4115 1735 4178 iero,
1762 4121 1808 4164 et
1830 4122 2177 4181 prwparavero

587 4215 725 4271 vobis
761 4214 956 4277 locum;
995 4212 1177 4263 iterum
1204 4207 1398 4262 veniam
1419 4247 1434 4271 ,
1480 4214 1528 4259 et
1569 4219 1824 4257 assumam
1860 4218 1946 4256 vos
1987 4199 2055 4253 ad
2100 4215 2180 4253 me

586 4306 771 4379 (Joan.
792 4318 903 4370 xiv,
927 4302 1003 4371 Ξ).
1031 4300 1275 4367 Quaeram
1302 4297 1483 4361 etiam,
1514 4303 1689 4350 utrum
1712 4308 1817 4348 non
1846 4292 1967 4345 huic
1993 4289 2178 4359 ﬁgurae

586 4402 868 4451 attestetur
879 4391 1134 4464 propheta
1153 4390 1358 4455 dicens,
1378 4386 1515 4441 Deus
1537 4386 1598 4439 ab
1614 4384 1788 4455 Africo
1804 4383 1983 4447 veniet,
2001 4390 2047 4434 et
2068 4396 2179 4433 san-

588 4495 698 4542 ctus
727 4486 789 4539 de
815 4483 1027 4537 Pharon
1050 4480 1275 4548 (Habeo.
1302 4495 1379 4545 ιιι,
1402 4476 1457 4549 5)
1488 4494 1500 4531 :
1526 4485 1777 4546 tanquam
1804 4473 2024 4538 diceret,
2051 4472 2177 4541 Ejus

589 4576 822 4633 nominis
847 4574 1024 4629 veniet
1054 4572 1193 4627 Deus
1222 4578 1437 4626 sanctus
1459 4609 1474 4635 ,
1502 4567 1653 4637 cujus
1692 4566 1923 4621 nominis
1949 4577 2063 4620 erat
2088 4566 2177 4622 ille

592 4668 683 4739 qui
708 4666 854 4721 venit
881 4664 948 4718 ab
974 4662 1155 4718 Africo
1183 4661 1249 4716 de
1278 4659 1507 4725 Pharan,
1532 4657 1586 4712 id
1612 4664 1711 4722 est,
1736 4657 1912 4711 .Iesus.
1942 4656 2056 4711 Huc
2081 4671 2175 4711 ac-

590 4756 735 4813 cedit
757 4754 897 4826 quod
923 4754 1063 4809 idem
1087 4754 1261 4823 ipsum
1290 4750 1382 4805 Dei
1409 4749 1641 4803 Verbum
1672 4746 1981 4815 intelligitur
2010 4746 2172 4815 loqui,

590 4848 682 4904 ubi
722 4845 984 4918 promittit
1021 4842 1268 4898 eumdem
1310 4841 1473 4910 ipsius
1515 4838 1758 4910 Moyseos
1787 4849 2170 4901 successorem,

592 4956 689 5012 per
717 4953 872 5010 quem
903 4935 1130 5007 populus
1155 4935 1210 4989 in
1238 4942 1433 4987 terram
1464 4928 1830 5002 promissionis
1854 4927 2171 4993 mitteretur,

593 5031 812 5089 nomine
839 5029 1010 5100 angeli
1055 5043 1176 5083 eum
1221 5023 1524 5096 appellans;
1566 5022 1703 5077 sicut
1745 5020 1903 5076 etiam
1933 5020 2176 5075 homines

594 5123 794 5194 aliquid
837 5121 1140 5177 nuntiantes
1184 5119 1236 5171 in
1278 5116 1546 5187 Scriptura
1576 5112 1752 5167 divina
1795 5111 1969 5166 solent
1991 5111 2174 5181 appel-

596 5216 696 5269 lari
725 5233 736 5266 :
767 5221 821 5268 et
848 5213 919 5267 ita
948 5211 1093 5275 dicit,
1140 5207 1277 5262 Ecce
1314 5222 1404 5276 ego
1446 5206 1588 5258 mitto
1615 5203 1847 5275 angelum
1871 5219 2035 5257 meum
2062 5212 2177 5257 ante

597 5306 777 5374 [aciem
804 5313 963 5369 tuam,
994 5310 1048 5355 ut
1070 5307 1228 5355 servet
1258 5306 1305 5351 te
1329 5308 1381 5350 tn
1410 5296 1509 5363 via,
1539 5304 1585 5349 et
1616 5295 1823 5349 inducat
1847 5304 1893 5348 te
1915 5294 1969 5347 in
1989 5304 2177 5347 terram

591 5413 739 5466 quam
780 5394 955 5465 juravi
1002 5392 1089 5447 tibi
1129 5391 1170 5443 ³.
1201 5388 1414 5444 Attende
1442 5388 1568 5454 tibi,
1613 5395 1658 5441 et
1702 5387 1886 5441 obaudi
1924 5402 2075 5452 eum,
2116 5401 2178 5440 ne

658 5556 676 5587 ι
712 5560 811 5601 Am.
835 5559 910 5602 Er.
932 5558 985 5602 et
1005 5550 1189 5614 aliquot
1203 5556 1328 5610 Mss,
1357 5546 1653 5614 compellere.

660 5618 680 5680 ξ
714 5617 785 5665 sic
805 5624 908 5666 Mss.
928 5616 1068 5678 juxta
1090 5607 1217 5662 LXX.
1242 5619 1298 5660 At
1316 5607 1432 5680 'Aln.
1460 5607 1511 5680 'et
1530 5617 1603 5659 Er.
1623 5611 1763 5680 juxta
1788 5607 2052 5671 Vulgatam,
2086 5615 2176 5658 Vo-

594 5677 790 5729 cabatur
811 5672 1085 5727 eniniosee.
1111 5681 1239 5733 tom,
1272 5672 1532 5723 Vocabatur
1556 5672 1684 5722 enim
1705 5679 1863 5733 Josue.

1021 5730 1294 5802 prwparatn
1434 5735 1551 5788 Editl
1572 5746 1689 5785 vero
1710 5730 1791 5781 alii
1815 5740 1867 5782 et
1889 5739 2015 5781 Mss...
2035 5743 2180 5796 quam

592 5815 751 5873 mari
767 5813 866 5853 tua.

1414 345 1690 408 CONTRA
1729 335 2047 400 FAUSTUM
2076 335 2521 406 MANICHEUM,
2560 335 2618 395 S.
2660 332 3028 393 AUGUSTINI

3743 324 3863 385 528

2270 467 2373 505 non
2401 452 2578 504 credas
2617 450 2695 504 illi
2721 464 2740 503 :
2766 449 2894 502 nihil
2922 452 3051 501 enim
3092 443 3347 500 subtrahet
3377 440 3486 510 tibi,
3514 456 3695 496 nomen
3719 444 3866 497 enim

2266 560 2434 598 meum
2472 552 2545 598 est
2582 544 2636 596 in
2678 559 2735 596 eo
2780 540 2970 612 (Exod.
3006 555 3155 604 xxiii,
3184 538 3275 605 20,
3299 535 3414 607 2i).
3441 535 3576 603 Quid
3600 542 3682 589 est
3708 535 3815 589 hoc
3836 532 3866 587 ἲ

2264 634 2640 690 Perscrutctur
2683 632 2985 701 Scripturas
3032 631 3149 685 illas
3191 644 3298 684 non
3337 628 3446 699 jam
3486 625 3813 681 Maniehmus
3845 666 3865 693 ,

2263 727 2359 783 sed
2400 727 2514 797 ipse
2552 727 2713 781 etiam
2757 725 3007 789 ludatus,
3047 734 3103 779 et
3144 723 3319 778 videat
3357 730 3535 777 utrum
3579 719 3646 775 de
3675 719 3868 789 aliquo

2268 819 2474 890 Angelo
2506 820 2645 874 Deus
2673 818 2889 884 dixerit,
2924 815 3128 871 Nomen
3152 831 3317 869 meum
3338 822 3412 867 est
3436 812 3490 866 in
3517 811 3628 877 illo,
3658 811 3761 866 nisi
3789 810 3870 865 de

2266 908 2393 979 hoc,
2424 925 2583 981 quem
2612 908 3027 965 introductorem
3046 907 3099 961 in
3116 904 3489 976 promissionis
3519 912 3711 957 terram
3740 899 3899 978 pol-1

2265 999 2474 1055 licetur.
2507 999 2709 1055 Deinde
2733 1007 2938 1070 quaerat
2987 1000 3038 1051 ln
3068 994 3374 1050 hominibus
3401 994 3520 1063 quis
3548 990 3714 1063 Moysi
3741 1005 3870 1046 suc-

2264 1107 2447 1149 cessor
2474 1091 2830 1148 introduxerit
2858 1089 3140 1161 populum;
3164 1096 3219 1141 et
3243 1086 3475 1141 inveniet
3498 1084 3679 1139 Jesum
3708 1100 3723 1137 :
3751 1095 3867 1136 non

2265 1184 2368 1240 hoc
2394 1183 2462 1238 ab
2504 1183 2655 1237 initio
2695 1182 2817 1236 vitae
2846 1195 2976 1243 suae,
3026 1178 3121 1234 sed
3149 1176 3364 1232 nomine
3391 1182 3594 1230 mutato
3618 1170 3870 1244 appella-

2264 1280 2400 1329 tum.
2432 1273 2532 1342 Qui
2575 1287 2705 1343 ergo
2730 1272 2862 1326 dixit
2883 1313 2898 1338 ,
2943 1269 3147 1324 Nomen
3182 1284 3347 1322 meum
3387 1277 3458 1321 est
3485 1266 3537 1319 in
3574 1264 3665 1319 illo
3691 1263 3824 1320 Jesu
3848 1304 3866 1329 ,

2266 1366 2382 1438 ipse
2410 1376 2492 1422 est
2514 1381 2673 1421 verus
2699 1365 2877 1431 Jesus,
2909 1372 3086 1419 rector
3114 1370 3169 1417 et
3193 1361 3382 1416 ductor
3403 1359 3582 1430 populi
3609 1359 3661 1413 in
3687 1355 3870 1412 haere-

2265 1459 2485 1516 ditatem
2508 1458 2629 1513 vitae
2648 1466 2879 1521 aeternae,
2901 1454 3190 1510 secundum
3211 1452 3611 1508 Testamentum
3628 1447 3866 1511 Novum,

2265 1552 2420 1623 cujus
2466 1551 2631 1622 ﬁgura
2677 1558 2791 1605 erat
2829 1548 3227 1603 Testamentum
3271 1545 3458 1600 Vetus.
3500 1542 3577 1598 Ita
3600 1550 3868 1613 quantum

2267 1644 2457 1698 attinet
2482 1641 2549 1696 ad
2579 1640 2950 1710 propheticum
2976 1648 3310 1709 apparatum,
3341 1649 3439 1690 nec
3465 1633 3599 1705 geri,
3633 1646 3735 1688 nec
3755 1630 3871 1686 dici

2270 1732 2469 1803 aliquid
2509 1739 2692 1802 posset
2737 1729 3014 1799 insignius,
3042 1725 3469 1799 quandoquidem
3496 1739 3584 1781 res
3607 1722 3871 1794 perducta

2269 1833 2353 1881 est
2379 1839 2551 1895 usque
2575 1822 2641 1877 ad
2665 1822 2896 1877 nominis
2924 1821 3348 1891 expressionem.

2341 1917 2565 1973 CAPUT
2596 1916 2720 1971 XX.
2742 1947 2813 1957 —
2831 1916 3091 1986 Superest
3127 1924 3189 1969 ut
3212 1912 3428 1968 Judznus
3456 1909 3569 1979 ille,
3597 1910 3642 1965 si
3676 1909 3793 1965 vult
3812 1916 3874 1963 et

2270 2011 2325 2066 in
2368 2009 2682 2066 abscondito
2734 2009 2949 2064 Judaeus
2986 2023 3107 2063 esse
3150 2022 3258 2062 non
3302 2006 3509 2071 littera,
3541 2002 3636 2059 sed
3675 2001 3873 2073 spiritu

2272 2100 2463 2176 (Rom.
2488 2117 2547 2167 ιι,
2578 2098 2706 2173 29);
2739 2101 2782 2155 si
2810 2100 2924 2155 vult
2948 2099 3182 2171 reputari
3208 2112 3364 2154 verus
3392 2095 3649 2161 Israelita,
3678 2094 3734 2149 in
3761 2106 3874 2163 quo

2275 2192 2432 2248 dolus
2460 2206 2567 2246 non
2597 2201 2680 2246 est
2729 2190 2928 2260 (Joan.
2976 2207 3015 2257 ι,
3059 2189 3207 2261 47),
3255 2186 3564 2243 recordetur
3603 2187 3657 2240 in
3701 2184 3873 2254 ﬁgura

2273 2282 2419 2337 illum
2452 2292 2719 2336 mortuum
2751 2281 2958 2347 Jesum,
2986 2281 3076 2351 qui
3124 2278 3416 2334 introduxit
3444 2278 3497 2333 in
3529 2285 3726 2332 terram
3751 2289 3874 2329 mo-

2272 2373 2525 2427 rientium
2550 2413 2565 2439 ,
2595 2382 2648 2428 et
2693 2383 2945 2444 agnoscat
2972 2373 3025 2427 in
3067 2372 3294 2426 veritate
3331 2370 3505 2425 vivum
3531 2370 3737 2435 Jesum,
3766 2382 3877 2438 quo

2275 2464 2411 2520 duce
2440 2464 2600 2519 intret
2630 2465 2681 2519 in
2714 2474 2910 2520 terram
2946 2464 3256 2519 viventium.
3286 2461 3429 2517 Talis
3458 2462 3601 2517 enim
3626 2461 3737 2531 iam
3764 2475 3874 2514 non

2274 2555 2499 2611 acerbus
2544 2555 2760 2611 resistet
2804 2564 2912 2610 tam
2962 2555 3260 2626 perspicua:
3306 2553 3619 2624 prophetiae,
3666 2551 3762 2607 sed
3806 2567 3874 2607 ex

2276 2648 2788 2703 commemoratione
2816 2646 2943 2702 Jesu
2970 2647 3059 2717 qui
3091 2645 3384 2701 introduxit
3408 2646 3460 2699 in
3481 2646 3621 2699 illam
3646 2643 3879 2714 promis-

2276 2739 2444 2796 sionis
2474 2750 2693 2807 terram,
2727 2741 2872 2795 mitis
2908 2739 3149 2806 eﬂ‘ectus,
3180 2738 3358 2794 audiet
3381 2738 3491 2808 jam
3519 2738 3693 2807 ipsum
3720 2737 3880 2806 cujus

2278 2847 2474 2888 nomen
2505 2833 2592 2887 ille
2624 2832 2888 2897 habebat,
2920 2833 3097 2887 verius
3138 2831 3559 2885 introducentem
3588 2839 3645 2885 et
3687 2829 3880 2884 dicen-

2282 2932 2412 2986 tem,
2442 2923 2587 2977 Beati
2629 2925 2776 2978 mites
2800 2965 2816 2991 ,
2846 2924 3083 2994 quoniam
3109 2926 3209 2995 ipsi
3234 2924 3526 2978 litereditate
3550 2921 3881 2993 possidebunt

2281 3021 2465 3067 terram
2500 3012 2710 3081 (Matth.
2740 3029 2795 3079 ν,
2838 3014 2917 3081 4).
2947 3012 3044 3068 Hie
3079 3013 3187 3083 jam
3228 3016 3386 3067 etiam
3417 3013 3504 3068 ille
3536 3012 3799 3079 Gentilis,
3832 3014 3880 3067 si

2280 3117 2385 3158 non
2432 3104 2591 3158 nimis
2621 3103 2889 3174 lapideum
2916 3118 3010 3158 cor
3042 3090 3286 3168 haberet,
3316 3112 3409 3156 aut
3432 3103 3475 3157 si
3504 3117 3571 3157 ex
3600 3103 3705 3158 illis
3732 3112 3882 3158 esset

2282 3193 2549 3264 lapidibus
2594 3194 2662 3249 de
2688 3194 2879 3263 quibus
2906 3194 3127 3249 suscitat
3159 3194 3297 3248 Deus
3326 3192 3462 3248 ﬁlios
3486 3194 3714 3249 Abrahae
3744 3193 3764 3263 (
3788 3192 3879 3247 Id.

2280 3301 2372 3353 ιιι,
2419 3284 2498 3357 9),
2531 3300 2709 3340 nonne
2736 3274 3020 3341 miraretur
3074 3285 3126 3339 in
3157 3284 3331 3340 Libris
3376 3285 3606 3357 antiquis
3634 3285 3880 3355 ejusdem

2279 3377 2476 3447 gentis,
2508 3390 2573 3431 ex
2602 3392 2705 3446 qua
2735 3385 2892 3430 natus
2920 3375 3289 3445 perhiberetur
3313 3375 3493 3443 Jesus,
3527 3384 3631 3430 tam
3658 3374 3884 3431 eviden-

2280 3478 2389 3524 tem
2419 3468 2488 3524 de
2532 3469 2622 3523 illo
2664 3468 3019 3539 conscriptam
3050 3482 3170 3523 esse
3198 3468 3531 3539 prophetiam
3553 3508 3568 3534 ,
3618 3475 3677 3522 ut
3714 3468 3881 3522 etiam

2282 3574 2478 3615 nomen
2509 3559 2626 3629 ejus
2653 3559 3044 3629 exprimeretur
3076 3576 3090 3613 :
3121 3559 3384 3629 simulque
3421 3558 3493 3614 ibi
3533 3558 3841 3614 adverteret
3864 3600 3879 3625 ,

2283 3650 2727 3720 non'quemlibet
2771 3650 3042 3706 hominem
3085 3650 3395 3721 praedictum
3443 3649 3606 3705 fuisse
3650 3649 3835 3704 Jesum
3861 3692 3876 3715 ,

2282 3741 2378 3797 sed
2402 3742 2590 3811 utique
2620 3741 2808 3808 Deum,
2840 3756 2962 3796 cum
2992 3741 3047 3796 in
3088 3740 3305 3796 homine
3332 3740 3423 3796 illo
3450 3741 3539 3811 qui
3568 3739 3806 3809 regendo
3826 3748 3884 3794 et

2282 3831 2674 3887 introducendo
2703 3832 2756 3886 in
2797 3846 3020 3903 regnum
3067 3832 3265 3902 populo
3293 3831 3640 3896 constitutus,
3673 3839 3884 3886 mutato

2282 3925 2500 3979 nomine
2520 3924 2678 3980 Jesus
2700 3924 2998 3995 appellatus
3018 3936 3120 3991 εει,
3144 3940 3296 3979 suum
3323 3939 3515 3979 nomen
3536 3923 3715 3978 inesse
3737 3923 3883 3978 Deus

2286 4018 2532 4085 diceret,
2564 4032 2793 4087 eumque
2834 4016 3080 4089 angelum
3111 4016 3445 4084 nominaret;
3471 4030 3538 4072 eo
3575 4016 3692 4087 ipso
3733 4015 3881 4086 quod

2287 4118 2492 4166 mutato
2523 4110 2737 4165 nomine
2764 4109 3091 4175 mittebatur,
3117 4124 3366 4180 magnum
3385 4107 3583 4179 aliquid
3611 4108 3883 4164 divinum-

2282 4217 2389 4272 que
2437 4200 2809 4256 nuntiantem?
2853 4198 3112 4255 Nuntium
3153 4199 3350 4270 quippe
3397 4214 3569 4270 graece
3614 4198 3880 4269 Angelum

2282 4289 2385 4345 dici
2412 4330 2427 4356 ,
2475 4290 2593 4359 quis
2640 4289 2728 4344 illa
2774 4288 2951 4360 lingua
2990 4289 3076 4344 vel
3119 4289 3351 4344 tenuiter
3392 4289 3589 4344 tinctus
3629 4288 3883 4359 ignoret?

2282 4381 2637 4451 Quamobrem
2662 4381 2883 4452 quilibet
2906 4380 3153 4450 Gentilis,
3177 4381 3222 4436 si
3248 4395 3529 4450 pervorsus
3552 4388 3608 4436 et
3626 4381 3879 4451 pervicax

2282 4487 2402 4527 esse
2430 4471 2633 4537 nollet,
2680 4486 2785 4526 non
2816 4470 2937 4526 ideo
2966 4470 3159 4526 Libros
3187 4470 3308 4525 illos
3332 4479 3720 4537 contemneret,
3750 4471 3879 4541 quia

2282 4572 2464 4619 essent
2495 4563 2723 4627 Hebraei,
2755 4562 2906 4633 cujus
2952 4563 3127 4633 gentis
3156 4562 3274 4633 lege
3301 4577 3407 4617 non
3438 4571 3747 4617 teneretur:
3781 4562 3882 4617 sed

2280 4656 2565 4725 cujuslibet
2608 4656 2780 4726 gentis
2809 4656 2974 4710 libros
2999 4654 3119 4711 ideo
3146 4655 3322 4726 magni
3361 4654 3636 4725 penderet,
3670 4653 3797 4725 quia
3825 4653 3881 4709 in

2281 4746 2362 4801 eis
2383 4754 2532 4800 tanto
2552 4755 2675 4800 ante
2702 4745 3001 4814 conscripta
3029 4744 3312 4812 inveniret,
3333 4759 3453 4815 quae
3478 4744 3589 4801 suis
3608 4744 3718 4814 jam
3741 4754 3885 4799 tem-

2282 4837 2499 4906 poribus
2546 4835 2759 4905 impleta
2806 4845 3155 4906 cognosceret
3199 4853 3214 4890 :
3265 4836 3545 4905 ipsumque
3603 4833 3881 4889 Christum

2283 4926 2465 4982 Jesum
2495 4942 2603 4980 non
2634 4935 2915 4996 propterea
2946 4935 3248 4997 sperneret,
3277 4924 3401 4996 quia
3427 4925 3701 4981 Hebraicis
3729 4925 3882 4980 litte-

2282 5019 2357 5075 ris
2386 5020 2795 5089 praznuntiatum
2825 5018 3059 5083 videret;
3083 5018 3176 5073 sed
3202 5019 3378 5088 potius
3403 5033 3548 5083 eum,
3573 5018 3663 5089 qui
3686 5017 3883 5074 litteris

2282 5111 2630 5181 quibuslibet,
2662 5120 2946 5180 antequam
2974 5110 3117 5166 inter
3145 5109 3391 5166 homines
3415 5116 3748 5175 nasceretur,
3784 5126 3885 5180 per

2286 5210 2366 5257 t0t
2412 5203 2683 5257 volumina
2730 5202 3047 5257 saeculorum
3072 5244 3088 5269 ,
3122 5203 3310 5272 partim
3341 5202 3697 5273 apertioribus
3724 5203 3884 5257 testi-

2282 5294 2498 5358 moniis,
2533 5294 2721 5362 partim
2751 5309 2929 5348 rerum
2961 5303 3232 5364 gestarum
3258 5304 3310 5350 et
3338 5309 3648 5349 sermonum
3693 5294 3884 5365 ﬁguris

2283 5395 2336 5439 et
2380 5386 2729 5441 sacramentis
2759 5387 2829 5440 ita
2858 5387 3203 5456 pramuntiari
3250 5388 3720 5457 commendarique
3759 5403 3882 5442 me-

2284 5478 2498 5541 ruisset,
2527 5492 2650 5532 cum
2678 5479 2873 5546 ingenti
2899 5477 3251 5534 admiratione
3278 5491 3332 5535 et
3352 5479 3544 5535 devota
3574 5480 3840 5551 religione
3863 5482 3879 5512 ί

2283 5568 2592 5625 sectandum
2618 5569 3086 5640 venerantiumque
3106 5579 3371 5625 censeret.
3401 5570 3472 5624 lta
3500 5570 3576 5626 illi
3603 5587 3667 5626 ex
3695 5586 3882 5628 rerum

2283 5660 2705 5716 Christianarum
2741 5660 2850 5729 jam
2884 5662 3217 5728 praesentatis
3245 5661 3520 5720 effectibus
3544 5705 3559 5733 ,
3591 5664 3882 5722 Librorum

2355 5794 2375 5826 ι
2407 5801 2583 5843 omnes
2623 5798 2753 5854 Mss,
2775 5796 2822 5843 et
2843 5792 3000 5845 debita
3021 5791 3261 5865 religione.
