4052 6454
229 467 516 539 prophetia
561 481 684 524 vera
735 463 1050 536 probaretur
1081 481 1093 518 :
1124 478 1188 518 ex
1217 463 1499 519 Librorum
1540 479 1667 520 vero
1693 479 1815 534 pro-

226 561 414 631 phetia
443 559 684 614 Christus
727 555 982 612 colendus
1032 563 1428 625 agnosceretur.
1488 554 1629 608 Vana
1679 553 1820 622 loqui

229 652 481 721 deputer,
511 651 554 704 si
597 665 702 704 non
735 650 803 703 ita
834 649 1028 703 factum
1055 655 1156 712 est,
1201 647 1245 700 si
1273 643 1376 700 non
1405 645 1473 698 ita
1505 645 1584 708 fit,
1623 647 1665 699 si
1704 659 1808 698 non

225 742 285 796 in
313 758 433 798 eam
457 741 615 798 fidem
642 756 738 810 per
763 740 1069 794 universum
1100 737 1284 792 orbem
1312 744 1575 792 terrarum
1605 752 1819 791 eorum—

223 835 350 889 dem
381 833 666 888 Librorum
695 832 1006 887 r‘ecitatibné
1027 829 1377 885 concurritur.
1425 844 1427 846 ‘

297 922 532 979 CAPUT
561 921 707 977 XXI.
740 952 813 963 ——
837 920 988 977 Unde
1013 919 1326 974 mirabiliter
1365 919 1586 973 istorum
1628 927 1710 972 est
1744 917 1820 972 ri-

222 1017 404 1073 denda
427 1017 700 1083 vecordia,
723 1016 813 1086 qui
837 1025 1082 1084 tanquam
1111 1013 1436 1082 impossibile
1453 1028 1483 1066 a
1507 1013 1658 1067 nobis
1678 1028 1823 1082 qua:-

222 1118 388 1173 runt;
407 1108 676 1178 quomodo
703 1123 799 1178 per
821 1106 1125 1169 Iudaeorum
1142 1105 1342 1161 Libros
1379 1104 1534 1160 fidem
1562 1104 1820 1159 Christia-

221 1216 348 1255 nam
377 1201 507 1256 velit
526 1201 737 1256 discere
765 1199 926 1254 homo
953 1199 1200 1266 Centilis,
1223 1213 1344 1253 cum
1373 1205 1517 1252 tanta
1538 1196 1822 1256 devotione

223 1302 280 1346 et
321 1302 471 1348 tanta
518 1293 829 1348 celebritate
857 1307 1046 1346 omnes
1067 1299 1253 1362 gentes
1282 1291 1502 1345 istorum
1542 1289 1818 1344 Librorum

223 1383 342 1437 ﬁeri
373 1383 670 1453 discipulas
699 1383 922 1437 cernat.‘
956 1400 970 1436 :
998 1390 1068 1436 eo‘
1096 1381 1210 1450 ipso
1239 1375 1491 1435 nimirum
1517 1380 1708 1435 fortius
1734 1389 1817 1435 at-

222 1490 329 1544 que
379 1476 609 1540 firmius,
639 1474 780 1545 quod
821 1490 886 1527 ex
921 1472 1164 1528 manibus
1207 1471 1541 1526 inimicorum
1569 1483 1710 1526 tanta
1752 1471 1820 1526 de

224 1565 445 1621 Christo
493 1566 793 1621 testimonia
826 1563 1192 1636 proferuntur;
1223 1563 1275 1617 in
1307 1563 1496 1632 quibus
1527 1563 1644 1617 ideo
1673 1563 1816 1618 Gen-

224 1667 303 1712 tes
331 1673 454 1727 quze
486 1655 732 1720 ‘eredunt,
756 1651 900 1709 nihil
927 1654 1112 1710 de‘illo
1138 1653 1206 1708 ad
1235 1663 1442 1722 tempus
1472 1663 1688 1722 possunt
1719 1668 1817 1722 pu-

222 1748 336 1802 tare
366 1747 678 1812 confictum,
703 1747 825 1816 quia
849 1746 901 1800 in
924 1745 1004 1800 eis
1029 1743 1205 1799 Libris
1232 1745 1505 1798 inveniunt
1528 1743 1813 1809 Christum,

220 1839 416 1908 quibus
443 1853 474 1890 a
505 1847 583 1892 tot
613 1837 822 1892 sarculis
849 1836 1110 1903 serviunt,
1140 1836 1229 1906 qui
1258 1836 1636 1890 cruciﬁxcrunt
1665 1835 1820 1890 Chri-

219 1939 387 1993 stum,
417 1927 652 1998 e't'q'uos'
682 1929 734 1982 in
783 1937 931 1983 tanto
961 1923 1471 1998 apice'auctoritatis
1503 1926 1697 1984 habent
1731 1928 1816 1996 qui

220 2019 463 2090 quotidie
537 2016 931 2088 blasphemant'
974 2017 1265 2073 Christum.
1312 2017 1367 2071 Si
1420 2017 1562 2072 enim
1615 2018 1684 2072 ab
1740 2018 1819 2072 eis

223 2110 594 2180 proferrentur
638 2107 929 2180 prophetia;
981 2109 1049 2164 de
1099 2108 1312 2163 Christo
1373 2108 1464 2178 qui
1532 2108 1820 2178 praedicant

220 2203 532 2269 Christum,
585 2203 654 2257 ab
693 2203 773 2258 eis
794 2203 920 2272 ipsis
977 2199 1574 2270 conﬁctze‘putarentur
1621 2219 1634 2254 :
1681 2189 1819 2256 nunc

226 2293 467 2348 vero'id
521 2293 738 2364 exponit
797 2291 1238 2364 qni'przedicat,
1295 2290 1433 2361 quod
1488 2291 1674 2344 recitat
1730 2293 1816 2360 qni

231 2384 589 2455 blasphemat.
651 2383 732 2439 Ad
781 2384 1030 2452 aliquem
1087 2396 1316 2452 namque
1383 2395 1538 2434 usum
1607 2390 1814 2434 sancto-

230 2493 352 2532 rum
422 2475 726 2530 ordinatur.
766 2474 1212 2543 omnlscmcitas
1265 2473 1548 2542 impiorum
1594 2487 1623 2525 a
1677 2489 1822 2527 sum-'-

227 2582 319 2622 mo
346 2567 496 2631 Deo,
533 2567 622 2636 qui
655 2582 750 2636 pro
780 2567 862 2620 sui
903 2564 1176 2636 regiminis
1214 2565 1464 2633 aequitate
1495 2563 1631 2618 bene
1658 2563 1821 2618 utitur

228 2661 398 2717 etiam
427 2660 607 2727 malis,
639 2659 812 2730 utqui
851 2673 947 2713 suo
977 2658 1197 2712 arbitrio
1229 2655 1651 2728 injustevivunt,
1681 2656 1820 2709 illius

221 2752 420 2822 iudicio
447 2753 594 2822 justc
622 2751 1004 2821 disponantur.
1055 2749 1192 2819 Ergo
1237 2763 1305 2802 ne
1351 2745 1652 2802 testimonia
1699 2762 1822 2816 pro-

221 2844 421 2917 phetia:
451 2844 651 2900 Christi
693 2842 945 2898 nascituri
968 2883 982 2908 ,
1017 2842 1149 2896 mira
1183 2839 1381 2902 facturi
1403 2882 1416 2903 ,
1454 2839 1665 2908 indigna
1695 2854 1821 2908 pas-

225 2937 335 2992 suri
358 2978 375 3002 ,
424 2935 671 2990 morituri
694 2976 708 3000 ,
742 2934 1127 2998 resurrecturi,
1153 2931 1428 2987 ascensuri
1452 2973 1466 2998 ,
1495 2946 1591 3000 per
1627 2945 1822 3002 omnes

224 3039 413 3099 gentes
460 3027 814 3097 Evangelium
857 3025 978 3079 vitte
1022 3033 1237 3090 artcrnte
1280 3021 1714 3085 disseminaturi,
1748 3021 1820 3075 illi

235 3121 454 3174 tinxisse
487 3119 854 3183 crederentur,
886 3117 973 3186 qui
1022 3131 1142 3170 eum
1168 3113 1378 3184 populis
1404 3113 1818 3176 annuntiarent;

234 3229 488 3283 magnum
521 3210 722 3281 aliquid
749 3220 922 3266 actum
955 3217 1038 3263 est
1073 3207 1123 3260 in
1155 3221 1307 3261 usum
1337 3215 1578 3260 nostrum
1605 3204 1674 3260 de
1703 3205 1822 3260 inli-

228 3304 444 3358 delitate
463 3301 814 3366 Judi-orum,‘
836 3308 896 3356 ut
924 3299 1081 3356 iidem
1127 3297 1225 3368 ipsi
1250 3297 1338 3366 qui
1369 3297 1482 3351 lucc
1521 3305 1738 3367 propter
1764 3311 1822 3351 se

228 3412 329 3450 non
361 3395 628 3449 haberent
671 3393 722 3446 in
769 3391 1017 3446 cordibus
1041 3433 1055 3456 ,
1098 3397 1315 3459 propter
1345 3403 1444 3442 nos
1483 3387 1742 3457 haberent
1769 3387 1820 3441 in

226 3485 525 3540 codicibus.
559 3482 671 3537 Nec
701 3482 823 3535 inde
853 3480 1142 3534 auctoritas
1186 3479 1286 3532 illis
1324 3477 1497 3550 Libris
1544 3477 1818 3540 minuitur,

227 3577 362 3648 quod
403 3592 432 3629 a
479 3571 682 3630 Judzeis
730 3571 1282 3640 non'intelliguntur;
1315 3569 1422 3623 imo
1465 3577 1520 3622 et
1558 3578 1818 3642 augetur;

229 3684 348 3724 nam
377 3677 434 3723 et
484 3668 600 3738 ipsa
644 3680 828 3720 eorum
858 3664 1070 3718 caecitas
1113 3662 1182 3714 ibi
1227 3660 1477 3730 prmdicta
1519 3668 1620 3713 est.
1670 3657 1822 3718 Unde

225 3761 391 3829 magis
403 3771 511 3813 non
528 3753 865 3825 intelligendo
878 3752 1152 3812 veritatem
1168 3749 1448 3821 perhibent
1464 3748 1818 3802 testimonium

228 3849 442 3907 veritati
471 3865 487 3902 :
520 3847 640 3915 quia
672 3860 792 3900 cum
822 3859 916 3899 eos
945 3843 1132 3897 Libros
1163 3858 1268 3895 non
1299 3841 1622 3909 intelligunt,
1649 3855 1680 3893 a
1705 3841 1822 3909 qui-

223 3943 323 3999 bus
351 3956 461 3996 non
488 3938 808 3994 intellecturi
839 3935 1075 4008 praedicti
1103 3933 1434 4000 sunt,-etiam
1465 3931 1589 3986 hinc
1613 3948 1706 3987 eos
1730 3947 1821 3986 ve-

224 4049 387 4090 races
412 4032 714 4087 ostendunt.
780 4035 784 4038 ‘

243 4165 246 4168 ~
295 4123 530 4182 CAPUT
567 4122 724 4177 XXII.
753 4151 827 4162 —
846 4119 978 4175 Hinc
1005 4127 1086 4173 est
1113 4127 1164 4173 et
1191 4116 1338 4182 illud,
1373 4115 1528 4186 cujus
1557 4114 1814 4185 ambigui-

227 4228 331 4275 tate
361 4219 593 4274 Faustus
613 4215 813 4271 fallitur
836 4231 850 4267 :
877 4212 1254 4267 Videbisivitam
1281 4219 1417 4263 tuam
1439 4208 1753 4278 pendentem,
1773 4215 1818 4260 et

229 4328 324 4365 non
345 4309 523 4364 credes
545 4309 656 4362 vitta
680 4316 780 4361 tuae
806 4305 984 4376 (Deut.
1031 4319 1216 4367 xxvnt,
1257 4300 1370 4372 GG).
1421 4300 1550 4367 Qua:
1574 4301 1738 4364 verba
1766 4307 1818 4353 et

227 4403 377 4456 aliter
400 4414 560 4469 posse
591 4397 846 4468 intelligi,
895 4402 1066 4464 potest
1097 4391 1289 4461 aliquis
1315 4391 1492 4446 dicere
1525 4408 1538 4442 :
1571 4389 1637 4444 de
1660 4387 1815 4454 Chri-

229 4501 306 4546 sto
327 4501 508 4545 autem
556 4503 662 4543 non
711 4501 868 4558 posse
893 4484 1143 4554 intelligi,
1177 4498 1274 4536 nec
1296 4480 1520 4535 Faustus
1548 4495 1708 4534 ausus
1733 4487 1814 4534 est

229 4582 424 4650 dicere,
448 4595 549 4635 nec
579 4579 855 4649 quisquam
882 4589 1102 4646 prorsus
1145 4572 1386 4634 audebit,
1442 4571 1538 4624 nisi
1586 4570 1672 4640 qui
1723 4584 1816 4624 nc-

229 4673 425 4743 gaverit
452 4680 548 4726 aut
573 4658 841 4724 Christum
863 4683 986 4744 esse
1009 4667 1170 4721 vitam
1190 4705 1204 4727 ,
1235 4673 1325 4732 aut
1363 4678 1391 4715 a
1431 4661 1627 4716 Jndaris
1647 4660 1816 4715 visum

231 4778 343 4822 esse
371 4762 728 4833 pendentem,
751 4767 840 4813 aut
859 4773 952 4812 eos
977 4756 1048 4810 illi
1073 4771 1176 4810 non
1200 4753 1511 4809 credidisse.
1533 4750 1662 4806 Cum
1687 4765 1816 4806 vero

233 4865 282 4911 et
299 4856 409 4925 ipse
436 4854 614 4920 dicat,
647 4851 754 4923 Ego
771 4867 884 4905 sum
911 4850 1008 4902 vita
1033 4845 1210 4918 (Joan.
1242 4861 1350 4911 xw,
1379 4844 1467 4915 6);
1491 4852 1543 4898 ct
1571 4858 1691 4898 cum
1719 4857 1813 4913 pe-

234 4948 478 5018 pendisse
501 4952 713 5001 constet
735 4952 859 4997 ante
870 4941 1052 4995 oculos
1074 4953 1176 4993 non
1193 4939 1242 4992 ei
1259 4936 1586 4993 credentium
1599 4935 1812 4991 Judazo-

237 5054 377 5104 rum;
409 5052 516 5091 non
570 5034 727 5090 video
753 5049 849 5088 cur
878 5031 1120 5086 dubitare
1161 5028 1536 5096 debeamus,id
1567 5027 1728 5083 etiam
1748 5026 1815 5082 de

239 5129 442 5187 Christo
496 5128 776 5198 scripsisse
829 5125 1010 5190 illum,
1056 5123 1124 5177 de
1164 5136 1268 5190 quo
1301 5119 1546 5176 Christus
1575 5120 1683 5186 ait,
1716 5117 1814 5173 Ille

240 5221 361 5273 enim
387 5222 450 5273 de
470 5235 550 5280 nte
567 5218 775 5286 scripsit
807 5214 916 5284 (Id.
947 5230 997 5274 v,
1028 5211 1139 5284 47).
1183 5211 1413 5266 Proinde
1441 5212 1485 5266 si
1515 5210 1655 5280 quod
1685 5210 1814 5265 serio

244 5323 380 5381 ptum
403 5321 508 5374 est,
528 5309 796 5364 'Suscitabo
825 5308 895 5361 eis
924 5303 1230 5374 Propltetant
1257 5303 1320 5357 de
1345 5304 1583 5371 fratribus
1610 5301 1814 5356 illorum

244 5407 443 5458 similem
469 5403 555 5456 tibi
577 5443 592 5467 ,
620 5399 902 5455 ostendere
925 5404 1146 5452 conatus
1173 5404 1255 5450 est
1292 5394 1520 5449 Faustus
1540 5409 1642 5447 non
1660 5407 1813 5464 posse

244 5497 303 5551 de
326 5492 777 5570 Christoiutelligi
798 5532 814 5556 ,
846 5491 964 5561 quia
992 5487 1236 5543 Christus
1261 5485 1424 5556 Moysi
1473 5485 1661 5538 similis
1709 5499 1812 5536 non

245 5597 345 5652 est,
373 5597 425 5642 et
455 5596 633 5640 tamen
661 5599 725 5639 ex
749 5581 890 5636 omni
923 5589 1071 5650 parte
1099 5577 1370 5634 convictus
1394 5583 1508 5638 est;
1540 5573 1663 5644 quid
1682 5589 1816 5642 opus

249 5690 316 5733 est
342 5681 389 5733 in
422 5679 523 5732 hoc
555 5674 856 5734 testimonio
883 5672 1122 5727 laborare
1149 5669 1172 5722 ?
1198 5670 1301 5723 Aut
1327 5675 1491 5732 certe,
1523 5665 1655 5720 sicut
1685 5665 1818 5720 dixit

304 5818 317 5847 ¹
352 5818 419 5864 sic
444 5824 542 5863 Am.
571 5819 624 5862 et
649 5809 814 5872 ilures
833 5815 942 5858 Mss.
968 5814 1020 5855 At
1041 5811 1096 5853 Er
1121 5812 1172 5853 et
1191 5811 1321 5864 t.ov.,
1351 5808 1562 5852 cernant.

471 5900 696 5960 Ssacr.
742 5899 1017 5955 Aucvs'r.
1065 5889 1228 5949 Vlll.

1477 351 1680 406 LlBER
1717 349 1984 408 SEXTUS
1997 350 2338 410 BECIMUS.

3405 351 3509 411 330

1932 463 2199 520 Christum
2225 464 2450 520 similem
2474 480 2577 520 non
2608 480 2727 522 esse
2751 465 2952 540 Moysi,
2983 477 3040 523 ut
3070 463 3211 532 illam
3240 468 3509 526 refelleret

1933 555 2259 626 prophetiam
2282 573 2297 622 ;
2317 557 2392 612 sic
2412 559 2570 614 etiam
2594 568 2651 613 ut
2671 559 2806 614 hanc
2831 561 3055 626 refellat,
3084 561 3506 616 dicatChristum

1932 664 2034 704 non
2059 664 2179 705 esse
2203 650 2361 704 vitam
2383 692 2398 717 ,
2428 651 2507 706 vel
2544 652 2610 705 in'
2647 650 2934 722 conspectu
2969 649 3272 709 Iudaeorum
3306 657 3410 708 non
3460 655 3508 708 ei

1931 742 2259 797 credentium
2284 757 2386 797 non
2418 744 2749 815 pependisse.
2774 746 2904 800 Cum
2932 756 3110 802 autem
3137 745 3238 801 hoc
3262 746 3351 801 ille
3403 739 3508 800 non

1929 834 2158 899 dixerit,
2194 850 2291 890 nec
2339 835 2496 890 hodie
2540 837 2813 906 quisquam
2842 854 3026 892 eorum
3057 836 3263 893 audeat
3290 837 3468 893 dicere
3492 879 3507 900 ,

1929 925 2056 979 nihil
2102 935 2183 980 est
2222 939 2314 980 cur
2369 941 2639 982 moremur
2680 927 2816 984 hanc
2864 933 3076 1000 quoque
3106 929 3174 984 de
3203 919 3432 984 Domino
3457 943 3512 984 et

1927 1016 2202 1072 Salvatore
2228 1025 2411 1071 nostro
2452 1017 2576 1072 Iesu
2603 1017 2816 1073 Christo
2873 1019 3054 1074 famuli
3093 1019 3210 1088 ejus
3257 1019 3506 1088 amplecti

1929 1106 2279 1178 prophetiam.
2333 1113 2398 1164 At
2445 1111 2584 1165 enim
2634 1111 2771 1165 inter
2799 1119 2991 1166 czetera
3019 1110 3297 1166 maledicta
3324 1117 3379 1164 et
3405 1109 3507 1163 hoc

1929 1201 2155 1270 positum
2178 1209 2278 1256 est.
2306 1201 2440 1254 Num
2471 1201 2592 1256 ideo
2622 1215 2726 1255 non
2755 1207 2839 1255 est
2866 1201 3164 1270 prophetia;
3184 1209 3371 1255 cumet
3396 1214 3520 1254 cte-

1928 1299 2038 1345 tera
2065 1332 2078 1356 ,
2112 1291 2251 1346 inter
2274 1307 2392 1361 qua:
2435 1293 2665 1360 positum
2709 1300 2824 1356 est,
2857 1291 2988 1344 nihil
3017 1291 3122 1345 sint
3154 1285 3309 1346 aliud
3348 1305 3506 1360 quam

1926 1383 2218 1452 prophetia:
2242 1383 2265 1436 ?
2292 1385 2395 1436 Aut
2441 1383 2561 1437 ideo
2591 1397 2697 1436 non
2727 1390 2808 1436 est
2855 1381 2922 1437 de
2949 1381 3162 1437 Christo
3187 1381 3467 1452 prophetia
3487 1423 3504 1447 ,

1923 1475 2047 1543 quia
2071 1475 2158 1528 illa
2188 1464 2306 1544 quae
2336 1475 2385 1528 iu
2418 1483 2484 1528 ea‘
2507 1475 2732 1528 lectione
2758 1474 2837 1529 vel
2863 1473 3342 1544 ~pt‘tncedcntia'vel
3379 1468 3509 1528 con-

1925 1569 2198 1637 sequentia
2251 1576 2626 1630 contexuntur,
2667 1567 2798 1621 nihil
2853 1567 3118 1636 pertinere
3165 1565 3412 1621 videntur
3436 1566 3505 1620 ad

1925 1660 2192 1741 Christum
2221 1661 2244 1715 ?
2269 1661 2427 1728 Quasi
2456 1675 2583 1714 vero
2603 1659 2885 1729 quidquam
2909 1659 2978 1740 sit
3005 1658 3154 1729 peius
3171 1657 3317 1712 inter
3341 1653 3510 1712 male-

1923 1738 2084 1818 dicta,
2117 1771 2234 1822 qua:
2263 1753 2462 1810 Judaris
2488 1769 2581 1822 pro
2608 1753 2799 1808 merito
2819 1738 3089 1821 superbze‘
3108 1749 3394 1820 impietatis
3419 1764 3509 1804 ac-

1923 1843 2167 1899 ciderunt
2187 1887 2202 1910 ,
2256 1858 2414 1914 quam
2447 1843 2626 1898 videre
2655 1844 2815 1897 vitam
2847 1857 2995 1898 suam
3018 1883 3032 1908 ,
3068 1840 3118 1895 id
3169 1851 3283 1906 est,
3312 1839 3508 1896 Filium

1927 1933 2018 1987 Dei
2049 1933 2365 2003 pendentem
2385 1975 2398 1999 ,
2428 1941 2480 1988 et
2510 1949 2615 1988 non
2641 1932 2860 1988 credere
2889 1933 3012 1987 vita:
3052 1925 3205 1986 sure.-
3229 1921 3508 1986 Maledicta

1923 2024 2064 2078 cnim
2087 2069 2102 2090 ,
2129 2030 2250 2080 cum
2276 2041 2340 2080 ex
2363 2009 2947 2096 prophetia'dicuntur,
2975 2038 3077 2077 non
3120 2011 3240 2076 sunt
3269 2021 3337 2078 de
3365 2012 3508 2076 malo

1921 2102 2046 2171 voto
2078 2101 2436 2187 imprecantis,
2459 2116 2552 2171 sed
2569 2117 2637 2171 de
2659 2115 2884 2186 praescia
2907 2115 3092 2184 spiritu
3114 2104 3504 2168 denuntiantis.

1922 2205 2052 2260 Nam
2096 2207 2186 2261 illa
2238 2223 2356 2277 qua:
2384 2207 2450 2262 de
2476 2197 2616 2262 malo
2660 2208 2783 2262 voto
2809 2205 3506 2276 sunt,~proliiliemur,-eum

1917 2296 2134 2352 “dicitur.
2161 2297 2464 2364 B’cnedicite,
2492 2305 2538 2350 et
2562 2297 2716 2351 nolite
2739 2296 3038 2350 maledicere
3064 2293 3239 2366 (Rom.
3262 2309 3359 2359 xu,
3389 2292 3502 2362 M).

1925 2389 2049 2445 Haec
2075 2401 2252 2445 autem
2281 2406 2422 2460 sche
2450 2390 2794 2446 inveniuntur
2822 2389 2874 2443 in
2897 2402 3144 2446 sermone
3168 2395 3503 2451 sanctorum,

1922 2483 2060 2538 sicut
2105 2483 2376 2552 apostolus
2404 2483 2625 2547 Paulus,
2673 2481 2998 2541 Alexander,
3037 2479 3257 2550 inquit;
3291 2478 3504 2532 aerarius

1923 2574 2084 2628 multa
2108 2565 2242 2628 mala
2269 2575 2392 2628 mihi
2419 2569 2672 2638 ostendit;
2719 2571 2892 2627 reddet
2931 2570 3010 2626 illi
3044 2570 3294 2623 Dominus
3331 2584 3508 2622 secun-

1924 2663 2045 2716 dum
2074 2680 2226 2735 Opera
2246 2681 2337 2718 sua
2360 2663 2425 2734 (ll
2458 2663 2588 2716 Tim.
2613 2661 2695 2727 ἰν,
2728 2661 2840 2734 14).
2895 2661 3026 2716 Nam
3073 2659 3198 2714 illud
3254 2669 3505 2728 tanquam

1924 2754 2286 2810 stomachatus
2314 2764 2367 2810 et
2393 2755 2696 2824 indignatus
2717 2755 2877 2808 etiam
2903 2751 3043 2806 male
3059 2738 3284 2820 optasset
3299 2749 3508 2803 videtur

1923 2846 2233 2914 Apostolus,
2269 2828 2474 2901 Utinam
2500 2854 2549 2899 et
2585 2844 2948 2898 abscinduntur
2987 2840 3073 2912 qui
3097 2857 3184 2895 vos
3209 2840 3508 2893 conturbant

1927 2937 2119 3012 (Galat.
2148 2955 2200 3002 v,
2236 2938 2322 3010 12)
2359 2939 2371 2992 !
2421 2919 2572 3004 Quod
2601 2938 2783 3006 utique
2813 2936 2856 2990 si
2886 2933 3194 3012 consideres
3224 2944 3507 3002 personam

1925 3029 2228 3095 scribentis,
2255 3031 2422 3099 magis
2458 3043 2581 3083 eum
2631 3025 3030 3097 elegantissimo
3081 3024 3330 3094 ambiguo
3371 3021 3508 3078 bene

1925 3107 2139 3191 optasse
2169 3121 2446 3190 intelliges.
2475 3119 2612 3175 Sunt
2638 3118 2779 3174 enim
2825 3115 3120 3186 spadones,
3151 3114 3238 3183 qui
3267 3127 3326 3169 se
3363 3113 3508 3182 ipsos

1925 3213 2265 3267 absciderunt
2309 3219 2524 3281 propter
2551 3194 3057 3280 regnum-etelo'rum
3100 3204 3314 3276 (Matth.
3372 3218 3500 3266 χιχ,

1926 3303 2033 3374 lii).
2063 3302 2212 3370 Quod
2240 3303 2291 3355 in
2339 3301 2420 3355 his
2448 3315 2660 3371 quoque
2681 3298 2857 3354 verbis
2883 3297 3110 3352 Faustus
3135 3295 3417 3364 sapuisset,
3452 3293 3498 3348 si

1927 3397 2070 3466 pium
2101 3395 2332 3465 palatum
2356 3393 2421 3448 ad
2445 3407 2598 3448 escas
2619 3391 2914 3446 dominicas
2935 3389 3217 3443 attulisset.
3247 3386 3333 3442 Sic
3362 3387 3507 3442 enim

1925 3472 2103 3544 sonuit
2126 3487 2352 3544 fortasse
2372 3485 2569 3542 Iudaeis
2589 3483 2775 3554 ,‘quod
2806 3483 3002 3536 dictum
3033 3491 3110 3534 est
3138 3521 3152 3545 ,
3195 3479 3391 3534 Videbis
3433 3480 3511 3532 vi.

1926 3561 2180 3634 tamtuam
2202 3570 2527 3649 pendentem,
2557 3585 2602 3628 et
2632 3561 2730 3629 non
2767 3557 2936 3628 credes
2975 3575 3089 3626 vita:
3117 3581 3237 3634 tuw;
3267 3579 3323 3624 ut
3368 3570 3508 3624 inter

1926 3673 2098 3728 minas
2117 3671 2200 3726 vel
2221 3670 2374 3724 dolos
2393 3669 2628 3722 hostium
2657 3681 2876 3722 suorum
2904 3666 3062 3719 vitam
3091 3679 3238 3718 suam
3265 3662 3507 3716 videntes

1925 3780 1989 3820 ex
2033 3752 2241 3817 incerto
2265 3743 2527 3829 pendere,
2555 3739 2788 3810 victuros
2825 3770 2886 3810 se
2916 3740 3034 3809 esse
3064 3769 3170 3807 non
3199 3752 3500 3808 crederent.

1925 3853 2028 3909 Sed
2059 3851 2196 3905 filius
2225 3848 2495 3918 Evangelii
2535 3862 2655 3900 eum
2690 3845 2857 3910 audit,
2883 3842 2985 3898 Ille
3008 3844 3138 3896 enim
3164 3843 3226 3895 de
3260 3858 3339 3894 me
3377 3843 3506 3896 scri-

1925 3947 2060 4015 psit,
2105 3944 2160 3997 in
2193 3942 2294 3996 hac
2347 3941 2459 4009 ipsa
2509 3937 2848 4005 ambiguitate
2886 3933 3165 3988 sententiae
3195 3931 3338 3986 videt
3378 3930 3506 4011 quid

1925 4036 2204 4108 Propheta:
2229 4033 2402 4104 porcis
2431 4015 2729 4101 projiciant,
2757 4027 2879 4096 quid
2907 4026 3211 4080 hoininibns
3229 4025 3450 4078 innuant
3481 4040 3496 4078 ε

1923 4127 2294 4200 statimqueilli
2313 4123 2660 4181 occurritvita
2684 4121 2956 4174 hominum
2969 4118 3214 4172 Christus
3240 4116 3500 4188 pendens,

1923 4225 2077 4293 eique
2101 4235 2204 4274 non
2226 4216 2504 4273 credentes
2524 4211 2714 4278 Judaei,
2731 4211 2799 4266 ob
2815 4210 2915 4264 hoc
2937 4210 3105 4277 ipsum
3128 4209 3247 4276 quia
3268 4207 3503 4277 penden-

1925 4324 2030 4368 tem
2056 4309 2259 4366 vident.
2291 4308 2358 4362 Et
2381 4306 2514 4359 alius
2533 4303 2746 4374 quidem
2778 4302 2966 4370 aliquis
2995 4299 3099 4354 cito
3124 4299 3346 4365 diceret,
3366 4300 3506 4353 inter

1924 4414 2114 4459 extera
2145 4398 2424 4456 maledicta
2451 4411 2569 4466 quae
2595 4396 2646 4448 in
2674 4393 2760 4447 illa
2811 4392 3035 4447 lectione
3085 4392 3151 4444 ad
3204 4390 3402 4459 aliquid
3438 4389 3506 4444 de

1922 4496 2135 4552 Christo
2165 4483 2560 4561 intelligendum
2591 4473 2695 4540 non
2724 4485 3021 4555 pertinent,
3066 4482 3165 4535 hoc
3213 4481 3385 4535 solum
3435 4481 3505 4534 ibi

1923 4604 2042 4644 esse
2069 4587 2134 4640 de
2159 4583 2389 4646 Christo,
2405 4578 2544 4648 quod
2571 4579 2825 4646 seriptmn
2843 4583 2944 4640 est,
2981 4572 3177 4626 Videbis
3200 4574 3348 4625 vitam
3368 4583 3505 4624 tuam

1924 4678 2219 4752 pendentem
2242 4716 2258 4741 ,
2289 4683 2336 4728 et
2375 4687 2473 4726 non
2504 4670 2673 4724 credes
2717 4668 2828 4721 vita:
2855 4676 2974 4720 tuae.
3004 4666 3181 4735 Neque
3222 4666 3363 4720 enim
3394 4664 3504 4718 fieri

1923 4787 2027 4826 non
2063 4777 2240 4839 posset
2268 4777 2324 4818 ut
2356 4765 2492 4817 inter
2521 4761 2729 4815 diversa
2759 4759 3035 4813 malediCIa
3061 4773 3178 4828 quae
3220 4757 3383 4825 impio
3408 4771 3507 4826 po-

1924 4862 2049 4933 pulo
2081 4857 2384 4929 prophetica
2432 4851 2945 4924 przennntiabantur,
2977 4850 3083 4903 hoc-
3103 4843 3314 4918 quoque
3343 4861 3506 4916 pone-

1923 4963 2087 5006 retur.
2121 4949 2226 5003 Sed
2253 4962 2370 5016 ego,
2402 4953 2455 5000 et
2481 4944 2570 5013 qui
2602 4956 2808 4996 mecum
2838 4941 3109 5011 aliquanto
3131 4939 3380 4996 attentius
3409 4953 3503 4991 co-

1921 5047 2088 5117 gitant
2117 5040 2470 5110 evangelicam
2512 5037 2656 5091 illam
2701 5034 3127 5102 dominicamque
3155 5031 3469 5086 sententiam
3489 5071 3502 5092 ,

1925 5153 2024 5209 qua
2050 5151 2151 5189 non
2175 5134 2266 5199 ait,
2289 5132 2378 5186 llle
2402 5129 2542 5184 enim
2565 5138 2616 5182 et
2640 5127 2706 5181 dc
2729 5141 2812 5179 me
2839 5126 3081 5208 scripsit;
3109 5131 3167 5178 ut
3191 5134 3245 5177 et
3264 5122 3362 5177 alia
3377 5132 3504 5191 qua:

1926 5228 1992 5284 ad
2023 5226 2288 5282 Christum
2312 5219 2728 5290 non’pcrtinent,
2748 5216 3024 5284 scripsisse
3049 5213 3358 5268 crederetur
3377 5231 3388 5265 :
3409 5211 3504 5268 sed

1923 5323 2027 5386 ait,
2063 5320 2135 5372 De
2163 5309 2241 5371 ine
2261 5316 2391 5369 enim
2406 5314 2494 5368 ille
2513 5311 2733 5380 scripsit;
2755 5319 2807 5362 ut
2829 5322 3041 5361 omnem
3070 5307 3344 5374 scriptura:
3367 5307 3506 5361 illius

1925 5410 2271 5468 intentionem
2301 5404 2522 5460 nonnisi
2547 5403 2611 5456 ad
2640 5396 3032 5462 intelligendam
3061 5397 3256 5450 Christi
3277 5399 3504 5466 gratiam

1926 5498 2304 5574 perscrutando
2334 5496 2766 5553 consuleremus;
2796 5492 2954 5544 etiam
2985 5501 3172 5544 cretera
3207 5490 3257 5543 in
3293 5491 3392 5543 'illa
3425 5491 3501 5542 lc-

1924 5598 2098 5651 ctione
2128 5590 2406 5646 maledicta
2434 5595 2648 5656 propter
2683 5583 2952 5637 Christum
3010 5583 3256 5651 prmtlicta
3284 5574 3500 5649 'cogno‘

1993 5793 2008 5823 ¹
2043 5789 2189 5848 Editl,
2231 5782 2483 5848 superbire.
2522 5789 2574 5831 At
2599 5789 2721 5841 vss,
2745 5791 2979 5843 superate.

2842 5866 3106 5940 (Om-re.)
