4016 6422
584 330 680 388 33f

585 447 779 499 scimus
809 439 979 512 :quod
1012 455 1149 495 nunc
1175 437 1457 496 ostendere
1486 440 1533 494 si
1557 438 1710 493 velim
1730 476 1744 503 ,
1767 434 1923 490 nimis
1945 434 2156 503 longum

582 536 704 593 erit.

654 622 879 683 CAPUT
919 622 1182 679 XXIIL—
1222 620 1369 678 Unde
1398 627 1597 675 tantum
1627 620 1777 675 abest
1804 627 1860 673 ut
1886 616 1991 671 hoc
2020 615 2159 685 quod

584 717 812 774 Faustus
838 713 1301 777 commemoravit,
1333 717 1612 781 propterea
1661 724 1767 763 non
1809 708 2068 778 pertineat
2094 705 2159 759 ad

585 807 872 871 Christum,
899 806 1019 877 quia
1066 805 1204 859 inter
1232 808 1428 857 castera
1473 800 1751 855 maledicta
1787 799 2017 869 positum
2046 805 2158 862 est;

582 909 643 957 ut
669 915 769 957 nec
793 901 908 971 ipsa
935 907 1126 955 caetera
1155 902 1357 951 rectum
1410 893 1643 950 habeant
1668 892 1993 948 intellectum
2016 931 2031 955 ,
2061 888 2162 944 nisi

586 992 650 1049 ad
682 992 881 1047 Christi
919 990 1141 1062 gloriam
1162 1030 1181 1056 ,
1210 1003 1311 1058 qua
1341 987 1523 1058 generi
1567 985 1803 1040 humano
1830 983 2126 1039 consulitur
2144 1023 2158 1046 ,

585 1083 895 1154 prophetata
924 1079 1254 1137 referantur:
1284 1089 1481 1149 quanto
1506 1076 1675 1145 magis
1695 1075 1797 1130 hoc
1814 1075 1837 1129 7
1857 1072 2007 1141 Quod
2037 1081 2090 1127 et
2117 1072 2161 1126 si

591 1174 711 1229 talis
738 1171 925 1227 fuisset
967 1170 1205 1241 Moyses,
1238 1176 1295 1223 ut
1336 1166 1479 1222 aliud
1509 1165 1673 1223 corde
1712 1164 1923 1220 intuens
1946 1204 1963 1229 ,
1989 1162 2039 1218 id
2069 1177 2163 1218 ore

587 1264 865 1329 tunderet;
897 1261 1099 1317 facilius
1124 1276 1245 1316 eum
1276 1259 1506 1314 dicerem
1549 1256 1893 1326 prophetasse
1923 1253 2166 1309 nescien-

586 1363 726 1417 tem,
758 1365 915 1423 quam
938 1366 1061 1407 cum
1087 1349 1325 1405 audirem
1363 1346 1562 1418 popqu
1587 1345 1889 1402 Judzeorum
1931 1343 2160 1406 dictum,

597 1444 799 1500 Videbis
825 1444 975 1498 vitam
996 1451 1136 1496 tuam
1162 1439 1478 1512 pendentem,
1510 1447 1559 1492 et
1584 1453 1683 1491 non
1702 1436 1872 1491 credes
1896 1436 2009 1489 vita:
2027 1443 2126 1487 tute
2146 1474 2160 1498 ,

584 1537 655 1592 de
678 1534 889 1592 Christo
906 1531 1273 1604 prophetatum
1306 1542 1575 1600 negarem.
1600 1527 1782 1596 Neque
1798 1525 1939 1581 enim
1968 1522 2071 1578 hoc
2086 1523 2165 1577 in-

593 1629 839 1685 tuebatur
862 1627 1041 1681 animo
1063 1622 1313 1693 Caipbas,
1340 1620 1481 1692 quod
1516 1636 1581 1675 ex
1608 1618 1787 1675 verbis
1814 1618 1932 1688 ejus
1959 1615 2163 1671 intelle-

587 1727 729 1773 ctum
758 1726 859 1784 est,
893 1731 1013 1771 eum
1042 1713 1310 1769 Christum
1337 1721 1391 1764 ut
1416 1710 1691 1765 inimicum
1714 1721 2039 1780 persequens
2058 1747 2073 1772 ,
2092 1706 2167 1760 ait

588 1808 840 1880 expedire
864 1815 924 1862 ut
959 1820 1094 1861 unus
1131 1803 1288 1858 homo
1334 1811 1650 1866 moreretur,
1698 1814 1766 1854 ne
1807 1796 2009 1869 periret
2058 1804 2163 1849 tota

586 1915 739 1971 gens.
783 1897 885 1955 Ubi
937 1896 1273 1966 Evangelista
1313 1892 1569 1961 subjecit,
1601 1892 1703 1945 hoc
1748 1904 1872 1945 eum
1918 1904 2025 1943 non
2050 1902 2081 1940 a
2108 1901 2165 1941 se

583 1991 805 2056 dixisse,
832 1987 927 2043 sed
951 2001 1071 2042 cum
1093 1994 1236 2041 esset
1257 1981 1489 2053 pontifex
1518 1980 1866 2051 prophetasse
1891 1976 2067 2050 (Joan.
2085 1990 2160 2043 ιι,

586 2082 804 2151 4951).
834 2078 942 2136 Sed
960 2078 1168 2148 Moyses
1219 2090 1324 2130 non
1364 2082 1480 2129 erat
1526 2071 1754 2141 Caiphas
1784 2087 1798 2124 :
1825 2084 1988 2140 quare
2038 2066 2165 2122 illud

580 2171 727 2244 quod
755 2169 948 2242 popqu
993 2167 1217 2223 Hebrmo
1258 2164 1422 2228 dixit,
1463 2162 1664 2216 Videbis
1705 2162 2016 2214 uitamtuam
2041 2175 2166 2228 pen-

588 2265 805 2325 dentem,
833 2269 881 2315 et
905 2275 1001 2313 non
1026 2257 1195 2312 credes
1225 2256 1337 2311 vitae
1354 2264 1488 2317 tute;
1517 2267 1623 2307 non
1667 2251 1837 2306 solum
1866 2249 1932 2304 de
1955 2248 2168 2303 Christo

590 2352 743 2421 dixit,
772 2350 913 2423 quod
937 2349 1036 2406 etsi
1065 2348 1308 2404 nesciens
1330 2344 1571 2410 dixisset,
1598 2342 1666 2398 de
1680 2342 1827 2398 nullo
1851 2341 1954 2395 alio
1969 2339 2167 2395 dixisse

584 2442 1092 2512 deberctéutelligi;
1122 2454 1301 2495 verum
1328 2437 1486 2493 etiam
1505 2436 1679 2491 sciens
1705 2434 1855 2490 dixit.
1885 2433 2011 2488 Erat
2026 2431 2166 2486 enim

591 2534 933 2590 ﬁdelissimus
955 2532 1291 2601 dispensator
1317 2526 1608 2599 prophetici
1640 2524 1977 2590 sacramenti,
1994 2523 2045 2579 id
2064 2530 2164 2590 est,

593 2629 732 2683 illius
778 2624 1122 2681 sacerdotalis
1174 2620 1512 2685 chrismatis,
1543 2616 1686 2673 unde
1732 2615 1925 2672 Christi
1972 2628 2166 2669 nomen

593 2716 930 2789 agnoscimus
961 2733 974 2769 :
1008 2714 1059 2770 iu
1077 2727 1182 2784 quo
1206 2719 1536 2767 sacramento
1554 2749 1569 2774 ,
1592 2709 1833 2778 quamvis
1859 2705 2019 2760 homo
2046 2719 2166 2774 pes-

592 2809 779 2873 simus,
804 2806 1034 2877 Caiphas
1061 2804 1218 2859 etiam
1246 2802 1495 2857 nesciens
1519 2798 1687 2870 potuit
1703 2797 2041 2869 prophetare.
2060 2796 2169 2851 lIoc

591 2898 788 2969 quippe
815 2897 867 2952 iu
887 2911 952 2952 eo
977 2895 1085 2965 egit
1112 2892 1475 2964 propheticum
1505 2890 1735 2947 chrisma
1754 2930 1769 2954 ,
1799 2896 1857 2941 ut
1882 2886 2163 2957 propheta.

592 2997 675 3045 ret
699 3007 713 3045 :
737 2988 835 3043 hoc
860 2995 1035 3042 autem
1059 2985 1161 3039 vita
1190 2984 1379 3053 impia,
1417 2991 1475 3036 ut
1521 2982 1766 3037 nesciens
1809 2978 2165 3050 prophetarct.

589 3080 709 3149 Quo
752 3079 927 3149 itaque
950 3093 1044 3133 ore
1070 3076 1262 3132 dicitur
1287 3074 1419 3130 nihil
1460 3074 1529 3130 de
1570 3073 1785 3130 Christo
1822 3071 2168 3143 prophetasse

593 3172 822 3243 Moyses,
847 3186 879 3223 a
901 3184 1003 3238 quo
1029 3167 1154 3223 illud
1192 3166 1421 3222 chrisma
1448 3165 1610 3236 capit
1628 3205 1643 3230 ,
1675 3164 1816 3221 unde
1839 3163 2034 3219 Christi
2075 3179 2169 3217 no-

592 3279 714 3319 men
743 3262 1003 3326 innotuit,
1058 3269 1112 3315 et
1141 3258 1283 3314 unde
1320 3258 1589 3313 Christum
1647 3259 1806 3312 etiam
1860 3265 2169 3326 persecutor

586 3351 788 3411 Christi
818 3351 900 3405 vel
928 3350 1170 3405 nesciens
1191 3348 1521 3420 prophetarit
1550 3349 1573 3401 ?

661 3443 888 3501 CAPUT
926 3441 1116 3499 XXIV.
1156 3441 1366 3496 —Nam
1414 3439 1483 3495 de
1508 3438 1790 3494 maledicto
1815 3437 2092 3509 pendentis
2115 3438 2165 3492 in

590 3539 757 3608 ligno,
781 3536 889 3606 jam
915 3542 1168 3605 quantum
1212 3532 1338 3587 satis
1366 3532 1537 3586 visum
1584 3538 1667 3595 est
1686 3570 1703 3598 ,
1734 3544 1893 3599 supra
1916 3528 2165 3583 diximus.

595 3624 1021 3684 Iuterliciendum
1050 3630 1227 3678 autem
1255 3635 1374 3677 esse
1399 3620 1708 3692 prophetam
1738 3618 1850 3674 sive
1880 3619 2167 3690 principem

595 3720 811 3790 populi,
838 3718 927 3789 qui
974 3716 1113 3772 tilios
1162 3714 1375 3770 lsraela
1421 3712 1533 3768 Deo
1578 3727 1676 3767 suo
1704 3712 1865 3767 vellet
1892 3720 2168 3777 avertere,

598 3810 883 3881 aliquodve
946 3808 1235 3878 infringere
1294 3804 1662 3860 mandatorum
1688 3845 1703 3871 ,
1754 3818 1861 3858 non
1915 3803 2171 3858 adversus

598 3903 866 3959 Christum
892 3902 1206 3971 prmeepisse
1226 3897 1463 3969 Moysen,
1487 3906 1539 3952 et
1560 3912 1622 3951 ex
1646 3895 1729 3951 his
1754 3895 1992 3966 quzejam
2007 3894 2171 3949 multa

601 3988 840 4065 egimus,
872 3993 1000 4047 satis
1027 3991 1230 4045 clarum
1261 3999 1379 4054 est,
1407 3995 1461 4043 ct
1486 3986 1652 4056 magis
1679 3986 1950 4057 magisque
1993 3986 2171 4040 consi-

593 4084 804 4141 deranti
825 4082 962 4137 dicta
985 4090 1038 4136 et
1063 4079 1198 4135 facta
1230 4078 1434 4132 Domini
1455 4078 1620 4131 nostri
1646 4075 1772 4132 Jesu
1796 4076 2031 4142 Christi,
2055 4091 2170 4129 ma-

595 4177 684 4249 gis
729 4175 1001 4245 magisque
1043 4170 1263 4226 clarehit
1289 4185 1304 4221 :
1333 4167 1455 4237 quia
1502 4180 1600 4220 nec
1643 4181 1675 4220 a
1727 4180 1826 4220 suo
1874 4165 1985 4221 Deo
2013 4165 2175 4221 voluit

600 4280 918 4340 quemquam
948 4278 1131 4320 eorum
1174 4259 1417 4317 Christus
1462 4265 1723 4313 avertere.
1770 4256 1911 4312 Deus
1944 4256 2171 4327 quippe,

601 4378 759 4434 quem
794 4359 896 4414 illis
920 4358 1126 4429 Moyses
1151 4352 1473 4424 diligendum
1506 4348 1888 4418 colendumque
1908 4363 2173 4419 praecepe-

602 4464 720 4518 rat,
747 4454 858 4522 ipse
877 4460 960 4506 est
983 4455 1129 4504 certe
1152 4444 1290 4502 Deus
1315 4441 1581 4498 Abraham
1607 4482 1621 4508 ,
1651 4448 1705 4495 et
1744 4440 1881 4495 Deus
1902 4439 2047 4495 Isaae
2064 4480 2079 4502 ,
2122 4448 2177 4494 et

605 4545 745 4601 Deus
772 4541 969 4608 Jacoh,
999 4554 1155 4610 quem
1208 4536 1461 4592 Dominus
1501 4532 1656 4589 Jesus
1700 4531 1943 4587 Christus
1989 4531 2176 4586 eadem

594 4633 1063 4694 ‘canmendationc
1123 4635 1540 4693 commemorat,
1593 4628 1814 4695 ejusque
1864 4622 2175 4678 auctoritate

602 4727 1015 4785 Sadducmorum
1045 4720 1238 4777 refellit
1256 4733 1491 4774 errorem
1519 4715 1959 4771 resurrectionem
1981 4728 2176 4783 negan-

598 4822 765 4884 tium,
797 4816 883 4872 ubi
922 4814 1028 4880 ait,
1057 4811 1134 4866 De
1161 4809 1518 4865 resurrectione
1543 4814 1710 4860 autem
1738 4813 2050 4858 mortuorum
2075 4819 2177 4856 non

600 4908 791 4982 legistis
812 4907 931 4980 quid
963 4904 1098 4959 Deus
1127 4904 1319 4958 locutus
1343 4901 1407 4955 sit
1435 4898 1497 4953 de
1520 4898 1643 4953 rubo
1686 4896 1757 4951 ad
1786 4895 1996 4967 Moysen
2020 4936 2035 4961 ,
2067 4894 2176 4964 ligo

600 5019 712 5058 sum
742 5000 879 5055 Deus
905 4996 1179 5057 Abraham,
1209 5004 1254 5047 et
1303 4992 1441 5047 Deus
1488 4990 1658 5053 Isaac,
1696 4998 1744 5044 et
1795 4988 1936 5043 Deus
1972 4987 2177 5042 Iacob?

605 5092 729 5147 Non
754 5100 824 5146 est
854 5089 985 5144 Dens
1019 5094 1351 5147 mortuorum,
1380 5081 1468 5135 sed
1515 5080 1736 5135 vivorum
1768 5078 2004 5149 '(Matth.
2037 5095 2171 5145 xxu,

602 5186 694 5251 SI,
721 5182 825 5249 52,
852 5190 898 5236 et
927 5179 1056 5233 Luc.
1099 5192 1190 5240 xx,
1222 5176 1309 5238 37,
1336 5172 1431 5244 ’58)
1460 5190 1473 5227 ;
1508 5185 1681 5226 omnes
1725 5170 1860 5225 enim
1884 5169 1960 5223 illi
1985 5169 2172 5223 vivunt.

601 5275 909 5344 Opportune
933 5272 1108 5340 itaque
1135 5266 1320 5323 eadem
1341 5278 1468 5318 voce
1493 5276 1632 5317 nunc
1655 5261 2043 5316 convincuntur
2067 5260 2174 5313 Ma-

603 5364 833 5429 nicbcei,
877 5377 979 5432 qua
1018 5368 1144 5415 tunc
1169 5356 1395 5413 convicti
1443 5362 1568 5408 sunt
1612 5352 1889 5410 Saddtt‘caai
1922 5369 1935 5405 :
1969 5366 2088 5405 nam
2120 5361 2173 5407 et

603 5458 770 5526 ipsam
801 5452 1240 5509 resurrectionem
1264 5448 1373 5502 alio
1400 5444 1614 5516 quidem
1646 5444 1805 5499 modo
1827 5486 1843 5509 ,
1872 5442 1965 5497 sed
1998 5450 2181 5497 tamen

603 5548 766 5601 etiam
812 5544 897 5598 isti
940 5552 1148 5612 negant.
1176 5541 1305 5596 Item
1331 5555 1452 5595 cum
1483 5537 1638 5592 fidem
1680 5533 2014 5591 Centurionis
2065 5534 2174 5589 laus

603 5639 737 5694 dans
760 5636 980 5700 diceret,
1001 5635 1155 5688 Amen
1176 5634 1286 5688 dico
1314 5631 1470 5698 vobis,
1492 5647 1591 5684 non
1616 5628 1781 5684 inveni
1802 5636 1993 5681 tantam
2020 5627 2173 5695 ﬁdem

604 5737 659 5787 ita
691 5731 876 5794 Israel;
906 5729 1096 5797 adjecit
1138 5739 1192 5784 ct
1216 5728 1285 5782 ait
1305 5767 1325 5795 ,
1360 5724 1484 5780 Dico
1514 5733 1679 5778 autent
1725 5721 1888 5789 vobis,
1934 5721 2169 5789 quoniam

1394 324 1669 383 CONTRA
1709 320 2027 380 FAUS'I'UM
2065 313 2510 387 MANICILEUM,
2551 318 2608 375 S.
2650 316 3009 376 AUCUSTINI
3731 319 3825 377 332

2272 431 2420 485 multi
2446 431 2509 487 ab
2537 431 2725 486 oriente
2754 440 2800 485 et
2828 431 3080 486 occidente
3103 426 3316 496 venient,
3347 438 3394 484 et
3415 429 3698 486 recumbent
3722 448 3824 489 cum

2270 522 2543 591 Abraham,
2571 532 2618 577 et
2645 522 2814 589 Isaac,
2845 534 2890 577 et
2915 522 3073 577 Iacob
3094 524 3146 577 in
3174 539 3328 594 regno
3349 523 3608 589 calorum;
3639 524 3824 592 ﬁtiiau-

2268 624 2365 667 tem
2394 614 2535 684 regni
2557 613 2699 669 ibunt
2722 614 2775 668 in
2805 613 3029 668 tenebras
3057 613 3366 686 exteriores(
3395 612 3584 668 Matth.
3610 629 3717 682 vut,
3746 617 3827 672 10-

2270 703 2381 774 12).
2422 705 2474 760 Si
2528 719 2690 775 ergo,
2720 703 2860 773 quod
2891 719 3085 773 negare
3109 703 3335 758 Faustus
3376 717 3479 757 non
3511 711 3701 773 potest,
3729 722 3820 763 non
3850 694 3855 743 ἐ

2268 796 2657 852 commendavit
2695 795 2904 867 Moyses
2931 797 3123 865 populo
3144 794 3304 851 Israel
3331 795 3518 860 Deum,
3552 797 3649 851 nisi
3672 797 3823 854 Deum
3851 861 3856 871 ,

2269 885 2558 953 Abraham,
2590 894 2642 941 et
2672 885 2837 951 Isaac,
2862 893 2916 941 et
2941 884 3127 950 Jacob,
3155 900 3383 955 eumque
3411 885 3583 954 ipsum
3598 885 3826 945 Christus
3851 892 3855 897 ’

2268 994 2332 1034 ex
2366 978 2449 1034 bis
2469 986 2525 1034 et
2551 979 2669 1033 aliis
2707 979 3023 1034 testimoniis
3069 979 3185 1035 sine
3212 978 3541 1035 dubitatione
3565 972 3851 1037 commeo;

2268 1070 2391 1134 dat;
2422 1086 2525 1124 non
2553 1079 2636 1125 est
2663 1078 2885 1125 conatus
2923 1070 3069 1124 illum
3105 1071 3357 1140 populum
3403 1080 3645 1126 avertere
3669 1085 3701 1125 a
3728 1071 3827 1128 Deo

2268 1176 2367 1217 suo
2402 1180 2414 1216 :
2446 1162 2540 1217 sed
2571 1162 2691 1217 ideo
2719 1162 2946 1217 minatus
2966 1170 3049 1216 est
3068 1176 3162 1217 eos
3188 1162 3353 1217 ituros
3395 1162 3447 1215 in
3479 1162 3724 1217 tenebras
3746 1178 3829 1218 cx-

2270 1254 2512 1319 teriores,
2539 1253 2679 1323 quod
2716 1266 2936 1308 aversos
2966 1252 3168 1308 videret
3196 1268 3227 1306 a
3272 1252 3383 1307 Deo
3417 1266 3515 1307 suo
3538 1292 3555 1317 ,
3601 1253 3653 1306 in
3691 1253 3829 1322 cujus

2267 1358 2432 1414 regno
2459 1343 2656 1399 Gentes
2668 1351 2884 1397 vocatas
2910 1358 2976 1397 ex
3003 1350 3112 1397 toto
3131 1342 3259 1397 orbe
3277 1342 3831 1407 terrarum,recubitu-

2267 1450 2353 1489 ras
2368 1434 2495 1488 dicit
2508 1448 2627 1488 cum
2648 1431 2937 1499 Abraham,
2954 1432 3185 1497 etIsaac,
3201 1442 3254 1486 et
3268 1430 3431 1485 Jacob
3450 1448 3463 1483 :
3482 1448 3585 1485 non
3598 1431 3831 1499 obaliud,

2267 1538 2423 1594 quam
2443 1522 2583 1593 quod
2604 1522 2779 1590 tidem,
2816 1522 3214 1577 tenuissentDei
3240 1520 3591 1586 Abraham,et
3610 1519 3771 1588 Isaac,
3786 1533 3835 1578 et

2267 1616 2449 1672 Jacob.
2467 1616 2619 1672 Unde
2643 1624 2696 1669 et
2717 1614 2998 1684 Apostolus
3030 1613 3178 1679 dicit,
3200 1608 3477 1667 Providens
3502 1622 3669 1666 autem
3707 1613 3835 1668 Serio

2269 1719 2443 1779 plura,
2466 1709 2586 1778 quia
2604 1724 2667 1762 ea:
2687 1707 2790 1776 ﬁde
2814 1706 3060 1777 justi/icat
3090 1704 3271 1761 Gentes
3298 1703 3436 1759 Deus
3454 1746 3468 1771 ,
3498 1706 3835 1772 promuntiarit

2269 1799 2487 1854 Abraha:
2498 1800 2687 1864 dicens,
2703 1797 2769 1852 In
2794 1799 2980 1853 semine
3001 1808 3085 1852 tuo
3114 1797 3463 1852 benedicentur
3486 1807 3656 1852 attines
3683 1807 3839 1869 genus

2270 1889 2464 1961 (Colat.
2487 1903 2565 1956 nr,
2579 1889 2655 1959 8);
2675 1897 2731 1942 ut
2753 1888 2827 1942 illi
2842 1887 3046 1943 scilicet
3071 1886 3125 1949 in
3143 1888 3346 1943 semine
3374 1886 3600 1942 Abrahze
3631 1886 3839 1943 benedio

2268 1990 2536 2045 cerentur,
2569 1979 2656 2049 qui
2683 1978 2912 2033 Abrahae
2942 1977 3099 2032 (idem
3142 1977 3497 2033 imitarentur.
3538 1976 3655 2032 Non
3694 1977 3839 2048 igitur

2268 2072 2511 2129 Christus
2529 2071 2792 2127 Israelitas
2820 2085 2849 2123 a
2872 2070 2985 2127 Deo
3002 2084 3100 2125 suo
3132 2069 3340 2125 volebat
3357 2080 3619 2137 avertere,
3642 2069 3736 2124 sed
3756 2084 3841 2125 eos

2271 2166 2444 2234 potius
2460 2163 2599 2233 quod
2617 2162 2785 2216 abillo
2802 2170 3165 2219 averterentur
3181 2161 3451 2233 arguebat.
3485 2160 3841 2216 Mandatorum

2270 2268 2443 2311 autem
2461 2255 2673 2327 aliquod
2694 2266 2878 2310 eorum
2899 2270 3016 2326 quas
3038 2269 3132 2325 per
3147 2254 3364 2326 Moysen
3390 2253 3509 2309 data
3525 2262 3674 2321 sunt,
3692 2252 3838 2308 infre-

2270 2351 2411 2421 gisse
2438 2350 2716 2404 Dominum
2746 2350 2833 2419 qui
2864 2349 3174 2413 arbitratur,
3201 2362 3306 2403 non
3330 2348 3524 2402 mirum
3548 2347 3595 2401 si
3620 2347 3728 2401 hoc
3751 2360 3839 2416 pu-

2272 2452 2347 2498 tat
2375 2442 2514 2513 quod
2543 2441 2749 2497 Judaei:
2783 2441 2877 2496 sed
2901 2440 3021 2497 ideo
3043 2448 3220 2506 errat,
3241 2439 3363 2510 quia
3400 2438 3452 2493 in
3486 2440 3588 2493 hoc
3632 2452 3841 2493 errare.

2271 2544 2394 2591 runt
2413 2544 2466 2590 et
2492 2533 2681 2590 Judaei.
2704 2532 2807 2589 Ubi
2827 2542 3004 2588 autem
3021 2530 3250 2587 Faustus
3274 2538 3665 2585 commemorat
3682 2529 3843 2598 ipsum

2272 2629 2603 2695 mandatum,
2628 2627 2770 2699 quod
2820 2626 3098 2682 Dominum
3123 2624 3401 2695 infregisse
3430 2624 3546 2678 vult
3568 2621 3750 2686 credi,
3780 2620 3845 2675 ibi

2272 2736 2405 2792 opus
2433 2729 2516 2776 est
2544 2728 2601 2774 ut
2623 2717 2967 2773 ostendamus
2991 2715 3259 2787 quomodo
3287 2714 3518 2781 fallatur,
3568 2713 3714 2768 sicut
3744 2711 3848 2782 jam

2272 2829 2453 2883 supra,
2479 2813 2566 2866 ubi
2593 2811 2905 2881 oportebat,
2949 2808 3299 2864 ostendimus.
3350 2806 3500 2861 Nunc
3540 2802 3679 2859 illud
3701 2804 3845 2870 dico,

2271 2905 2394 2974 quia
2416 2904 2459 2957 si
2489 2903 2701 2973 aliquod
2733 2903 2939 2956 illorum
2980 2899 3349 2954 mandatorum
3384 2897 3638 2951 Dominus
3688 2893 3847 2949 infre-

2270 2996 2453 3065 gisset,
2481 3008 2585 3048 non
2611 2993 2769 3047 etiam
2799 2992 2865 3046 de
2892 2992 2991 3047 hoc
3012 2990 3128 3060 ipso
3153 2988 3366 3045 Judazos
3389 2987 3658 3057 arguisset
3690 3004 3704 3040 :
3732 2990 3843 3056 qui-

2272 3082 2369 3140 bus
2397 3082 2840 3139 calumniantibus
2861 3080 2999 3151 quod
3028 3079 3267 3149 discipuli
3289 3078 3404 3149 ejus
3425 3078 3584 3132 iIIotis
3606 3078 3851 3131 manibus

2273 3175 2668 3236 manducareut,
2701 3181 2755 3227 et
2801 3172 2870 3226 ob
2907 3171 3009 3225 hoc
3033 3169 3369 3234 excederent,
3398 3183 3503 3223 non
3545 3166 3848 3221 mandatmu

2274 3266 2384 3330 Dei,
2414 3264 2506 3321 sed
2538 3264 2848 3320 traditiones
2870 3262 3161 3325 seniorum,
3213 3260 3288 3313 ait
3318 3259 3441 3325 illis,
3474 3256 3673 3328 thuid
3694 3265 3741 3310 et
3769 3271 3853 3309 ros

2272 3356 2675 3429 transgredimini
2691 3354 2985 3409 mandatum
3005 3351 3115 3418 Dei,
3141 3361 3194 3404 ut
3218 3350 3510 3404 traditiones
3536 3358 3733 3403 vestras
3757 3356 3854 3403 sta-

2273 3450 2461 3507 tuatis."
2502 3450 2783 3520 Ipsumque
2808 3446 2900 3501 Dei
2926 3444 3230 3501 mandatum
3271 3449 3691 3506 commemorat,
3720 3438 3854 3509 quod

2273 3558 2369 3615 per
2389 3543 2601 3613 Moysen
2632 3539 2934 3595 mandatum
2971 3552 3091 3593 esse
3121 3535 3382 3590 novimus.
3405 3532 3637 3589 Secutus
3669 3533 3857 3603 quippe

2273 3634 2381 3702 ait,
2431 3632 2569 3687 Deus
2609 3632 2741 3686 enim
2780 3629 2928 3695 dixit,
2974 3627 3185 3682 Honora
3215 3636 3411 3697 patrem
3435 3634 3482 3678 et
3512 3632 3853 3686 matrem;et,

2278 3725 2379 3794 Qui
2409 3723 2722 3778 matedixerit
2746 3723 2877 3794 patri
2902 3729 2987 3776 aut
3015 3719 3185 3786 matri,
3228 3727 3387 3773 morte
3418 3716 3668 3771 morietur
3688 3718 3729 3773 '.
3768 3715 3861 3769 Vos

2275 3826 2439 3870 autem
2469 3817 2654 3879 dicitis,
2688 3814 2999 3882 Quicumque
3023 3811 3204 3865 dimetit
3232 3809 3366 3881 patri
3389 3808 3465 3863 vel
3507 3808 3704 3875 matri,
3738 3805 3857 3859 Hu-

2278 3926 2372 3963 nus
2407 3908 2543 3979 quod
2563 3917 2633 3962 est
2655 3923 2717 3961 ea:
2752 3922 2866 3972 me,
2899 3903 3184 3975 proderit’,
3230 3918 3328 3956 non
3372 3900 3643 3955 honorabit
3671 3910 3863 3972 patrem

2275 4016 2421 4055 suum
2452 4016 2470 4054 :
2497 4010 2542 4053 et
2570 3999 2767 4051 irritum
2806 3996 2994 4067 fecistis
3045 3994 3245 4049 verbum
3286 3992 3384 4046 Dei
3413 4003 3619 4063 propter
3649 4002 3861 4047 vestram

2278 4092 2598 4145 traditionem
2634 4089 2846 4160 (Matth.
2886 4103 2977 4151 xv,
3004 4085 3145 4155 5-6).
3172 4085 3282 4152 Qua
3314 4084 3365 4138 in
3397 4098 3455 4138 re
3490 4082 3677 4139 videte
3706 4096 3861 4154 quam

2278 4185 2439 4238 multa
2470 4198 2570 4237 nos
2590 4182 2798 4244 doceat,
2831 4190 2883 4235 et
2908 4179 3123 4235 Judmos
3148 4194 3175 4232 a
3205 4178 3313 4233 Deo
3337 4191 3435 4231 suo
3479 4191 3537 4231 se
3568 4191 3682 4231 non
3713 4189 3864 4229 aver-

2278 4284 2425 4341 tere;
2475 4283 2529 4330 et
2575 4275 2691 4343 ejus
2739 4272 2986 4327 mandata
3024 4286 3129 4325 non
3171 4278 3377 4324 tantum
3418 4282 3477 4323 se
3516 4282 3629 4322 non
3674 4265 3865 4322 infrin-

2277 4382 2438 4438 gere,
2492 4380 2674 4419 verum
2721 4364 2880 4417 etiam
2932 4361 3051 4415 illos
3089 4376 3117 4413 a
3157 4359 3348 4430 quibus
3400 4357 3862 4428 iufringerentur,

2278 4475 2499 4531 arguere
2518 4476 2531 4525 ;
2556 4467 2609 4514 et
2632 4472 2740 4511 non
2760 4456 2857 4510 nisi
2883 4454 3051 4509 Deum
3073 4468 3166 4522 per
3194 4454 3405 4522 Moysen
3429 4451 3527 4504 ista
3549 4448 3865 4505 mandasse.

2346 4570 2570 4627 CAPUT
2608 4564 2773 4624 XXV.
2797 4597 2866 4609 -—
2888 4564 3243 4633 Quamobrem
3268 4562 3515 4633 quoniam
3545 4576 3653 4616 nos
3688 4559 3868 4615 credi-

2280 4676 2397 4717 mus
2423 4660 2598 4715 omuia
2624 4673 2742 4728 qua:
2766 4655 2979 4727 scripsit
3004 4655 3239 4725 Moyses,
3266 4652 3332 4707 ad
3359 4650 3554 4707 Christi
3578 4663 3871 4705 commen-

2277 4752 2545 4806 dationem
2570 4748 2853 4819 pertinere,
2875 4744 3019 4816 quod
3042 4746 3142 4797 isto
3163 4757 3325 4812 opere
3344 4740 3463 4811 quia
3485 4740 3871 4793 demonstrare

2280 4858 2383 4899 non
2411 4853 2724 4913 possumus,
2758 4837 2974 4908 polliciti
3015 4850 3198 4889 sumus
3242 4833 3294 4887 in
3326 4833 3390 4887 iis
3417 4831 3517 4886 hoc
3546 4829 3870 4891 ostendere,

2277 4952 2394 5009 qua:
2433 4935 2656 4990 Faustus
2699 4930 2767 4986 dc
2807 4928 2892 4983 iila
2932 4927 3190 4997 scriptura
3224 4922 3511 4980 refellenda
3536 4922 3620 4976 vel
3648 4922 3873 4989 vitupe-

2281 5029 2442 5087 randa
2479 5022 2752 5095 delegerit,
2798 5029 2942 5077 recte
2984 5035 3013 5073 a
3045 5019 3196 5074 uobis
3235 5017 3468 5071 debitum
3508 5013 3773 5081 exigitur,
3818 5019 3877 5063 ut

2280 5124 2379 5176 hoc
2403 5119 2585 5182 etiam,
2610 5114 2748 5187 quod
2780 5111 3030 5183 prmccpit
3049 5110 3255 5180 Moyses
3282 5101 3719 5159 interﬁciendum
3749 5112 3876 5153 esse

2279 5210 2591 5282 prophetam
2623 5207 2733 5279 sive
2771 5203 3064 5273 principem
3084 5241 3100 5267 ,
3130 5199 3217 5269 qui
3248 5212 3342 5251 eos
3368 5211 3396 5249 a
3428 5195 3537 5250 Deo
3564 5206 3670 5247 suo
3704 5188 3878 5245 vellet

2278 5313 2544 5367 avertere,
2575 5297 2855 5367 aliquodve
2888 5292 3181 5361 infringere
3213 5289 3580 5345 mandatorum
3608 5325 3626 5347 ,
3679 5293 3878 5339 osten-

2277 5396 2467 5451 damus
2491 5391 2557 5445 ad
2582 5384 2980 5446 custodiendam
3009 5382 3187 5447 Iidem,
3219 5396 3335 5452 quae
3362 5380 3413 5434 in
3443 5376 3692 5433 Ecclesia
3715 5371 3881 5429 Chri-

2276 5488 2343 5543 sti
2390 5484 2644 5547 discitur,
2690 5477 2977 5548 pertinere.
3021 5472 3246 5529 Videbat
3285 5472 3480 5542 quippe
3527 5468 3617 5523 ille
3671 5464 3882 5536 Spiritu

2340 5600 2358 5631 9
2393 5606 2491 5645 Am.
2516 5601 2590 5641 Er.
2611 5599 2661 5640 ct
2679 5588 3007 5640 Cistereiensis
3030 5594 3130 5644 διε,
3154 5589 3303 5634 morte
3326 5582 3573 5633 moriatur.

2339 5663 2358 5693 ²
2392 5638 2870 5717 iii'."i.i§,«;‘d1'et'ren_.:
2908 5658 3075 5699 Munus
3113 5638 3239 5717 quod
3277 5653 3435 5717 estest:
3456 5638 3655 5717 mentio}:
3697 5646 3884 5717 prosa.

2279 5702 2689 5784 γυιεῖιὶςίξήἕῖυιιιδ
2711 5715 3037 5777 quodcumque
3059 5702 3211 5760 estea:
3234 5720 3307 5757 me
3329 5706 3416 5757 tibi
3438 5702 3677 5755 vrodcrit.
3752 5707 3816 5748 Is.
