4052 6460
288 383 395 409 δ--

288 412 399 448 000

288 504 605 575 prophetico
630 514 683 560 et
703 505 815 561 Deo
837 505 937 561 sibi
960 504 1229 575 loquente,
1255 502 1453 559 multos
1476 514 1879 560 cxsnrrectnros

288 593 582 651 haereticos
610 596 950 651 diversorum
990 609 1236 653 errorum
1278 595 1560 663 magistros
1596 595 1879 649 adversmn

285 686 587 741 doctrinam
617 686 835 755 Christi,
864 688 955 758 qui
994 703 1101 742 non
1145 701 1268 743 eum
1304 685 1576 741 Christum
1616 684 1880 755 prtcdica—

284 785 412 831 rent
437 779 527 847 qui
552 793 715 833 verus
739 787 823 833 est
845 778 1110 833 Christus.
1160 776 1253 832 Ille
1280 776 1423 832 enim
1452 791 1614 831 verus
1636 786 1755 841 est,
1788 774 1880 844 qui

286 883 384 933 per
411 869 742 939 prophetiae,
770 885 866 940 per
888 868 1133 925 eumdem
1156 868 1373 940 Moysen
1400 874 1729 937 cmterosque
1757 881 1875 920 san-

286 968 406 1013 ctos
447 961 567 1030 ejus
604 962 782 1031 gentis
818 961 1023 1028 editas,
1064 960 1451 1031 praenuntiatus
1488 968 1588 1014 est.
1630 958 1879 1027 Quisquis

288 1051 469 1122 itaque
521 1054 685 1109 alium
740 1054 937 1110 docere
990 1054 1189 1119 vellet,
1236 1053 1407 1123 ipsum
1454 1049 1875 1107 interﬁciendum

286 1144 497 1216 Moyses
526 1144 885 1217 praecipiebat.
912 1145 1049 1215 Quid
1078 1153 1255 1201 autem
1290 1159 1432 1199 nunc
1465 1142 1605 1197 aliud
1644 1142 1751 1212 agit
1776 1142 1877 1196 lin-

288 1253 390 1309 gua
418 1238 712 1306 catholica,
744 1240 846 1295 nisi
874 1248 932 1295 ut
968 1237 1227 1310 spirituali
1264 1236 1439 1308 gladio
1477 1236 1754 1306 utriusque
1775 1234 1877 1313 Te-

285 1328 541 1385 stamenti
584 1330 700 1384 acie
737 1331 823 1385 bis
847 1339 1002 1385 acuto
1030 1324 1415 1386 interﬁciantur
1437 1320 1624 1381 Omnes
1660 1326 1748 1395 qui
1778 1330 1876 1378 no's

283 1432 314 1473 II
354 1419 467 1475 Deo
509 1428 698 1475 nostro
736 1421 923 1475 volunt
956 1428 1223 1487 avertere,
1265 1418 1547 1489 aliquodve
1589 1415 1877 1487 infringere

284 1511 710 1567 mandatorum?
752 1511 896 1567 Inter
934 1526 1068 1582 quos
1109 1510 1373 1581 praecipue
1397 1507 1542 1563 cadit
1570 1507 1685 1578 ipse
1710 1505 1877 1561 Mani-

282 1603 490 1671 cheus,
518 1618 641 1659 cum
670 1602 787 1673 ejus
810 1618 965 1659 error
986 1610 1186 1657 asserta
1213 1600 1371 1671 Legis
1406 1609 1460 1655 et
1491 1598 1873 1668 Prophetarum

281 1694 515 1749 veritate
535 1694 834 1765 perimitur,
856 1692 1085 1749 volentis
1107 1706 1204 1747 nos
1222 1701 1462 1748 avertere
1483 1705 1515 1745 a
1534 1690 1644 1745 Deo
1670 1696 1870 1752 nostro,

280 1783 398 1838 Deo
418 1784 716 1850 Abraham,
739 1793 795 1839 et
814 1782 982 1850 lsaac,
1004 1791 1058 1837 et
1075 1781 1260 1849 Jacob,
1285 1797 1443 1852 quem
1464 1780 1707 1835 Christus
1729 1792 1876 1833 com-

278 1876 546 1942 mandat;
592 1884 649 1931 et
686 1874 916 1932 volentis
955 1872 1242 1945 infringere
1297 1872 1543 1928 mandata
1588 1868 1778 1941 Legis,
1822 1872 1871 1924 in

276 1982 513 2038 quorum
563 1968 728 2023 etiam
785 1966 967 2038 ﬁguris
1002 1965 1274 2023 Christum
1333 1963 1706 2036 prophetatum
1752 1972 1873 2017 esse

278 2062 680 2131 cognoscimus.

349 2151 583 2210 CAPUT
622 2152 811 2208 XXVI.
836 2180 911 2195 --
942 2152 1059 2209 Jam
1096 2166 1224 2207 vero
1268 2152 1411 2206 illam
1451 2145 1871 2219 complexionem
1942 2147 1947 2150 ’

282 2252 466 2300 utrum
508 2245 909 2302 obtusissimam
937 2246 953 2277 ⁸
986 2259 1054 2299 an
1094 2242 1636 2299 lraudulentissimam
1673 2240 1870 2306 dicam,

283 2336 513 2399 nescio;
560 2343 676 2389 crat
712 2333 855 2390 enim
901 2333 1099 2389 Fausto
1145 2333 1414 2405 ingenium
1457 2349 1471 2386 :
1522 2330 1666 2387 unde
1704 2331 1874 2401 magis

283 2426 517 2481 arbitror
540 2441 663 2481 eum
690 2424 939 2481 nebulam
966 2425 1187 2496 injicere
1208 2425 1437 2480 voluisse
1458 2423 1635 2479 minus
1670 2429 1874 2479 attento

284 2516 494 2583 lectori,
541 2532 700 2588 quam
740 2532 851 2572 non
890 2516 1087 2573 vidisse
1124 2515 1265 2587 quod
1302 2514 1477 2571 dicam
1502 2515 1562 2569 ἐ
1596 2515 1669 2570 ait
1705 2514 1871 2583 enim,

287 2608 435 2675 Quod
461 2610 510 2665 si
535 2609 642 2664 lucc
668 2607 732 2664 de
759 2608 956 2665 Christo
983 2610 1185 2663 minime
1220 2609 1452 2680 scripsit,
1480 2617 1567 2662 aut
1592 2608 1697 2662 alia
1726 2606 1874 2661 dabi-

286 2703 382 2767 tis,
426 2711 518 2755 aut
563 2702 707 2755 nulla
750 2710 916 2755 erunt.
962 2701 1088 2756 Haec
1129 2699 1422 2771 propositio
1459 2714 1586 2755 vera
1627 2706 1731 2767 est,
1778 2698 1873 2754 sed

284 2806 623 2863 consequens
647 2799 763 2847 erat
802 2800 859 2847 ut
895 2789 1200 2847 ostenderet
1216 2799 1275 2847 et
1311 2790 1424 2846 lucc
1453 2790 1520 2845 de
1540 2789 1753 2845 Christo
1775 2789 1875 2843 Ini-

285 2886 427 2941 hime
450 2885 650 2955 scripta
680 2899 821 2949 esse,
842 2893 900 2939 et
923 2884 1024 2939 alia
1048 2883 1162 2939 dari
1190 2897 1294 2937 non
1323 2897 1500 2952 posse.
1529 2880 1668 2936 Nihil
1694 2892 1871 2936 autem

284 2975 473 3031 borum
508 2975 633 3030 fecit
663 2992 676 3028 :
708 2975 827 3046 quia
850 2984 904 3030 et
930 2974 1045 3029 haec
1075 2988 1173 3029 nos
1206 2972 1539 3029 ostendimus
1563 3014 1577 3037 ,
1606 2962 1875 3042 quomodo

284 3064 352 3122 de
386 3065 608 3121 Christo
656 3066 825 3135 aecipi
875 3065 1121 3136 possint;
1171 3071 1227 3119 et
1275 3049 1518 3133 superius
1564 3062 1666 3116 alia
1709 3063 1871 3117 multa

281 3156 546 3221 dedimus,
576 3171 695 3227 qua:
723 3156 824 3211 nisi
854 3154 921 3211 de
939 3153 1153 3210 ClIriSto
1179 3154 1506 3209 intellectum
1540 3152 1739 3209 habere
1766 3168 1873 3208 non

284 3250 512 3320 possint.
553 3248 670 3303 NOII
714 3259 797 3304 est
834 3254 961 3319 ergo
1000 3262 1096 3301 cur
1135 3245 1442 3309 concludas,
1485 3241 1699 3312 Fauste,
1730 3244 1873 3299 nulla

281 3352 403 3397 esse
437 3355 471 3396 a
503 3340 687 3412 Moyse
724 3340 919 3411 scripta
939 3338 1008 3396 de
1027 3338 1263 3395 Christo.
1294 3336 1525 3393 Attende
1563 3337 1706 3392 enim
1746 3336 1872 3407 quid

280 3431 426 3487 dicas
450 3451 465 3486 :
495 3432 649 3498 Quod
670 3433 714 3488 si
738 3435 868 3500 hcc,
894 3431 1093 3502 inquis,
1114 3431 1319 3485 minime
1340 3429 1403 3482 de
1422 3428 1624 3484 Christo
1640 3428 1870 3501 scripsit,

281 3534 369 3579 aut
389 3526 500 3579 alia
520 3524 727 3592 dabitis,
751 3534 838 3579 aut
860 3525 1001 3579 nulla
1028 3532 1191 3577 erunt.
1218 3522 1419 3577 Verum
1436 3520 1589 3576 dicis.
1619 3519 1869 3588 Proinde,

278 3618 399 3687 quia
427 3626 483 3673 et
508 3616 625 3672 haec
652 3616 719 3672 de
745 3616 957 3672 Christo
975 3658 991 3683 ,
1018 3614 1101 3669 vel
1136 3622 1351 3685 propter
1370 3612 1646 3668 Christum
1674 3606 1872 3684 scripta

278 3705 586 3775 docuimus,
622 3717 678 3764 et
709 3708 812 3762 alia
850 3708 1014 3764 multa
1051 3706 1315 3770 dedimus,
1360 3703 1747 3775 argumentatio
1784 3710 1872 3757 tua

279 3800 459 3870 potius
485 3792 631 3853 nulla
659 3798 779 3853 erit.
810 3798 877 3853 Et
901 3797 1015 3853 hare
1034 3796 1247 3867 quidem
1277 3788 1394 3866 quze
1415 3793 1868 3861 commemorasti,

278 3887 528 3960 quamvis
556 3905 661 3945 non
692 3887 1010 3955 obtinueris,
1040 3888 1227 3944 saltem
1251 3895 1473 3942 conatus
1500 3901 1560 3943 es
1586 3886 1873 3943 ostendere

278 3997 391 4036 non
422 3995 544 4037 esse
571 3982 765 4057 scripta
805 3981 875 4037 de
895 3979 1143 4055 Christo.
1166 3978 1318 4047 Quod
1348 3988 1525 4033 autem
1565 3963 1867 4043 subdidisti',

282 4072 388 4126 Aut
415 4072 521 4125 alia
549 4071 724 4127 dabitis
744 4076 765 4139 ,‘
792 4073 881 4125 aut
908 4072 1051 4127 nulla
1081 4066 1266 4137 erant;
1314 4070 1463 4149 prius
1501 4068 1871 4125 demonstrare

278 4152 535 4229 debuisti,
564 4151 665 4218 alia
688 4148 786 4219 nos
807 4162 934 4218 dare
962 4150 1064 4218 nun
1093 4178 1272 4233 posse,
1298 4148 1355 4217 ut
1390 4174 1611 4218 securus
1644 4161 1869 4217 inierrcs

282 4254 425 4309 nulla
468 4269 606 4309 esse.
640 4253 792 4309 Nunc
814 4269 941 4309 vero
982 4262 1232 4324 tanquam
1275 4252 1481 4308 libellus
1521 4260 1641 4307 tuus
1679 4250 1871 4307 surdos

282 4346 557 4401 auditores
579 4346 661 4401 Vel
683 4352 854 4402 emotis
874 4344 1102 4401 lectores
1122 4353 1265 4401 esset
1286 4344 1585 4411 habiturus,
1610 4352 1668 4398 ut
1693 4342 1871 4399 nullus

280 4429 587 4493 advert'éret
618 4437 742 4509 quid
778 4436 1181 4508 praetermiseris
1202 4476 1215 4499 ,
1238 4434 1516 4509 cucurristi
1552 4434 1732 4490 dicere
1761 4452 1775 4490 :
1809 4434 1872 4490 Si

281 4522 422 4584 nulla
454 4531 678 4597 fuerint,
712 4547 801 4585 nec
830 4515 1059 4585 Christus
1088 4530 1249 4600 potuit
1278 4512 1559 4584 asseverare
1585 4514 1722 4599 quod
1746 4520 1871 4601 nus-

280 4618 429 4691 quam
467 4630 580 4685 est;
622 4620 730 4686 ita,
761 4616 804 4675 si
840 4620 1072 4676 Christus
1115 4620 1211 4673 hoc
1252 4619 1457 4673 minime
1495 4618 1866 4687 asseverarerit,

281 4712 563 4781 capitulum
593 4710 687 4764 hoc
724 4709 908 4783 falsum
953 4727 1057 4766 esse
1094 4702 1389 4765 constiterit.
1420 4707 1465 4764 Ο
1506 4707 1775 4763 hominem
1812 4722 1871 4764 se

282 4805 609 4875 cogitantem
649 4802 929 4869 dictorem,
955 4812 1009 4859 et
1034 4804 1193 4858 alium
1226 4800 1341 4857 non
1381 4786 1701 4873 cogitantem
1740 4814 1872 4856 con-

282 4893 670 4949 tradictoreml
720 4892 816 4949 Ubi
863 4901 944 4950 est
991 4909 1212 4947 acumen
1260 4892 1451 4947 tuum?
1498 4893 1579 4947 An
1625 4892 1677 4946 in
1726 4891 1867 4946 mala

282 4998 438 5042 causa
490 5002 599 5042 non
645 4986 831 5059 posses
874 4987 1069 5043 aliter?
1113 4987 1216 5043 Sed
1261 4987 1397 5042 mala
1440 4982 1597 5043 causa
1642 4995 1692 5043 te
1734 4978 1869 5041 vana

282 5075 427 5153 loqui
474 5077 652 5147 eoegit
684 5096 697 5133 :
733 5076 925 5133 malam
964 5093 1092 5133 vero
1136 5066 1332 5133 habere
1372 5091 1585 5132 causam
1630 5090 1788 5153 nemo
1818 5085 1871 5132 te

283 5151 442 5239 cogit).
476 5167 619 5241 Quid
646 5168 691 5223 si
721 5154 875 5241 enini“
904 5168 1007 5224 alia
1035 5168 1322 5224 dabimus?
1364 5168 1525 5224 Certe
1556 5152 1743 5239 utique
1762 5182 1869 5223 non

284 5240 651 5327 erunt‘tiulla',
678 5240 802 5335 quia
847 5266 1003 5316 erunt
1045 5261 1241 5331 aliqua.
1292 5260 1358 5339 Et
1385 5259 1431 5316 si
1474 5269 1631 5316 erunt
1667 5259 1866 5329 aliqua,

284 5338 461 5425 potuit
477 5342 725 5409 Christus
755 5352 856 5408 hoc
880 5340 1187 5409 asseverare
1216 5338 1357 5422 quod
1384 5359 1484 5407 est.
1516 5350 1611 5417 Ita,
1640 5350 1685 5405 si
1712 5349 1869 5406 Chri-

285 5436 393 5502 stus
424 5438 529 5502 hoc
558 5430 869 5502 asseverare
897 5436 1067 5517 patuit
1085 5487 1099 5510 ,
1126 5446 1415 5517 capitulum
1446 5436 1577 5500 illud
1604 5435 1869 5515 evangeli-

286 5522 403 5593 cum
436 5522 629 5595 falsum
661 5554 781 5594 esse
822 5555 923 5592 non
952 5522 1179 5593 constat.
1212 5532 1344 5592 Redi
1372 5552 1499 5607 ergo
1528 5534 1594 5591 ad
1626 5535 1869 5607 proposi-

290 5609 488 5687 tionem
518 5610 684 5697 tuam,
716 5646 815 5701 qua
844 5629 1019 5685 dixisti
1042 5672 1056 5696 ,
1088 5630 1183 5683 Aut
1222 5630 1327 5683 alia
1356 5626 1567 5696 dabitis,
1599 5636 1688 5682 aut
1727 5620 1871 5683 nulla

401 5758 1023 5856 ,‘olrtitttsissinmm.
1041 5790 1091 5834 EI
1116 5783 1289 5856 mssito
1302 5781 1546 5856 obtmtstts,
1563 5795 1649 5846 pro
1665 5780 1870 5835 obtusus.

348 5849 368 5880 '
402 5848 497 5897 A'n'i'
528 5848 905 5899 ei'wdex'uuus
929 5848 1194 5909 \atieanus,
1218 5848 1364 5896 dicat.

1486 389 1702 445 uasa
1743 357 2008 446 sexies
2049 388 2365 445 bt-zentt's.

3468 399 3569 453 3M

1989 514 2131 557 erant
2154 523 2171 569 ;
2216 513 2270 559 et
2296 503 2415 559 vide
2455 519 2558 558 non
2588 513 2637 559 te
2664 504 2960 559 ostendisse
2991 504 3132 559 nulla
3160 521 3258 563 nos
3286 507 3387 566 alia
3412 506 3568 565 datu-

1988 609 2097 647 ros.
2134 593 2262 649 Vide
2290 595 2452 649 etiam
2483 610 2641 663 quam
2682 595 2845 648 multa
2889 595 2993 649 alia
3019 595 3127 665 jam
3157 611 3315 667 supra
3359 597 3568 655 dederi-

1988 702 2125 749 mus,
2156 695 2212 741 ct
2251 686 2376 756 quid
2418 685 2541 741 hinc
2575 687 2888 741 coIIﬁciatur
2919 686 3175 754 adverte;
3218 689 3421 746 scilicet
3464 707 3570 746 non

1985 791 2105 831 esse
2148 777 2372 843 falsum,
2418 778 2557 849 quod
2586 780 2651 839 in
2693 766 3035 849 Evangelium
3063 779 3333 835 Christum
3370 772 3571 838 dixisse

1986 856 2228 936 legimus,
2264 868 2325 923 Si
2350 864 2611 923 crederetis
2632 850 2821 941 Moysi,
2848 871 3113 924 crederetis
3143 881 3189 925 et
3218 860 3341 925 inihi
3357 889 3377 939 ;
3403 872 3467 929 de
3493 892 3571 927 ttte

1985 958 2115 1037 enim
2143 958 2231 1012 ille
2268 956 2487 1030 scripsit.
2521 960 2589 1015 Et
2624 961 2897 1031 Evangelii
2926 962 3139 1032 quidem
3189 972 3297 1018 tam
3325 964 3569 1019 eminens

1989 1060 2071 1105 est
2099 1053 2385 1106 auctoritas
2411 1062 2465 1107 et
2497 1062 2601 1107 tam
2634 1053 2845 1109 fundata
2877 1057 3074 1110 veritas
3094 1097 3108 1123 ,
3142 1068 3198 1110 ut
3224 1052 3432 1112 etiamsi
3471 1046 3593 1113 nos'

1987 1151 2205 1212 propter
2246 1144 2545 1199 tarditatem
2577 1144 2936 1221 intelligentia;
2968 1156 3163 1201 nostra:
3189 1148 3329 1202 nulla
3366 1136 3571 1204 inveni-

1986 1246 2166 1288 remus
2194 1250 2224 1288 a
2252 1232 2436 1307 Moyse
2474 1236 2669 1305 scripta
2698 1235 2766 1291 de
2791 1222 3004 1293 ChriSto
3028 1278 3042 1302 ,
3082 1255 3187 1293 non
3237 1240 3409 1295 solum
3449 1256 3570 1295 esse

1983 1324 2157 1394 aliqua
2180 1366 2194 1392 ,
2224 1328 2317 1381 sed
2364 1326 2429 1381 ad
2457 1322 2726 1382 Christum
2757 1323 2932 1383 omnia
2972 1330 3239 1399 pertinere
3281 1344 3399 1402 qua:
3438 1334 3569 1387 scri-

1984 1418 2107 1486 psit,
2140 1418 2261 1488 quia
2289 1435 2393 1473 non
2423 1419 2517 1486 ait,
2544 1420 2609 1475 Et
2632 1420 2700 1475 de
2726 1436 2810 1476 Inc
2838 1421 3085 1493 scripsit;
3118 1423 3231 1489 sed,
3266 1423 3341 1479 De
3368 1413 3446 1479 tne
3483 1425 3570 1479 ille

1982 1515 2218 1585 scripsit;
2248 1516 2467 1572 credere
2496 1515 2831 1573 deberemus.
2863 1517 3013 1572 Nune
3038 1527 3213 1572 autem
3242 1518 3344 1573 etsi
3370 1518 3439 1575 de
3464 1520 3568 1575 isto

1983 1608 2256 1680 Evangelii
2302 1611 2569 1682 capitulo,
2613 1611 2755 1682 quod
2797 1612 2969 1679 absit,
3010 1602 3359 1667 dubitandum
3401 1624 3563 1677 esset,

1981 1700 2271 1769 compertis
2301 1705 2407 1755 tam
2440 1702 2619 1757 multis
2662 1702 2713 1756 in
2762 1690 3022 1771 scriptura
3054 1702 3217 1774 Moysi
3255 1702 3323 1759 de
3354 1702 3569 1759 Christo

1984 1790 2303 1846 testimoniis
2324 1835 2340 1858 ,
2382 1792 2555 1846 onmis
2600 1793 2687 1847 illa
2717 1791 2976 1847 dubitatio
3006 1778 3281 1847 tolleretur
3311 1811 3324 1846 :
3368 1778 3420 1849 et
3446 1796 3568 1865 quia

1982 1883 2050 1939 de
2079 1885 2314 1956 capitulo
2342 1878 2610 1956 Evangelii
2655 1886 3002 1941 dubitandum
3048 1901 3155 1941 non
3198 1895 3313 1953 est,
3359 1887 3566 1942 etiamsi

1982 1976 2071 2032 illa
2109 1986 2383 2049 comperta
2424 1994 2533 2035 non
2574 1984 2789 2047 essent,
2834 1992 2954 2034 esse
2997 1964 3173 2036 tamen
3212 1979 3359 2035 credi
3410 1993 3569 2050 opor-

1982 2056 2136 2123 teret.

2052 2155 2278 2215 CAPUT
2308 2155 2520 2214 XXVII.
2542 2187 2612 2199 --
2638 2158 2769 2213 Nam
2798 2158 2926 2214 illud
2952 2158 3092 2230 quod
3123 2159 3387 2229 adjnngis,
3418 2159 3569 2214 dissi-

1980 2247 2151 2303 milem
2178 2249 2334 2321 fuisse
2358 2249 2677 2303 traditionem
2696 2246 2884 2305 Christi
2907 2259 3057 2319 atque
3080 2249 3353 2319 Moyseos;
3381 2260 3427 2302 et
3455 2250 3570 2319 ideo

1981 2341 2271 2413 nonfuisse
2296 2340 2595 2408 verisimile,
2626 2349 2679 2395 ut
2714 2342 2759 2395 si
2799 2341 3055 2395 crederent
3082 2340 3282 2413 Moysi,
3312 2344 3572 2398 crederent

1980 2440 2026 2486 et
2069 2412 2314 2497 Christo;
2368 2431 2470 2485 into
2513 2432 2644 2485 illud
2688 2431 2857 2502 potius
2896 2447 3006 2485 esse
3050 2412 3388 2502 consequens,
3431 2441 3486 2486 ut
3524 2418 3571 2486 si

1980 2523 2128 2577 alteri
2156 2522 2328 2577 Judtei
2366 2522 2660 2587 crederent,
2698 2523 2844 2576 alteri
2885 2524 3163 2577 necessario
3192 2532 3569 2594 repugnarent;

1980 2614 2088 2669 non
2118 2614 2302 2685 utique
2326 2613 2555 2679 diceres,
2587 2615 2630 2670 si
2657 2612 3099 2689 considerationis
3127 2616 3339 2671 oculum
3382 2616 3569 2687 paulu.

1982 2702 2091 2758 lum
2119 2704 2413 2775 attollet-es,
2447 2704 2738 2774 orbemque
2765 2692 3025 2760 terrarum
3058 2694 3176 2761 sine
3212 2705 3570 2762 contentionis

1980 2794 2219 2850 ca:citate
2246 2795 2589 2863 conspiceres
2613 2794 2665 2850 in
2694 2793 2996 2852 hominibus
3020 2795 3191 2852 doctis
3219 2805 3379 2867 atque
3418 2797 3549 2851 indo

1980 2886 2102 2953 etis,
2134 2884 2336 2943 Graecis
2362 2895 2416 2941 et
2447 2886 2714 2954 Barbaris,
2742 2878 3068 2958 sapientibus
3093 2895 3148 2942 et
3175 2884 3570 2958 insipientibus,

1981 2978 2174 3049 quibus
2198 2992 2258 3033 se
2285 2977 2583 3033 debitorem
2612 2977 2823 3034 dicebat
2845 2979 3134 3049 Apostolus
3161 2978 3334 3052 (Rom.
3362 2995 3410 3047 ι,
3439 2980 3505 3035 14
3522 2978 3573 3052 ),

1980 3079 2035 3124 et
2064 3067 2229 3140 Moysi
2273 3078 2328 3123 et
2355 3069 2568 3124 Christo
2613 3068 2769 3123 simul
2813 3068 3143 3125 credentem.
3190 3068 3249 3124 Si
3290 3084 3419 3140 ergo
3459 3080 3572 3126 non

1980 3167 2097 3214 erat
2138 3148 2426 3214 verisimile
2474 3168 2529 3214 ut
2576 3158 2745 3215 Judaei
2797 3158 2964 3231 Moysi
3012 3168 3067 3215 et
3109 3158 3322 3216 Christo
3371 3161 3570 3230 pariter

1980 3248 2295 3315 Crederem,
2324 3249 2491 3304 multo
2523 3249 2695 3305 minus
2720 3249 3008 3305 verisimile
3049 3259 3133 3305 est
3172 3258 3230 3305 ut
3272 3250 3419 3306 orbis
3460 3260 3567 3307 ter-

1980 3354 2159 3395 rarum
2198 3340 2363 3411 Moysi
2407 3350 2459 3394 ct
2497 3339 2712 3396 Christo
2753 3341 2954 3411 pariter
2999 3340 3203 3395 credat.
3257 3340 3391 3397 Cum
3436 3350 3577 3398 vero

1982 3431 2259 3487 videamus
2302 3445 2491 3487 omnes
2536 3441 2721 3502 gentes
2767 3432 2978 3502 utrique
3024 3431 3275 3500 credere,
3320 3442 3376 3489 et
3422 3434 3567 3489 illius

1981 3522 2316 3593 prophetiam
2360 3538 2483 3577 cum
2515 3522 2799 3599 Evangelio
2828 3522 2985 3591 hujus
3026 3523 3431 3579 convenientem
3460 3522 3569 3580 ﬁde

1980 3612 2341 3669 robustissima
2369 3621 2423 3668 et
2463 3612 2814 3668 celeberrima
2843 3613 3075 3667 retinere
3095 3653 3110 3679 ,
3139 3627 3245 3668 non
3274 3612 3338 3668 ad
3368 3614 3568 3684 aliquid

1980 3702 2307 3776 impossibile
2346 3720 2477 3776 gens
2521 3720 2623 3759 una
2653 3704 2975 3770 vocabatur,
3021 3717 3142 3758 eum
3186 3703 3236 3759 ei
3272 3702 3569 3771 diceretur,

1981 3800 2044 3855 Si
2066 3797 2331 3855 crederetis
2359 3796 2530 3869 Moysi
2548 3840 2563 3865 ,
2593 3796 2858 3852 crederetis
2894 3806 2940 3851 et
2977 3796 3099 3849 mihi
3128 3811 3147 3849 :
3176 3798 3456 3867 potiusque
3483 3790 3569 3853 esi

1980 3890 2219 3946 miranda
2247 3899 2301 3946 et
2325 3890 2694 3947 vehementius
2719 3888 2986 3959 arguenda
3016 3887 3209 3943 duritia
3237 3888 3569 3959 Judmorum,’

1978 3983 2067 4053 qui
2100 3983 2201 4037 hoc
2228 3996 2333 4037 non
2365 3979 2641 4049 fecerunt,
2686 3980 2826 4053 quod
2877 3982 3043 4035 totum
3084 3979 3341 4034 mundum
3372 3966 3566 4036 iecisse

1977 4072 2355 4144 conspicimus.
2492 4138 2493 4141 η

2047 4180 2273 4240 CAPUT
2298 4172 2536 4238 XXVIII.
2559 4180 2776 4237 -—Nam
2802 4162 3051 4252 quidquid
3076 4180 3209 4237 dicis
3230 4180 3299 4237 de
3318 4160 3564 4248 sabbato,

1976 4282 2032 4329 et
2057 4273 2124 4329 de
2152 4272 2563 4329 circumcisione
2587 4272 2782 4337 carnis,
2808 4281 2862 4326 et
2887 4272 2953 4327 de
2982 4272 3277 4327 differentia
3299 4266 3569 4339 ciborum,

1977 4365 2135 4421 aliam
2181 4364 2343 4420 fuisse
2388 4363 2725 4419 traditionem
2754 4363 2956 4434 Moysi,
2988 4362 3130 4417 aliud
3172 4377 3267 4432 per
3291 4362 3562 4418 Christum

1978 4458 2230 4515 didicisse
2280 4446 2650 4523 Christianos;
2687 4456 2797 4527 jam
2842 4471 2998 4527 supra
3038 4456 3369 4511 ostendimus
3415 4456 3571 4526 quia,

1976 4550 2115 4607 sicut
2153 4550 2281 4606 dicit
2307 4548 2594 4619 Apostolus
2618 4588 2635 4618 ,
2664 4544 2791 4603 Hcce
2819 4548 2987 4601 omnia
3026 4548 3207 4619 ﬁguris
3234 4558 3420 4603 nostris
3448 4551 3564 4620 fue-

1977 4652 2094 4695 runt
2123 4640 2176 4711 (l
2204 4640 2324 4696 Cor.
2352 4655 2422 4708 ι,
2453 4639 2547 4710 6).
2594 4636 2709 4694 Νοη
2742 4653 2869 4709 ergo
2918 4638 3124 4693 diversa
3172 4640 3411 4695 doctrina
3457 4650 3561 4704 est,

1977 4733 2071 4788 sed
2100 4733 2369 4788 diversum
2417 4740 2648 4801 tempus.
2700 4728 2860 4784 Aliud
2902 4730 3043 4785 enim
3091 4740 3242 4796 erat,
3294 4746 3402 4801 quo
3447 4730 3561 4786 lnec

1977 4824 2255 4895 Oportebat
2292 4836 2389 4893 per
2430 4812 2680 4892 ﬁguratas
2718 4819 3037 4898 pprophetias
3080 4821 3459 4890 prmnuntiari;
3507 4832 3563 4876 et

1977 4915 2117 4991 aliud
2148 4924 2252 4981 est,
2285 4929 2391 4984 quo
2423 4914 2537 4969 haec
2559 4912 2669 4984 jam
2700 4920 2911 4982 Oportet
2940 4926 3033 4983 per
3059 4900 3392 4967 manifestam
3424 4914 3564 4968 veri-

1978 4990 2139 5063 tatem
2193 5005 2558 5076 redditamque
2605 5003 2905 5075 adimpleri.
2957 5003 3060 5060 Sed
3105 4990 3229 5073 quid
3264 5003 3470 5071 mirum
3514 4990 3569 5079 si

1975 5094 2144 5158 iudici
2174 5085 2456 5155 carnaliter
2484 5098 2836 5170 intelligentes
2870 5097 3168 5163 sabbatum,
3201 5086 3431 5171 Christo,
3464 5096 3555 5167 qui

1972 5192 2083 5263 jam
2113 5190 2217 5246 hoc
2246 5188 2595 5260 spiritualiter
2619 5180 2938 5256 insinuabat,
2968 5176 3439 5267 repugnaverunt?
3478 5187 3560 5245 'l‘u

1978 5280 2237 5354 Apostolo
2280 5278 2574 5349 responde,
2602 5279 2647 5333 si
2676 5289 2858 5350 potes,
2902 5278 2990 5349 qui
3020 5276 3350 5332 vacationem
3392 5280 3563 5349 ipsius

1977 5370 2093 5439 diei,
2111 5368 2354 5427 umbram
2382 5366 2544 5425 futuri
2570 5383 2690 5426 esse
2717 5378 2941 5424 testatur
2970 5366 3190 5437 (Coloss.
3220 5371 3417 5437 ",16,
3444 5372 3560 5449 l7).

1978 5451 2083 5521 sed
2106 5463 2152 5519 si
2180 5462 2255 5517 illi
2278 5462 2587 5535 restiterunt
2605 5456 2969 5525 Christo,‘non
2997 5458 3354 5531 intelligentes
3374 5454 3559 5518 verum

1980 5552 2282 5619 sabbatum,
2308 5567 2405 5608 vos
2433 5552 2481 5607 ei
2513 5534 2678 5625 uotae
2705 5545 2990 5625 resistere,
3008 5558 3062 5605 et
3087 5529 3361 5622 intelligite
3380 5529 3576 5607 veram.

1980 5635 2359 5721 innocentiam.
2389 5632 2613 5698 Nam’eo
2637 5643 2753 5712 ipso
2778 5633 2916 5708 loco,
2942 5642 3027 5698 ubi
3058 5630 3323 5714 praecipue
3349 5644 3579 5715 destrng

1980 5748 2098 5795 ctor
2127 5722 2329 5794 sabbati
2379 5743 2593 5806 putatur
2617 5735 2804 5800 Jesus,
2853 5751 2981 5791 CIIIII
3017 5736 3261 5808 discipuli
3311 5738 3425 5807 ejus
3467 5749 3575 5813 per

1984 5839 2217 5903 segetem
2250 5836 2587 5885 transeuntes
2620 5838 2673 5884 et
2699 5829 2995 5885 esurientes
3021 5829 3280 5885 vellerent
3310 5814 3483 5900 spicas
3514 5836 3567 5886 et
