4016 6456
522 336 625 392 355

521 448 771 510 ederent,
819 444 1137 521 innocentes
1156 458 1250 501 eos
1288 442 1455 511 dixit,
1496 442 1828 519 respondens
1873 441 2092 511 Juda-is,

525 536 587 591 Si
616 533 808 590 sciretis
846 534 967 606 quid
995 535 1079 602 sit,
1111 533 1510 607 Misericordiam
1534 534 1645 587 volo
1674 532 1691 565 ί
1717 549 1869 602 quant
1895 535 2091 602 sacriﬁ-

519 628 651 701 cium
670 669 684 694 ,
713 643 967 700 nunquam
989 625 1407 681 condemnassetis
1434 623 1719 678 innocentes
1745 610 1961 695 (Matth.
1994 641 2091 691 XII,

519 718 598 790 7).
626 718 791 788 Magis
814 719 956 772 enim
984 700 1326 772 esurientium
1355 708 1596 769 misereri
1624 706 1940 797 debuerunt,
1968 717 2088 787 quia

526 788 630 866 hoc
656 809 733 865 illi
760 808 927 863 coacti
955 806 1094 861 fame
1124 805 1379 861 fecerunt.
1408 807 1448 858 A
1478 788 1630 859 vobis
1652 788 1827 883 autem
1854 806 2093 877 quisquis

520 884 993 977 vuls‘erit’spicas,
1027 912 1131 952 non
1162 911 1225 952 ex
1258 896 1538 951 traditione
1566 896 1783 977 Christi,
1826 898 1913 967 qui
1942 897 2093 975 lianc

521 974 879 1047 innocentiam
910 998 1083 1053 vocat,
1109 986 1203 1043 sed
1233 1002 1299 1043 ex
1323 987 1602 1069 traditione
1621 974 1893 1043 Manichaei
1921 988 2095 1071 homi-

517 1085 634 1139 cida
659 1084 960 1159 deputatur.
987 1080 1067 1135 An
1100 1066 1235 1136 forte
1261 1066 1678 1135 misericordiam
1706 1079 1908 1135 eisdem
1933 1066 2093 1151 spicis

517 1175 870 1230 exliihuerunt
899 1172 1137 1242 Apostoli
1158 1214 1173 1240 ,
1208 1180 1265 1228 ut
1298 1172 1427 1228 inde
1473 1173 1710 1228 membra
1741 1172 1834 1226 Dei
1866 1172 2089 1245 mandu-

514 1264 683 1320 cando
712 1266 1032 1341 purgarent,
1065 1263 1201 1317 sicut
1240 1271 1416 1317 vestra
1447 1248 1633 1335 fabula
1665 1260 1788 1340 est?
1810 1261 1926 1339 “Vos
1965 1277 2092 1332 ergo

514 1356 775 1420 crudeles,
820 1353 909 1425 qui
958 1353 1057 1408 hoc
1105 1368 1211 1408 non
1249 1353 1449 1431 placitis.
1505 1352 1628 1431 Sed.
1657 1353 1902 1409 videlicet
1947 1354 2093 1409 novit

502 1445 746 1499 'Fausws
775 1444 1051 1499 destruere
1090 1443 1367 1499 sabbatum
1390 1486 1404 1510 ,
1436 1444 1559 1513 quia
1599 1444 1698 1498 scit
1719 1444 1966 1499 virtutem
1999 1444 2089 1498 Dei

512 1532 724 1604 semper
750 1543 908 1603 atque
950 1533 1342 1604 infatigabiliter
1370 1528 1601 1603 operari.
1633 1533 1711 1587 illi
1756 1518 1859 1589 hoc
1889 1520 2087 1601 dicant,

494 1627 602 1695 qui
645 1618 947 1696 intelligunt
990 1618 1155 1705 Deum
1204 1624 1318 1679 sine
1364 1624 1642 1695 temporali
1672 1624 1940 1705 voluntate
1971 1626 2089 1705 uni-

490 1728 664 1772 versa
690 1710 953 1786 'tempora
996 1700 1298 1770 facientem.
1344 1714 1457 1769 lloe
1497 1715 1562 1771 ad
1602 1730 1696 1770 vos
1737 1700 1958 1770 multum
1987 1700 2085 1781 est,

512 1809 602 1877 qui
643 1794 741 1865 Dei
765 1807 923 1862 vestri
969 1796 1205 1876 requiem
1236 1806 1579 1862 rebellatione
1620 1807 1793 1877 gentis
1838 1807 2087 1861 tenebra-

512 1913 628 1953 rum
673 1895 960 1968 perhibetis
985 1910 1293 1963 excussam,
1323 1904 1377 1951 et
1406 1895 1635 1950 hostium
1679 1895 1959 1966 repentino
1985 1896 2088 1950 im-

509 1998 635 2059 petu
663 1988 1042 2059 perturbatam.
1073 1988 1154 2041 An
1178 2002 1242 2042 ex
1266 1978 1469 2041 esterno
1493 1985 1795 2056 pnevidens
1820 1986 1919 2041 hoc
1950 1985 2090 2040 futu-

510 2095 650 2145 rum,
683 2093 951 2149 nunquam
979 2077 1160 2132 habuit
1184 2078 1418 2148 requiem
1444 2118 1458 2141 ,
1487 2077 1607 2147 quia
1632 2091 1898 2145 nunquam
1930 2064 2089 2131 secu-

492 2182 600 2224 ‘rus
625 2168 742 2236 fuit,
774 2168 864 2238 qui
889 2183 947 2223 se
972 2167 1236 2237 cogitabat
1260 2175 1367 2221 tam
1395 2156 1554 2234 grave
1579 2166 1776 2221 bellum
1796 2181 1915 2221 cum
1946 2156 2087 2221 tanta

506 2254 866 2315 membrorum
896 2272 1111 2313 suorum
1148 2257 1264 2312 labe
1303 2256 1603 2327 damnaque
1631 2256 1949 2327 gesturum?
2064 2254 2071 2277 ⁵

578 2347 810 2405 CAPUT
852 2346 1043 2403 XXIX.
1068 2376 1140 2387 —
1165 2346 1427 2402 leerum
1455 2345 1581 2400 illud
1613 2346 1919 2412 sabbatum,
1947 2344 2087 2416 quod

506 2442 751 2513 imperite
791 2449 948 2511 atque
987 2441 1146 2510 impie
1176 2438 1447 2503 deride’tis,
1494 2438 1595 2517 nisi
1633 2448 1688 2494 et
1734 2438 1906 2508 ipsum
1951 2428 2089 2492 inter

499 2532 820 2608 prephetias
854 2546 973 2602 qum
1023 2530 1091 2585 de
1135 2530 1348 2584 Christo
1402 2529 1614 2607 scripta:
1659 2537 1816 2608 sunt,
1868 2528 2090 2583 haberet

506 2606 871 2688 intellectum,
905 2637 1009 2676 non
1054 2621 1101 2675 ei
1138 2608 1388 2675 Christus
1433 2606 1513 2674 sic
1540 2606 1895 2697 attestaretur
1930 2616 1951 2673 ἐ
1998 2614 2088 2697 qui

492 2730 624 2769 ‘cum
659 2710 1211 2783 prepria’volui'itat'e,
1245 2710 1383 2765 sicut
1420 2710 1533 2780 ipse
1560 2710 1612 2765 in
1653 2710 1767 2780 ejus
1796 2699 1951 2764 laude
1990 2725 2087 2782 po-

506 2808 678 2871 suisti,
711 2788 1254 2874 pateretur,'ideoque
1280 2802 1517 2870 tempora
1546 2800 1804 2878 passionis
1830 2810 1882 2855 et
1911 2792 2088 2855 resur-

494 2894 764 2949 «rectionis
804 2888 929 2948 sure:
946 2891 1167 2946 haberet
1207 2891 1259 2945 in
1299 2899 1563 2961 potestate
1586 2931 1600 2955 ,
1632 2889 1683 2944 id
1711 2889 1853 2961 egit,
1882 2882 1936 2943 ut
1964 2905 2089 2945 caro

507 2986 621 3054 ejus
663 2983 714 3037 in
761 2974 1292 3052 sepultura‘sabbato
1335 2967 1692 3049 requiesceret
1735 2979 1802 3034 ab
1842 2979 2088 3034 onmibus

505 3075 755 3145 operibus
784 3074 913 3139 suis,
946 3078 1007 3126 ut
1035 3072 1190 3127 tertio
1224 3069 1311 3125 die
1336 3084 1641 3138 resurgens,
1670 3084 1827 3139 quem
1854 3070 2088 3124 domini-

505 3179 627 3218 cum
654 3163 902 3229 dicimus,
932 3162 1020 3233 qui
1040 3168 1167 3231 post
1195 3148 1472 3215 sabbatum
1506 3170 1814 3215 numeratur
1841 3160 2084 3227 octavus,

509 3257 670 3309 etiam
719 3252 1179 3310 circm'ncisionem
1209 3250 1379 3306 octavi
1407 3250 1513 3305 diei
1553 3251 1619 3304 ad
1664 3266 1722 3305 se
1762 3242 2086 3321 prophetau-

507 3348 633 3402 dum
665 3338 932 3417 pertinere
961 3342 1457 3409 decla’raret.'Quid
1499 3343 1640 3397 enim
1680 3341 1938 3413 signiﬁcat
1980 3344 2086 3398 cir-

446 3452 462 3473 ι
507 3438 763 3494 eumcisio
788 3434 1009 3491 carnis?
1036 3434 1172 3503 Quid
1195 3475 1208 3500 ,
1242 3433 1343 3488 nisi
1379 3432 1817 3502 exspoliationem
1850 3434 2087 3486 mortali-

510 3530 652 3593 tatis,
678 3541 833 3598 quam
857 3527 923 3581 de
947 3524 1146 3580 carnali
1172 3522 1513 3594 generatione
1539 3522 1844 3592 portamus?
1865 3521 2091 3592 Propter

508 3620 612 3677 hoc
640 3620 779 3675 dixit
813 3616 1099 3687 Apostolus
1128 3633 1142 3669 :
1181 3613 1388 3668 Exuens
1422 3630 1476 3668 se
1511 3629 1709 3667 carnem
1731 3654 1746 3678 ,
1774 3599 2091 3684 principatus

502 3724 557 3768 et
584 3718 847 3782 potestates
878 3705 1201 3775 exemplavit,
1231 3702 1536 3774 ﬁducialiter
1556 3703 1871 3772 triumphans
1912 3720 1995 3757 eos
2038 3706 2089 3758 in

499 3807 772 3877 semetipso
803 3803 1017 3875 (Coloss.
1049 3816 1084 3855 ιι
1105 3798 1131 3867 ,’
1148 3799 1259 3871 15).
1291 3797 1444 3866 Quod
1471 3786 1612 3853 enim
1638 3796 1767 3852 dicit
1793 3798 2003 3879 exuisse
2030 3813 2091 3853 se

509 3915 756 3964 carnem,
784 3911 850 3952 eo
893 3895 1018 3949 loco
1055 3907 1270 3949 carnem
1292 3890 1676 3946 mortalitatem
1707 3889 1883 3944 carnis
1931 3889 2087 3943 intel-

500 3990 741 4061 ﬁgimus,
782 3986 1074 4042 secundum
1119 3965 1276 4052 quam
1322 3979 1535 4051 proprie
1580 3994 1776 4048 corpus
1821 3979 1921 4033 hoc
1961 3993 2087 4032 caro

514 4081 834 4137 nominatur.
884 4078 1014 4144 Quae
1064 4074 1359 4129 mortalitas
1399 4072 1613 4140 proprie
1656 4085 1782 4125 caro
1826 4071 2089 4140 appellata

513 4181 629 4239 est,
675 4170 797 4241 quia
824 4168 901 4222 [in
949 4166 1039 4222 illa
1087 4161 1493 4218 resurrectionis
1538 4161 1935 4215 immortalitate
1985 4175 2090 4215 non

517 4261 622 4317 erit
651 4277 664 4314 :
698 4267 978 4331 propterea
1007 4254 1262 4323 scriptum
1292 4261 1393 4318 est,
1424 4250 1627 4305 Caro-et
1653 4252 1857 4321 sanguis
1884 4266 2092 4322 regnum

515 4352 611 4408 Dei
637 4367 736 4406 non
766 4346 1107 4421 possidebunt.
1162 4343 1239 4398 De
1271 4342 1462 4413 quibus
1489 4341 1665 4396 verbis
1725 4341 1907 4396 soletis
1936 4342 2091 4396 calu-

508 4438 879 4501 mniari'ﬁdci
935 4446 1168 4501 nostrae,
1196 4449 1298 4503 qua
1344 4432 1611 4488 credimus
1669 4429 2092 4501 hujus-corporis

516 4541 742 4596 futuram
789 4531 1254 4595 resurrectionem,
1302 4543 1423 4598 quin
1463 4528 1516 4581 in
1566 4525 1683 4597 ipso
1719 4526 1941 4579 Domino
1980 4526 2089 4593 jam

517 4631 809 4705 praecessit,
830 4623 1226 4683 dissimulantes
1246 4636 1311 4677 ea
1338 4635 1456 4690 qum
1482 4626 1794 4688 sequuntur,
1824 4618 1875 4671 in
1900 4617 2092 4686 quibus

517 4733 701 4795 aperte
742 4716 1027 4790 Apostolus
1069 4712 1196 4785 quid
1242 4711 1385 4766 dicat
1426 4709 1664 4779 exponit.
1715 4707 1907 4762 Volens
1945 4708 2089 4761 enim

518 4812 803 4871 ostendere
848 4806 975 4879 quid
1020 4820 1086 4860 eo
1129 4804 1247 4858 loco
1293 4800 1487 4856 dixerit
1536 4813 1751 4854 carnem
1777 4839 1791 4863 ,
1818 4797 2092 4853 continuo

519 4902 789 4974 subjecit:
821 4897 1000 4968 Neque
1038 4891 1291 4961 corruptio
1318 4888 1756 4964 incorruptionem
1801 4885 2089 4957 possidebit.

514 4994 632 5053 Hoc
656 4992 796 5049 enim
824 5000 1038 5058 corpus,
1061 4983 1200 5054 quod
1229 4990 1445 5053 propter
1472 4977 1848 5055 mortalitatem
1876 4976 2089 5046 proprie

508 5103 644 5148 caro
669 5083 993 5147 nominatur,
1014 5075 1206 5132 mutari
1233 5072 1361 5128 dicit
1388 5071 1441 5126 in
1469 5069 1878 5135 resurrectione,
1901 5077 1957 5123 ut
1976 5067 2087 5137 jam

515 5194 626 5234 non
664 5177 735 5232 sit
761 5167 1106 5243 corruptibile
1136 5173 1294 5234 atque
1320 5160 1569 5217 mortale.
1596 5158 1747 5226 Quod
1785 5174 1853 5213 ne
1880 5166 2091 5239 putetur

518 5276 699 5324 nostra
724 5262 1026 5333 suspicione
1054 5255 1156 5312 dici
1174 5296 1190 5322 ,
1222 5255 1335 5322 ipsa
1362 5251 1479 5320 ejus
1509 5264 1628 5320 quae
1655 5257 1946 5318 sequuntur
1975 5263 2091 5315 vere

518 5359 585 5413 ba
625 5352 904 5409 consulite.
953 5346 1119 5411 Ecce,
1160 5342 1369 5412 inquit,
1411 5338 1850 5410 mysteriumdico
1875 5354 1895 5391 :
1924 5353 2094 5391 omnes

517 5443 719 5516 quidem
756 5448 1075 5510 resurgcmus
1093 5475 1109 5500 ,
1152 5449 1252 5487 non
1290 5440 1457 5484 tamen
1486 5443 1663 5495 omnes
1697 5425 2089 5481 immutabimur.

521 5539 587 5592 tn
610 5544 797 5598 atomo,
825 5532 877 5586 in
903 5532 1003 5584 ictu
1032 5526 1185 5594 oculi,
1213 5526 1265 5579 in
1294 5522 1563 5577 novissima
1587 5519 1745 5585 tuba;
1783 5527 1928 5574 canet
1961 5519 2093 5572 enim

581 5648 601 5681 ί
633 5650 762 5705 t.ov.,
785 5634 1164 5705 misericordiam
1180 5635 1467 5705 malogltditi
1487 5646 1607 5705 vero
1626 5631 1707 5681 alii
1730 5638 1782 5681 et
1803 5638 1931 5691 uss,
1953 5630 2094 5705 nam”.

516 5697 779 5817 risorgiant
813 5703 918 5756 uolo
953 5715 1098 5765 quam
1131 5697 1467 5762 sacrificium:
1503 5698 1640 5760 juxta
1676 5706 1903 5757 graecum,
1951 5701 2094 5768 Osee,

525 5784 624 5817 ἕω.
682 5806 693 5817 .

525 5784 624 5833 cap.
648 5784 693 5818 υ.

1325 333 1592 390 comas
1632 330 1951 417 rsuswu
1991 331 2545 424 ιιειΝιοιιιΕιιιιηδη
2576 334 2935 392 AUCUS’l‘lNl

3649 339 3779 420 ‘m‘

2176 445 2336 529 Otuba,
2361 454 2406 499 et
2447 446 2633 516 mortui
2662 436 2918 521 resurgent
2958 446 3252 517 incorrupﬁ,
3274 453 3341 521 etL
3359 463 3449 527 nos
3485 448 3774 504 inmutabi-

2200 558 2330 595 mur.
2379 541 2588 619 Oportet
2626 528 2767 621 enim.
2799 530 3125 621 corruptibilis
3161 529 3508 617 ‘hocﬁindue'e
3548 545 3753 617 incorru

2177 632 2439 706 _ptionem,
2467 642 2516 704 et
2544 616 2870 715 mortale/ioc
2894 616 3103 706 induere
3126 616 3555 689 immortalitatem
3581 635 3635 706 (ι
3655 618 3772 689 Cor.

2178 722 2534 809 ambo-5'5).
2570 722 2635 778 Ut
2660 739 2786 803 ergn
2813 722 3059 807 induatur
3094 724 3525 790 immortalitate,
3558 725 3776 780 exuitur

2183 817 2522 888 mortalitate
2551 834 2565 871 :
2599 816 2701 871 hoc
2730 826 2812 871 est
2840 816 3594 891 circumcisionismysterium
3615 859 3632 882 ,
3660 832 3779 885 qua:

2182 917 2385 989 octavo
2411 908 2498 989 die
2526 908 2647 988 ﬁeri
2687 893 2834 987 jussa
2862 917 2947 965 est
2972 908 3136 989 (Cen.
3165 926 3273 964 xvii
3295 895 3443 982 ,12)
3466 951 3480 975 ,
3507 922 3561 965 et
3586 902 3779 987 octavo

2197 984 2398 1064 die,'id
2428 983 2545 1066 est,
2573 983 2840 1055 dominico
2865 1010 2986 1071 post
3010 983 3431 1075 sabbatumjam
3473 1003 3527 1077 in
3555 983 3779 1077 veritate

2186 1105 2225 1159 7a
2257 1090 2480 1145 Domino
2510 1076 2745 1160 impleta.
2782 1081 2932 1156 Unde
2956 1091 3182 1165 dicitur,
3213 1091 3417 1146 Exuens
3452 1076 3775 1156 secernens,

2182 1178 2513 1254 principatus
2551 1189 2599 1233 et
2643 1164 2911 1249 potestates
2949 1165 3271 1267 exemplaeit.
3294 1182 3418 1259 ᾳΡεξι·
3456 1180 3594 1236 hanc
3620 1183 3778 1259 ‘enim

2184 1269 2574 1347 mortalitatem
2602 1271 2756 1325 nobis
2783 1260 2972 1334 invida:
2997 1260 3268 1326 diabolica:
3291 1266 3580 1341 petestates
3605 1272 3781 1341 domi-

2195 1350 2461 1431 nabantur
2489 1376 2518 1428 εΔ
2550 1376 2680 1429 quas
2719 1360 3050 1431 exemplasse
3095 1360 3268 1416 dictus
3307 1353 3412 1430 est,
3458 1349 3594 1433 quia
3621 1363 3674 1417 in
3722 1378 3782 1419 se

2183 1450 2311 1526 ipso
2338 1454 2508 1521 capite
2535 1459 2719 1506 nostro
2760 1446 2982 1525 praebuit
3012 1454 3310 1531 exemplum
3334 1440 3523 1531 ,_quod
3566 1455 3618 1508 in
3660 1437 3777 1509 toto

2188 1540 2310 1611 ejus
2351 1557 2576 1612 corpore
2597 1583 2629 1608 ,,
2654 1541 2704 1596 id
2737 1552 2851 1608 est,
2883 1542 3124 1609 Ecclesia
3171 1560 3238 1598 ex
3278 1544 3481 1617 diaboli
3514 1554 3780 1615 potestate

2193 1633 2486 1709 liberanda,
2516 1633 2568 1687 in
2599 1633 2778 1687 ultima
2808 1635 3200 1710 resurrectione
3227 1628 3584 1709 complebitur
3612 1654 3625 1689 :
3657 1635 3780 1692 haec

2185 1713 2278 1798 :est
2308 1724 2437 1799 ﬁdes
2464 1733 2669 1780 nostra.
2702 1725 2769 1778 Et
2792 1725 3062 1795 quoniam,
3095 1721 3233 1779 sicut
3261 1726 3616 1781 testimonium
3651 1741 3782 1797 pro-

2194 1815 2462 1890 pheticum
2491 1815 2685 1871 Paulus
2730 1823 3145 1882 commemorat,
3176 1813 3361 1887 Justus
3406 1832 3469 1870 ea:
3509 1809 3626 1885 [ide
3656 1816 3781 1869 vivit

2194 1906 2370 1975 (Rom.
2393 1921 2431 1972 ι,
2457 1907 2521 1961 17
2540 1894 2559 1973 ς’
2582 1896 2859 1975 [labat-.11,
2886 1906 2970 1976 4);
3002 1898 3114 1983 haec
3137 1914 3217 1960 est
3236 1897 3544 1976 justiﬁcatio
3567 1890 3777 1983 nostra;

2192 1995 2453 2052 Mortuum
2479 1998 2673 2068 quippe
2694 1996 2959 2052 Christum
2989 1982 3261 2068 etPagani
3291 1997 3515 2053 credunt
3545 2016 3557 2051 :
3588 1982 3778 2053 resur-L

2194 2091 2394 2157 rexisse
2420 2099 2601 2165 autem
2619 2089 2907 2164 Christum,
2929 2090 3143 2163 propria
3160 2090 3301 2167 ﬁdes
3328 2100 3413 2167 est
3433 2071 3779 2167 Christiano;

2191 2199 2328 2237 rum.
2360 2168 2593 2237 Si‘enim
2629 2170 2949 2250 conﬁtearis,
2988 2182 3062 2237 ait
3100 2176 3429 2252 Apostolus,
3464 2184 3519 2238 in
3550 2172 3779 2243 'ore‘tuo

2189 2275 2306 2346 quia
2332 2273 2674 2356 Dominusest
2702 2271 2888 2339 Iesus,
2922 2284 2969 2351 et
2993 2275 3266 2345 credideris
3291 2276 3343 2329 in
3369 2276 3518 2330 corde
3537 2258 3626 2331 tuo
3653 2264 3782 2347 quia

2188 2365 2326 2445 petis
2346 2366 2491 2422 illum
2514 2367 2767 2421 suscitavit
2791 2384 2823 2419 α
2849 2372 3079 2435 mortuis,
3102 2368 3271 2422 salvus
3293 2368 3391 2423 eris
3416 2356 3589 2439 (Rom.
3612 2384 3664 2434 ι,
3691 2369 3778 2440 9).

2190 2459 2494 2532 Quiaergo
2539 2475 2603 2514 ex
2652 2459 2751 2514 ista
2798 2459 3205 2535 resurrectionis
3248 2458 3353 2514 ﬁde
3395 2458 3778 2529 justiﬁcamur,

2191 2542 2311 2607 ideo
2338 2560 2393 2607 et
2431 2552 2558 2607 illud
2587 2551 2655 2607 de
2683 2551 2894 2607 Christo
2938 2551 3287 2624 apostolicum
3315 2559 3428 2616 est,
3466 2538 3783 2617 Quia'mor—

2189 2652 2309 2711 tuus
2335 2653 2406 2697 est
2447 2653 2651 2713 propter
2679 2643 2862 2698 delicta
2905 2652 3107 2707 nostra,
3156 2652 3203 2695 et
3247 2643 3521 2696 resurrexit
3563 2652 3782 2712 propter

2183 2714 2598 2805 justiﬁcationein
2626 2720 2847 2787 nostrain
2873 2730 2981 2803 (Id.
3011 2722 3225 2804 tv,'25).
3247 2732 3335 2805 'Et
3359 2722 3499 2802 'quia
3537 2732 3636 2785 ista
3678 2723 3781 2803 re:

2193 2825 2453 2880 surrectio
2472 2865 2486 2889 ,
2515 2839 2634 2894 quae
2662 2822 2863 2878 credita
2890 2839 2987 2878 nos
3010 2823 3265 2895 justiﬁcat
3287 2863 3300 2887 ,
3330 2822 3422 2891 illa.
3441 2806 3632 2878 octava
3662 2821 3783 2876 diei

2188 2916 2595 2993 circumcisione
2621 2916 2849 2993 ﬁgurata
2881 2924 2996 2981 est;
3041 2924 3323 2986 preptcrea
3352 2915 3419 2970 de
3455 2914 3571 2985 ipso
3596 2915 3784 2969 Abra—

2191 3008 2334 3075 ham,
2382 3006 2468 3063 cui
2517 2990 2749 3077 primum,
2787 2990 2975 3081 tradita
3023 3016 3135 3070 est,
3181 3005 3310 3062 dicit
3342 3006 3675 3079 Apostolus:
3714 3003 3784 3085 Et

2190 3099 2390 3170 signum
2417 3100 2607 3170 accepit
2637 3099 3050 3163 circumcisiouis,
3078 3098 3396 3170 signaculum
3412 3098 3628 3168 justitiae
3650 3099 3786 3168 ﬁdes

2193 3191 2381 3264 (lbid.,
2403 3192 2512 3264 11).
2542 3192 2687 3271 Ergo
2715 3201 2769 3246 et
2798 3193 2950 3253 istam
2979 3192 3435 3257 circumcisionem
3474 3178 3612 3271 inter
3638 3191 3786 3246 alias

2193 3272 2387 3352 ﬁguras
2427 3267 2765 3354 preplieticas
2808 3284 2873 3338 de
2912 3283 3125 3338 Christo
3166 3284 3383 3353 scripsit
3421 3267 3675 3355 Moyses:
3716 3285 3788 3340 de

2192 3388 2297 3442 quo
2326 3374 2440 3444 ipse
2466 3373 2594 3429 dicit
2614 3416 2628 3440 ,
2658 3374 2735 3429 De
2766 3391 2843 3428 me
2878 3376 3011 3429 enim
3038 3374 3126 3428 ille
3152 3375 3373 3445 scripsit.
3405 3376 3557 3444 Quod
3594 3386 3788 3431 autem

2193 3464 2319 3547 dicit
2346 3454 2634 3547 Dominus,
2671 3466 2757 3522 Va:
2784 3466 2919 3522 vobis
2942 3507 2957 3532 ,
2992 3467 3184 3523 Scribat
3227 3479 3273 3521 et
3314 3466 3568 3523 Pharisaei
3596 3453 3792 3547 ⁴Ιιειροτ

2192 3545 2352 3621 critic,
2380 3558 2466 3625 qui
2515 3558 2787 3612 circumitis
2842 3575 2982 3613 mare
3036 3569 3082 3614 et
3109 3560 3353 3629 ,aridant,
3399 3563 3564 3634 facere
3617 3578 3791 3615 unum

2194 3648 2546 3718 proselytum;
2592 3658 2637 3702 et
2675 3665 2788 3702 cum
2827 3650 3045 3720 feceritis
3071 3667 3217 3717 eum,
3246 3651 3413 3721 facitis
3455 3668 3565 3705 eum
3606 3652 3791 3721 ﬁlium

2194 3737 2433 3806 gehennae
2457 3736 2615 3808 duplo
2647 3755 2796 3808 quant
2822 3754 2908 3792 vos
2934 3740 3050 3793 estis
3083 3755 3101 3793 :
3128 3756 3235 3797 non
3274 3740 3395 3809 quia
3436 3741 3793 3797 circumcidi-

2196 3834 2302 3899 tur,
2335 3827 2488 3892 dixit,
2520 3827 2613 3882 sed
2643 3828 2780 3899 quod
2808 3844 2991 3883 eorum
3022 3844 3199 3884 mores
3228 3829 3492 3897 imitatur,
3525 3833 3792 3901 aquibus

2196 3918 2464 3973 imitandis
2511 3919 2722 3973 cohibet
2765 3934 2928 3983 suos,
2975 3920 3159 3975 dicens
3186 3962 3200 3986 ,
3256 3922 3422 3992 Super
3469 3921 3792 3977 Cathcdram

2196 4009 2369 4083 ﬁloysi
2395 4010 2565 4064 sedent
2591 4010 2786 4065 Scriba:
2811 4021 2854 4063 et
2883 4009 3134 4065 Pharisaei
3168 4027 3187 4065 :
3217 4028 3328 4082 qua:
3353 4012 3552 4079 dicunt,
3585 4017 3792 4085 facite;
3889 4054 3897 4060 .

2196 4118 2310 4173 qua:
2337 4112 2501 4156 autem
2528 4103 2720 4175 faciunt
2740 4144 2754 4168 ,
2792 4094 2965 4177 facere,
2983 4104 3137 4157 nolite
3161 4120 3181 4158 :
3210 4096 3382 4158 dicunt
3410 4107 3541 4160 enim
3560 4147 3574 4171 ,
3604 4115 3649 4161 et
3680 4124 3797 4163 non

2197 4194 2390 4265 faciunt
2419 4190 2626 4265 (Matth.
2658 4208 2813 4257 χχιιι,
2850 4194 2936 4259 15,
2964 4193 3020 4260 2,
3053 4194 3143 4264 5).
3178 4194 3233 4249 In
3261 4195 3456 4266 quibus
3478 4196 3795 4266 dominicis

2199 4285 2375 4340 verbis
2401 4293 2683 4354 utrumque
2707 4284 2910 4340 debetis
2937 4284 3238 4353 advertere,
3267 4296 3322 4343 et
3350 4298 3577 4357 quantus
3604 4272 3798 4343 honor

2196 4376 2406 4441 delatus
2435 4378 2504 4431 sit
2532 4376 2785 4431 doctrinae
2814 4376 3012 4448 Moysi,
3048 4378 3100 4433 in
3142 4379 3292 4447 cujus
3331 4377 3584 4433 cathedra
3614 4364 3794 4433 etiam

2198 4466 2323 4548 mali
2366 4466 2649 4534 sedentes,
2698 4467 2833 4521 bona
2880 4467 3075 4523 docere
3123 4468 3482 4539 cogebantur;
3536 4478 3591 4523 et
3637 4470 3799 4525 unde

2202 4559 2352 4613 ﬁeret
2377 4559 2673 4632 proselytus
2705 4559 2841 4614 ﬁlius
2864 4560 3143 4630 gehennai,
3167 4576 3277 4616 non
3304 4561 3507 4616 scilicet
3532 4577 3563 4616 a
3589 4558 3800 4617 Phari-

2199 4646 2321 4706 Saiis
2343 4651 2505 4706 verba
2536 4652 2667 4729 legis
2691 4651 2977 4718 audiendo,
3007 4651 3107 4731 sed
3124 4668 3308 4709 eorum
3339 4654 3472 4710 facta
3496 4642 3796 4711 sectanda.

2197 4743 2313 4816 .l'loc
2337 4757 2463 4813 ergo
2486 4741 2585 4797 dici
2614 4752 2801 4813 posset
2827 4752 2950 4800 tunc
2978 4744 3248 4814 proselyto
3274 4744 3613 4808 circumciso,
3638 4745 3799 4814 quod

2202 4825 2394 4917 Paulus
2438 4836 2566 4913 dicit
2599 4838 2613 4891 ἑ
2645 4836 2969 4892 Circumcisio
3019 4838 3217 4908 quidem
3265 4837 3488 4908 prodest,
3532 4838 3578 4892 si
3623 4838 3804 4908 legem

2200 4916 2453 4997 custodias
2484 4925 2655 4998 (liam.
2688 4942 2745 4992 ιι,
2773 4927 2890 4996 25).
2920 4927 3052 4994 Quia
3078 4916 3205 4982 vero
3235 4927 3322 4981 ille
3358 4927 3411 4981 in
3455 4941 3558 4981 non
3600 4936 3805 5003 custof

2199 5014 2391 5088 dieuda
2415 5014 2535 5084 lege
2555 5015 2853 5071 Pharismos
2882 5016 3206 5081 imitabatur,
3232 5016 3391 5083 ﬁebat
3419 5004 3569 5071 ﬁlius.
3583 5015 3808 5086 gehen-

2202 5123 2285 5162 nze
2317 5125 2332 5162 :
2361 5096 2639 5178 propterea
2660 5148 2675 5174 ,
2705 5116 2960 5176 quantum
3010 5106 3273 5173 arbitror,
3304 5100 3465 5178 duplo
3493 5122 3651 5177 quam
3685 5106 3803 5172 illi,

2201 5182 2326 5272 quia
2357 5199 2460 5255 hoc
2485 5200 2782 5271 negligebat
2819 5200 3039 5269 implere
3079 5199 3222 5270 quod
3266 5201 3478 5271 propria
3508 5188 3807 5256 voluntate

2202 5284 2531 5361 Susceperat,
2557 5306 2665 5348 non
2690 5306 2756 5346 ex
2781 5280 2977 5347 Judaeis
3008 5301 3194 5359 natus,
3220 5292 3315 5349 sed
3346 5301 3538 5363 sponte
3564 5290 3809 5348 Judieus

2203 5382 2392 5436 factus.
2752 5428 2755 5435 .
2932 5436 3013 5453 Α,
3160 5444 3165 5447 _
3372 5443 3378 5449 _
3500 5374 3519 5449 ξ
3626 5429 3632 5435 .

2202 5458 2209 5462 θ
2274 5470 2501 5543 CAPUT
2524 5471 2695 5527 XXX.
2725 5503 2795 5513 --
2821 5471 2958 5541 Quid
2988 5481 3162 5529 autem
3192 5474 3369 5531 dicere
3394 5473 3636 5540 voluisti,
3670 5474 3815 5530 sine

2202 5550 2447 5639 respectu
2489 5563 2741 5633 iniuriose
2762 5606 2774 5627 ,
2805 5562 2959 5634 quod’
2975 5564 3176 5635 Moyses
3205 5544 3454 5620 helluonis
3487 5569 3537 5620 in
3577 5566 3813 5619 modum

2206 5655 2509 5723 disceptator
2539 5654 2705 5721 sedet,
2745 5653 2983 5725 jubetque
3010 5656 3114 5711 alia
3150 5658 3351 5727 quidem
3387 5657 3645 5728 abliguriri
3700 5674 3816 5724 pro

2204 5744 2432 5811 mundis,
2482 5745 2583 5821 alia
2622 5760 2735 5800 vero
2760 5761 2852 5816 pro
2877 5746 3147 5803 immundis
3194 5764 3255 5803 ne
3280 5747 3501 5817 contingi
3541 5745 3818 5816 quidem?
