4016 6448
239 383 320 443 557
1065 387 1072 416 -'
1135 425 1140 428 -
1267 383 1274 394 '
1365 382 1372 390 '
1436 397 1634 452 mean
1675 395 1827 453 sext.

1934 421 1940 446 ι
1980 395 2294 453 DECIMUS.

197 499 206 510 ’
237 505 344 566 tum
371 493 436 565 ad
475 510 795 570 helluonem
831 509 935 566 hoc
962 509 1126 583 magis
1151 491 1432 581 pertineat,
1455 521 1511 566 ut
1537 491 1676 566 nulla
1704 509 1822 564 dis-

243 605 441 666 cernat;
470 609 574 654 aut'
622 603 668 658 Si
697 587 972 668 discernit,
999 587 1450 671 suaviora'cligati
1469 604 1556 656 An'
1575 601 1674 655 hoc
1701 599 1819 656 ideo

245 692 396 761 dicis,
437 685 803 762 tit-imperitis
829 694 1150 749 continentia
1187 699 1274 747 tua
1315 692 1458 747 velut
1501 692 1568 747 ab
1609 693 1822 747 ineunte

242 773 388 840 male
429 783 678 840 miranda
711 771 982 849 videatur,
1007 783 1179 853 'quasi
1229 783 1564 848 nescientis,
1593 783 1674 838 vel
1712 781 1821 854 jam

243 877 416 944 'obliti;
444 863 646 946 quanto
671 875 955 946 jucundius
975 877 1146 945 sapiat
1175 877 1420 954 porcina,
1437 875 1610 954 "quam
1635 891 1824 954 verve-

254 967 390 1021 cina‘?
427 965 534 1021 Sed
559 967 687 1036 quia
725 969 780 1020 et
807 967 905 1020 ista
947 967 1152 1038 Moyses
1193 951 1371 1037 ﬁguris
1405 951 1724 1037 propheticis
1763 951 1828 1022 de

253 1055 450 1112 Christo
497 1057 747 1127 scripsit,
793 1059 844 1111 in
883 1059 1190 1113 animalium
1237 1059 1484 1114 carnibus
1522 1055 1828 1128 signiﬁcans

254 1146 516 1213 homines,
565 1147 670 1202 vel.
699 1147 1352 1217 incorpomndos-Christi
1394 1133 1604 1219 corpori
1639 1193 1654 1216 ,
1686 1149 1827 1220 quod

249 1238 324 1290 est
347 1225 620 1302 Ecclesia;
655 1225 741 1293 vel
768 1225 1132 1308 reapueudos;
1173 1253 1268 1292 vos
1305 1227 1514 1309 quoque
1544 1239 1680 1294 inter
1725 1240 1826 1293 im-

249 1325 434 1380 munda
477 1327 758 1398 ﬁguravit,
801 1329 889 1398 qui
933 1337 1214 1398 propterea
1247 1327 1368 1384 ﬁdei
1408 1315 1684 1384 catholica:
1723 1345 1828 1383 non

245 1413 574 1484 convenitis,
599 1411 722 1488 quia
745 1409 844 1473 nec
879 1411 1744 1488 'rumina'tis'verbum‘sapientia:,
1777 1429 1831 1473 et

253 1503 348 1562 duo
379 1499 757 1575 Testamenta,
789 1503 952 1565 Vetus
989 1519 1044 1565 et
1063 1503 1322 1578 ‘Novum',’
1351 1515 1472 1565 non'
1497 1509 1831 1566 concorditer

253 1599 626 1672 diStinguentes
653 1597 900 1672 tanquam
921 1595 1182 1672 geminam
1211 1602 1456 1672 ungulam
1481 1595 1824 1657 non'habetis'.

256 1693 370 1760 Quis
394 1703 578 1748 autem
607 1687 742 1750 ferat
771 1689 824 1749 te
853 1709 1060 1765 quoque
1088 1685 1356 1749 Adimauti
1382 1695 1544 1748 vestri
1569 1693 1829 1748 fallaciam

255 1787 350 1838 non
381 1785 634 1854 puduisse
663 1785 892 1841 sectari?
1005 1823 1014 1828 -
1089 1815 1098 1826 ι
1155 1813 1162 1820 -
1267 1811 1276 1824 ι
1341 1817 1344 1820 .
1547 1817 1556 1826 .
1649 1817 1654 1822 .
1811 1807 1814 1818 ε

253 1893 262 1922 τ
289 1875 538 1932 CAPUT
569 1875 764 1931 XXXI.
791 1879 860 1917 -4
892 1877 1033 1932 Dicis
1063 1878 1205 1933 enim
1249 1885 1304 1932 et
1329 1885 1381 1932 tu
1407 1917 1422 1942 ,
1467 1877 1720 1934 Christum
1753 1875 1830 1932 sic

259 1963 472 2022 docuisse
491 1969 716 2022 ciborum
743 1961 1134 2034 indiﬂ'erentiam
1155 2011 1168 2034 ,
1191 1977 1246 2022 ut
1274 1985 1306 2022 a
1334 1969 1658 2041 snis'quidem
1682 1970 1832 2023 disci-

261 2061 380 2128 pulis
409 2072 586 2113 omnes
609 2067 794 2114 carneis
815 2061 1008 2132 penitus
1037 2063 1330 2127 remaneret,
1371 2051 1692 2116 sa’cularibus
1721 2079 1830 2115 vero

257 2149 392 2220 vulgo
417 2151 710 2204 concederet
735 2152 906 2204 omnia
925 2169 1037 2224 quia
1059 2147 1264 2222 possent
1283 2152 1388 2217 edi;
1413 2143 1561 2223 atque
1579 2167 1832 2206 assevera-

257 2250 322 2292 ret
343 2243 472 2306 quod
497 2257 582 2296 eos
613 2241 744 2295 nihil
769 2241 825 2296 in
862 2259 916 2297 os
939 2244 1132 2296 intrans
1165 2243 1441 2313 pollueret,
1473 2245 1592 2313 quia
1634 2259 1744 2312 qua:
1771 2245 1833 2297 de

255 2347 334 2384 ore
369 2331 704 2402 impudenter"
725 2331 1032 2402 procedunt;
1065 2341 1134 2388 'ea
1169 2334 1278 2388 sola
1311 2343 1424 2388 sunt
1463 2351 1575 2403 qua:
1604 2335 1832 2404 polluant

255 2424 516 2478 hominem.
547 2424 674 2478 Haec
699 2425 862 2480 verba
907 2434 994 2479 tua
1025 2433 1182 2492 sunt,
1225 2433 1372 2479 tanto
1401 2419 1826 2493 iriipittlentiore,

251 2525 438 2582 quanto
479 2513 748 2583 apertiore
794 2513 1072 2570 mendacio
1109 2515 1422 2585 deprompta
1464 2525 1518 2570 et
1556 2530 1829 2586 expressa.

251 2603 422 2658 Primo
451 2601 910 2675 quiasecundum
935 2602 1130 2661 Christi
1155 2599 1480 2660 sententiam
1503 2649 1516 2672 ,
1545 2607 1588 2660 si
1617 2623 1678 2660 ea
1717 2607 1828 2660 sola

249 2697 486 2763 polluant
515 2697 788 2753 hominem
806 2740 820 2762 ,
850 2713 968 2767 qua:
1010 2699 1148 2753 mala
1176 2689 1242 2753 es
1267 2689 1362 2752 ore
1383 2689 1710 2768 procedunt;
1737 2715 1833 2753 cur

246 2797 296 2842 et
319 2789 615 2859 discipulos
651 2789 850 2846 Christi
883 2809 985 2846 non
1013 2807 1075 2846 ea
1117 2791 1228 2846 sola
1261 2793 1598 2862 polluerunt,
1639 2801 1695 2847 ut
1725 2809 1828 2848 non

245 2897 336 2934 eos
367 2883 384 2912 ¹
425 2879 678 2953 tanquam
711 2877 783 2938 ab
829 2877 1113 2938 immundis
1143 2875 1392 2938 carnibus
1431 2893 1572 2938 esset
1613 2883 1830 2940 necesse

243 2973 552 3040 prohiberi?
581 2974 666 3027 An
703 2975 986 3029 szcculares
1013 2973 1253 3028 homines
1281 2989 1383 3028 non
1421 2973 1728 3044 polluuntur
1749 2975 1832 3030 his

241 3079 358 3132 qua:
393 3067 446 3118 in
472 3079 536 3120 os
563 3067 798 3132 intrant,
825 3065 918 3120 sed
960 3065 1042 3120 his
1065 3079 1182 3135 quae
1212 3081 1280 3120 ex
1303 3081 1398 3120 ore
1435 3067 1666 3120 exeunt?
1693 3067 1832 3136 Ergo

239 3155 554 3211 munitiorcs
583 3164 712 3210 sunt
737 3156 994 3211 adversus
1031 3155 1416 3210 immunditiam
1447 3145 1612 3226 quam
1637 3158 1827 3222 sant-ti,

241 3248 286 3299 si
304 3249 601 3307 sanctoset
621 3241 684 3302 ea
699 3263 820 3319 quae
835 3237 1066 3315 intrant,
1097 3257 1150 3302 et
1171 3263 1232 3303 ea
1251 3261 1370 3317 quae
1391 3253 1832 3317 exeunt-possunt

239 3338 539 3410 inquinare.
573 3341 782 3396 Vellem
835 3349 1012 3395 autem
1067 3341 1151 3394 isti
1199 3339 1328 3394 mihi
1375 3340 1648 3405 dicerent,
1701 3340 1828 3410 quid

239 3432 594 3488 nianducabat
622 3441 680 3488 et.
707 3431 921 3486 bibebat
949 3431 1212 3495 Christus,
1231 3431 1320 3500 qui
1351 3431 1402 3484 in
1432 3431 1828 3500 comparatione
1865 3497 1868 3500 ξ

239 3521 454 3577 Joannis
484 3537 594 3580 non
643 3521 1016 3577 manducantis
1065 3535 1238 3590 neque
1282 3521 1546 3587 bibentis,
1597 3535 1657 3574 se
1699 3519 1830 3574 dixit

239 3614 650 3667 manducantem
687 3621 742 3668 et
777 3611 1080 3668 bibentem?
1109 3611 1240 3665 Cum
1265 3611 1405 3666 enim
1435 3619 1680 3682 argueret
1705 3626 1828 3679 pcr-

239 3705 546 3758 versitatem
577 3703 850 3756 hominum
869 3744 882 3768 ,
911 3695 1204 3771 utrobique
1233 3701 1524 3756 calumnias
1553 3702 1825 3770 inquiren-

245 3793 370 3846 tium
391 3835 404 3856 ,
441 3793 592 3847 Venit
619 3793 753 3846 enim
773 3834 788 3858 ,
813 3792 1016 3862 inquit,
1044 3789 1270 3846 Joannes
1289 3808 1390 3844 non
1411 3792 1724 3844 manducans
1752 3807 1830 3844 nc-

247 3897 338 3951 que
365 3883 534 3958 bibens
557 3925 574 3948 ,
617 3893 665 3936 et
695 3882 903 3948 dicunt,
929 3881 1244 3936 Dtemonium
1283 3882 1475 3956 habet:
1495 3883 1623 3936 venit
1663 3881 1828 3936 Filius

253 3957 456 4050 (taurinis
479 3957 798 4050 manducone
825 3985 869 4028 et
889 3973 1085 4040 bibens,
1109 3983 1154 4026 et
1179 3973 1386 4040 dicunt,
1421 3973 1551 4026 Ecce
1577 3977 1724 4028 homo
1744 3989 1830 4028 uo-

253 4079 340 4118 rax
363 4075 410 4120 et
445 4049 669 4118 uinarius
697 4067 717 4096 ²
739 4047 764 4130 ,’
793 4065 984 4118 anticus
1025 4063 1408 4134 publicanorum
1433 4073 1480 4118 et
1510 4074 1830 4136 peccatorum

257 4155 450 4226 (Matth.
479 4173 570 4226 χιι
591 4157 679 4222 18,
725 4149 836 4228 19).
871 4157 933 4210 Et
961 4155 1182 4210 Joannis
1221 4155 1432 4226 quidem
1459 4169 1634 4210 escam
1658 4164 1709 4230 et
1736 4171 1830 4224 νος-

258 4255 354 4302 tum
379 4251 628 4324 novimus
657 4267 670 4302 :
697 4265 802 4302 non
825 4249 966 4304 enim
995 4231 1192 4302 dictum
1215 4256 1292 4302 est
1319 4247 1456 4324 quod
1483 4249 1699 4302 omnino
1723 4265 1826 4302 non

257 4335 462 4414 biberet;
491 4321 588 4395 sed
617 4340 756 4408 qttod
783 4341 1040 4416 vinumet
1059 4339 1284 4394 siceram
1310 4352 1426 4416 non.
1443 4321 1644 4412 biberet
1676 4337 1824 4410 (Luc.

259 4425 294 4491 Ι,
323 4411 440 4499 l5):
467 4429 684 4483 bibebat
719 4445 846 4499 ergo
885 4413 1096 4498 aquam.
1137 4411 1520 4506 Cibusautem
1568 4429 1682 4496 ejus
1721 4445 1826 4483 non

255 4515 454 4592 oinnino
487 4520 682 4590 nullus
721 4531 870 4584 erat,
923 4519 1016 4574 sed
1065 4519 1280 4596 locusta:
1329 4528 1380 4572 et
1437 4520 1540 4574 mel
1585 4521 1826 4596 silvestre

255 4609 452 4688 (Matth.
491 4627 552 4688 ut
571 4652 586 4676 ,
619 4611 698 4682 4).
733 4609 883 4682 [inde
914 4624 1040 4678 ergo
1067 4609 1244 4688 dictus
1281 4617 1362 4662 est
1387 4625 1488 4662 non
1515 4609 1826 4690 rttandttcatts

251 4685 398 4772 neque
419 4683 610 4764 ὺὶὸείιε,
635 4703 734 4756 nisi
765 4707 887 4771 quia
918 4702 1006 4755 illo
1037 4683 1173 4754 victu
1199 4716 1304 4770 quo
1327 4700 1496 4756 Judaei
1521 4683 1834 4776 utebantur,

249 4793 326 4868 ille
367 4809 472 4848 non
512 4793 800 4848 utebatur?
839 4793 948 4846 lloc
977 4807 1104 4862 ergo
1137 4793 1518 4866 Dominusnisi
1551 4802 1822 4868 uteretur,

245 4867 342 4938 non
372 4887 422 4938 in
449 4867 1000 4964 ejus-comparatione
1043 4884 1354 4938 nmnducans
1389 4867 1826 4962 bibensquerdice-

245 4991 400 5034 retur.
430 4981 510 5033 An
539 4979 677 5032 forte
719 4977 838 5032 ideo
869 4977 987 5046 quia
1021 4992 1156 5046 pane
1191 4984 1268 5056 et!
1291 4967 1530 5050 uleribus'
1565 4977 1823 5050 Dominus

241 5072 582 5136 vescebatur,
619 5069 810 5139 quibus
835 5068 1068 5124 Joannes
1105 5068 1596 5147 non‘vesccbatur?
1636 5070 1824 5144 Mirum

237 5164 276 5216 si
303 5179 406 5216 non
430 5161 742 5238 mandamus
767 5161 995 5224 dicitur,
1023 5157 1112 5229 q‘ui
1154 5159 1384 5234 locustas
1433 5168 1498 5238 et
1527 5160 1632 5214 mel
1655 5175 1824 5238 com-

237 5255 346 5308 edit
367 5273 384 5316 ;
405 5261 458 5308 et
479 5234 794 5306 manducans
823 5250 1038 5316 dicitur,
1065 5251 1152 5320 qui
1182 5233 1317 5318 pane
1341 5233 1500 5328 atque
1525 5235 1671 5304 olere
1700 5235 1826 5305 con-

239 5353 417 5401 tentus
439 5352 540 5398 est.
563 5341 667 5398 Sed
699 5342 766 5396 de
794 5329 932 5396 cibis
963 5329 1304 5410 suSpicamini
1334 5327 1590 5412 quidquid
1625 5327 1822 5406 vultis;

237 5415 576 5498 certelbibens
605 5419 652 5488 et
678 5431 903 5509 vinarias
925 5431 946 5462 ³
965 5447 1067 5485 non
1095 5419 1380 5495 diceret-ur,
1402 5415 1500 5486 nisi
1531 5415 1711 5486 vinum
1739 5431 1838 5509 bi-.

235 5529 428 5584 heret:
455 5543 550 5582 cur
573 5541 701 5597 ergo
725 5535 780 5580 ct
809 5505 908 5604 hoc
937 5539 1032 5578 vos
1071 5511 1404 5606 immundum
1445 5509 1680 5606 putatis?
1705 5521 1814 5578 Nc-

295 5665 316 5692 ι
349 5659 490 5718 wn,
513 5663 560 5708 ut
576 5671 678 5718 eos;
701 5657 880 5707 omissa
900 5661 1120 5717 negante
1135 5653 1386 5718 particula,
1400 5666 1544 5718 quam
1569 5667 1632 5704 cx
1657 5654 1822 5716 proba:

236 5731 366 5772 uotae
387 5719 490 5771 ltus.
515 5721 800 5786 addidimus.
879 5743 896 5784 ε,
1017 5751 1034 5786 ι,

299 5787 318 5816 ι
351 5789 427 5829 Fr.
450 5783 588 5842 Lugd.
611 5787 666 5832 'et
688 5789 831 5837 Ven.,
849 5781 1086 5842 t’ittttttt'ia.
1137 5781 1192 5824 tt.

251 5873 264 5884 ρ
300 5847 322 5878 ³
357 5851 428 5892 Er.
469 5836 604 5910 uigil.
643 5852 698 5896 et
721 5836 844 5891 Ven.
904 5836 1133 5888 tinatu‘ia.
1202 5845 1256 5888 at.

3405 405 3506 462 558

1917 495 2202 580 ‘queenim
2251 511 2362 566 haec
2403 519 2617 583 propter
2660 515 3037 569 continentiam
3071 513 3510 588 disciplinamque

1932 599 2176 655 domandi
2215 603 2452 672 corporis
2479 611 2694 674 tangere
2735 603 3063 673 prohibetis,
3097 603 3188 660 sed
3227 605 3367 676 quod
3411 607 3512 661 im-

1921 691 2124 746 munda
2151 692 2256 746 sint
2289 711 2301 746 :
2333 709 2452 747 nam
2480 709 2540 748 ea
2569 694 2755 750 sordes
2782 685 2928 750 etl‘el
2959 697 3134 765 gentis
3173 697 3504 752 tenebrarum

1932 797 2050 837 esse
2093 783 2380 852 perhibetis
2403 827 2416 848 ,
2447 793 2628 840 contra
2657 786 2966 855 Apostolum
2996 787 3258 841 dicentem
3279 828 3293 851 ,
3331 787 3514 842 Omnia

1935 865 2121 929 munda
2163 864 2361 930 mundis
2389 875 2512 951 (Tit.
2542 894 2593 943 ι,
2630 877 2741 949 15).
2785 878 2926 934 Ecce
2971 881 3058 948 qui
3095 879 3293 934 audent
3339 880 3515 936 dicere

1933 965 2200 1020 Christum
2227 965 2591 1022 indifferentia:
2621 968 2860 1022 ciborum
2903 970 3212 1039 magistrum
3234 1012 3249 1036 ,
3283 969 3516 1039 discipu-

1925 1055 2014 1110 los
2035 1065 2210 1110 tamen
2238 1071 2362 1110 suos
2380 1057 2448 1111 ab
2473 1057 2534 1111 iis
2561 1055 2894 1126 prohibuisse
2919 1101 2934 1126 ,
2955 1053 3091 1129 'qtuc
3119 1059 3384 1114 immunda
3417 1061 3514 1129 ipsi

1933 1155 2136 1216 putant.
2165 1147 2438 1202 Ostendite
2464 1147 2551 1202 ubi
2579 1147 2676 1202 ista
2702 1164 2730 1200 a
2765 1141 3034 1220 discipulis
3060 1149 3478 1204 suis'rcmoverit
3497 1193 3510 1216 ,

1935 1237 2165 1304 fallaces,
2197 1239 2440 1308 improbi;
2475 1247 2834 1294 verumtamen
2859 1241 2953 1296 Dei
2977 1242 3202 1297 vindicis
3233 1244 3517 1313 providen-

1936 1328 2003 1381 tia
2033 1328 2100 1382 ita
2131 1331 2310 1382 caecati
2334 1371 2348 1394 ,
2383 1341 2436 1382 ut
2464 1329 2626 1384 etiam
2655 1331 3038 1386 commoneatis
3081 1347 3177 1386 nos
3219 1331 3356 1387 unde
3383 1349 3516 1387 con-

1927 1416 2238 1471 .vincamini.
2268 1419 2398 1472 Nam
2425 1420 2526 1472 vim
2555 1421 2724 1488 patior
2749 1421 2816 1474 ab
2835 1421 3014 1474 animo
3039 1435 3160 1476 meo
3179 1464 3194 1488 ,
3219 1423 3316 1476 nisi
3347 1433 3514 1478 totum

1935 1509 2104 1578 ipsum
2135 1510 2404 1580 Evangelii
2431 1511 2738 1580 capitulum,
2769 1511 2907 1581 quod
2941 1513 3040 1566 iste
3068 1513 3348 1569 adversum
3373 1516 3516 1586 Moy-

1935 1613 2027 1652 sen
2059 1614 2328 1669 opponere
2357 1601 2549 1668 voluit,
2593 1603 2980 1672 inspiciendum
3011 1604 3284 1659 inseruero
3317 1623 3330 1658 :
3361 1615 3416 1659 ut
3445 1607 3517 1660 ibi

1933 1689 2205 1744 videamus
2233 1705 2388 1760 quam
2416 1691 2604 1746 falsum
2630 1693 2714 1757 sit,
2741 1693 2880 1762 quod
2915 1694 3060 1762 prior
3088 1695 3400 1748 Adimantus
3419 1737 3433 1762 ,
3463 1707 3518 1750 et

1935 1781 2094 1834 modo
2115 1780 2340 1836 Faustus
2369 1783 2518 1848 dixit,
2545 1783 2822 1838 Dominum
2849 1781 3029 1838 Jesuni
3057 1799 3086 1838 a
3108 1784 3382 1854 discipulis
3407 1789 3519 1840 suis

1935 1867 2124 1928 carnes
2151 1875 2441 1932 vescendas
2477 1877 2768 1933 removisse
2787 1919 2802 1944 ,
2835 1873 3040 1948 easque
3065 1879 3222 1949 vulgo
3253 1881 3520 1934 sreculari-

1939 1965 2032 2018 bus
2061 1966 2386 2020 concessisse
2425 1963 2522 2039 (τι).
2555 1967 2754 2037 Nempe
2787 1983 2906 2022 cum
2965 1971 3322 2038 respondisset
3371 1972 3520 2027 calu-

1937 2056 2256 2112 mniautibus
2279 2059 2417 2128 quod
2447 2075 2550 2114 non
2583 2060 2702 2114 lotis
2741 2061 2982 2114 manibus
3021 2063 3416 2126 manducarcnt,
3451 2065 3518 2116 ita

1936 2150 2175 2218 sequitur
2203 2149 2548 2219 Evangelium
2593 2169 2604 2206 :
2645 2152 2706 2204 Et
2733 2153 3016 2206 convocatis
3043 2153 3200 2206 turbis
3223 2197 3235 2218 ,
3267 2155 3338 2206 ait
3375 2155 3477 2208 illis
3503 2195 3518 2220 ,

1937 2238 2118 2292 Audite
2147 2249 2192 2292 et
2217 2239 2510 2310 intelligitc.
2533 2235 2650 2294 Non
2679 2243 2813 2312 quod
2839 2243 2993 2296 intrat
3027 2244 3080 2296 in
3119 2261 3175 2296 os
3195 2285 3206 2307 ,
3237 2247 3521 2296 communi-

1935 2339 2015 2382 cat
2057 2331 2342 2396 hominem;
2369 2332 2458 2386 sed
2493 2335 2627 2402 quod
2667 2333 2890 2403 procedit
2919 2335 2982 2387 de
3023 2351 3108 2388 ore
3131 2377 3146 2400 ,
3186 2337 3520 2389 communicat

1937 2420 2206 2474 hominem.
2233 2421 2376 2475 Tunc
2401 2423 2686 2477 accedentes
2711 2423 2946 2494 discipuli
2971 2448 2986 2490 ,
3012 2425 3248 2484 dixerunt
3275 2427 3341 2478 ml
3365 2443 3474 2478 eum
3501 2443 3520 2478 :

1938 2513 2053 2568 Scis
2075 2513 2206 2584 quod
2237 2514 2486 2570 Pharisaei
2511 2516 2686 2569 audito
2714 2519 2805 2570 hoc
2831 2513 2976 2572 verbo
3005 2519 3336 2572 scandalizati
3363 2531 3476 2574 sunt
3495 2521 3521 2572 Ρ

1937 2603 2213 2658 Ilic'ccnc
2241 2621 2268 2656 a
2309 2605 2582 2674 discipulis
2605 2607 2953 2677 compellatus
2975 2651 2988 2674 ,
3023 2608 3202 2664 debuit
3225 2625 3317 2664 eos
3341 2653 3354 2674 ,
3385 2611 3520 2665 sicut

1939 2693 2024 2748 isti
2049 2697 2245 2760 volunt,
2277 2697 2488 2766 proprie
2513 2699 2706 2752 docere
2733 2699 2800 2754 ab
2819 2701 3066 2757 omnibus
3085 2701 3332 2756 carnibus
3359 2703 3520 2756 absti-

1939 2785 2202 2849 nendum,
2229 2795 2286 2840 ut
2315 2786 2442 2840 illud
2483 2787 2622 2857 quod
2661 2803 2818 2857 supra
2845 2789 3003 2854 dixit,
3039 2789 3158 2844 Non
3183 2792 3320 2862 quod
3364 2793 3518 2844 intrat

1937 2877 1990 2930 in
2013 2893 2088 2942 os,
2119 2879 2454 2942 communicat
2481 2879 2766 2942 hominem;
2790 2881 2878 2934 sed
2901 2882 3036 2950 quod
3056 2883 3279 2952 procedit
3301 2883 3364 2936 de
3391 2899 3478 2936 ore
3500 2925 3514 2948 ,

1939 2968 2105 3022 turbis
2133 2969 2330 3024 dixisse
2362 2970 2652 3024 videretur.
2689 2971 2952 3040 Sequatur
2983 2987 3111 3042 ergo
3143 2973 3474 3042 Evangelista
3502 3015 3516 3036 ,

1936 3067 1988 3114 ct
2015 3059 2158 3114 dicat
2181 3059 2304 3130 quid
2327 3060 2436 3130 jam
2467 3075 2570 3114 non
2594 3063 2782 3126 turbis,
2811 3063 2902 3117 sed
2926 3063 3200 3132 discipulis
3225 3065 3517 3133 responde-

1938 3149 2005 3203 rit
2044 3151 2316 3205 Dominus.
2347 3151 2411 3204 At
2441 3151 2526 3204 ille
2564 3152 2870 3222 respondens
2909 3154 3020 3206 ait:
3063 3153 3242 3208 Omnis
3272 3154 3520 3224 plantutio

1935 3259 2088 3313 quam
2115 3241 2226 3298 non
2243 3245 2484 3314 plantavit
2515 3243 2670 3298 Pater
2705 3261 2843 3299 meus
2869 3245 3080 3300 caelestis
3104 3287 3117 3310 ,
3161 3246 3516 3300 eradicahitnr.

1937 3333 2101 3388 Sinite
2127 3333 2242 3412 illos
2265 3376 2280 3404 ,
2308 3335 2428 3390 circi
2453 3336 2742 3398 suntduces
2773 3351 3040 3392 meorum.
3071 3337 3243 3392 Circus
3285 3349 3452 3392 autem
3476 3339 3519 3392 si

1936 3441 2124 3480 cwcum
2143 3428 2316 3494 ducat,
2341 3429 2556 3482 amboin
2586 3433 2780 3499 foueam
2800 3429 3006 3482 cadunt.
3035 3429 3144 3483 Hoc
3169 3429 3346 3500 utique
3375 3431 3514 3494 ideo,

1935 3519 2058 3586 quia
2087 3519 2396 3574 traditiones
2425 3535 2548 3574 suas
2577 3521 2816 3574 volentes
2851 3529 3112 3584 statuere,
3149 3522 3394 3576 mandata
3423 3521 3522 3576 Dei

1935 3624 2038 3662 non
2069 3607 2454 3678 intelligebant.
2479 3609 2584 3664 Sed
2615 3609 2844 3664 nondum
2877 3611 3197 3679 qumsierant
3220 3611 3462 3680 discipuli
3487 3627 3516 3665 a

1933 3697 2183 3767 Magistro
2204 3739 2216 3762 ,
2247 3700 2513 3768 quomodo
2535 3700 2631 3770 ipsi
2661 3701 2800 3770 quod
2829 3702 2994 3755 turbis
3015 3699 3249 3769 dixerat,
3273 3701 3520 3771 accipere

1935 3788 2207 3843 deberent.
2251 3789 2389 3843 Ecce
2429 3797 2484 3843 et
2525 3789 2626 3844 hoc
2667 3793 2724 3844 tit
2754 3807 2768 3844 :
2795 3805 2916 3844 nam
2959 3790 3196 3844 contexit
3237 3791 3518 3860 Evangeli-

1933 3889 2014 3934 sta
2031 3921 2044 3942 ,
2073 3886 2128 3933 et
2147 3879 2304 3954 dicit,
2344 3879 2668 3948 Respondeas
2688 3890 2860 3940 autem
2881 3879 3084 3946 Petrus,
3107 3881 3182 3950 ait:
3195 3881 3273 3934 illi
3299 3896 3317 3936 :
3344 3880 3518 3934 Narra

1935 3970 2074 4024 nobis
2103 3971 2400 4039 parabolam
2429 3972 2596 4026 istam.
2627 3971 2757 4030 liinc
2799 3972 3140 4040 intelligimus
3170 3971 3384 4030 Petrum
3417 3988 3516 4041 pu-

1937 4069 2109 4126 tasse,
2159 4077 2262 4114 non
2313 4062 2558 4131 proprie,
2594 4077 2690 4117 nec
2721 4071 2902 4132 aperte
2953 4063 3232 4116 Dominum
3281 4065 3520 4119 locutum

1936 4150 2096 4206 fuisse
2123 4167 2243 4206 cum
2269 4152 2472 4208 diceret
2495 4195 2510 4217 ,
2545 4151 2665 4207 Non
2693 4154 2826 4224 quod
2855 4155 3008 4207 intrat
3035 4171 3086 4207 in
3111 4170 3166 4208 os
3189 4197 3206 4218 ,
3241 4157 3520 4209 communi-

1933 4253 2012 4296 cat
2033 4243 2321 4320 hominem;
2343 4246 2430 4298 sed
2457 4247 2589 4315 quod
2615 4246 2836 4316 procedit
2861 4246 2923 4300 de
2947 4263 3072 4302 ore:
3101 4248 3192 4302 sed
3217 4289 3232 4313 ,
3257 4258 3312 4303 ut
3341 4249 3476 4304 solet
3499 4291 3514 4316 ,

1933 4335 2252 4392 obscuritate
2291 4337 2554 4410 parabolae
2581 4338 2778 4407 aliquid
2807 4338 3108 4408 signiﬁcare
3139 4339 3384 4396 voluisse.
3423 4341 3515 4394 Vi-

1932 4424 2153 4480 deamus
2190 4441 2316 4496 ergo
2345 4435 2520 4482 utrum
2543 4427 2650 4496 jam
2683 4432 2944 4484 secretius
2979 4429 3252 4498 discipulis
3289 4432 3518 4486 interro-

1931 4517 2174 4584 gantibus
2199 4518 2298 4571 hoc
2325 4517 2488 4584 dicat,
2519 4518 2658 4588 quod
2691 4518 2964 4574 Manichaai
2992 4521 3194 4586 volunt,
3219 4523 3518 4578 immundos

1933 4621 2051 4662 esse
2093 4593 2280 4688 omnes
2323 4623 2542 4688 carnes,
2587 4625 2684 4664 nec
2729 4624 2824 4665 eos
2868 4611 3064 4680 aliquid
3095 4628 3276 4668 earnm
3324 4614 3520 4670 debere

1932 4683 2260 4770 contingere.
2286 4685 2446 4768 Quid,
2469 4685 2612 4776 quod
2635 4704 2922 4776 exprobrat
2941 4705 3080 4775 quod
3107 4715 3340 4775 apertam
3369 4721 3516 4759 suam

1933 4791 2254 4847 locutionem
2303 4792 2536 4847 nondum
2567 4793 2959 4870 intellexerint,
2991 4805 3044 4850 et
3072 4799 3282 4866 proprie
3318 4797 3514 4850 dictum

1935 4883 2236 4952 parabolam
2265 4883 2488 4954 putent?
2515 4883 2602 4938 Sic
2630 4869 2771 4940 enim
2803 4887 3042 4956 sequitur
3072 4903 3084 4935 :
3120 4887 3181 4938 At
3214 4886 3302 4938 ille
3335 4885 3464 4940 dixit
3499 4900 3520 4940 :.

1933 4975 2113 5028 Adhuc
2141 4983 2187 5028 ct
2227 4990 2310 5028 vos
2354 4975 2642 5046 insipientes
2681 4959 2830 5042 estis,
2871 4989 2915 5030 et
2947 4993 3046 5036 non
3085 4976 3362 5045 intelligitis
3399 4977 3516 5044 quia

1933 5081 2079 5120 omne
2107 5066 2243 5133 quod
2265 5049 2395 5119 in'os
2421 5067 2612 5132 intrat,
2642 5069 2694 5120 in
2717 5063 2936 5122 ventrem
2959 5067 3112 5131 radit,
3139 5075 3181 5119 et
3201 5069 3252 5118 in
3281 5066 3520 5120 latrinam

1931 5139 2176 5228 emittitur
2197 5171 2216 5209 :
2235 5171 2349 5226 qua:
2371 5166 2538 5209 autem
2559 5143 2840 5228 procedunt
2857 5173 2920 5210 ea:
2943 5173 3046 5222 ore,
3068 5158 3128 5210 de
3148 5156 3298 5210 corde
3313 5167 3510 5220 exeunt,

1932 5254 1978 5298 et
2023 5246 2113 5300 illa
2140 5247 2507 5300 communicant
2537 5247 2824 5302 hominem?
2867 5245 3004 5299 Nam
3045 5248 3106 5300 de
3149 5249 3296 5300 corde
3337 5255 3512 5304 exeunt

1933 5323 2257 5408 cogitationes
2302 5339 2480 5402 malta,
2531 5341 2833 5404 homicidia,
2882 5339 3169 5404 adulteria,
3218 5343 3514 5411 fornicatio-

1933 5415 2036 5494 nes,
2067 5419 2202 5498 furta
2222 5471 2237 5498 ,
2264 5431 2396 5502 falsa
2425 5431 2726 5496 testimonia,
2755 5417 3115 5498 blasphemitv;
3141 5433 3246 5487 htec
3269 5444 3384 5488 sunt
3405 5450 3516 5506 quia

1931 5511 2300 5594 communicant
2323 5523 2571 5576 hominem
2590 5539 2608 5576 :
2625 5539 2722 5574 non
2742 5521 2854 5576 lotis
2870 5511 3035 5580 autem
3051 5526 3280 5586 manibus
3299 5528 3511 5582 mandu-

1932 5630 2047 5666 care
2065 5655 2078 5672 .
2105 5631 2204 5666 non
2226 5601 2553 5668 communicat
2575 5611 2822 5666 hominem
2845 5613 3056 5683 (Matth.
3081 5634 3150 5674 xv
3173 5659 3189 5684 ,
3223 5618 3434 5688 10-20).

1975 5703 2227 5784 .‘CAPUT
2264 5701 2477 5756 XXXII.
2505 5702 2750 5757 —-—Ccrte
2775 5702 2884 5774 jam
2927 5705 3260 5762 manifestata
3305 5705 3512 5760 fallacia

1996 5832 2070 5895 (α)
2103 5839 2266 5894 Supra,
2293 5831 2374 5881 lib.
2399 5839 2565 5882 elatura
2591 5833 2912 5897 .tdimantum,
2937 5849 3038 5899 mp.
3070 5837 3142 5887 15.
