4016 6446
508 352 613 409 359

508 466 750 523 convicta
774 467 998 525 discedit
1018 486 1037 526 :
1059 478 1203 543 certe
1223 469 1331 542 jam
1353 470 1555 525 clarum
1573 480 1677 535 est,
1702 485 1806 524 non
1828 467 1970 523 aliud
1992 466 2089 523 hac

503 559 572 615 de
596 576 656 618 re
680 562 862 617 turbas
882 603 896 626 ,
930 563 1072 619 aliud
1103 572 1313 619 secreto
1349 562 1635 632 discipulos
1677 561 1958 617 Dominum
1987 560 2086 617 do-

504 651 679 708 cuisse
702 670 715 706 :
739 664 884 709 certe
923 656 1039 711 sine
1076 654 1403 710 dubitatione
1430 654 1746 725 perspicitur
1769 654 2088 710 Manichaeos

503 744 679 813 potius
705 760 825 802 esse
846 747 1130 802 mendaces
1150 756 1308 816 atque
1328 745 1562 821 fallaces,
1585 761 1691 801 non
1718 746 1956 817 Moysen,
1978 760 2083 800 non

500 834 810 904 Christum,
841 853 950 893 non
992 836 1318 893 Testameuti
1360 839 1636 908 utriusque
1675 837 1973 893 doctrinam
2011 836 2083 891 ibi

501 926 803 996 figuratam,
833 928 918 983 hic
947 928 1231 983 revelatam
1260 946 1274 995 ;
1308 929 1379 984 ibi
1419 929 1807 1001 pr0phetatam,
1838 930 1923 984 hic
1948 944 2085 999 pra:-

500 1028 784 1074 sentatam.
811 1021 1088 1087 Quomodo
1115 1037 1243 1093 ergo
1271 1021 1401 1077 nihil
1428 1038 1615 1077 eorum
1640 1023 1944 1078 Catholicos
1967 1038 2083 1077 ser-

500 1124 627 1187 vare
651 1120 863 1181 putant,
903 1128 1022 1182 qua:
1049 1112 1259 1184 Moyses
1295 1114 1541 1183 scripsit,
1573 1130 1693 1169 cum
1731 1116 1909 1170 omnia
1933 1129 2083 1185 pror-

498 1217 590 1257 sus
617 1204 933 1272 observent;
967 1220 1071 1261 non
1098 1208 1207 1275 jam
1239 1206 1292 1260 in
1330 1206 1545 1276 ﬁguris,
1576 1207 1671 1262 sed
1717 1208 1770 1262 in
1804 1208 1881 1261 eis
1924 1207 2082 1262 rebus

498 1308 630 1361 quas
656 1293 760 1348 illa:
804 1295 986 1367 figura:
1028 1296 1380 1367 signiﬁcando
1421 1297 1875 1366 prienuntiarunt?
1901 1297 2081 1368 Neque

495 1386 662 1452 enim,
690 1387 736 1442 si
761 1388 904 1443 aliud
932 1397 1138 1458 tempus
1166 1397 1311 1444 esset
1335 1388 1634 1455 scribendi,
1665 1387 1806 1450 aliud
1834 1387 2039 1460 legendi
2060 1429 2076 1455 ,

492 1486 640 1533 recte
666 1478 967 1538 diceremus
996 1480 1321 1550 Scripturam
1366 1482 1509 1536 illam
1558 1496 1665 1536 non
1692 1481 1979 1536 observare
2002 1481 2079 1537 le-

493 1578 724 1635 ctorem,
749 1571 871 1638 quia
915 1580 969 1625 et
1010 1571 1125 1640 ipse
1154 1572 1491 1627 characteres
1533 1571 1654 1628 illos
1694 1586 1797 1625 non
1840 1570 2073 1626 faceret:

495 1674 617 1715 cum
644 1660 718 1714 illi
745 1661 965 1716 fuissent
988 1662 1167 1735 figura:
1189 1678 1463 1728 sonorum,
1490 1663 1578 1717 ille
1597 1672 1773 1717 autem
1786 1662 1895 1733 jam
1916 1675 2078 1716 sonos

491 1751 638 1819 ipsos
660 1763 1017 1822 expromeret.
1050 1754 1261 1809 illarum
1293 1762 1465 1809 tamen
1497 1753 1782 1824 figurarum
1826 1767 1932 1809 non
1970 1751 2077 1805 for-

490 1844 727 1899 matione
749 1856 1056 1914 occupatus,
1082 1846 1175 1901 sed
1205 1847 1531 1916 inSpeetioue
1551 1845 1927 1911 commonitus.
1952 1843 2074 1898 Ideo

488 1942 665 1989 autem
707 1936 874 1993 Judazi
918 1936 1135 1993 Christo
1176 1954 1281 1992 non
1324 1936 1647 2001 credebant,
1693 1937 1817 2007 quia
1844 1952 1946 1993 nec
1986 1936 2071 1989 illa

488 2041 610 2094 qua:
652 2026 863 2099 Moyses
900 2016 1019 2082 non
1052 2029 1305 2098 figurate,
1349 2030 1441 2085 sed
1487 2039 1671 2099 aperte
1706 2038 2067 2099 praeceperat.

490 2119 867 2173 observabant.
912 2119 1063 2175 Unde
1095 2122 1200 2175 illis
1239 2121 1405 2175 dicit:
1432 2120 1704 2174 Decimatis
1743 2120 1996 2176 mentham
2022 2129 2070 2173 et

485 2210 764 2279 cyminum,
790 2220 837 2264 et
864 2212 1143 2282 relinquitis
1160 2213 1391 2283 graviora
1417 2212 1585 2283 Legis,
1615 2212 2071 2267 misericordiamet

481 2299 753 2368 judicium,-
772 2301 1017 2378 liquantes
1040 2302 1273 2370 culicem,
1302 2304 1549 2358 cametum
1572 2313 1739 2359 autem
1761 2304 2027 2373 glutientes
2049 2320 2069 2359 :

479 2389 591 2443 hinc
636 2392 894 2461 oportebat
925 2395 1108 2465 facere,
1139 2393 1232 2448 illa
1260 2405 1426 2447 autem
1454 2411 1555 2451 non
1584 2395 1810 2449 omittere
1836 2396 1854 2465 (
1877 2394 2066 2451 Matth.

479 2495 637 2546 xxtu,
670 2482 761 2547 25,
791 2483 905 2555 ει).
934 2484 1086 2541 Unde
1115 2494 1194 2541 est
1235 2495 1291 2543 et
1328 2486 1457 2541 illud
1480 2527 1495 2553 ,
1528 2486 1668 2557 quod
1699 2485 2068 2542 traditionibus

480 2574 594 2629 suis
624 2573 889 2631 docebant
914 2577 1182 2646 quomodo
1205 2578 1567 2633 infirmaretur
1585 2587 1910 2649 prmceptnm
1941 2578 2059 2646 Dei,

477 2680 586 2731 quo
634 2665 828 2727 deferri
870 2668 1127 2724 honorem
1182 2669 1492 2739 parentibus
1530 2670 1797 2740 iusserat;
1846 2677 2066 2739 propter

476 2769 637 2821 quam
667 2757 969 2826 superbiam
996 2767 1050 2813 et
1078 2759 1408 2829 iniquitatem
1436 2760 1692 2815 excmcari
1731 2768 2061 2826 meruerunt,

479 2851 541 2898 ut
584 2852 778 2900 castora
822 2863 928 2902 non
975 2849 1329 2919 intelligerent
1354 2868 1367 2903 :
1391 2851 1513 2921 quia
1550 2866 1613 2907 ea
1639 2866 1759 2921 qua:
1796 2849 2063 2922 intellige-

475 2933 622 3001 bant,
650 2935 810 3005 impie
838 2939 1273 2995 contemnebant.

545 3024 772 3082 CAPUT
799 3027 1039 3084 XXXIII.
1057 3060 1128 3070 —
1144 3029 1373 3086 Videsne
1401 3045 1558 3099 quam
1586 3031 1675 3086 tibi
1702 3046 1805 3085 non
1826 3030 1998 3085 dicam
2018 3032 2059 3097 ⁸,

477 3113 537 3169 Si
566 3114 900 3174 Christianus
928 3134 1018 3185 cs,
1060 3119 1218 3175 crede
1280 3120 1474 3175 dicenti
1508 3120 1722 3176 Christo
1747 3122 1868 3192 quia
1909 3122 1976 3177 de
2001 3138 2061 3178 se

476 3208 694 3278 scripsit
716 3208 961 3281 Moyses;
993 3211 1133 3282 quod
1162 3213 1207 3268 si
1235 3228 1341 3268 non
1367 3212 1563 3281 credis,
1590 3212 1923 3269 Christianus
1952 3230 2059 3269 non

537 3320 554 3351 ⁸
813 3322 931 3391 [aditi
963 3336 1080 3375 vero
1111 3331 1185 3374 Er.
1213 3332 1266 3375 et
1296 3331 1427 3377 hom:
1460 3326 1617 3389 Vides,
1652 3340 1952 3391 nequaquam
1974 3327 2060 3385 tibi

471 3392 599 3431 nunc
619 3382 798 3433 dicant.
842 3386 991 3437 minus
1011 3394 1167 3437 recte.

1326 355 1597 413 CONTRA
1637 351 1955 411 FAUSTUM
1993 351 2446 425 MANICIIEUM,
2479 357 2536 412 S.
2579 357 2942 415 AUGUSTINI

3674 361 3787 419 διο

2198 467 2299 522 es?
2329 467 2445 537 Ipse
2469 470 2663 541 quippe
2688 470 2882 527 videris
2916 470 3041 541 quid
3080 470 3147 527 de
3185 478 3239 527 te
3267 471 3496 539 sentias,
3525 474 3617 545 qui
3646 483 3700 530 te
3726 484 3786 530 ut

2196 558 2458 616 Gentilem
2484 562 2566 616 vel
2592 561 2834 617 Judreum
2856 562 3036 618 doceri
3058 562 3127 618 de
3154 562 3370 619 Christo
3415 566 3623 633 expetis
3648 580 3786 636 :ego

2194 657 2369 704 tamen
2398 666 2573 722 neque
2602 651 2704 708 hoc
2733 651 2909 724 defugi
2930 694 2945 720 ,
2974 661 3027 709 et
3053 668 3243 709 omnes
3267 654 3361 709 tibi
3381 654 3558 711 aditus
3580 656 3787 711 erroris

2193 751 2448 809 quantum
2477 743 2622 812 potui
2666 745 2852 799 clausi.
2890 744 3000 799 Nec
3029 744 3156 803 illud
3192 746 3291 800 sivi
3320 754 3504 817 patere
3530 746 3781 818 prazcipi-

2196 830 2327 885 tium
2349 873 2364 899 ,
2396 846 2500 903 qua
2546 848 2642 889 vos
2684 834 2813 889 caeci
2856 834 3097 902 mittitis,
3130 834 3368 893 dicentes
3401 836 3535 892 falsa
3573 852 3695 894 esse
3724 839 3780 895 in

2191 922 2478 996 Evangelia
2494 968 2510 993 ,
2536 926 2706 983 sicubi
2734 936 2906 983 vestra
2934 926 3154 999 hieresis
3178 928 3381 986 exitum
3406 944 3514 983 non
3545 930 3771 986 invene-

2190 1015 2295 1070 rit:
2320 1025 2378 1070 ut
2407 1017 2557 1072 vobis
2580 1017 2710 1073 nihil
2737 1027 3030 1083 remaneat,
3052 1033 3159 1087 quo
3177 1018 3351 1073 redire
3376 1020 3610 1089 possitis,
3635 1020 3783 1079 unde

2185 1104 2404 1161 Christo
2432 1106 2663 1164 credatis
2684 1150 2699 1173 ,
2732 1108 2821 1163 ubi
2851 1108 3003 1164 vobis
3043 1108 3159 1164 hinc
3183 1124 3285 1163 vox
3324 1110 3641 1181 pestilentia:
3664 1127 3780 1168 non

2187 1199 2357 1268 possit
2400 1201 2617 1269 Opponi.
2664 1201 2801 1269 Quin
2839 1202 2999 1258 etiam
3043 1201 3122 1259 sic
3165 1210 3215 1256 te
3257 1200 3439 1258 doceri
3498 1204 3690 1275 cupis,
3718 1215 3782 1263 ut

2185 1276 2534 1346 christianum
2566 1291 2847 1360 Thomam,
2876 1308 3035 1364 quem
3063 1292 3310 1348 Christus
3353 1296 3417 1350 de
3438 1312 3493 1350 se
3532 1298 3777 1355 dubitan-

2185 1388 2283 1434 tem
2309 1398 2411 1436 non
2434 1391 2507 1437 est
2542 1395 2873 1454 aspernatus,
2903 1385 2994 1439 sed
3028 1401 3128 1455 quo
3164 1385 3320 1439 animi
3346 1387 3458 1458 ejus
3489 1390 3777 1445 vulneribus

2186 1476 2489 1542 mederetur,
2520 1477 2744 1546 corporis
2785 1478 2865 1533 sui
2894 1477 3153 1537 cicatrices
3190 1479 3425 1534 ostendit.
3457 1479 3581 1535 Hec
3609 1480 3775 1549 verba

2185 1575 2273 1621 tua
2296 1576 2439 1637 sunt.
2468 1570 2612 1629 Bene
2636 1570 2778 1645 quod
2806 1570 2884 1629 sic
2909 1581 2961 1626 te
2989 1570 3171 1629 doceri
3198 1574 3389 1644 exigis.
3420 1574 3589 1642 Quam
3619 1576 3771 1637 enim

2184 1659 2411 1715 verebar
2436 1677 2503 1715 ne
2530 1660 2631 1716 hoc
2651 1678 2863 1733 quoque
2888 1662 2943 1717 in
2972 1662 3259 1735 Evangelia
3283 1665 3473 1721 falsum
3495 1680 3615 1723 esse
3637 1682 3772 1724 eon-

2182 1751 2457 1807 tcnderesl
2503 1751 2677 1807 Crede
2722 1768 2852 1824 ergo
2899 1755 3237 1812 cicatricibus
3277 1756 3512 1813 Christi:
3555 1760 3678 1829 quia
3722 1761 3771 1819 si

2178 1840 2456 1896 cicatrices
2502 1842 2606 1896 illa:
2648 1858 2789 1898 vera:
2817 1854 3008 1910 erant,
3052 1860 3177 1901 vera
3209 1846 3376 1901 etiam
3425 1848 3513 1901 illa
3544 1849 3771 1906 vulnera

2178 1932 2429 2000 fuerant;
2460 1949 2558 1989 nec
2588 1949 2716 1989 vera
2745 1935 2983 2000 vulnera,
3015 1937 3114 1991 nisi
3142 1952 3266 1992 vera
3296 1953 3423 1993 caro
3449 1938 3644 1995 habere
3668 1955 3770 2011 po-

2179 2024 2530 2087 tuisset:hoc
2566 2041 2749 2081 verum
2797 2036 2962 2081 totum
3004 2038 3239 2085 vestrum
3284 2030 3475 2085 evertit
3500 2046 3766 2095 errorem.

2178 2118 2361 2183 Porro,
2392 2119 2437 2173 si
2457 2117 2701 2189 Christus
2728 2119 2888 2174 falsas
2910 2122 3185 2176 cicatrices
3210 2122 3473 2178 dubitanti
3500 2123 3770 2194 discipulo

2175 2209 2587 2276 demonstravit,
2617 2220 2673 2267 et
2697 2212 2867 2281 ipsum
2901 2212 3140 2268 fallacem
3169 2214 3304 2270 dicis
3345 2216 3416 2270 ita
3442 2216 3724 2273 docentem
3745 2262 3762 2287 ,

2174 2311 2229 2357 et
2257 2312 2307 2357 te
2334 2302 2440 2358 falli
2465 2306 2618 2373 cupis
2647 2305 2716 2359 ita
2739 2304 3054 2362 discentem.
3085 2306 3191 2362 Sed
3218 2308 3340 2377 quia
3369 2308 3474 2362 falli
3502 2324 3660 2365 nemo
3680 2321 3770 2374 est

2172 2392 2263 2461 qui
2292 2394 2439 2457 velit,
2472 2392 2658 2450 fallere
2690 2403 2869 2451 autem
2904 2397 3055 2451 multi
3085 2398 3292 2464 volunt,
3338 2399 3507 2469 magis
3548 2408 3601 2456 te
3623 2401 3766 2457 velle

2173 2483 2413 2554 intelligo
2456 2485 2607 2555 quasi
2660 2486 2907 2555 exemplo
2958 2486 3156 2543 Christi
3218 2488 3479 2553 fallaciter
3518 2490 3717 2548 docere
3742 2534 3760 2559 ,

2171 2587 2331 2642 quam
2358 2575 2605 2645 exemplo
2628 2574 2849 2630 Thema:
2879 2576 3134 2632 fallaciter
3160 2577 3393 2633 discere.
3426 2580 3677 2645 Proinde,
3705 2582 3755 2636 si

2170 2663 2345 2730 credis
2369 2664 2510 2734 quod
2554 2665 2699 2721 falsis
2724 2665 3064 2729 cicatricibus
3104 2668 3353 2725 Christus
3380 2669 3625 2727 fefellerit
3652 2671 3760 2727 du-

2169 2753 2428 2811 bitantem
2453 2796 2471 2823 ,
2500 2764 2554 2812 te
2584 2757 2704 2826 quis
2749 2756 2879 2813 velit
2917 2757 3138 2813 credere
3176 2759 3495 2827 docentem,
3539 2776 3603 2817 ac
3646 2778 3760 2823 non

2168 2845 2348 2915 potius
2376 2862 2567 2903 cavere
2609 2846 2920 2904 fallentem?
2947 2849 3015 2903 At
3053 2850 3097 2904 si
3147 2850 3235 2905 ille
3261 2849 3555 2921 discipulus
3598 2870 3760 2911 veras

2167 2937 2444 2994 cicatrices
2471 2939 2639 3009 tetigit
2683 2938 2879 2994 Christi
2900 2980 2915 3006 ,
2942 2955 3123 2995 veram
3163 2941 3409 2997 confiteri
3449 2945 3660 3015 cogeris
3689 2958 3751 3002 et

2166 3044 2384 3085 carnem
2428 3029 2646 3085 Christi.
2678 3030 2752 3089 Ita
2799 3030 3120 3099 Maniehicus
3155 3046 3265 3087 non
3308 3034 3680 3103 permanebis,
3709 3037 3759 3094 si

2166 3120 2245 3175 sic
2272 3119 2463 3175 credas
2486 3129 2546 3175 ut
2568 3120 2805 3174 Thomas
2834 3139 2847 3175 :
2873 3121 3101 3176 infidelis
3135 3131 3312 3178 autem
3340 3123 3674 3191 remanehis,
3707 3130 3759 3190 si

2166 3226 2265 3267 nec
2289 3212 2369 3273 sie
2396 3210 2570 3268 credis
2599 3221 2655 3267 ut
2683 3212 2917 3269 Thomas
2941 3212 3119 3284 (Joan.
3146 3229 3245 3283 xx,
3272 3214 3365 3282 27,
3388 3214 3503 3287 28).

473 3500 3752 3533 MM

994 3606 1476 3745 LIBER
1563 3530 2276 3725 DECIMUS
2352 3538 3196 3727 SEPTIMUS.

1865 3790 2342 3823 -υ-ρ

542 3878 768 3935 CAPUT
810 3877 1091 3935 PRIMUM.
1130 3905 1201 3920 -
1240 3880 1476 3936 Fwsws
1517 3880 1686 3936 dixit:
1712 3882 1820 3938 Cur
1860 3883 2056 3955 Legem
2164 3886 2280 3954 ipso
2308 3883 2567 3949 scribens,
2598 3883 2757 3949 dicat,
2800 3883 3223 3952 Yidithomincm,
3251 3895 3298 3939 et
3324 3884 3513 3941 vocavit
3536 3901 3673 3953 eum,
3700 3897 3753 3942 et

476 3984 580 4022 non
607 3969 845 4040 accipitis
866 3978 920 4024 et
950 3970 1264 4039 Prophetas,
1295 3987 1414 4026 cum
1458 3970 1703 4027 Christus
1729 3988 1825 4029 eos
1853 3991 1959 4029 non
1994 3990 2053 4029 se

474 4059 683 4115 venisse
707 4061 916 4117 solvere
938 4061 1155 4127 dixerit,
1178 4062 1272 4116 sed
1299 4063 1589 4132 adimplere
1610 4064 1821 4137 (Matth.
1850 4082 1902 4132 v,
1935 4066 2050 4136 l7)?

471 4151 603 4218 Quis
631 4151 733 4207 hoe
768 4160 991 4207 testatur
1020 4152 1219 4207 dixisse
1262 4150 1485 4211 1881111ιῖ
1515 4153 1816 4210 Matthmus.
1847 4154 1946 4213 Ubi
1973 4142 2054 4211 di.-

472 4243 653 4313 xisse?
675 4242 733 4299 In
758 4228 969 4299 monte.
984 4243 1185 4311 Quibus
1209 4244 1595 4313 praesentibus?
1616 4244 1791 4311 Petro,
1819 4246 2055 4315 Andrea,

470 4334 671 4389 Jacoho
698 4344 751 4389 et
778 4335 1003 4400 Joanne,
1034 4343 1260 4405 quatuor
1285 4335 1367 4389 his
1396 4343 1598 4391 tantum
1624 4353 1637 4390 :
1661 4346 1885 4393 caeteros
1911 4341 2051 4394 enim

474 4427 699 4485 necdum
725 4427 975 4500 elegerat,
1010 4443 1109 4483 nec
1139 4428 1310 4499 ipsum
1339 4420 1667 4505 Mattlucum.
1702 4431 1779 4486 Ex
1821 4432 1903 4487 his
1927 4449 2055 4503 ergo

471 4530 699 4589 quatuor
724 4537 894 4588 unus,
927 4520 977 4576 id
1016 4530 1099 4577 est
1139 4521 1370 4577 Joannes
1390 4564 1403 4587 ,
1434 4512 1779 4593 Evangeliumv
1805 4526 2057 4595 scripsit?

470 4614 567 4677 ita.
595 4612 798 4669 Alicubi
840 4613 942 4669 hoc
969 4614 1081 4685 ipse
1120 4613 1540 4694 commemorat?
1576 4615 1872 4687 Nusquam.
1904 4617 2061 4686 Quo-'

473 4705 633 4760 modo
678 4720 805 4775 ergo
845 4705 986 4775 quod
1027 4704 1259 4762 Joannes
1302 4722 1410 4761 non
1456 4714 1679 4762 testatur
1725 4708 1814 4777 qui
1862 4707 1963 4762 fuit
2001 4709 2055 4764 in

472 4806 654 4858 monte
676 4839 691 4863 ,
721 4797 996 4853 Matthaius
1026 4798 1129 4854 hoc
1167 4797 1380 4868 scripsit
1417 4799 1505 4867 qui
1537 4797 1694 4868 longo
1737 4798 2014 4859 intervallo
2038 4841 2050 4863 ,

474 4898 750 4959 postquam
778 4888 934 4944 Jesus
954 4888 1020 4944 de
1038 4896 1219 4944 monte
1239 4888 1532 4952 descendit,
1562 4874 1777 4943 seetitus
1805 4898 1888 4942 est
1907 4889 2056 4943 eum?

472 4986 548 5037 Ac
578 4998 673 5052 per
700 4981 801 5037 hoc
827 4982 893 5037 de
920 4982 1019 5037 hoc
1047 4981 1160 5052 ipso
1183 4981 1355 5052 primo
1375 4980 1679 5051 ambigitur,
1705 4988 1878 5035 utrum
1899 4980 2055 5057 Jesus

473 5076 579 5134 tale
602 5075 795 5145 aliquid
823 5075 1037 5140 dixerit,
1062 5075 1183 5144 quia
1208 5072 1359 5129 testis
1378 5073 1596 5128 idoneus
1628 5083 1789 5138 tacet,
1821 5074 2054 5144 loquitur

474 5176 649 5223 autem
677 5168 852 5222 minus
874 5162 1096 5224 idoneus
1122 5184 1135 5221 :
1159 5174 1217 5221 ut
1237 5166 1446 5220 interim
1476 5150 1871 5234 permiserimus
1898 5166 2053 5221 nobis

474 5258 718 5327 iujuriam
743 5259 931 5313 fecisse
958 5242 1281 5322 Matthrcum,
1304 5242 1473 5311 donec
1495 5265 1547 5308 et
1570 5255 1742 5325 ipsum
1767 5252 2056 5325 prebemus

474 5348 592 5405 hicc
618 5364 725 5405 non
753 5352 1061 5419 scripsisse,
1090 5348 1183 5404 sed
1222 5341 1382 5403 alium
1422 5334 1613 5431 nescio
1642 5362 1797 5418 quem
1829 5348 1928 5403 sub
1957 5362 2054 5403 ηο-

472 5443 617 5496 mine
639 5442 754 5509 ejus
780 5460 792 5496 :
817 5443 959 5513 quod
987 5443 1143 5497 docet
1165 5450 1217 5497 et
1243 5438 1356 5510 ipsa
1381 5440 1623 5497 lectionis
1651 5440 1890 5509 ejusdem
1917 5440 2049 5494 Mat-

472 5532 598 5587 tluci
628 5532 840 5603 obliqua
868 5534 1119 5588 narratio.
1144 5532 1282 5599 Quid
1308 5531 1447 5587 enim
1477 5531 1645 5587 dicit?
1663 5530 1732 5595 Et
1756 5539 2055 5605 sunttrans-

470 5628 563 5681 iret
592 5624 746 5681 Jtsns
771 5666 784 5688 ,
814 5626 936 5680 uidit
964 5626 1215 5679 hominem
1246 5624 1497 5679 sectantem
1542 5623 1609 5675 ad
1654 5622 1892 5677 telonium
1913 5664 1930 5689 ,
1955 5638 2049 5676 no-

474 5721 608 5773 mine
641 5719 956 5787 Muttfiamm,
987 5728 1036 5775 et
1065 5717 1251 5770 uocauit
1276 5733 1387 5771 eum
1412 5733 1429 5769 :
1452 5726 1503 5768 nt
1530 5716 1616 5769 ille
1643 5715 1908 5785 confestim
1937 5731 2051 5769 sur—

474 5827 614 5881 gens,
638 5823 839 5869 secutus
876 5823 952 5869 est
990 5829 1100 5868 eum
1132 5808 1241 5884 (Id.
1272 5826 1321 5866 ix
1344 5850 1357 5875 ,
1387 5809 1461 5880 9).
1499 5808 1709 5881 thuis
1740 5824 1869 5881 ergo
1898 5808 1964 5865 de
1992 5825 2053 5882 sc

2161 3985 2357 4029 secutus
2388 3984 2459 4028 est
2484 3991 2633 4040 eum;
2659 3990 2720 4029 ac
2748 3991 2851 4030 non
2879 3977 3054 4045 potius
3082 3976 3243 4044 dicat,
3273 3977 3411 4031 Vidit
3434 3991 3540 4044 me,
3572 3984 3627 4032 et
3649 3992 3751 4033 vo-

2162 4068 2305 4122 cavit
2328 4083 2434 4132 me,
2466 4076 2520 4121 et
2548 4076 2761 4121 secutus
2785 4084 2902 4123 sum
2933 4083 3053 4124 eum
3077 4085 3090 4121 :
3116 4068 3217 4124 nisi
3245 4070 3365 4139 quia
3395 4076 3603 4123 constat
3628 4067 3754 4125 haec

2161 4144 2469 4235 Matthmum
2497 4173 2599 4210 non
2629 4159 2927 4227 scripsisse,
2951 4160 3043 4215 sed
3070 4160 3230 4216 alium
3250 4161 3431 4215 nescio
3450 4175 3606 4230 quem
3632 4160 3747 4217 sub

2160 4252 2276 4320 ejus
2305 4234 2557 4305 nomine?
2584 4250 2719 4305 Cum
2760 4266 2888 4322 ergo
2919 4268 2984 4309 ne
3015 4252 3226 4323 quidem
3275 4253 3320 4312 si
3364 4260 3419 4308 et
3463 4251 3749 4310 Matthieus

2161 4342 2261 4395 hoc
2289 4340 2582 4407 scriberet,
2626 4357 2812 4396 verum
2858 4341 3033 4407 foret;
3062 4344 3183 4413 quia
3217 4358 3451 4412 prmsens
3481 4358 3585 4399 non
3627 4353 3754 4399 erat

2159 4450 2279 4488 cum
2308 4432 2466 4488 Jesus
2506 4432 2619 4487 huic
2668 4434 2983 4504 loquebatur
3022 4434 3073 4488 in
3104 4444 3283 4491 monte
3312 4453 3324 4488 :
3349 4442 3547 4505 quanto
3575 4435 3755 4505 magis

2158 4523 2479 4580 credendum
2534 4540 2639 4579 non
2693 4524 2795 4579 erit
2824 4566 2839 4589 ,
2892 4526 3011 4595 quia
3089 4540 3186 4581 nec
3232 4525 3508 4581 Matthaeus
3551 4525 3745 4580 eadem

2158 4613 2390 4684 scripsit,
2430 4612 2524 4670 sed
2569 4614 2704 4683 alius
2746 4615 2845 4671 sub
2886 4616 3189 4685 nominibus
3226 4626 3286 4679 et
3330 4616 3456 4672 Jesu
3512 4624 3567 4674 et
3601 4614 3747 4671 Mat-

2160 4705 2324 4760 tlnei?

2228 4794 2454 4852 CAPUT
2492 4793 2557 4850 ll.
2581 4824 2651 4835 -—
2675 4794 2833 4863 Quid,
2865 4794 3005 4866 quod
3033 4796 3192 4851 etiam
3218 4812 3285 4851 ex
3308 4795 3427 4867 ipso
3450 4809 3702 4851 sermone
3728 4838 3748 4864 ,

2161 4905 2266 4959 quo
2298 4886 2537 4957 praicipit
2564 4903 2667 4941 non
2696 4897 2882 4957 putare
2905 4889 3023 4959 quia
3058 4889 3264 4943 venerit
3282 4888 3476 4959 Legem
3506 4890 3743 4952 solvere,

2160 4979 2328 5049 magis
2350 4977 2568 5047 intelligi
2597 4962 2750 5033 detur
2792 4980 2912 5047 quia
2943 4978 3199 5033 solverit?
3225 4974 3405 5050 Neque
3433 4979 3576 5034 enim
3606 4978 3745 5034 nihil

2158 5088 2223 5128 eo
2250 5072 2349 5127 tale
2376 5071 2599 5127 faciente
2619 5070 2785 5126 Judini
2816 5072 3071 5142 suspicari
3101 5072 3201 5128 hoc
3218 5079 3455 5142 possent.
3478 5070 3602 5136 Sed,
3631 5069 3724 5125 No

2160 5166 2280 5233 fite,
2311 5165 2511 5236 inquit,
2547 5173 2723 5234 putare
2758 5166 2875 5235 quia
2904 5167 3015 5219 veni
3057 5166 3245 5229 solvere
3270 5164 3473 5237 Legem.
3504 5165 3755 5237 Agedum

2158 5276 2285 5330 ergo
2310 5247 2338 5324 ,’
2354 5260 2397 5315 si
2427 5260 2474 5315 ei
2501 5268 2554 5315 et
2589 5259 2757 5315 Judaei
2789 5259 3048 5315 dixissent
3069 5302 3085 5327 ,
3130 5261 3267 5327 Quid
3297 5275 3457 5338 porro
3479 5270 3656 5315 autem
3691 5269 3755 5316 tu

2160 5349 2263 5406 tale
2290 5351 2422 5422 agis,
2454 5351 2596 5409 unde
2625 5351 2727 5407 hoc
2753 5352 3011 5422 suspicari
3042 5351 3351 5421 possimus?
3376 5351 3459 5405 An
3488 5351 3607 5421 quia
3636 5351 3756 5406 cir-

2155 5434 2535 5521 cumcisionem
2564 5430 2798 5511 derides,
2827 5445 3103 5521 sabbatum
3131 5445 3316 5511 violas,
3346 5444 3604 5499 sacrificia
3635 5459 3734 5499 re-

2156 5519 2302 5603 Spuis
2321 5576 2335 5601 ,
2358 5526 2646 5589 confundis
2673 5535 2859 5589 cibos?
2886 5534 2998 5590 Iloc
3028 5544 3110 5590 est
3136 5551 3266 5604 ergo
3290 5576 3306 5601 ,
3338 5532 3514 5611 Nolite
3538 5543 3747 5603 putare.

2156 5622 2226 5679 Et
2253 5625 2379 5695 quid
2409 5625 2508 5681 hoc
2531 5626 2777 5701 amplius,
2810 5626 3007 5705 quidve
3050 5626 3382 5693 manifestius
3409 5624 3523 5680 fieri
3568 5626 3756 5707 potuit

2156 5717 2208 5771 in
2234 5718 2646 5774 destructionem
2675 5717 2833 5789 chis
2860 5734 2924 5773 ac
2967 5718 3390 5788 Prtiphetarum?
3415 5718 3519 5771 Aut
3546 5717 3590 5770 si
3639 5715 3756 5774 hoc

2158 5807 2449 5880 adimplere
2475 5819 2556 5867 est
2583 5810 2774 5882 Legem
2797 5852 2812 5880 ,
2844 5810 2969 5881 quid
2995 5810 3096 5867 erit
3122 5810 3373 5867 solvere?
3397 5809 3533 5879 Quid
3553 5851 3572 5879 ,
3598 5809 3761 5879 quod
