4016 6468
158 402 171 412 .
223 377 295 443 δεμ
1367 376 1570 432 LIBER
1613 368 1913 430 DECIMUS
1950 371 2298 433 SEPTIMUS.

227 499 351 549 etiam
374 490 487 549 Lex
515 500 573 549 et
601 492 891 564 Pt-Opheta:
916 507 983 548 ne
996 490 1400 562 adimpletione'
1419 489 1631 561 quidem
1660 501 1787 559 gau-

232 586 359 654 dent,
410 580 550 640 adeo
576 586 682 640 sibi
714 586 856 657 pleni
886 585 1133 640 videntur
1156 592 1208 640 et
1236 583 1627 648 consummati,
1656 595 1789 651 quo-

238 694 327 735 rum
350 687 539 734 auctor
569 693 637 734 ac
665 688 818 748 pater
843 692 947 733 non
974 678 1148 733 minus
1170 676 1248 731 eis
1274 674 1430 745 adjici
1462 673 1787 743 indignatur,

231 786 362 843 quam
395 768 649 837 detrahi,
679 780 744 826 ut
782 770 1025 827 scribens
1064 768 1115 823 in
1161 768 1573 824 Deuteronomio
1610 764 1788 831 dicat,

235 863 334 923 ila'c
358 872 617 936 prwcepta
639 880 756 934 qua:
783 862 967 917 mando
995 860 1085 915 tibi
1113 860 1294 926 hodie,
1328 858 1526 924 Israel,
1554 857 1790 912 observa-

234 956 328 1019 bis;
351 964 397 1010 et
421 972 543 1010 cave
567 972 632 1009 ne
660 955 880 1010 declines
907 952 970 1008 ab
997 953 1196 1020 iisdem,
1230 967 1389 1020 neque
1416 951 1469 1005 in
1498 950 1789 1014 sinistram,

234 1064 365 1118 nequ
387 1048 444 1105 in
472 1048 736 1103 dexteram
761 1064 782 1114 ;
825 1063 916 1102 nec
945 1045 1105 1100 addas
1132 1044 1407 1115 quidquam
1434 1044 1533 1107 eis,
1573 1057 1665 1096 nec
1694 1040 1793 1094 mi-

234 1156 337 1195 nuas
362 1138 490 1195 :sed
518 1140 573 1193 in
603 1137 787 1192 iisdem
815 1135 1147 1208 perseuerabis
1173 1177 1189 1202 ,
1217 1144 1274 1189 ut
1300 1133 1558 1189 benedicat
1583 1142 1629 1187 te
1658 1131 1794 1187 Deus

237 1244 331 1287 tuus
355 1230 546 1302 (Deut.
577 1246 634 1299 v,
664 1230 753 1295 32,
784 1240 834 1285 et
859 1246 971 1296 xu,
1004 1227 1146 1301 δεμ
1173 1227 1527 1297 Quapropter,
1558 1226 1672 1281 sive
1699 1225 1794 1281 ad-

239 1322 467 1393 implendi
491 1336 654 1378 causa
683 1320 840 1377 Jesus
881 1320 1009 1392 Legi
1033 1319 1231 1391 aliquid
1261 1326 1316 1375 et
1341 1316 1618 1388 Prophetis
1646 1315 1795 1386 adje-

236 1417 312 1480 cit,
326 1415 388 1469 «in
414 1413 695 1471 dexteram
728 1412 933 1469 videtur
958 1412 1173 1482 lapsus;
1214 1410 1327 1465 sive
1363 1410 1595 1479 dempsit
1619 1417 1676 1462 ut
1701 1407 1796 1462 de-

237 1514 463 1569 strueret,
494 1505 547 1560 in
573 1505 878 1569 sinistram;
909 1512 1190 1571 utrumque
1215 1509 1362 1557 certe
1384 1499 1605 1556 oﬁ‘endit
1643 1499 1799 1569 Legis

235 1605 523 1652 auctorem:
552 1594 858 1665 idcircoque
916 1602 1007 1649 aut
1073 1592 1217 1648 aliud
1270 1590 1471 1663 aliquid
1534 1590 1801 1662 signiﬁcat

239 1690 357 1745 istud
382 1730 399 1754 ,
427 1697 517 1743 aut
547 1687 740 1743 falsum
775 1695 877 1742 est.

293 1778 509 1836 CAPUT
534 1777 626 1834 ιιι.
649 1777 1069 1833 —Aucusruws
1094 1773 1403 1846 respondit:
1427 1773 1474 1830 Ο
1505 1772 1802 1828 mirabilem

240 1871 556 1935 instniam',
585 1869 653 1925 de
694 1868 910 1924 Christo
945 1866 1143 1937 aliquid
1186 1866 1425 1921 narranti
1471 1866 1614 1921 nolle
1658 1864 1804 1919 credi

240 1962 463 2017 ilatthzeo
484 2002 501 2030 ,
532 1968 591 2017 et
622 1960 761 2016 velle
788 1959 934 2016 credi
962 1958 1286 2015 Manichaio!
1314 1958 1367 2015 Si
1395 1958 1672 2013 Matthaeus
1698 1973 1817 2013 noni

240 2053 473 2121 interfuit,
500 2068 622 2109 cum
650 2051 897 2108 Christus
922 2050 1164 2116 dixisset,
1194 2049 1317 2105 Non
1344 2050 1457 2104 seni
1487 2049 1680 2106 solvere
1711 2048 1806 2103 Le-

243 2164 339 2217 gem
360 2156 443 2200 aut
474 2144 771 2216 Prophetas
792 2184 807 2211 ,
833 2144 921 2199 sed
960 2143 1240 2213 adimplere
1264 2141 1480 2213 (Matth.
1508 2157 1563 2206 v,
1596 2141 1685 2211 17)
1708 2156 1724 2206 ;
1752 2149 1808 2196 et

239 2223 495 2309 propterea
517 2253 626 2295 non
644 2245 729 2292 est
751 2237 803 2291 ei
824 2234 1146 2292 credendum
1171 2252 1183 2289 :
1209 2232 1462 2304 numquid
1486 2232 1808 2287 Manichth

240 2328 455 2384 interluit
474 2370 491 2397 ,
522 2337 616 2383 aut
637 2328 748 2398 jam
778 2327 862 2382 vel
905 2335 1059 2381 natus
1082 2325 1182 2381 fuit
1203 2367 1218 2392 ,
1248 2340 1370 2380 cum
1394 2323 1638 2379 Christus
1669 2325 1809 2379 inter

237 2420 467 2476 homines
485 2418 809 2489 appareret?
833 2416 1136 2474 Secundum
1162 2431 1291 2487 ergo
1315 2415 1453 2472 hanc
1473 2415 1596 2471 ﬁdei
1616 2424 1811 2470 vestra:

235 2512 416 2582 legam
444 2511 579 2566 nihil
618 2510 672 2567 ei
697 2508 768 2568 de
793 2508 1009 2567 Christo
1037 2507 1344 2564 testiﬁcanti
1370 2507 1592 2565 credere
1620 2506 1811 2561 debui.

230 2603 337 2659 stis.
359 2602 471 2659 Nos
512 2611 696 2659 autem
726 2616 835 2657 non
862 2608 1143 2672 propterea
1181 2600 1410 2658 dicimus
1445 2615 1553 2657 non
1580 2599 1809 2655 creden-

232 2693 353 2750 dum
384 2709 505 2750 esse
526 2692 848 2760 Manichco,
870 2694 993 2764 quia
1016 2692 1176 2750 dictis
1199 2693 1457 2765 factisque
1480 2691 1681 2749 Christi
1703 2708 1809 2748 non

227 2783 485 2851 interluit,
515 2792 572 2840 et
592 2785 751 2855 longe
776 2792 897 2854 post
921 2792 1078 2840 natus
1096 2793 1212 2851 est;
1237 2783 1333 2840 sed
1354 2782 1479 2855 quia
1504 2782 1575 2841 de
1596 2783 1825 2840 Christo.

226 2887 408 2932 contra
437 2875 641 2932 Christi
666 2876 957 2946 discipulos
984 2876 1237 2948 loquitur,
1274 2884 1331 2931 et
1355 2884 1540 2931 contra
1570 2875 1813 2947 Evange—

223 2970 348 3026 liunt
379 2969 521 3040 quod
547 2969 760 3027 illorum
782 2970 1096 3025 auctoritate
1126 2969 1390 3024 ﬁrmatum
1416 2977 1516 3023 est.
1546 2968 1815 3025 Habemus

223 3062 366 3117 enim
390 3061 635 3132 Apostoli
664 3076 871 3128 vocem,
898 3061 988 3131 qui
1014 3061 1065 3115 in
1092 3059 1290 3131 Spiritu
1312 3070 1499 3117 sancto
1526 3062 1656 3117 tales
1682 3076 1813 3117 ven»

223 3162 372 3209 utros
416 3167 541 3209 esse
586 3152 863 3209 cernebat.
895 3151 1045 3208 Unde
1082 3152 1321 3207 ﬁdelibus
1350 3150 1594 3207 dicebat:
1620 3152 1815 3223 Siquis

219 3244 355 3299 vobis
383 3243 798 3314 euangelisaverit
847 3252 1179 3314 preterqnam
1205 3244 1340 3311 quod
1368 3243 1630 3314 accepistis
1649 3285 1663 3309 ,
1691 3259 1817 3297 ana-

225 3336 394 3392 thema
418 3337 485 3390 sit
514 3333 716 3408 (Galat.
744 3350 785 3402 ι,
814 3334 897 3406 9).
928 3334 1060 3389 Nam
1087 3336 1130 3389 si
1164 3350 1320 3390 nemo
1349 3334 1416 3391 de
1444 3334 1660 3391 Christo
1690 3350 1813 3390 vera

224 3427 374 3495 dicit,
405 3429 508 3483 nisi
539 3428 631 3501 qui
662 3443 784 3483 eum
815 3442 1050 3497 przeseus
1073 3427 1205 3483 vidit
1228 3436 1283 3482 et
1303 3427 1530 3496 audivit,
1563 3427 1722 3484 hodie
1749 3427 1817 3484 de

225 3518 313 3573 illo
334 3533 499 3574 nemo
522 3534 653 3574 vera
676 3517 826 3573 dicit.
863 3517 1029 3574 Porro
1051 3518 1098 3574 si
1128 3518 1291 3574 hodie
1320 3528 1600 3591 propterea
1631 3520 1699 3575 de
1729 3519 1818 3576 illo

230 3608 473 3666 ﬁdelibus
504 3610 627 3680 ejus
654 3624 782 3669 vera
824 3609 1092 3677 dicuntur,
1123 3610 1243 3679 quia
1273 3610 1344 3664 illi
1375 3610 1466 3681 qui
1494 3610 1741 3665 viderunt
1765 3619 1819 3666 et

228 3700 529 3767 audierunt,
557 3700 641 3756 vel
672 3700 1012 3771 praedicando
1036 3701 1121 3755 vel
1157 3700 1440 3757 scribendo
1480 3716 1541 3756 ea
1568 3700 1818 3757 dissemi-

236 3801 522 3858 naverunt;
555 3807 654 3847 cur
690 3807 756 3847 ex
797 3806 891 3847 ore
932 3790 1151 3848 Joannis
1193 3791 1543 3863 condiscipuli
1585 3792 1668 3849 sui
1712 3809 1819 3849 non

239 3891 415 3950 posset
440 3897 569 3938 vera
598 3882 881 3937 Mattlueus
904 3882 1090 3938 audire
1119 3882 1186 3939 de
1212 3880 1447 3950 Christo,
1476 3883 1566 3939 ubi
1607 3883 1696 3940 ille
1721 3885 1821 3940 ad-

244 3971 354 4040 luit,
381 3982 433 4039 et
457 3972 572 4043 ipse
599 3986 707 4029 non
736 3970 924 4040 adluit,
952 3973 994 4027 si
1026 3989 1093 4028 ex
1122 3973 1260 4029 libro
1286 3971 1507 4029 Joannis
1537 3988 1822 4044 possumus

245 4079 361 4120 vera
388 4066 530 4137 loqui
560 4065 629 4122 de
654 4065 890 4132 Christo,
922 4080 1025 4121 non
1050 4066 1222 4121 solum
1253 4080 1353 4122 nos
1382 4072 1531 4122 tanto
1551 4076 1670 4136 post
1690 4068 1820 4133 nati,

251 4157 335 4211 sed
362 4158 518 4214 etiam
543 4166 667 4228 post
696 4172 795 4212 nos
823 4157 913 4213 alii
941 4156 1233 4223 nascituri?
1262 4157 1396 4213 Hinc
1420 4158 1562 4213 enim
1593 4172 1701 4213 non
1736 4172 1826 4213 so-

253 4247 352 4305 lum
392 4250 625 4306 Hatthaai
646 4292 662 4317 ,
698 4266 881 4305 verum
912 4260 1070 4305 etiam
1102 4250 1259 4306 Luca:
1286 4266 1351 4307 ac
1379 4250 1537 4307 Marci
1581 4251 1823 4323 Evangeo

256 4340 390 4407 lium,
418 4344 506 4413 qui
533 4342 754 4399 eosdem
798 4342 1086 4413 discipulos
1112 4344 1278 4399 secuti
1308 4351 1433 4399 sunt
1455 4383 1472 4411 ,
1511 4345 1563 4399 in
1592 4360 1697 4400 non
1726 4346 1824 4401 im-

258 4447 420 4502 parem
446 4435 818 4491 auctoritatem
845 4443 1118 4506 receptum
1144 4444 1246 4491 est.
1288 4436 1403 4492 Huc
1430 4437 1671 4504 accedit,
1701 4438 1822 4509 quia

257 4532 305 4578 et
325 4526 430 4597 ipse
457 4527 725 4586 Dominus
745 4527 917 4596 potuit
958 4542 1177 4582 narrare
1204 4526 1473 4594 Matthteo,
1498 4528 1641 4598 quod
1670 4540 1823 4588 ante-

256 4631 397 4684 quam
422 4634 543 4673 eum
577 4628 841 4684 vocasset,
873 4632 992 4673 cum
1017 4619 1082 4674 iis
1108 4628 1288 4689 egerat
1328 4634 1462 4690 quos
1493 4621 1640 4690 prius
1667 4635 1825 4676 voca-

256 4718 409 4763 verat.
457 4710 527 4763 At
568 4710 714 4765 enim
744 4710 847 4765 hoc
890 4710 1003 4779 ipse
1030 4710 1262 4767 Joannes
1302 4712 1353 4766 in
1400 4711 1689 4783 Evangelio
1726 4727 1831 4769 suo

254 4815 441 4869 ponere
464 4802 671 4870 debuit,
698 4802 745 4858 si
774 4804 877 4858 hoc
898 4803 1096 4859 dictum
1118 4819 1148 4859 a
1181 4804 1407 4860 Domino
1430 4805 1687 4872 audierat,
1712 4806 1828 4876 qui,

248 4908 363 4949 cum
389 4894 680 4959 diceretur,
710 4909 948 4965 praesens
975 4895 1127 4951 erat?
1153 4896 1313 4964 Quasi
1357 4896 1470 4951 ﬁeri
1496 4912 1600 4951 non
1631 4906 1822 4967 potue-

246 4986 307 5040 rit
327 4995 514 5042 utcnm
538 4988 716 5046 omnia
738 5002 856 5058 quae
871 5002 903 5041 a
928 4987 1155 5044 Domino
1178 4986 1439 5055 audierat,
1462 4989 1701 5045 scribere
1720 5004 1825 5045 non

218 5068 441 5146 inesset,
474 5080 617 5136 inter
638 5078 742 5136 alia
770 5093 890 5147 qum
930 5078 1285 5148 praetermisit,
1314 5084 1370 5135 et
1408 5078 1511 5135 hoc
1537 5082 1833 5150 praetermi-

244 5170 412 5235 serit,
439 5186 560 5224 eum
606 5170 659 5224 in
704 5170 807 5223 alia
852 5169 1128 5226 scribenda
1174 5178 1317 5227 esset
1359 5171 1612 5227 intentus.
1643 5170 1831 5228 Nonne

246 5258 588 5331 Erangelium
620 5275 776 5314 suum
829 5260 898 5314 ita
929 5259 1041 5330 ipse
1066 5259 1361 5327 conclusit,
1390 5261 1611 5328 dicens,
1636 5261 1701 5315 Et
1726 5262 1832 5316 alia

241 5351 443 5419 quidem
467 5352 629 5406 multa
672 5351 791 5425 [ait
818 5350 989 5417 Jesus,
1020 5367 1133 5420 quia
1170 5352 1215 5405 si
1241 5352 1579 5409 scriberentur
1606 5355 1675 5409 sir
1686 5352 1829 5425 gula,

245 5458 333 5495 nec
362 5443 534 5510 ipsum
561 5442 794 5498 existimo
822 5458 1003 5511 capere
1030 5442 1277 5507 mundum
1303 5444 1390 5513 qui
1416 5446 1755 5498 scriberentur
1778 5446 1835 5499 li-

242 5534 358 5589 bras
384 5533 561 5604 (Joan.
587 5552 699 5603 xxt,
727 5533 864 5605 25)?
894 5534 991 5589 Hic
1017 5535 1198 5605 utique
1222 5534 1454 5591 ostendit
1477 5550 1537 5591 sc
1574 5536 1832 5592 scientem

242 5626 412 5682 multa
439 5628 868 5698 praatermisisse.
896 5625 1001 5681 Sed
1028 5628 1072 5682 si
1102 5627 1168 5682 de
1190 5625 1330 5698 Lege
1357 5637 1412 5684 et
1436 5627 1714 5699 Prophetis
1742 5644 1855 5687 vos.

306 5763 326 5830 ξ
360 5766 477 5830 ιλογἰ
494 5772 556 5810 ex
588 5761 797 5825 Belgicis
817 5758 1005 5830 aliquot
1018 5768 1147 5830 uss,
1162 5774 1227 5830 ne
1256 5762 1593 5830 adimpletione
1622 5770 1720 5816 tua.

304 5823 327 5854 ¹
360 5822 553 5881 Quidam
574 5821 714 5875 Mssf:
745 5832 787 5874 ο
811 5821 1128 5874 miserabilem
1154 5821 1427 5877 insaniam!

3369 386 3474 444 342

1898 484 2126 543 delectat
2152 489 2372 547 Joannis
2410 494 2727 563 auctoritas,
2755 493 2944 551 Joanni
2973 496 3177 553 credite
3205 506 3472 555 attestanu

1896 578 2023 649 Legi
2053 590 2105 636 et
2147 581 2446 651 Prophetis.
2491 584 2609 655 Ipse
2646 587 2860 657 scripsit
2900 588 3041 658 quod
3082 587 3243 644 lsaias
3285 588 3474 645 viderit
3518 590 3525 597 ’

1897 669 2092 728 ϐιιιίδιί
2120 672 2338 742 gloriam
2354 674 2535 746 (Joan.
2552 693 2640 745 xu,
2661 676 2772 751 ll).
2792 676 2846 732 In
2861 678 2987 749 ejus-
3002 678 3208 735 habetis
3238 680 3474 750 Evange-

1896 761 1987 828 lio,
2038 763 2180 818 unde
2220 764 2329 833 jam
2356 766 2517 837 paulo
2551 778 2677 824 ante
2716 769 3093 825 tractavimus:
3123 768 3184 826 Si
3213 769 3477 824 crederetis

1898 850 2101 923 Moysi,
2152 854 2418 910 crederetis
2466 866 2511 913 et
2555 860 2716 923 mihi;
2768 861 2834 915 de
2884 877 2963 914 me
2987 860 3120 915 enim
3156 860 3244 915 ille
3277 860 3477 931 scripsit

1897 943 2012 1015 (Id.
2041 961 2092 1013 v,
2111 944 2225 1017 46).
2252 947 2495 1020 Undique
2524 953 2888 1022 tergiversatio
2913 960 3089 1009 vestra
3113 952 3475 1009 contunditur.

1899 1037 2096 1105 Aperte
2122 1037 2282 1093 dicite
2305 1054 2409 1095 non
2438 1054 2531 1097 vos
2550 1042 2767 1099 credere
2786 1042 2983 1099 Christi
3005 1045 3291 1115 Evangelia
3314 1062 3327 1097 :
3353 1059 3475 1099 nam

1899 1129 1988 1198 qui
2022 1129 2071 1183 in
2101 1130 2391 1202 Evangelio
2420 1133 2561 1203 quod
2587 1134 2743 1191 vultis
2762 1136 2999 1204 creditis,
3021 1137 3162 1208 quod
3191 1136 3347 1193 vultis
3373 1151 3479 1192 non

1899 1221 2137 1288 creditis,
2172 1224 2323 1279 vobis
2352 1226 2529 1295 potius
2554 1242 2712 1297 quam
2744 1228 3032 1298 Evangelio
3059 1229 3297 1286 creditis.

1972 1311 2200 1369 CAPUT
2237 1313 2325 1369 IV.
2369 1346 2442 1356 —
2468 1317 2535 1371 At
2573 1333 2729 1388 quam
2767 1320 3064 1390 elegantem
3094 1338 3205 1376 rem
3259 1321 3361 1378 sibi
3402 1322 3482 1377 vi-

1902 1420 1993 1462 sus
2019 1416 2101 1463 est
2130 1407 2355 1464 Faustus
2382 1409 2582 1477 dicere,
2612 1412 2697 1466 ubi
2720 1424 2997 1483 propterea
3021 1413 3184 1469 voluit
3214 1428 3317 1469 non
3338 1414 3483 1470 credi

1905 1499 2020 1554 htec
2048 1500 2328 1571 scripsisse
2352 1501 2655 1558 Matthrcum
2681 1544 2695 1568 ,
2725 1504 2845 1574 quia
2869 1519 2989 1559 cum
3017 1504 3085 1560 de
3111 1519 3203 1560 sua
3227 1505 3487 1561 electione

1904 1591 2124 1657 diceret,
2156 1607 2259 1647 non
2301 1594 2409 1660 ait,
2439 1593 2578 1649 Vidit
2622 1610 2726 1660 me,
2758 1606 2811 1649 et
2859 1594 2989 1649 dixit
3033 1594 3195 1661 mihi,
3250 1594 3489 1665 Sequere

1906 1699 2019 1749 me;
2068 1684 2190 1749 sed,
2252 1683 2389 1739 Vidit
2434 1684 2764 1754 Matthwum,
2793 1696 2839 1740 et
2884 1686 3117 1751 dixitei,
3148 1684 3369 1756 Sequere
3408 1702 3488 1739 me

1911 1772 2119 1845 (Matth.
2148 1790 2227 1841 lx,
2259 1776 2315 1846 9)
2346 1794 2358 1829 :
2387 1776 2527 1847 quod
2576 1775 2758 1832 nescio
2800 1784 2975 1831 utrum
3012 1776 3078 1831 de
3103 1792 3285 1832 errore
3322 1776 3493 1847 impc-

1909 1868 2044 1922 riti:e
2087 1867 2308 1934 dixerit,
2340 1882 2407 1923 an
2450 1868 2517 1925 de
2559 1884 2707 1924 more
2749 1868 2989 1925 fallacite.
3024 1868 3133 1926 Sed
3172 1883 3279 1924 non
3328 1883 3494 1937 usque

1907 1958 2043 2015 adeo
2071 1962 2372 2030 imperitum
2403 1963 2714 2032 putaverim,
2743 1972 2801 2017 ut
2830 1978 2929 2018 nec
2955 1962 3159 2032 legerit,
3188 1976 3287 2017 nec
3311 1961 3494 2016 audie~

1908 2050 1997 2117 rit,
2028 2052 2201 2109 solere
2233 2053 2523 2123 scriptores
2561 2068 2741 2109 rerum
2784 2064 3052 2124 gestarum
3074 2094 3088 2118 ,
3112 2068 3232 2108 cum
3262 2052 3312 2107 in
3342 2066 3493 2105 suam

1911 2159 2194 2215 personam
2244 2146 2524 2214 venerint,
2553 2147 2623 2201 ita
2672 2162 2731 2203 se
2778 2156 3098 2212 contexere,
3132 2154 3380 2216 tanquam
3429 2144 3497 2199 de

1910 2235 2015 2290 alio
2059 2237 2479 2308 uarrent,quod
2516 2238 2584 2293 de
2623 2253 2682 2293 se
2709 2248 2945 2293 narrant.
2978 2237 3142 2307 Magis
3185 2251 3315 2307 ergo
3358 2236 3499 2289 hunc

1910 2328 2140 2384 arbitror
2168 2345 2273 2385 non
2301 2338 2358 2384 ut
2383 2330 2688 2401 imperitum
2711 2373 2725 2397 ,
2758 2330 2851 2385 sed
2881 2340 2937 2384 ut
2965 2328 3224 2399 imperitis
3251 2326 3495 2383 nebulam

1910 2420 2202 2477 obtendere
2229 2420 2461 2476 voluisse
2480 2461 2495 2487 ,
2527 2428 2828 2491 sperantem
2864 2434 2924 2475 se
2954 2418 3131 2489 plures
3169 2432 3289 2474 esse
3314 2426 3471 2487 capto

1913 2529 2053 2581 rum,
2076 2514 2165 2585 qui
2194 2514 2293 2569 ista
2336 2529 2444 2569 non
2483 2521 2725 2569 nossent.
2748 2512 2819 2567 Et
2848 2516 2901 2565 in
2930 2510 3148 2567 historia
3173 2508 3385 2581 quidem
3411 2523 3501 2563 rc-

1912 2622 2032 2663 rum
2062 2606 2394 2663 saecularium
2433 2606 2554 2661 talis
2597 2605 2916 2661 narrationis
2958 2603 3291 2673 reperiuntur
3319 2615 3499 2657 exem-

1915 2697 2040 2769 pla:
2071 2697 2164 2753 sed
2209 2711 2313 2752 non
2359 2710 2495 2767 opus
2519 2703 2602 2752 est
2631 2704 2687 2751 ut
2724 2711 2792 2751 ex
2830 2695 2935 2750 alio
2970 2708 3167 2765 genere
3206 2693 3500 2749 litterarum

1914 2790 1998 2847 vel
2029 2798 2238 2844 nostros
2264 2789 2601 2853 admoneam,
2627 2788 2710 2843 vel
2738 2789 2896 2842 istum
2923 2784 3187 2841 refellam.
3210 2782 3328 2854 Ipse
3357 2790 3505 2837 certe

1916 2882 2075 2954 paulo
2123 2888 2249 2937 ante
2293 2880 2360 2936 de
2399 2880 2547 2935 libris
2589 2879 2756 2950 Moysi
2802 2876 3045 2948 quaedam
3091 2874 3395 2931 testimonia
3434 2873 3503 2926 ita

1918 2976 2241 3048 proferebat,
2276 2982 2333 3029 ut
2354 2989 2458 3029 non
2481 2988 2541 3029 ea
2570 2980 2789 3042 negaret
2808 2970 3086 3040 scripsisse
3112 2968 3328 3039 Moysen
3347 3006 3365 3033 ,
3391 2965 3511 3020 imo

1918 3078 1969 3124 et
1997 3066 2310 3128 aliirmaret,
2340 3063 2435 3121 sed
2464 3063 2529 3118 ad
2558 3062 2827 3119 Christum
2856 3075 2961 3116 non
2985 3060 3252 3130 pertinere
3286 3062 3507 3113 conten-

1918 3158 2087 3213 deret.
2124 3158 2285 3229 Legat
2314 3171 2443 3227 ergo
2464 3156 2515 3209 in
2545 3154 2747 3211 eisdem
2776 3154 2945 3218 libris,
2970 3168 3087 3221 qum
3110 3151 3177 3206 de
3207 3164 3266 3205 se
3290 3148 3498 3219 scripsit

1920 3249 2129 3321 Moyses
2149 3290 2163 3314 ,
2198 3258 2372 3303 utrum
2398 3249 2464 3303 ita
2496 3247 2802 3315 scripserit,
2830 3244 2966 3309 Dixi,
2997 3251 3108 3310 aut,
3134 3242 3255 3299 Feci
3296 3242 3398 3298 hoc
3422 3241 3507 3297 vel

1921 3339 2084 3402 illud;
2116 3348 2171 3395 et
2192 3355 2296 3393 non
2329 3338 2506 3410 potius
2525 3380 2541 3404 ,
2571 3335 2716 3392 Dixit
2750 3334 2953 3407 Moyses
2983 3333 3176 3409 (Exod.
3200 3348 3290 3401 ut,
3320 3334 3400 3403 5),
3428 3340 3502 3397 et,

1923 3429 2067 3486 Fecit
2096 3431 2297 3502 Moyses
2318 3429 2429 3503 (Id.
2460 3446 2552 3492 vn,
2579 3429 2634 3499 ﬁ)
2664 3446 2678 3483 :
2712 3436 2823 3495 aut,
2852 3426 3075 3483 Vocavit
3100 3441 3186 3481 me
3211 3424 3466 3479 Dominus
3490 3465 3506 3489 ,

1921 3522 2026 3587 vel,
2082 3521 2225 3577 Dixit
2266 3521 2330 3576 ad
2375 3537 2459 3575 me
2501 3520 2794 3584 Dominus;
2824 3526 2882 3576 et
2919 3532 3025 3573 non
3068 3516 3268 3586 potius,
3308 3513 3511 3570 Vocavit

1925 3612 2174 3667 Dominus
2210 3612 2420 3681 Moysen
2465 3609 2648 3679 (Leuit.
2674 3626 2722 3675 ι,
2751 3610 2836 3681 1),
2864 3616 2920 3665 et
2938 3649 2953 3675 ,
2983 3606 3128 3661 Dixit
3166 3605 3415 3660 Dominus
3441 3604 3511 3657 ad

1924 3704 2138 3776 Moysen
2182 3702 2376 3773 (Exod.
2401 3718 2472 3768 tv,
2504 3701 2593 3770 l9)
2627 3718 2640 3753 :
2669 3710 2724 3756 et
2751 3700 2927 3755 omnia
2956 3707 3148 3755 caetera
3180 3696 3234 3751 in
3260 3694 3510 3752 eumdem

1923 3795 2160 3850 modum.
2192 3793 2265 3848 Ita
2295 3808 2423 3862 ergo
2444 3802 2498 3847 et
2521 3791 2804 3846 Matthmns
2842 3790 2911 3846 de
2948 3804 3008 3845 se
3033 3797 3283 3858 tanquam
3308 3786 3378 3843 de
3403 3786 3512 3843 alio

1926 3886 2174 3955 scripsit:
2204 3884 2345 3954 quod
2384 3893 2436 3939 et
2473 3883 2707 3939 Joannes
2743 3882 3048 3947 I'ecit;uam
3086 3881 3228 3936 circa
3258 3880 3415 3935 linem
3442 3880 3515 3935 Ii-

1926 3979 2005 4033 bri
2034 3978 2113 4032 sui
2139 3978 2297 4032 etiam
2322 3978 2436 4048 ipse
2469 3977 2545 4031 sic
2582 3976 2852 4046 loquitur:
2880 3973 3157 4031 Conuersus
3179 3971 3364 4028 Petrus
3389 3975 3525 4031 vidit

1927 4070 2231 4140 discipulum
2258 4085 2403 4139 quem
2449 4068 2686 4140 diligebat
2706 4066 2857 4122 Jesus
2881 4108 2897 4135 ,
2919 4067 3007 4138 qui
3047 4078 3095 4121 et
3123 4066 3434 4121 recumbebat
3461 4067 3515 4122 in

1926 4180 2070 4218 caena
2096 4179 2250 4233 super
2271 4172 2440 4233 pectus
2465 4162 2595 4232 ejus,
2624 4171 2670 4215 et
2691 4160 2890 4215 dixerat
2919 4159 3161 4227 Domino,
3192 4158 3321 4229 Quis
3338 4158 3514 4228 estqui

1928 4266 1976 4309 te
2020 4254 2225 4309 tradet?
2268 4252 2531 4324 Numquid
2560 4261 2615 4308 et
2659 4252 2746 4309 hic
2783 4250 2955 4318 dixit,
2981 4252 3285 4308 Conversus
3325 4251 3515 4306 Petrus

1928 4346 2058 4402 vidit
2084 4348 2213 4403 me?
2246 4348 2328 4402 An
2358 4345 2495 4401 forte
2542 4352 2821 4415 propterea
2864 4358 2962 4399 nec
2991 4346 3151 4398 istum
3196 4349 3384 4413 putant
3412 4342 3513 4398 hoc

1930 4438 2277 4509 Evangelium
2327 4436 2648 4511 scripsisse?
2673 4435 2783 4493 Sed
2828 4436 2987 4506 paulo
3029 4444 3153 4506 post
3191 4434 3366 4490 dicit:
3415 4434 3516 4489 llic

1930 4543 2002 4588 est
2034 4530 2314 4602 discipulus
2336 4531 2424 4601 qui
2467 4530 2765 4598 testiﬁcatur
2800 4528 2864 4583 de
2885 4524 3034 4593 Iesu,
3063 4535 3111 4583 et
3135 4528 3224 4601 qui
3253 4527 3360 4583 Ιιωο
3384 4528 3515 4581 scri-

1930 4625 2029 4696 psit
2046 4640 2065 4688 ;
2085 4633 2133 4678 et
2159 4624 2346 4678 scimus
2387 4622 2507 4692 quia
2538 4638 2713 4676 rerum
2739 4631 2815 4677 est
2837 4622 3173 4676 testimonium
3199 4623 3307 4691 ejus
3334 4621 3514 4694 (Joan.

1931 4734 2039 4781 χχι,
2066 4717 2154 4781 20,
2187 4715 2283 4786 9-4)
2303 4758 2318 4781 ,
2343 4714 2619 4786 Numquid
2652 4715 2759 4782 ait,
2790 4714 2906 4786 Ego
2948 4729 3068 4770 sum
3107 4714 3399 4784 discipulus
3424 4713 3521 4782 qui

1932 4804 2187 4865 testiﬁcor
2214 4808 2283 4865 de
2306 4808 2454 4875 Jcsu,
2483 4816 2538 4863 et
2564 4807 2655 4879 qui
2683 4806 2797 4863 haec
2828 4805 3015 4877 scripsi
3040 4822 3056 4872 ;
3088 4813 3144 4860 et
3169 4806 3364 4859 scimus
3392 4803 3527 4872 quia»

1934 4915 2119 4955 verum
2141 4908 2225 4955 est
2254 4899 2613 4955 testimonium
2636 4897 2852 4955 meum?
2872 4898 3031 4953 Certe
3067 4895 3403 4951 manifestum
3434 4903 3527 4947 cst'

1934 4990 2075 5047 hunc
2101 5005 2306 5046 morem
2337 4990 2498 5046 fuisse
2525 4991 2866 5060 scriptorum,
2888 5003 3009 5044 cum
3036 4995 3182 5058 gesta
3214 4994 3515 5041 narrarent.

1934 5081 2104 5149 Quam
2136 5080 2300 5135 multa
2330 5088 2383 5134 et
2421 5081 2536 5150 ipse
2566 5080 2822 5136 Dominus
2855 5077 3043 5135 eadem
3067 5076 3334 5131 locutione
3361 5073 3427 5129 de
3455 5088 3537 5131 se~

1934 5170 2083 5237 dicit,
2110 5170 2230 5240 quis
2256 5185 2574 5227 enumerare
2618 5170 2883 5226 sulliciat?
2906 5166 3033 5224 Cum
3070 5165 3256 5221 venerit
3280 5206 3296 5233 ,
3323 5164 3520 5233 inquit;

1939 5258 2102 5315 Filius
2155 5260 2413 5330 hominis,
2438 5269 2614 5329 putas,
2640 5260 2853 5314 inveniet
2891 5257 3045 5326 ﬁdem
3084 5255 3137 5309 in
3183 5264 3317 5309 terra
3363 5253 3538 5327 (Luc..

1938 5366 2084 5417 xvm,
2111 5351 2211 5423 8)?
2239 5365 2343 5405 non
2373 5350 2508 5407 dixit
2530 5393 2543 5412 .
2569 5349 2699 5406 Cum
2728 5364 2945 5413 venero,
2987 5358 3137 5416 [mlas
3157 5388 3172 5413 ,
3202 5346 3466 5402 inveniam
3492 5348 3531 5400 ’ξ’

1940 5444 2026 5508 Et,
2070 5443 2217 5498 Venit
2257 5440 2425 5497 Filius
2448 5443 2665 5497 hominis
2702 5440 3015 5493 manditcans
3037 5447 3083 5492 et
3102 5438 3271 5495 bibens
3306 5436 3520 5513 (Matth.

1940 5550 2013 5599 χι,
2048 5535 2137 5605 l9)
2165 5552 2181 5590 :
2212 5549 2316 5590 non
2343 5532 2497 5599 dixit,
2526 5532 2678 5587 Veni.
2710 5533 2792 5593 Et,
2827 5528 2998 5585 Veniet
3027 5531 3172 5598 hom,
3198 5541 3244 5586 et
3265 5548 3401 5587 nunc
3426 5543 3525 5600 est,

1940 5647 2055 5683 cum
2074 5628 2260 5683 mortui
2286 5627 2490 5681 audient
2530 5640 2695 5678 vocem
2741 5622 2864 5678 Filii
2896 5623 3028 5688 Dei;
3049 5633 3097 5679 et
3120 5625 3206 5693 qui
3233 5624 3522 5690 audierint,

1944 5730 2103 5782 vivent
2152 5725 2330 5791 (.loan.
2360 5740 2413 5787 v,
2453 5722 2589 5791 25):
2622 5737 2724 5776 non
2771 5722 2941 5789 dixit,
2987 5724 3179 5778 Vocem
3224 5736 3435 5777 meam:
3469 5724 3523 5773 et

1945 5821 2105 5877 multa
2136 5814 2457 5887 hnjusmodi.
2492 5811 2643 5868 [inde
2672 5812 2776 5883 iam
2808 5825 2933 5885 puto
2962 5816 3202 5872 suilieere
3243 5828 3360 5881 quu'
3385 5812 3517 5866 dict?
