4016 6438
503 464 649 517 sunt,
681 463 735 511 ct
758 454 833 525 ad,
853 454 1125 527 studiosos
1150 452 1588 519 commonendos,
1617 461 1671 507 et
1696 450 1763 505 ad
1791 450 2087 505 calumnio-

458 562 594 621 °so_s
625 547 1042 622 convincendos.
1136 578 1139 583 ι
1240 567 1245 570 ’
1478 558 1487 564 ’
1592 556 1595 559 ’
1684 556 1689 560 ’
2076 548 2077 555 “

544 690 547 693 λ
575 640 799 709 CAPUT
836 641 923 696 κγ.
948 672 1018 681 -
1042 641 1156 695 Jam
1187 637 1310 693 illud
1349 650 1506 707 quam
1533 636 1601 689 sit
1620 636 1902 711 inﬁrmum
1927 675 1941 696 ,
1971 634 2089 704 quis

505 732 802 803 non’videt,
834 731 973 803 quod
1003 732 1096 796 ait,
1126 746 1230 784 non
1260 744 1381 783 eum
1412 728 1589 788 dicere
1610 728 1845 798 potuisse
1867 768 1881 793 ,
1918 724 2090 780 Nolite

505 834 683 894 putare
702 825 828 893 quia
850 824 967 889 veni,
983 823 1171 876 solvere
1196 820 1377 892 Legem
1392 830 1494 875 aut
1516 820 1801 889 PrOpltetas
1821 837 1837 883 ;
1861 836 1959 872 non
1980 820 2091 872 veni

502 898 711 983 solvere,
739 914 827 969 sed
856 914 1170 981 adimplere:
1201 912 1301 966 nisi
1344 910 1542 981 aliquid
1570 912 1678 987 tale
1708 912 1818 977 jam
1847 908 2079 974 fecisset,

502 1015 560 1060 ut
587 1007 638 1078 in
666 1005 805 1076 (hanc
834 1004 1193 1074 suspicionem
1227 1012 1406 1072 posset
1430 1001 1654 1057 venire?
1684 1000 1844 1066 Quasi
1868 1015 1963 1053 nos
1995 1014 2088 1051 ne-

500 1112 687 1167 gemus
706 1096 902 1163 Jndreis
924 1112 1028 1165 non
1052 1092 1645 1167 intelligentibusvideri
1675 1092 1907 1161 pouIis'se
1928 1090 2089 1144 Chri-

504 1200 643 1243 stum
689 1170 1077 1261 destructorem
1110 1188 1265 1257 Legis
1306 1196 1361 1241 et
1402 1185 1787 1255 PrOphetarum
1820 1201 1831 1235 :
1864 1182 1955 1237 sed
1988 1182 2088 1236 hoc

498 1280 670 1351 ipsum
692 1288 782 1353 est
806 1294 901 1333 cur
938 1279 1027 1333 ille
1064 1295 1225 1333 verax
1267 1286 1320 1332 et
1357 1277 1555 1331 veritas
1599 1290 1704 1329 non
1747 1274 1976 1343 potuerit
2003 1272 2071 1327 de

498 1370 599 1445 alia
627 1369 766 1445 Lege
792 1379 844 1435 et
871 1369 938 1424 de
987 1370 1105 1423 aliis
1126 1356 1423 1443 Prophetis
1441 1368 1618 1429 dicere
1646 1365 1830 1435 ,vquod
1850 1380 1956 1428 eos
1979 1380 2085 1419 non

504 1461 772 1535 solveret,
803 1462 901 1515 nisi
942 1462 1009 1516 de
1048 1462 1111 1515 iis
1147 1446 1282 1531 quos
1319 1461 1392 1514 illi
1430 1476 1554 1515 eum
1595 1459 1803 1514 solvere
1846 1459 2085 1528 suspica-

501 1554 714 1627 bantur.
760 1551 911 1619 Quod
952 1551 1076 1606 hinc
1110 1551 1426 1627 etiamrsatis
1452 1551 1799 1604 confirmatur
1822 1592 1835 1611 ,
1864 1550 1983 1618 quia
2015 1549 2083 1603 ibi

500 1624 761 1717 sequitur,
790 1628 842 1695 et
866 1640 995 1717 dicit
1018 1626 1403 1715 :Amenpamen
1428 1638 1895 1704 dicovobis,“donec
1920 1648 2085 1691 trans-

498 1742 577 1784 eat
604 1732 783 1807 aetum
808 1742 859 1807 et,
880 1740 1030 1799 terra,
1051 1732 1155 1784 iota
1183 1747 1356 1795 unum,
1378 1740 1463 1782 aut
1491 1746 1620 1784 unus
1648 1745 1777 1799 apex
1795 1744 1892 1781 non
1918 1738 2085 1780 trans-

498 1825 565 1878 iet
595 1825 669 1897 de!
703 1824 1050 1895 Lege,danec
1078 1827 1247 1895 omnia
1280 1824 1424 1891 ﬁant.
1453 1823 1761 1891 Quicumque
1790 1839 1904 1892 ergo
1926 1823 2114 1875 solve--

500 1918 566 1969 rit
596 1933 750 1970 unum
775 1933 837 1970 ea:
861 1917 1113 1970 mandatis
1137 1917 1245 1991 istis
1271 1915 1489 1994 minimis
1514 1956 1528 1979 ,
1557 1924 1601 1968 et
1633 1914 1858 1967 docuerit
1897 1912 1970 1965 sic
1994 1912 2093 1971 Ito:

498 2008 678 2073 mines,
699 2009 931 2081 minimus
960 2007 1213 2061 vocabitur
1234 2007 1283 2059 in
1312 2022 1464 2077 regno
1491 2005 1728 2059 caelorum
1752 2020 1768 2056 :
1789 2003 2085 2073 quicumque

498 2108 665 2155 autem
692 2098 899 2168 fecerit,
932 2108 977 2153 et
1020 2099 1092 2153 sic
1115 2098 1333 2152 doruerit
1360 2140 1374 2162 ,
1404 2097 1483 2150 hic
1505 2112 1716 2165 magnus
1754 2094 2010 2147 vocabitur
2031 2097 2083 2145 in

498 2206 651 2259 regno
689 2176 943 2245 caelorum.
987 2189 1283 2264 Pharisacos
1323 2187 1466 2242 enim
1497 2186 1799 2256 cogitabat,
1826 2199 1946 2237 cum
1984 2184 2081 2237 ista

499 2281 722 2347 diceret,
745 2281 832 2350 qui
861 2280 1140 2355 solvebant
1165 2280 1357 2349 Legem
1386 2279 1562 2351 factis,
1587 2286 1641 2331 et
1669 2276 1929 2331 docebant
1957 2290 2093 2328 ver-.

498 2372 599 2425 bis.
628 2372 701 2443 De
748 2373 955 2443 quibus,
981 2372 1086 2426 alio
1116 2372 1233 2427 loco
1282 2372 1446 2425 dicit:
1480 2370 1606 2437 Qum
1647 2370 1858 2431 dicunt,
1894 2369 2081 2436 facile;

499 2478 613 2530 qua:
638 2472 809 2516 autem
837 2464 1027 2533 faciunt
1052 2505 1067 2530 ,
1101 2466 1265 2533 facere
1290 2463 1447 2515 nolite
1471 2476 1488 2513 :
1511 2462 1683 2514 dicunt
1711 2460 1843 2514 enim
1868 2500 1882 2523 ,
1908 2466 1951 2510 et
1980 2474 2080 2509 non

500 2554 692 2630 faciunt
723 2552 933 2622 (Matth.
988 2569 1115 2607 χχιιι
1137 2596 1152 2619 ,
1182 2554 1257 2621 '5).
1292 2553 1578 2630 Propterea
1610 2558 1664 2604 et
1693 2550 1776 2602 hic
1806 2549 1872 2602 ita
1902 2547 2090 2616 sequi:

501 2656 623 2699 tur:
658 2627 787 2719 Dico
813 2646 943 2698 enim
977 2632 1309 2721 'vobis,ou'isi
1333 2627 1657 2709 abundaverit
1691 2640 1894 2710 justitia
1921 2647 2087 2711 vestra

501 2738 617 2803 plus
659 2755 808 2807 quant
849 2737 1143 2794 Scribarum
1184 2747 1228 2793 et
1257 2737 1636 2791 P/tarisa’orum
1664 2778 1675 2795 ,
1701 2752 1801 2788 non
1831 2732 2081 2790 intrabitis

498 2830 552 2881 in
588 2845 798 2898 regnum
838 2831 1079 2883 cwlorum
1120 2828 1228 2899 (Id.
1258 2846 1289 2882 v
1313 2871 1325 2893 ,
1354 2827 1542 2898 17-20)
1571 2846 1582 2879 :
1618 2828 1667 2880 id
1712 2836 1825 2890 est,
1856 2825 1954 2879 nisi
1987 2840 2081 2880 vos

500 2921 731 2995 feceritis
758 2930 811 2975 et
840 2922 906 2973 ita
948 2921 1238 2975 docueritis
1257 2962 1271 2985 ,
1298 2920 1438 2990 quod
1470 2920 1541 2972 illi
1572 2934 1673 2972 non
1698 2917 1896 2970 faciunt
1925 2925 1979 2969 et
2008 2904 2091 2969 sic.

501 2994 726 3079 docent,
758 3026 861 3067 non
908 3010 1171 3065 intrabitis
1207 3010 1260 3064 in
1310 3026 1526 3079 regnum
1574 3008 1852 3063 emlorum.
1911 3006 2081 3072 Quam

498 3117 626 3171 ergo
675 3101 867 3169 Legem
908 3100 1169 3156 docebant
1220 3100 1472 3154 Pharisaei
1526 3107 1579 3153 et
1622 3112 1724 3151 non
1776 3095 2078 3158 faciebant,

499 3176 669 3267 ipsam
694 3193 820 3247 dicit
847 3192 1088 3267 Christus
1113 3206 1218 3247 non
1236 3193 1516 3267 sevenisse
1544 3190 1776 3253 solvere,
1794 3186 1885 3239 sed
1914 3186 2082 3239 adim-

502 3268 651 3353 plere
678 3301 691 3336 :
720 3282 837 3351 quin
866 3283 976 3352 ipsa
1000 3267 1228 3351 pertinet
1254 3281 1649 3361 adeathcdram
1680 3279 1865 3350 Moysi,
1899 3278 1946 3329 in
1980 3292 2081 3344 qua

1328 338 1595 395 CONTRA
1638 336 1959 393 FAUSTUM
2004 334 2446 405 MANICHZEUM,
2488 338 2543 393 S.
2587 339 2949 399 AUGUSTINI

3675 351 3786 407 3“

2199 451 2447 507 sedentes
2474 453 2746 523 Pharisaei,
2777 450 2830 512 et
2854 457 3091 514 dicentes
3115 472 3213 514 nec
3233 457 3504 529 facientes,
3526 444 3787 520 audiendi

2197 552 2339 605 sunt,
2376 545 2478 596 n'on
2511 544 2772 600 imitandi.
2866 564 2873 565 ί

2202 682 2209 689 .
2267 633 2492 693 CAPUT
2544 637 2631 693 Vl.
2662 638 2854 694 ——Nec
2879 640 3121 706 intelligit
3143 640 3402 710 Faustus,
3440 654 3531 699 aut
3560 644 3696 700 ferte
3722 661 3787 700 se

2199 723 2347 794 ﬁngit
2388 741 2493 781 non
2536 728 2862 799 intelligere,
2895 731 3018 800 quid
3046 733 3115 786 sit
3140 724 3592 804 implere'Legem
3615 753 3629 802 ;
3653 753 3781 791 cum

2197 816 2299 871 hoc
2324 817 2391 873 de
2418 819 2697 875 verborum
2735 822 3035 891 adjectione
3062 833 3208 895 putat
3233 827 3597 896 accipiendum
3616 872 3629 893 ,
3652 831 3785 900 quia

2197 911 2452 980 scriptum
2480 922 2561 967 est
2579 955 2595 980 ,
2626 930 2694 970 ne
2712 916 2835 985 quid
2864 912 3089 972 addatur
3115 913 3402 988 Scriptura:
3425 922 3535 985 Dei,
3567 925 3646 978 vel
3680 924 3784 978 de-

2199 1003 2437 1058 trahatur
2483 1005 2659 1076 (om.
2709 1006 2818 1073 πη,
2862 1008 2994 1079 se):
3038 1011 3178 1065 unde
3218 1012 3348 1066 dicit
3388 1030 3492 1068 non
3532 998 3787 1071 debuisse

2196 1094 2510 1165 adimpleri,
2546 1100 2684 1170 quod
2751 1103 2820 1156 ita
2879 1102 3170 1171 pet-fectum
3236 1106 3665 1175 commendatur,
3725 1118 3783 1165 ut

2196 1188 2325 1242 nihil
2368 1190 2667 1245 addendum
2715 1194 3296 1265 minueIIduanue'sit.
3352 1194 3603 1255 Nesciunt
3650 1217 3781 1272 ergo

2197 1279 2291 1333 isti
2324 1282 2603 1350 quomodo,
2624 1279 2917 1353 adimpleat
2947 1277 3163 1353 Legem,
3192 1273 3380 1357 quisic
3417 1274 3549 1345 vivit
3580 1272 3786 1346 ut'Lex

2197 1374 2465 1443 praecepit.
2517 1373 2791 1429 Plenitudo
2830 1377 2973 1431 enim
3017 1376 3165 1448 Legi:
3212 1379 3450 1445 charitas,
3474 1382 3608 1437 sicut
3648 1384 3789 1439 dicit

2194 1464 2481 1533 Apostolus
2502 1463 2675 1536 (Rom.
2707 1483 2817 1531 xm,
2850 1468 2963 1533 10).
2992 1467 3148 1523 istam
3176 1458 3490 1525 charitatem
3520 1472 3787 1529 Dominus

2195 1565 2247 1609 et
2275 1554 2525 1610 exhibere
2559 1556 2841 1615 etdonare
2879 1558 3123 1629 dignatus
3150 1569 3235 1615 est
3258 1603 3272 1627 ,
3306 1562 3564 1617 mittendo
3604 1563 3786 1619 ﬁdelié

2194 1645 2292 1699 bus
2320 1646 2428 1699 suis
2452 1645 2704 1714 Spiritum
2729 1658 2991 1703 sanctum.
3016 1649 3169 1705 Unde
3196 1652 3320 1706 item
3345 1652 3471 1707 dicit
3494 1642 3785 1725 idcmvapo-

2194 1738 2363 1790 stolus
2396 1755 2409 1792 :
2439 1735 2671 1791 Charitas
2704 1738 2795 1792 Dei
2833 1739 3020 1805 (ii/fusa
3045 1752 3117 1795 est
3144 1743 3197 1795 in
3222 1743 3455 1798 cordibus
3481 1747 3662 1799 nostris
3691 1764 3789 1814 per

2194 1824 2447 1894 Spiritum
2492 1838 2721 1881 sanctum
2763 1830 2848 1897 qui
2894 1831 3042 1884 datus
3066 1842 3141 1885 est
3178 1836 3318 1887 nobis
3370 1834 3477 1903 (Id.
3506 1852 3557 1900 v,
3604 1837 3683 1907 5).

2194 1914 2305 1985 ipse
2335 1916 2620 1971 Dominus:
2655 1916 2718 1971 In
2744 1920 2837 1971 hoc
2857 1921 3010 1973 scient
3038 1936 3209 1975 omnes
3247 1924 3365 1990 quia
3408 1925 3647 1993 discipuli
3674 1928 3781 1979 mei

2191 2006 2329 2071 estis,
2359 2008 2401 2060 si
2430 2024 2515 2062 vos
2542 2009 2751 2062 invicem
2778 2010 3205 2083 diligationan.
3239 2030 3356 2078 xm,
3384 2016 3494 2084 55).
3527 2016 3788 2085 impletur

2193 2112 2319 2166 ergo
2350 2096 2476 2161 Lex,
2510 2099 2590 2152 vel
2627 2115 2746 2153 cum
2785 2100 2915 2153 ﬁunt
2953 2117 3073 2170 quae
3101 2102 3172 2157 ibi
3199 2096 3458 2174 praecepta
3497 2096 3647 2171 Sunt,
3693 2108 3788 2161 vel

2192 2203 2310 2241 cum
2354 2189 2672 2244 exhibentur
2697 2206 2816 2259 qurc
2866 2192 2934 2244 ibi
2979 2192 3291 2262 prophetata
3318 2204 3462 2248 sunt.
3498 2196 3605 2251 Lex
3632 2197 3786 2251 enim

2193 2294 2287 2347 per
2305 2279 2518 2350 Moysen
2542 2280 2663 2335 data
2683 2282 2975 2350 est,.gratia
2997 2291 3052 2336 et
3073 2286 3271 2338 veritas
3298 2301 3395 2354 per
3414 2286 3597 2341 Jesuin
3622 2288 3789 2342 Chri-

2192 2379 2329 2424 stum
2363 2372 2494 2425 facta
2522 2380 2602 2425 cst
2636 2371 2753 2441 '(ld.
2784 2388 2820 2437 ι,
2853 2374 2958 2442 l7).
2991 2374 3104 2442 ipsa
3132 2370 3239 2430 Lex
3266 2392 3385 2431 cum
3418 2380 3630 2448 impleta
3654 2390 3741 2434 est
3766 2421 3786 2444 ,

2189 2463 2355 2529 gratia
2386 2470 2439 2516 et
2466 2462 2660 2517 veritas
2687 2462 2817 2517 facta
2847 2473 2948 2517 est.
2971 2464 3147 2519 Gratia
3168 2467 3390 2535 pertinet
3414 2469 3477 2523 ad
3508 2470 3790 2525 charitatis

2192 2551 2596 2619 plenitudinem,
2627 2553 2825 2607 veritas
2852 2553 2915 2606 ad
2949 2555 3349 2623 prOpIIetiarum
3389 2558 3787 2627 iIIIpletionem.

2193 2644 2257 2697 Et
2278 2647 2411 2713 quia
2432 2651 2719 2714 utrumque
2750 2653 2845 2714 p’er
2868 2645 3137 2700 Christum
3162 2688 3179 2713 ,
3208 2648 3327 2703 ideo
3366 2666 3469 2704 non
3498 2653 3639 2705 venit
3664 2652 3787 2706 sol-

2192 2751 2315 2789 vere
2352 2735 2547 2805 Legem
2578 2746 2668 2790 aut
2712 2737 3035 2807 Pr0phetas,
3076 2740 3168 2795 sed
3206 2742 3497 2813 adimplere
3534 2762 3547 2797 :
3590 2761 3697 2799 non
3728 2757 3794 2801 ιιι

2192 2827 2318 2896 Legi
2366 2827 2695 2881 adderentur
2742 2844 2861 2896 qua:
2910 2830 3165 2895 deerant,
3192 2832 3284 2886 sed
3324 2843 3381 2887 ut
3423 2830 3614 2888 ﬁerent
3659 2852 3792 2905 quae

2192 2918 2383 2985 scripta
2420 2928 2571 2972 erant
2598 2936 2610 2971 :
2640 2919 2779 2987 quod
2816 2919 2923 2988 ipsa
2968 2920 3084 2989 ejus
3122 2922 3281 2975 verba
3327 2932 3609 2978 testantur.
3660 2926 3788 2980 Non

2191 3008 2333 3061 enim
2362 3007 2458 3064 .ait
2478 3036 2500 3072 -,
2530 3006 2649 3061 Iota
2678 3025 2833 3061 unum
2857 3050 2870 3072 ,
2891 3018 2994 3061 'aut
3030 3027 3158 3064 unus
3197 3028 3347 3081 apex'
3370 3012 3469 3065 non
3516 3009 3729 3073 transiet
3753 3032 3793 3067 α

2190 3096 2345 3167 Lege,
2378 3097 2551 3153 donec
2580 3097 2842 3153 addantur
2870 3114 2989 3169 qua:
3019 3099 3244 3165 desunt;
3273 3102 3366 3157 sed
3389 3144 3402 3169 ,
3428 3102 3586 3157 donec
3606 3104 3793 3159 omnia

2192 3190 2339 3257 ﬁunt.

1178 3404 3799 3431 Mm

926 3516 931 3521 ι
1002 3520 1027 3627 χ
1076 3452 1564 3635 LIBER
1610 3485 2338 3627 DECIMUS
2401 3436 3184 3615 OCTAVUS.

518 3720 525 3813 ξ
568 3764 793 3820 CAPUT
821 3763 1100 3820 PRIMUM.
1120 3794 1189 3803 —
1222 3762 1467 3817 Fausrus
1491 3760 1623 3815 dixit
1651 3779 1663 3814 :
1700 3759 1821 3813 Non
1850 3762 1959 3814 veni
1985 3760 2095 3814 ιο..

499 3874 610 3928 gem
647 3858 869 3921 solvere,
890 3857 977 3910 sed
1003 3856 1279 3925 adimplere
1300 3853 1585 3921 (ΜιιιιΙι.’ν
1606 3895 1622 3919 ,
1656 3851 1764 3923 17).
1799 3852 1900 3907 Sed
1940 3853 2080 3905 enim

500 3947 623 4011 hoc,
653 3947 753 4000 nisi
778 3946 920 3999 aliud
949 3946 1082 3999 forte
1108 3947 1371 4013 significat.
1394 3986 1407 4009 ,
1441 3960 1469 3998 a
1493 3942 1705 3998 Christo
1734 3944 1930 3999 dictum
1963 3959 2082 3997 cre-

499 4037 657 4100 dere,
692 4052 816 4089 non.
847 4036 1023 4090 minus
1063 4036 1153 4089 tibi
1197 4036 1520 4089 contrarium
1566 4035 1702 4089 scias
1738 4050 1891 4105 esse,
1925 4051 2081 4105 quam

504 4127 656 4181 mihi.
686 4126 917 4201 Uterque
961 4127 1101 4181 enim
1143 4136 1381 4180 nostrum
1414 4127 1523 4178 sub
1546 4124 1644 4178 hac
1672 4126 1921 4195 opinione
1944 4127 2085 4179 chri—

499 4218 705 4273 stianus
734 4226 833 4283 est,
858 4218 983 4287 quia
1007 4216 1273 4271 Christum
1314 4217 1364 4269 in
1403 4216 1813 4271 destructionem
1842 4217 1993 4285 Legis
2023 4232 2084 4271 ac

506 4309 894 4378 Prophetarum
940 4309 1149 4363 venisse
1191 4307 1509 4377 putavimus.
1560 4306 1797 4373 Quodsi
1839 4316 1891 4360 tu
1920 4306 2083 4362 verbo

504 4400 717 4453 interim
741 4398 893 4454 fateri
934 4414 1039 4453 non
1066 4398 1145 4452 vis
1165 4439 1179 4461 ,
1206 4407 1437 4451 attamen
1466 4397 1514 4451 id
1562 4397 1813 4465 operibus
1858 4397 2079 4453 indicas.

504 4491 633 4547 Inde
658 4492 797 4545 enim
829 4500 911 4547 est
953 4490 1091 4561 quod
1122 4491 1278 4559 Legis
1306 4506 1367 4545 ac
1396 4490 1774 4558 Prophetarum
1818 4500 2082 4559 prmcepta

505 4591 561 4635 et
585 4582 697 4651 ipse
725 4570 1022 4636 contemnis
1066 4599 1093 4634 ε’
1120 4581 1241 4635 inde
1270 4580 1409 4648 quod
1452 4580 1654 4633 Novum
1686 4580 2081 4635 Testamentum

506 4672 687 4729 Iesum
718 4672 1021 4726 condidisse
1066 4672 1278 4739 utrique
1306 4671 1529 4725 fatemur
1562 4690 1575 4725 :
1608 4686 1711 4737 quo
1752 4671 1876 4741 quid
1903 4672 2042 4725 aliud
2065 4703 2099 4736 ,-

505 4779 662 4833 quam
714 4763 1127 4837 destructionem
1177 4762 1400 4815 fatemur
1452 4761 1660 4833 Veteris
1720 4761 2082 4816 'l‘estamenti?

505 4855 635 4921 Qua:
669 4869 788 4907 cum
834 4854 902 4906 ita
934 4844 1371 4924 sint,'quomodo
1414 4851 1677 4907 Christum
1720 4852 1843 4905 illud
1884 4852 2083 4907 dixisse

501 4947 800 5010 credemus,
832 4945 931 4999 nisi
970 4953 1093 4999 ante
1123 4944 1474 5012 nosmetipsos
1494 4943 1806 4997 damnemus
1836 4944 2009 5018 stulta:
2031 4945 2081 4997 in

500 5038 830 5109 prteteritum
879 5035 1144 5106 opinionis
1170 5077 1183 5101 ,
1208 5046 1260 5090 et
1299 5034 1364 5088 ad
1410 5033 1787 5103 ptenitudinem
1838 5049 2083 5089 recurra-

503 5144 624 5184 mus
644 5171 659 5195 ,
686 5130 1146 5199 obseqnaInurquc
1176 5126 1300 5196 Legi
1347 5126 1411 5180 de
1439 5126 1644 5195 integro
1686 5140 1749 5178 ac
1780 5125 2080 5195 Prophetis,

502 5231 661 5291 atque
687 5238 870 5276 eorum
893 5235 1163 5284 curemus,
1192 5218 1593 5289 qualiacumque
1620 5218 1727 5279 sint
1753 5258 1766 5282 ,
1791 5218 2079 5271 observare

503 5312 790 5366 mandata?
831 5311 982 5378 Quod
1028 5327 1148 5365 cum
1189 5310 1472 5364 fecerimus
1497 5350 1511 5374 ,
1538 5319 1661 5363 tunc
1698 5308 1926 5378 denique
1958 5324 2087 5363 vere

501 5402 891 5457 crediderimus
938 5403 1136 5457 dixisse
1166 5401 1345 5457 Jesum
1376 5401 1499 5469 quia
1526 5415 1630 5452 non
1666 5400 1870 5452 venerit
1890 5398 2086 5468 Legem

504 5494 731 5560 solvere,
759 5493 853 5547 sed
880 5493 1194 5563 adimplere.
1222 5492 1371 5547 Nunc
1395 5501 1571 5546 autem
1600 5490 1789 5545 falsum
1821 5500 1933 5557 est,
1965 5491 2088 5561 quia

502 5600 603 5640 nec
624 5593 676 5637 tu
714 5583 764 5637 id
789 5583 985 5650 credis,
1014 5584 1083 5639 de
1109 5598 1215 5653 quo
1236 5599 1320 5637 me
1346 5583 1519 5637 solum
1556 5583 1785 5637 incusas.

571 5676 795 5733 CAPUT
812 5675 1059 5731 ll.—Sed
1078 5676 1425 5742 esto,licuerit
1444 5676 1495 5730 in
1518 5676 1837 5746 prmtcritum
1860 5689 2087 5731 errasse.

500 5768 641 5841 Quid
666 5784 803 5825 nunc
831 5766 1082 5824 tandem?
1112 5766 1358 5823 Placetne
1401 5767 1476 5824 ire
1504 5768 1601 5824 sub
1643 5766 1857 5839 Legem,
1883 5766 1924 5823 si
1971 5781 2089 5823 eam

2189 3758 2428 3813 Christus
2457 3770 2559 3809 non
2578 3763 2693 3819 tam
2725 3756 2740 3786 ¹
2770 3756 2945 3821 solvit,
2979 3756 3443 3828 sedradimplevit?
3470 3761 3648 3817 Placet
3672 3761 3795 3819 εῖτ-ἑ

2186 3848 2410 3903 cumcidi
2435 3848 2527 3912 ,id
2551 3856 2659 3906 est.
2686 3846 2942 3915 pudendis
2964 3839 3215 3918 insignire
3236 3834 3475 3919 pudenda
3494 3896 3506 3917 ,
3535 3863 3589 3909 et
3616 3857 3793 3913 Deum

2188 3940 2411 3995 credere
2437 3939 2784 3993 sacramentis
2830 3940 3021 3993 talibus
3051 3940 3347 3996 delectari?
3388 3944 3563 4013 placet
3608 3951 3794 4004 susci-

2190 4051 2314 4103 pere
2343 4034 2682 4088 sabbatbrum
2728 4034 2891 4087 otium
2919 4075 2933 4099 ,
2966 4041 3018 4087 et
3045 4034 3367 4090 Sattirniacis
3394 4052 3580 4092 manus
3609 4032 3799 4095 in'ser-A

2192 4134 2304 4179 tare
2334 4120 2539 4178 catenis
2563 4124 2586 4176 ?
2613 4116 2809 4177 Placet
2835 4125 2901 4175 ad
2934 4124 3216 4193 ingluviem
3245 4118 3545 4180 Juda‘orum
3575 4129 3805 4185 da-moA

2188 4215 2270 4269 nis
2318 4213 2335 4281 (
2362 4214 2533 4282 neque
2560 4210 2699 4265 enim
2732 4213 2824 4267 Dei
2850 4216 2868 4244 ³
2893 4208 2919 4283 )¹
2946 4230 3081 4267 nunc
3127 4222 3333 4281 tauros,
3370 4233 3519 4271 nunc
3547 4219 3789 4290 arietes,

2188 4320 2329 4359 nunc
2353 4304 2510 4358 etiam
2539 4302 2744 4367 hircos,
2778 4312 2831 4356 ut
2877 4319 2980 4356 non
3007 4313 3059 4357 et
3086 4304 3328 4360 homines
3356 4306 3525 4361 dicam
3547 4351 3559 4375 ,
3592 4308 3792 4366 cultris

2187 4404 2426 4449 sternere
2457 4410 2469 4447 :
2499 4409 2562 4448 ac
2591 4394 3131 4463 propter‘quod'idola
3154 4411 3335 4451 sumus
3355 4398 3534 4456 exosi.
3567 4400 3615 4452 id
3640 4416 3792 4457 nunc

2186 4502 2439 4542 exercere
2505 4486 2775 4541 crudelius
2836 4486 2937 4540 sub
2978 4487 3255 4556 PrOphetis
3298 4506 3359 4544 ac
3385 4490 3566 4559 Lege?
3598 4492 3791 4549 Placet

2188 4578 2418 4648 denique
2450 4578 2686 4633 feralium
2709 4578 2949 4631 ciborum
2972 4579 3536 4647 qIIzedam‘existiIn’are
3559 4584 3787 4651 munda,

2189 4669 2430 4739 qumdam
2462 4671 2511 4723 in
2535 4670 2819 4723 immundis
2844 4678 2897 4722 et
2920 4664 3289 4724 contaminatis
3320 4671 3513 4727 habere
3532 4715 3546 4739 ,
3573 4690 3635 4728 ex
3658 4679 3794 4745 qui-

2186 4764 2284 4816 bus
2303 4762 2992 4832 inquinatioremporcinam
3011 4762 3117 4816 Lex
3140 4774 3383 4819 asserunt
3404 4776 3455 4819 et
3473 4766 3796 4835 Propheta‘?

2186 4852 2413 4922 Negabis
2440 4852 2676 4921 profecto
2721 4851 2907 4905 horum
2955 4852 3237 4922 quidquam
3282 4854 3576 4909 faciendum
3626 4859 3797 4910 nobis

2188 4942 2489 4998 volentibus
2516 4958 2857 5012 perseverare
2909 4958 3027 4997 esse
3058 4944 3196 5012 quod
3242 4940 3425 4999 sumus
3470 4964 3482 4999 :
3530 4944 3792 5017 quoniam

2186 5036 2396 5106 quidem
2425 5036 2693 5090 Christum
2739 5037 3003 5092 dicentem
3042 5038 3254 5104 audias,
3302 5039 3581 5109 dupliciter
3614 5041 3791 5098 ﬁlium

2187 5129 2444 5198 gehennze
2468 5128 2583 5183 ﬁeri
2602 5144 2721 5184 eum
2745 5130 2829 5198 qui
2851 5127 3005 5183 fuerit
3027 5130 3372 5185 circumcisus
3391 5132 3596 5203 (Matth.
3625 5128 3791 5201 xum,

2190 5222 2302 5291 15).
2330 5219 2615 5276 Sabbatum
2645 5235 2772 5274 vero
2800 5235 2897 5274 nec
2933 5222 3103 5286 ipsum
3134 5237 3375 5278 servasse
3422 5224 3636 5291 videas,
3684 5244 3801 5283 nec

2191 5328 2412 5383 usquam
2461 5312 2740 5366 mandasse
2766 5312 3105 5366 servandum.
3139 5314 3212 5366 De
3257 5315 3388 5369 cibis
3436 5316 3559 5370 item
3607 5318 3798 5385 ipsum

2198 5413 2593 5458 asseverantem
2622 5402 2840 5468 audias,
2888 5403 3035 5457 nullo
3064 5416 3245 5457 eorum
3298 5406 3559 5475 inquinari
3607 5408 3798 5465 Ιιοιιιί-

2191 5509 2311 5548 nem
2336 5534 2353 5561 ,
2381 5509 2499 5563 qua:
2522 5493 2575 5547 in
2621 5508 2683 5549 os
2725 5492 3121 5563 ingrediuntur,
3151 5494 3242 5548 sed
3283 5510 3343 5549 ea
3372 5498 3544 5566 potius
3569 5515 3690 5568 quin
3722 5502 3803 5559 de

2256 5651 2273 5680 ι
2308 5655 2449 5680 νην-1ο
2496 5647 2512 5680 1'

2256 5655 2273 5680 ι
2503 5655 2510 5656 ,

2254 5713 2272 5741 ²
2307 5655 2630 5779 ξὶῗξξιῗέιέῗιξέἒ
2652 5715 2757 5777 Ms.
2784 5716 2839 5759 At
2860 5715 2987 5772 tov.,
3015 5708 3067 5760 in
3088 5707 3342 5774 ingluviem
3365 5711 3652 5763 Judttortmt
3680 5712 3800 5775 dre-

2192 5785 2376 5831 manus,
2441 5784 2591 5834 neque
2612 5784 2735 5825 emm
2764 5780 2877 5822 Deo.
