4016 6422
217 323 329 382 365
565 355 570 366 ν
1017 335 1074 386 ῐὲιῖ
1121 337 1142 386 ."

211 453 315 494 ore
349 434 640 509 procedunt
669 434 902 506 polluere
927 432 1138 506 (Manli.
1171 447 1270 496 .xv,
1298 431 1404 500 ti).
1425 431 1498 486 De
1518 429 1793 506 sacriﬁciis

211 532 340 586 item
363 529 687 599 frequentem
721 529 886 597 ipsius
917 541 1038 582 esse
1079 539 1409 590 sermonem,
1445 524 1606 590 Deum
1637 523 1796 578 mise—

211 621 492 690 rieordiam
520 621 656 678 velle
675 661 690 688 ,
709 635 828 684 non,
855 619 1172 682 sacriﬁcium
1205 617 1340 688 (ld..
1363 633 1444 682 ιιι,
1471 617 1568 679 15,
1587 627 1632 668 et
1673 630 1792 678 -ιιιι,

212 717 314 786 7)..
335 716 636 786 lljeejgitar
661 715 704 770 si
725 716 824 776 sita
839 722 1002 778 sunt,
1032 713 1120 768 ubi
1141 747 1144 750 -
1165 711 1296 766 illud
1327 711 1440 772 erit
1461 751 1476 775 ,
1525 723 1628 762 non
1674 723 1794 770 eum

209 808 416 874 venisse
449 808 660 862 solvere
687 806 885 876 Legem
915 813 970 860 et
999 803 1320 873 Proplu-tas.
1349 801 1440 856 sed
1467 800 1756 868 adimplere
1773 803 1796 854 ’ἐ

205 897 356 962 Quod
381 897 426 950 si
455 896 622 961 dixit,
653 877 916 956 autaliud
959 893 1263 963 signiticnns
1305 891 1470 956 dixit,
1501 897 1620 954 aut,
1656 889 1795 959 quod

203 989 360 1054 absit,
385 987 648 1042 mentiens
665 987 818 1050 dixit,
850 997 940 1040 aut
964 985 1180 1048 omnino
1203 983 1466 1048 necdisit,
1488 981 1591 1044 Sed
1613 980 1795 1044 .Iesum

197 1078 412 1146 quidem
440 1078 722 1156 mentitum
763 1075 1304 1144 esse_n1|llus;tli_cat>,-
1337 1061 1604 1156 duntaxat
1641 1071 1798 1128 Chri-

197 1169 400 1236 stianus
431 1186 446 1222 :
479 1147 666 1237 ac'per
689 1167 790 1234 hoc
809 1174 904 1220 aut
917 1166 1070 1232 aliter
1097 1165 1295 1220 dictant
1325 1147 1432 1232 est,
1459 1171 1548 1218 aut
1577 1161 1796 1217 omnino

193 1274 300 1326 nec
321 1259 544 1326 dictum.
587 1281 616 1320 ις
677 1297 700 1308 η
741 1297 750 1310 ι
905 1295 910 1302 .
961 1295 984 1318 .._,
1085 1295 1090 1300 .
1207 1293 1214 1302 .
1407 1289 1458 1320 ,ι
1763 1295 1770 1312 ,

195 1403 200 1406 _
267 1349 494 1414 CAPUT
535 1349 622 1412 ιιι.
657 1379 729 1420 -—_-
759 1349 829 1404 Et
859 1359 1034 1404 tamen
1058 1362 1142 1402 me
1171 1345 1383 1416 quidem
1405 1345 1514 1416 jam
1541 1344 1794 1404 adversus

199 1439 416 1510 capituli
445 1439 606 1509 hujus
629 1438 1074 1508 necessitudinem
1101 1437 1390 1503 manichma
1415 1437 1544 1490 ﬁdes
1567 1433 1796 1498 reddidit

200 1541 392 1600 tutum,
417 1546 554 1604 quas.
567 1530 829 1602 principio
859 1529 986 1598 mihi
1017 1513 1355 1600 non‘cunctis
1375 1543 1500 1596 _qu:e_
1523 1541 1586 1580 ex
1611 1525 1796 1592 Salva-

201 1623 328 1694 toris
345 1622 592 1690 nomine;
606 1623 800 1690 scripta
833 1621 1090 1690 leguntur.
1109 1619 1302 1688 passim
1315 1617 1548 1692 credere
1579 1630 1794 1694 persua-

199 1691 303 1776 sit,
329 1712 428 1768 sed
460 1712 689 1782 probare
732 1712 776 1764 si
807 1710 914 1764 sint
955 1708 1142 1788 eadem
1173 1723 1334 1778 vera,
1365 1709 1410 1788 si
1439 1691 1563 1760 sana
1586 1745 1600 1770 ,
1633 1705 1677 1758 si
1709 1691 1791 1780 in-

197 1781 640 1872 corruptazesse
714 1787 856 1855 enim
911 1781 1170 1870 permulta
1229 1781 1479 1870 zizauia,
1554 1797 1671 1864 qua:
1735 1794 1788 1866 in

193 1893 506 1964 contagium.
559 1893 684 1948 boni
742 1892 962 1946 seminis
1013 1889 1314 1962 scripturis.
1347 1902 1482 1960 pene
1545 1883 1792 1962 omnibus

193 1986 501 2056 noctivagus
523 1983 736 2055 quidam
760 1983 1049 2058 seminator
1070 1967 1380 2056 insperserit
1403 1977 1512 2056 (Ι
1537 1993 1650 2044 xm,
1670 1977 1788 2054 25).

195 2077 503 2149 Idcircoque
535 2093 620 2131 me
647 2093 716 2146 ne
745 2076 830 2148 hic
859 2063 1351 2148 quidemterruerit
1364 2087 1542 2142 sermo
1561 2113 1576 2137 ,
1601 2085 1787 2144 quam-

189 2169 268 2240 vis
289 2159 574 2242 reverendi
591 2159 822 2236 nominis
849 2181 956 2236 prae
976 2180 1035 2244 se
1059 2164 1192 2237 ferat
1215 2163 1613 2238 inscriptionem
1631 2178 1646 2238 ξ
1667 2160 1789 2238 quia

189 2261 422 2332 probare
449 2261 580 2314 mihi
617 2259 793 2330 adhuc
823 2274 888 2312 ex
933 2256 1214 2330 proposito,
1244 2255 1395 2320 licet,
1449 2263 1693 2329 utrumne
1737 2261 1790 2328 et

193 2353 276 2410 hic
305 2351 596 2424 interdiaui
623 2351 818 2406 saturis
842 2358 898 2423 et
923 2349 1048 2404 boni
1075 2348 1178 2424 sit,
1206 2361 1271 2400 an
1299 2344 1545 2400 nocturni
1573 2345 1712 2424 illius
1737 2351 1791 2416 et

191 2442 430 2512 pessimi.
453 2419 534 2496 Tu
563 2455 695 2496 vero
715 2440 804 2510 qui
831 2419 1030 2506 temere
1056 2419 1230 2516 omnia
1255 2419 1788 2516 cl'edis,_qui__nattlraa

192 2535 508 2589 beneﬁcium
539 2532 800 2604 rationem
827 2545 890 2602 ex
917 2527 1469 2604 hominibusdanmas
1490 2567 1506 2591 ,
1537 2525 1620 2604 cui
1649 2523 1788 2602 inter

192 2641 376 2680 rerum
405 2625 704 2692 falsumque
743 2613 982 2692 judicare
1011 2619 1195 2689 religio
1223 2597 1302 2673 est
1324 2659 1338 2680 ,
1377 2618 1564 2686 cuique
1591 2615 1782 2670 bonum

189 2735 222 2786 ιι
241 2717 517 2772 contrario
545 2729 796 2786 separare
815 2754 830 2778 ,
861 2727 964 2766 non
991 2711 1166 2765 minus
1191 2707 1460 2763 formidini
1489 2715 1598 2770 est,
1627 2721 1783 2776 quam

187 2785 484 2868 infantibus
526 2785 794 2869 nia’uiazi;
845 2801 966 2871 quid
999 2802 1232 2855 facturus
1273 2799 1412 2864 eris,
1463 2813 1582 2878 cum
1631 2805 1682 2850 te
1732 2797 1782 2852 in

187 2899 404 2970 capituli
420 2895 888 2968 hujusangustiam
909 2893 1198 2950 necessitas
1213 2891 1410 2961 coget?
1431 2891 1560 2944 Dico
1581 2899 1782 2957 autem,

185 3009 304 3048 cum
339 3001 394 3048 te
422 2991 674 3054 Judarus,
719 3003 814 3044 seu
839 2989 958 3058 quis
1002 2987 1136 3042 alter
1174 2986 1435 3039 sermonis
1481 2983 1630 3064 istius
1677 2998 1782 3037 non

185 3084 392 3142 inscius
437 3079 833 3152 iuterpellabit,
865 3077 988 3149 quid
1033 3079 1100 3132 ita
1131 3075 1288 3146 Legis
1319 3084 1372 3146 et
1399 3074 1782 3143 Prophetarum

185 3181 454 3242 precepta
525 3188 630 3226 non
689 3185 905 3236 serves,
963 3183 1084 3223 cum
1128 3153 1376 3222 Christus
1427 3161 1612 3242 eadem
1677 3153 1786 3248 non.

183 3282 238 3320 se
265 3267 492 3320 venisse
515 3263 720 3317 solvere
765 3260 934 3324 dicat,
967 3259 1058 3312 sed
1090 3257 1422 3326 adimplere?
1446 3255 1648 3326 Nempe
1691 3251 1784 3310 e04

181 3358 322 3428 εει-ιε
357 3363 452 3409 aut
475 3369 622 3408 vanae
651 3349 1016 3422 supersdtioni
1048 3347 1426 3412 succumbere,
1459 3355 1550 3400 aut
1579 3345 1780 3414 capitu-

183 3449 286 3502 lum
319 3446 568 3518 proﬁteri
595 3444 824 3508 falsum,
856 3450 949 3496 aut
990 3449 1040 3496 te
1066 3439 1262 3496 Christi
1311 3453 1505 3509 negare
1549 3437 1784 3507 discipu-

179 3541 336 3685 kuza
349 3628 488 3686 PUT
517 3627 603 3683 Ν.
657 3657 728 3668 --
755 3626 1083 3682 AUGUSTINUS
1139 3619 1412 3692 respondit
1441 3639 1454 3676 :
1484 3597 1598 3676 1am
1630 3579 1785 3675 toties

179 3723 410 3790 explosa
437 3731 596 3790 atque
629 3720 866 3776 convicta
895 3719 1016 3788 quia
1046 3716 1242 3786 repetis
1260 3757 1275 3784 ,
1301 3707 1403 3770 nos
1424 3730 1654 3786 quoque,
1674 3715 1787 3784 qui-

179 3813 272 3868 bus
304 3827 380 3866 ca
411 3811 737 3864 convicimus
758 3851 771 3874 ,
802 3817 1044 3876 repetere
1085 3822 1190 3860 non
1233 3805 1452 3874 pigebit.
1488 3805 1562 3858 Ea
1629 3803 1784 3884 Chri-_

177 3903 336 3958 stiani
359 3891 440 3956 ex
469 3899 606 3970 Lege
632 3909 686 3954 et
711 3897 988 3972 Prophetis
1019 3914 1121 3952 non
1153 3895 1371 3960 faciunt,
1392 3895 1583 3968 quibus
1612 3895 1777 3965 signi-

181 3995 334 4046 licata
373 4000 502 4045 sunt
529 3992 621 4044 ista
656 3983 1014 4060 quaalaciunt.
1047 3988 1150 4040 Illa:
1193 3987 1385 4056 quippe
1426 3996 1576 4040 erant
1607 3987 1786 4056 ﬁgura}

185 4083 498 4136 futurorum
524 4122 538 4146 ,
588 4095 718 4150 quas
748 4079 906 4133 rebus
933 4077 1060 4148 ipsis
1105 4094 1197 4146 per
1225 4077 1495 4131 Christum
1539 4075 1786 4130 revelatis

179 4182 228 4227 et
269 4173 616 4243 prmsenlatis
645 4171 836 4225 auferri
875 4170 1182 4239 Oportebat,
1234 4178 1289 4222 ut
1332 4183 1395 4221 eo
1433 4183 1642 4238 quoque
1671 4167 1787 4236 ipso

181 4265 324 4332 quod
365 4262 484 4316 hmc
509 4262 680 4316 ablata
709 4271 863 4326 sunt,
893 4261 998 4314 Lex
1031 4272 1080 4313 et
1105 4259 1384 4328 Propheta:
1414 4251 1784 4327 implerentur.

177 4353 248 4408 lbi
278 4355 498 4425 quippe
523 4363 576 4407 et
618 4353 718 4407 hoc
761 4351 1011 4420 scriptum
1042 4357 1150 4410 est,
1183 4349 1430 4402 daturum
1463 4349 1624 4402 Deum
1679 4347 1787 4403 Te—

177 4455 518 4502 stamentum
550 4460 739 4498 nevum
763 4485 777 4508 ,
806 4441 926 4498 Non
956 4443 1102 4508 quale
1131 4441 1244 4494 dedi
1268 4482 1280 4504 ,
1323 4441 1513 4518 inquit,
1563 4440 1787 4511 patribus

175 4554 354 4590 eorum
399 4535 621 4606 (Jerem.
650 4551 770 4588 xxxi
793 4575 808 4602 ,
838 4534 948 4604 59.).
981 4533 1208 4602 l‘Opulus
1246 4533 1386 4586 enim
1433 4531 1520 4586 ille
1569 4547 1662 4601 pro
1691 4547 1788 4587 suo

177 4631 340 4684 corde
385 4627 636 4698 lapideo,
684 4627 846 4681 multa
892 4631 1154 4696 praecepta
1203 4623 1368 4695 magis
1411 4609 1516 4678 sibi
1556 4638 1787 4694 congrua

177 4738 335 4790 quam
369 4718 522 4775 bona
566 4725 861 4792 acceperat,
911 4717 1100 4786 quibus
1149 4724 1324 4770 tamen
1357 4714 1708 4784 ﬁgurarentur
1735 4723 1788 4769 et

179 4813 642 4882 prophetarenlur
671 4809 842 4864 futura
873 4826 884 4860 :
917 4807 1008 4862 sed
1035 4817 1158 4862 tunc
1185 4821 1212 4858 a
1243 4823 1346 4860 non
1373 4805 1787 4875 intelligentibus

175 4895 618 4957 celebrabantur.
651 4899 778 4952 Cum
809 4907 982 4952 autem
1013 4905 1272 4950 venerunt
1300 4904 1352 4949 et
1383 4895 1636 4965 patefacta
1665 4905 1788 4950 sunt

175 5008 292 5061 qua:
329 4991 444 5046 illis
491 4989 938 5058 signiﬁcabantur,
990 5002 1092 5040 non
1137 4985 1246 5055 jam
1295 4985 1379 5039 illa
1418 4986 1672 5055 jubcntur
1711 4984 1786 5039 l'a-

176 5084 368 5138 cienda
395 5125 411 5144 ,
447 5080 544 5134 sed
589 5082 830 5150 leguntur
858 5078 1216 5148 intelligenda.
1263 5077 1414 5134 Unde
1461 5079 1531 5134 ibi
1578 5079 1642 5132 de
1689 5079 1786 5134 hac

179 5177 346 5228 etiam
379 5189 444 5228 re
475 5170 646 5226 futura
679 5170 892 5234 dicitur,
923 5170 1160 5240 Auroram
1203 5169 1272 5222 eis
1300 5185 1385 5221 cor
1413 5169 1698 5237 lapideum,
1741 5177 1786 5222 et

180 5265 312 5318 dabo
341 5265 420 5319 eis
451 5263 540 5315 cor
563 5276 802 5314 corneum
833 5257 1046 5334 (Ezech.
1075 5276 1157 5326 χι,
1183 5259 1270 5329 l9)
1305 5277 1318 5313 :
1344 5259 1392 5313 id
1422 5271 1532 5326 est,
1563 5277 1664 5312 non
1695 5275 1786 5313 cor

179 5359 298 5414 sine
329 5370 496 5411 sensu
519 5395 532 5420 ,
559 5353 652 5410 sed
679 5369 774 5409 cor
796 5367 916 5408 cum
948 5369 1127 5408 sensu.
1177 5351 1326 5408 Unde
1353 5353 1509 5406 traxit
1557 5354 1786 5421 Aposto-

189 5559 192 5562 -
241 5533 262 5565 ³
301 5537 384 5581 Er.
413 5537 464 5582 et
485 5537 590 5582 Lor.
615 5529 700 5580 hic
739 5535 792 5578 et
831 5533 1017 5590 postea,
1045 5537 1150 5590 cap,
1194 5527 1245 5586 7,
1283 5523 1460 5590 tinnire.
1499 5533 1554 5590 ιιι
1593 5533 1691 5574 Am.
1737 5531 1788 5577 et

179 5607 362 5656 omnes
383 5605 534 5656 prope
550 5602 666 5656 ratss.
691 5586 1206 5656 constanter,'_n_witi¢e_.
1243 5590 1317 5638 sic
1333 5587 1428 5656 diei
1463 5586 1624 5656 solent
1647 5590 1788 5656 terri-

179 5649 462 5706 enlamehta
473 5649 760 5708 infantium,
780 5659 929 5713 atque
949 5653 1018 5700 uti
1037 5653 1084 5701 in
1109 5652 1270 5701 Isidor.
1296 5649 1445 5700 Gloss.
1465 5650 1672 5713 legitur,
1699 5650 1788 5713 l‘or-

181 5717 422 5767 Iniﬁnum
441 5719 695 5782 imagines.
711 5711 894 5766 Lamias
907 5713 1036 5764 idem
1059 5715 1328 5776 signiﬁcare
1353 5713 1442 5764 hoc
1465 5711 1570 5762 loco
1591 5711 1786 5762 manife-

1343 337 1364 383 ;
1425 311 1634 392 unca,
1653 312 1958 384 beamus
1993 279 2436 384 OCTAVUS".

3389 321 3494 378 3l8

1891 432 1994 494 ,lus
2019 435 2162 504 quod
2205 436 2277 491 ait
2296 465 2318 500 ,-
2357 435 2478 492 Non
2507 437 2558 492 in
2589 437 2786 498 tabulis~
2815 437 3062 513 tepidas,
3109 435 3196 516 sed
3221 436 3276 492 in
3317 437 3502 491 tabulis

1893 529 2071 586 cordis
2107 529 2394 586 carnalibus
2437 531 2516 601 (ll
2547 531 2664 586 Co‘r.
2711 547 2770 584 'lH
2799 574 2814 598 ,
2863 531 2952 600 5).⁴
2986 531 3120 602 Quid
3169 530 3312 592 enim
3337 530 3500 590 ,aliud

1905 619 2071 686 dixit,
2105 635 2262 690 quam
2305 639 2396 676 cor
2427 625 2700 688 corneum?
2725 625 2857 692 Quia
2900 638 3028 693 ergo
3055 633 3108 676 et
3133 665 3136 668 .
3160 623 3264 678 hoc
3305 622 3498 692 pnedi-

1905 713 2442 790 ctumerathmagis
2460 715 2634 774 sigista
2669 715 2746 794 de
2769 723 2955 794 nostra
2996 715 3356 784 celebratione
3395 729 3500 774 non

1887 800 2262 868 aufert-eatur,-
2288 813 2392 858 nun
2422 805 2770 874 implerentur
2791 805 2902 878 Lex
2927 815 2982 860 et
3021 805 3335 874 PrOphetze;
3367 805 3500 874 ,qnia

1889 907 2012 946 .non
2059 892 2380 963 ﬁeret-quod
2427 895 2778 964 praedixerant
2812 911 2978 954 :Acum
3024 911 3151 950 vero
3179 906 3232 951 et
3277 895 3380 950 hoc
3409 894 3497 958 ﬁt,

1883 981 2028 1044 inde
2053 977 2226 1052 potius
2249 983 2612 1054 intelliguntur
2635 985 2916 1056 adimpleri
2937 1028 2952 1052 ,
2975 985 3116 1041 unde
3139 985 3290 1040 vobis
3308 984 3496 1040 viden-

1885 1081 1990 1140 ἶιιιι·
2017 1073 2450 1156 nonadimpleri.
2611 1135 2616 1142 ,
2683 1135 2688 1140 ,
2745 1113 2752 1142 ί
2831 1097 2871 1143 ;_
3039 1135 3046 1142 ,
3141 1135 3150 1144 ,
3395 1123 3468 1156 η

1891 1195 1922 1232 ,;
1977 1147 2416 1234 ΕᾉΡῌΪηΧι-ἀ
2437 1163 2544 1220 Nec
2569 1180 2665 1220 nos
2711 1174 2870 1234 terret
2899 1167 3164 1224 insultatio
3209 1177 3317 1232 tua,
3351 1147 3493 1237 quod

1885 1256 2242 1320 sabbatorum
2315 1258 2519 1324 otium,
2574 1268 2790 1314 catenas
2837 1259 3176 1316 Saturuiacas
3237 1261 3490 1329 appellas.

1887 1345 2048 1414 .Vana
2078 1357 2160 1414 est
2187 1349 2330 1402 enim
2355 1358 2410 1403 et
2437 1348 2648 1420 inepta;
2679 1364 2776 1404 nec
2805 1350 2894 1404 tibi
2925 1350 3028 1404 hoc
3051 1349 3228 1404 dicere
3258 1353 3492 1404 venisset

1901 1439 1954 1504 in
1987 1448 2214 1496 mentem
2236 1481 2252 1505 ,
2285 1441 2383 1494 nisi
2413 1444 2534 1512 quia
2568 1458 2658 1512 vos
2689 1443 2742 1496 in
2770 1442 2855 1497 die
2877 1483 2892 1508 ,
2919 1457 3078 1514 quem.
3102 1443 3286 1513 dicunt
3315 1442 3454 1496 Solis
3475 1482 3488 1507 ,

1899 1530 2066 1596 solem
2097 1531 2470 1608 colitiericut
2495 1541 2672 1620 autem
2699 1547 2796 1604 nos
2824 1533 3068 1613 eumdem
3093 1533 3234 1600 diem
3263 1533 3492 1614 domini.-

1883 1637 2020 1686 .cum
2052 1623 2314 1700 dicimus,
2341 1625 2400 1688 in
2429 1641 2598 1696 eoque
2625 1642 2732 1700 non
2765 1627 2922 1681 istum
2949 1626 3116 1681 solem
3139 1667 3154 1692 ,
3185 1625 3280 1681 sed
3305 1641 3490 1682 resur-

1885 1715 2188 1784 rectionem
2215 1697 2424 1770 Domini
2459 1705 2815 1782 veneramur;
2843 1718 2921 1772 sic
2950 1718 3122 1784 otium
3150 1717 3490 1773 sabbatorum

1885 1804 2014 1860 sine
2053 1805 2262 1870 Saturni
2293 1809 2634 1863 veneratione
2663 1824 2692 1862 a
2733 1808 2969 1878 patribus
3009 1809 3344 1878 observatum
3385 1819 3489 1876 est,

1883 1911 2016 1962 .cum
2048 1897 2126 1952 sic
2157 1897 2282 1964 illud
2310 1899 2888 1969 observari-Oportebat
2919 1918 2947 1952 -:
2971 1908 3096 1954 .erat
3131 1900 3272 1954 enim
3303 1900 3488 1962 umbra

1883 1985 2224 2056 .futurorum',
2254 1991 2390 2045 sicut
2414 1992 2706 2061 Apostolus
2737 1993 2886 2048 testis
2917 2003 2998 2048 est
3025 1992 3239 2064 ((Joloss.
3271 2009 3339 2058 ιι,
3374 1995 3483 2064 l7).

1895 2080 2092 2136 Diebus
2117 2083 2310 2152 quippe
2339 2084 2482 2148 istis,
2518 2099 2740 2153 quorum
2785 2085 3118 2153 septenarius
3143 2099 3396 2140 numerus
3426 2085 3479 2140 in

1891 2173 2076 2232 Orbem
2109 2176 2276 2240 redit,
2319 2175 2562 2246 deorum
2588 2193 2804 2254 suorum
2823 2209 2832 2242 λ
2845 2178 3288 2246 nomina-Gentes
3313 2178 3487 2247 impo-

1893 2272 2132 2330 suerunt.
2163 2265 2240 2319 De
2280 2267 2470 2334 quibus
2507 2267 2902 2336 aitApostolus
2923 2309 2936 2332 ,
2969 2268 3122 2338 quod
3151 2269 3412 2336 coluerunt
3437 2277 3485 2322 et

1889 2353 2166 2416 servierunt
2187 2357 2622 2426 creaturerpotius
2649 2375 2798 2428 quam
2827 2357 3052 2412 Creatori
3081 2359 3254 2430 (Rom.
3286 2375 3338 2423 ι,

1889 2443 2036 2511 Quos
2065 2446 2116 2498 in
2151 2445 2246 2499 hac
2271 2455 2420 2516 parte
2439 2447 2596 2500 etiam
2625 2462 2720 2500 vos
2745 2447 3040 2512 imitamini,
3067 2447 3166 2502 nisi
3193 2447 3332 2516 quod
3359 2463 3480 2504 cum

1891 2535 1970 2592 cis
2002 2535 2252 2590 lucidiora
2283 2535 2600 2590 duolumina
2621 2577 2636 2602 ,
2665 2547 2854 2591 cmtera
2882 2553 3006 2592 vero
3027 2537 3204 2592 sidera
3230 2553 3330 2592 non
3359 2553 3480 2592 cum

1889 2627 1970 2682 eis
1995 2627 2248 2682 adoratis.
2295 2629 2398 2692 Sed
2442 2639 2500 2684 et
2549 2611 2822 2694 mensibus
2851 2625 3236 2700 imposuerunt;
3267 2631 3480 2696 nomina

1889 2715 2109 2770 deorum
2156 2733 2394 2786 suorum.
2442 2719 2666 2788 PrOpter
2712 2720 2965 2774 honorem
3003 2721 3478 2792 quippeliomuli,

1835 2853 1844 2858 .
1889 2809 2008 2876 quia
2039 2824 2158 2866 eum
2189 2809 2368 2864 Martis
2395 2811 2560 2866 ﬁlium
2584 2812 2953 2878 crediderunt,
2989 2814 3211 2882 primum
3241 2829 3480 2868 mensem

1885 2897 2036 2952 Marti
2067 2899 2334 2967 dicantes,
2368 2901 2610 2955 Martium
2639 2913 2979 2962 vocaverunt.
3007 2905 3069 2957 Et
3095 2904 3217 2958 inde
3243 2905 3478 2974 Aprilem

1887 3003 1918 3040 a
1947 2989 2088 3043 nullo
2104 2987 2188 3044 dei
2222 2991 2300 3043 sui
2325 2992 2567 3058 nomine,
2598 2992 2690 3046 sed
2720 3008 2747 3045 a
2771 3008 2828 3047 re
2849 2993 2987 3060 ipsa,
3012 2993 3161 3062 quasi
3191 2993 3478 3062 Aperilem,

1889 3079 2028 3156 quod
2063 3089 2187 3136 tunc
2215 3080 2500 3149 plurimum
2550 3083 2803 3150 germinis
2831 3083 2846 3113 ί
2874 3083 3141 3152 aperiatur
3169 3083 3219 3138 in
3263 3085 3474 3139 ﬁerem.

1889 3159 2015 3226 Inde
2047 3172 2256 3226 tertium
2302 3188 2538 3227 mensem
2583 3175 2805 3237 Maium,
2839 3173 2978 3244 quod
3025 3175 3211 3230 Maiam
3240 3176 3482 3232 Mercurii

1891 3251 2110 3316 matrem
2137 3262 2290 3318 deam
2318 3265 2512 3318 colant.
2547 3264 2673 3320 lude
2703 3275 2948 3335 quartum
2969 3259 3181 3342 Junium
3203 3255 3230 3320 a
3251 3249 3479 3324 Junone.

1890 3351 2019 3407 Inde
2049 3362 2273 3436 caeteros
2305 3370 2469 3424 usque
2499 3355 2562 3408 ad
2591 3355 2936 3412 Decembrem
2981 3372 3008 3409 a
3041 3337 3276 3428 numeris
3307 3361 3482 3414 nomi-

1889 3453 2101 3524 narunt.
2133 3444 2234 3500 Sed
2268 3463 2333 3524 ex
2361 3449 2440 3502 eis
2480 3447 2727 3516 Quintilis
2754 3459 2910 3520 atque
2939 3449 3152 3506 Sextilis
3178 3439 3484 3508 nominibus

1888 3535 2160 3590 hominum
2183 3579 2198 3605 ,
2246 3539 2435 3607 quibus
2481 3539 2688 3595 divinos
2715 3535 2944 3597 honores
2971 3529 3344 3611 decreverant,
3361 3535 3368 3542 ’
3387 3561 3486 3614 ap-

1889 3627 2071 3695 pellati
2133 3625 2290 3692 suui,
2335 3628 2504 3684 Julius
2547 3641 2600 3684 et
2659 3631 2930 3702 Augustus
2977 3649 3162 3702 :lnam
3227 3635 3484 3704 septimus

1889 3713 2220 3786 September,
2253 3729 2306 3774 et
2334 3723 2540 3782 cmteri,
2570 3732 2624 3776 ut
2646 3723 2752 3777 dixi
2775 3767 2788 3790 ,
2822 3713 3080 3794 usquead
3114 3719 3480 3796 Decembrem,

1889 3824 2233 3864 tmmerorum
2265 3827 2330 3864 ex
2351 3807 2543 3878 erdine
2574 3803 2888 3872 nominibus
2905 3797 3483 3878 cntuitiatltur.hl"orro

1888 3898 2171 3954 Januarius
2198 3915 2226 3954 a
2244 3900 2379 3956 Jano
2399 3903 2693 3972 appellatus
2719 3915 2799 3960 est
2817 3948 2830 3972 ,
2861 3906 3179 3963 Februarius
3209 3925 3238 3962 a
3261 3909 3484 3966 Februis

1891 3992 2058 4044 sacris
2098 3991 2480 4062 Lupercorum.
2511 3995 2681 4052 Vultis
2710 4013 2838 4068 ergo
2869 4009 2924 4053 ut
2951 4010 3004 4054 ct
3029 4017 3122 4054 vos
3149 4001 3398 4058 dicamini
3430 4005 3482 4058 in

1894 4101 2076 4140 mense
2101 4086 2289 4142 Martio
2321 4088 2536 4144 Martem
2567 4091 2784 4146 colere?
2815 4093 2908 4148 lllo
2938 4095 3079 4150 enim
3111 4075 3483 4152 mense'Bema

1893 4177 2126 4232 vestrum
2149 4171 2278 4258 cum
2311 4171 2498 4251 magna
2539 4169 2823 4239 festivitate
2854 4185 3132 4242 celebratis
3172 4177 3358 4258 (a)'.'Si
3384 4204 3484 4242 au-

1894 4281 2000 4326 tvm
2031 4272 2180 4326 vobis
2209 4257 2280 4326 in
2311 4288 2494 4328 mense
2537 4275 2723 4329 Martio
2761 4277 2921 4334 licere
2969 4257 3296 4336 arbitramini
3340 4279 3484 4335 aliud

1893 4365 2232 4420 considerare
2253 4408 2267 4432 ,
2297 4380 2402 4420 non
2431 4367 2649 4422 Martem
2677 4383 2692 4433 ;
2723 4385 2817 4424 cur
2843 4386 2908 4424 ex
2937 4369 3020 4424 die
3051 4361 3312 4438 septimo,
3341 4361 3484 4441 quod

1892 4457 2165 4512 sabbatum
2192 4474 2222 4512 a
2254 4459 2436 4528 requie
2483 4462 2806 4514 nominatum
2849 4471 2946 4526 est,
2972 4461 3162 4516 divinis
3200 4447 3486 4533 Scriptor-is

1893 4547 2179 4612 Saturnum
2199 4541 2488 4620 importare
2510 4535 2940 4621 conaminifquia
2963 4537 3088 4624 eum
3108 4551 3246 4606 diem
3272 4541 3485 4608 Saturni

1894 4629 2092 4714 Gentes
2117 4639 2554 4708 appellaverunt?
2575 4641 2776 4711 Nempe
2798 4641 2906 4712 jam
2931 4643 3118 4698 videtis
3141 4659 3261 4698 cum
3287 4654 3482 4714 quanta

1893 4713 2164 4799 impietate
2189 4732 2446 4786 deiiretis.
3043 4807 3046 4810 ἠ

1961 4821 2184 4876 CAPUT
2231 4822 2315 4879 Vl.
2342 4852 2413 4863 -—
2443 4823 2516 4879 De
2535 4825 2808 4882 sacriﬁciis
2845 4835 3018 4882 autem
3042 4815 3484 4896 animalium'quis

1891 4923 2128 4968 nostrum
2152 4914 2370 4978 nesciat,
2389 4915 2554 4984 magis
2581 4931 2642 4970 ea
2675 4933 2924 4987 perverso
2965 4909 3485 4990 populo'congruen-

1891 5013 1972 5058 ter
1994 5003 2260 5073 imposita,
2279 5021 2434 5074 quam
2460 4996 2569 5062 Deo
2598 5007 2917 5062 desideranti
2943 5009 3154 5063 oblata?
3172 5009 3274 5063 Sed
3305 5017 3482 5064 tamen

1891 5085 2120 5150 etiamin
2141 5095 2221 5150 his
2243 5095 2423 5166 ﬁgura:
2442 5095 2636 5152 nostra:
2659 5098 2899 5166 fuerunt;
2923 5099 3044 5170 quia
3067 5097 3244 5174 nostra
3265 5095 3486 5154 munda-

1894 5189 1985 5252 tio,
2005 5197 2057 5242 et
2079 5188 2170 5242 Dei
2193 5177 2495 5258 prepitiatio
2514 5191 2664 5246 nobis
2690 5192 2803 5246 sine
2821 5192 3074 5260 sanguine
3091 5191 3232 5244 nulla
3254 5200 3355 5246 est.
3377 5191 3482 5247 Sed

1891 5281 2098 5334 illarum
2121 5278 2408 5351 ﬁgurarum
2427 5283 2621 5336 veritas
2647 5279 2888 5336 Christus
2914 5291 2996 5336 est
3014 5322 3028 5348 ,
3060 5281 3209 5350 cujus
3232 5283 3486 5352 sanguine

1891 5373 2149 5442 redempti
2167 5385 2220 5427 et
2237 5375 2472 5448 mundati
2497 5390 2697 5450 sumus.
2719 5374 2845 5428 Nam
2871 5374 2920 5427 in
2946 5369 3125 5446 ﬁguris
3151 5375 3484 5447 eloquiorum
3547 5367 3554 5372 ’

1891 5465 2209 5530 divinorum,
2231 5474 2284 5519 ct
2301 5473 2484 5520 taurus
2503 5465 2675 5520 dictus
2693 5474 2772 5518 est
2785 5473 3000 5534 prepter
3015 5465 3260 5522 virtutem
3278 5469 3450 5523 crucis
3467 5510 3482 5532 ,

1891 5555 2044 5626 cujus
2069 5555 2320 5610 cornibus
2345 5555 2533 5625 impios
2559 5553 2858 5622 ventilavit;
2886 5564 2938 5611 et
2965 5557 3124 5624 aries,
3157 5568 3376 5629 propter
3408 5559 3478 5614 in-

1955 5711 1970 5742 ι
1999 5699 2368 5774 nonnulliussl',
2391 5705 2640 5768 quodtzmc
2663 5693 2870 5774 prauum
2892 5723 3104 5774 germen.
3204 5773 3208 5774 ί
3307 5761 3310 5764 ,

1957 5773 2029 5836 (u)
2062 5771 2232 5822 Confer
2249 5769 2421 5822 librum
2441 5777 2604 5822 contra
2626 5769 2878 5833 Epistulam
2893 5769 3231 5834 ltundamenti,
3249 5783 3352 5835 cap.
3372 5771 3420 5826 8-
