4016 6438
534 315 637 371 547

526 431 787 487 nocentia:
807 432 1179 503 principatum;
1204 440 1259 487 et
1276 429 1473 496 hircus,
1492 437 1706 499 propter
1720 427 2117 485 similitudinem

523 526 701 581 carnis
719 528 942 597 peccati,
956 536 1013 581 ut
1028 526 1095 583 de
1123 533 1339 597 peccato
1358 523 1634 578 damnaret
1650 531 1921 592 peccatum
1940 522 2117 593 (Rom.

525 634 637 685 vni,
652 620 788 684 5):et
807 619 1004 691 siquod
1022 619 1163 674 aliud
1189 617 1430 673 sacriﬁcii
1456 630 1625 686 genus
1644 615 1949 685 expressius
1969 629 2119 669 com-

527 712 909 783 memoraveris
932 754 947 780 ,
993 712 1048 767 in
1071 726 1137 766 co
1166 724 1376 781 quoque
1403 708 1492 762 tibi
1531 707 1797 763 Christum
1828 707 2119 777 pr0pheta-

527 808 641 854 tum
679 816 800 857 esse
825 802 1153 857 monstrabo.
1182 800 1443 867 Quocirca
1471 799 1583 854 sive
1608 798 1941 853 circumcisio
1960 839 1975 864 ,
2007 798 2119 853 sive

528 891 809 947 sabbatum
831 935 846 959 ,
878 893 989 948 sive
1017 891 1313 947 differentia
1357 890 1600 946 ciborum
1624 930 1639 956 ,
1669 890 1781 945 sive
1822 887 2118 943 immolatio

527 986 942 1052 sacriﬁciorum,
974 984 1153 1039 omnia
1193 983 1309 1040 haec
1351 984 1530 1055 ﬁgurte
1573 992 1771 1037 nostra:
1814 982 2026 1037 fuerunt
2068 990 2125 1037 et

528 1076 823 1147 prophetia:
849 1096 863 1131 :
895 1092 1026 1147 quas
1046 1076 1289 1133 Christus
1311 1092 1417 1132 non
1443 1076 1681 1141 solvere,
1708 1075 1804 1131 sed
1829 1075 2124 1147 adimplere

526 1170 709 1232 venit,
754 1182 876 1223 cum
903 1183 966 1224 ea
1011 1184 1131 1240 qua:
1174 1169 1257 1224 his
1300 1169 1808 1239 praenuntiabantur,
1860 1169 2118 1239 implevit.

528 1260 760 1314 Attende
784 1260 870 1316 cui
898 1261 1231 1317 contradicas
1263 1277 1277 1317 :
1307 1275 1426 1316 cum
1455 1260 1739 1330 Apostolo,
1762 1273 1836 1314 ex
1865 1259 2123 1330 Apostolo

532 1350 684 1417 dico,
720 1351 907 1406 Omnia
936 1353 1043 1409 hare
1070 1353 1250 1425 ﬁgura
1274 1361 1461 1407 nostra:
1497 1355 1703 1422 fuerunt
1730 1350 1782 1423 (Ι
1805 1350 1925 1405 Cor.
1958 1367 2011 1415 κ,
2042 1350 2120 1422 6).

596 1443 825 1500 CAPUT
851 1444 958 1499 Vli.
980 1445 1194 1500 —Nam
1215 1445 1351 1500 sicut
1377 1453 1429 1500 te
1450 1442 1771 1498 Manichrcus
1794 1442 2007 1512 impiam
2028 1440 2124 1497 do-

525 1536 1071 1605 cuitperversitatem,
1092 1545 1223 1592 utex
1241 1534 1547 1606 Evangelio,
1563 1532 1703 1605 quod
1723 1532 1965 1588 hzeresim
1980 1540 2122 1587 tuam

524 1641 631 1680 non
662 1627 899 1696 impedit,
919 1627 1020 1682 hoc
1036 1628 1284 1698 accipias;
1300 1627 1439 1699 quod
1453 1634 1631 1681 autem
1654 1623 1892 1696 impedit,
1908 1639 2011 1678 non
2028 1638 2123 1679 ac-

524 1718 695 1787 cipias
728 1736 740 1772 :
770 1719 847 1773 sic
875 1734 973 1773 nos
1014 1718 1303 1789 Apostolus
1327 1718 1511 1773 docuit
1558 1718 1695 1787 piam
1724 1716 2082 1786 provisionem
2104 1756 2119 1781 ,

527 1817 585 1863 ιιι
603 1808 842 1878 quisquis
871 1809 1023 1865 nobis
1046 1810 1441 1867 annuntiaverit
1461 1816 1655 1878 praeter
1677 1807 1728 1862 id
1749 1806 1889 1878 quod
1910 1806 2121 1875 accepi-

526 1914 648 1953 mus
664 1941 678 1966 ,
716 1899 997 1955 anathema
1020 1901 1091 1956 sit
1109 1900 1303 1971 (Galat.
1326 1916 1364 1967 ι,
1383 1900 1437 1968 8,
1458 1900 1534 1972 9).
1556 1898 1707 1956 Unde
1729 1897 2013 1958 Christiani
2034 1912 2124 1952 ca-

529 1990 710 2046 tholici
738 2000 792 2047 et
813 2008 911 2048 vos
947 1993 1086 2049 inter
1114 1993 1314 2049 zizania
1362 2000 1677 2059 numerant,
1717 1993 1837 2062 quia
1867 1990 2122 2046 Dominus

527 2083 778 2150 exposuit
803 2083 927 2153 quid
951 2084 1058 2139 sint
1081 2084 1277 2139 zizania
1299 2125 1315 2151 ,
1347 2099 1452 2138 non
1475 2084 1646 2153 aliqua
1672 2082 1800 2136 falsa
1823 2081 1962 2136 veris
1982 2080 2122 2136 serio

524 2174 693 2242 pturis
706 2175 961 2243 immissa,
978 2176 1114 2231 sicut
1126 2184 1183 2230 tu
1201 2175 1586 2245 interpretaris;
1609 2173 1703 2230 sed
1720 2173 1962 2229 homines
1978 2172 2115 2227 filios

523 2265 769 2335 maligni,
802 2265 854 2321 id
883 2275 965 2322 est
984 2307 999 2333 ,
1024 2266 1316 2322 imitatores
1337 2266 1611 2323 diabolica:
1627 2265 1870 2321 falsitatis
1899 2264 2115 2335 (Matth.

522 2370 635 2419 xm,
652 2354 765 2426 39).
781 2357 889 2412 Nec
912 2359 1089 2412 omnia
1117 2368 1315 2414 temere
1338 2357 1563 2413 credunt
1588 2366 1673 2413 :et
1688 2357 1807 2412 ideo
1828 2356 2119 2412 Manichaee

521 2447 831 2516 caelerisque
854 2447 1120 2503 haereticis
1136 2464 1239 2503 non
1264 2448 1444 2519 utique
1462 2447 1707 2505 credunt.
1728 2448 1837 2503 Nec
1858 2448 2116 2502 rationem

522 2550 588 2588 ex
608 2535 907 2591 hominibus
922 2537 1179 2593 damnant
1198 2557 1209 2593 :
1228 2538 1323 2594 sed
1344 2554 1503 2610 quam
1517 2554 1609 2593 vos
1621 2538 1797 2594 dicitis
1817 2553 1936 2593 esse
1956 2537 2114 2590 ratio-

524 2642 668 2695 nem,
698 2644 937 2685 errorem
964 2646 1084 2688 esse
1108 2632 1451 2687 convincunt.
1475 2632 1583 2688 Nec
1608 2648 1793 2688 verum
1817 2630 2116 2702 falsumque

1359 314 1629 372 CONTRA
1671 311 1992 369 FAUSTUM
2030 313 2481 383 MANICHEUM,
2525 318 2583 373 S.
2626 318 2990 377 AUGUSTINI

3708 328 3819 387 358

2225 431 2467 502 judicare
2505 433 2722 504 impium
2752 444 2936 505 putant
2965 454 2977 489 :
3011 434 3131 493 ideo
3151 443 3379 494 vestram
3406 448 3606 497 sectam
3634 440 3817 497 faisis-

2230 524 2419 579 simam
2440 565 2454 589 ,
2478 524 2640 581 tidem
2668 536 2845 582 autem
2867 528 3182 584 catholicam
3203 530 3533 587 verissimam
3548 532 3814 605 judicant.

2228 613 2339 670 Nec
2373 614 2572 679 bonum
2600 630 2630 670 a
2659 618 2928 675 contrario
2952 633 3201 689 separare
3230 620 3555 688 formidant;
3583 624 3677 679 sed
3704 640 3817 678 ma-

2231 706 2337 761 lum
2364 723 2471 763 non
2497 723 2616 765 esse
2645 718 2887 766 naturam
2909 754 2924 779 ,
2946 711 3070 782 quia
3098 722 3284 768 contra
3311 722 3553 770 naturam
3583 724 3702 784 est,
3736 717 3815 771 in-

2232 800 2477 872 telligunt
2502 818 2516 855 :
2541 817 2646 857 non
2672 812 2884 875 gentem
2913 806 3093 861 nescio
3114 821 3275 877 quam
3311 807 3680 874 tenebrarum,
3715 808 3822 865 ad-

2231 904 2442 945 versum
2482 892 2659 949 divina
2707 910 2867 964 regna
2910 911 2942 952 a
2967 911 3066 951 suo
3108 897 3369 967 principio
3408 907 3719 954 nascentem
3763 907 3825 954 et

2230 982 2577 1039 rebellantem
2598 1026 2612 1049 ,
2639 1000 2759 1055 qum
2781 1002 2907 1042 vere
2935 986 3249 1057 ampliorem
3276 987 3613 1045 formidinem
3637 989 3825 1045 intulit

2229 1072 2333 1128 deo
2370 1084 2580 1143 vestro,
2619 1092 2777 1147 quam
2823 1077 3112 1136 infantibus
3156 1080 3379 1143 manias;
3415 1081 3611 1152 quippe
3650 1095 3821 1153 quem

2230 1163 2436 1232 dicitis,
2464 1182 2532 1221 ne
2551 1182 2645 1222 sua
2666 1169 2904 1225 membra
2938 1170 3080 1226 illius
3105 1171 3305 1242 impetu
3334 1182 3485 1243 capta
3522 1182 3577 1228 et
3607 1181 3820 1229 vastata

2230 1256 2554 1324 conspiciat,
2583 1258 2755 1313 velum
2780 1270 2962 1315 contra
2988 1275 3045 1317 se
3085 1262 3345 1331 posuisse.
3376 1262 3605 1319 Proinde
3639 1264 3821 1318 nullas

2231 1360 2296 1401 ex
2326 1346 2426 1403 hoc
2449 1348 2684 1418 capitulo
2708 1352 2978 1419 patiuntur
3000 1353 3268 1423 angustias
3287 1394 3303 1421 ,
3327 1353 3467 1424 quod
3487 1355 3637 1425 quasi
3655 1355 3821 1427 Legis

2230 1446 2284 1491 et
2310 1437 2697 1507 Prophetarum
2739 1450 3004 1512 prtecepta
3043 1458 3149 1499 non
3177 1453 3398 1500 servent
3444 1462 3457 1498 :
3496 1447 3618 1516 quia
3651 1455 3706 1501 et
3746 1461 3822 1502 cx

2230 1532 2399 1601 gratia
2438 1531 2633 1587 Christi
2676 1531 2874 1590 habent
2920 1534 3205 1606 legitimam
3259 1536 3569 1594 charitatem
3622 1539 3719 1594 Dei
3760 1550 3823 1595 et

2230 1623 2494 1692 proximi,
2525 1624 2576 1678 in
2603 1624 2795 1695 quibus
2815 1625 3020 1682 duobus
3042 1628 3320 1698 praeceptis
3346 1636 3454 1684 tota
3478 1628 3587 1684 Lex
3617 1630 3821 1700 pendet

2230 1722 2287 1769 et
2310 1714 2587 1795 Propheta:
2608 1714 2820 1787 (Matth.
2850 1733 2958 1772 xxtt
2980 1759 2997 1785 ,
3025 1716 3117 1791 40)
3142 1735 3156 1784 ;
3183 1728 3602 1791 etquzecumque
3626 1720 3696 1776 ibi
3729 1722 3823 1777 vel

2231 1805 2392 1861 rebus
2416 1806 2582 1874 gestis
2599 1846 2616 1871 ,
2636 1807 2721 1863 vel
2748 1817 3203 1865 sacramentorum
3226 1809 3674 1866 celebrationibus
3689 1852 3706 1877 ,
3729 1812 3823 1867 vel

2229 1896 2556 1951 locutionum
2576 1896 2749 1953 modis
2769 1898 2987 1968 ﬁgurate
3014 1899 3321 1969 prophetata
3346 1910 3469 1955 sunt
3486 1942 3499 1965 ,
3524 1901 3576 1955 in
3597 1902 3823 1958 Christo

2230 1998 2285 2045 et
2313 1989 2549 2045 Ecclesia
2571 1990 2779 2061 impleri
2798 2001 3144 2062 cognoscunt.
3166 1992 3321 2050 Unde
3343 2008 3442 2049 nec
3459 2009 3606 2049 vana:
3624 2008 3822 2065 supcr—

2235 2082 2437 2138 stitioni
2461 2082 2882 2148 succumbimus,
2912 2099 3011 2140 nec
3048 2083 3177 2139 illud
3217 2085 3578 2156 evangelicum
3603 2088 3822 2156 capitu-

2224 2170 2333 2227 ium
2356 2171 2545 2227 falsum
2572 2188 2693 2229 esse
2725 2173 2984 2241 dicimus,
3019 2190 3118 2230 nec
3151 2173 3348 2231 Christi
3384 2176 3675 2247 discipulos
3715 2193 3826 2235 nos

2224 2278 2518 2333 negamus:
2547 2263 2668 2334 quia
2695 2279 2756 2319 ea
2782 2265 2987 2321 ratione
3021 2265 3259 2321 veritatis
3279 2306 3293 2331 ,
3334 2281 3491 2337 quam
3532 2282 3629 2337 pro
3676 2269 3825 2324 meis

2222 2356 2422 2411 viribus
2445 2357 2599 2413 toties
2638 2358 2896 2428 exposui,
2941 2371 3046 2413 non
3078 2357 3237 2413 aliam
3275 2358 3504 2429 Legem,
3544 2374 3643 2415 nec
3678 2360 3824 2415 alios

2226 2448 2521 2521 Prophetas
2540 2490 2555 2515 ,
2584 2465 2741 2519 quam
2767 2464 2862 2505 eos
2888 2464 3023 2519 quos
3047 2449 3305 2505 catholica
3333 2459 3476 2506 tenet
3499 2451 3822 2515 auctoritas.

2226 2554 2333 2596 non
2360 2541 2505 2596 venit
2528 2540 2739 2596 solvere
2758 2581 2774 2609 ,
2804 2539 2899 2596 sed
2924 2540 3238 2612 adimplere.

546 2760 3824 2789 ._________________________.____________________________

1179 2838 1651 2947 LIBER
1723 2833 2451 2943 DECIMUS
2519 2835 3133 2946 murus.

592 3104 816 3161 CAPUT
845 3102 1203 3162 PRIMUM.—
1226 3104 1468 3160 Fausrus
1482 3102 1613 3158 dixit
1636 3121 1649 3155 :
1677 3101 1795 3156 Non
1820 3103 1929 3157 veni
1949 3104 2111 3157 solve-

521 3213 577 3253 re
603 3197 786 3269 Legem
830 3208 876 3253 et
908 3196 1210 3269 Prophetas,
1236 3197 1325 3252 sed
1350 3194 1661 3267 adimplere(
1682 3194 1869 3248 Matth.
1913 3209 1970 3263 v,
1994 3196 2108 3267 17).

523 3290 665 3346 Ecce
688 3290 799 3362 jam
847 3291 1125 3346 consentio
1150 3290 1368 3345 dictum.
1402 3286 1754 3357 Quaerendum
1803 3296 1979 3343 tamen
2006 3297 2109 3356 est,

519 3399 617 3441 cur
654 3384 757 3440 hoc
802 3384 995 3441 dixerit
1020 3384 1194 3449 Jesus,
1218 3392 1464 3438 utrumne
1492 3380 1861 3452 compaipandi
1894 3378 2112 3436 Iudaeo-

526 3492 645 3531 rum
684 3475 881 3531 furoris
920 3491 1113 3540 causa,
1159 3474 1282 3546 quia
1328 3474 1487 3529 iidem
1530 3480 1868 3527 sacrosancta
1913 3485 2007 3525 sua
2043 3469 2113 3525 ab

522 3568 711 3624 eodem
738 3568 1041 3625 conculcari
1069 3567 1306 3625 videntes
1344 3565 1763 3635 indignarentur,
1795 3578 2024 3633 eumque
2049 3577 2112 3618 ac

523 3660 569 3716 si
599 3660 820 3732 impium
868 3675 932 3716 ac
978 3659 1347 3724 malesanum,
1408 3672 1476 3713 ne
1517 3656 1839 3711 audiendum
1888 3655 2105 3727 quidem

520 3742 919 3817 existimarent,
946 3749 1141 3806 nedum
1167 3747 1493 3820 sequendum
1530 3766 1542 3802 :
1572 3763 1639 3802 an
1682 3754 1739 3801 ut
1785 3761 1882 3801 nos
1921 3746 2012 3817 qui
2052 3746 2103 3802 ei

520 3842 871 3898 credebamus
888 3857 951 3897 ex
980 3840 1257 3909 Gentibus,
1282 3840 1579 3897 institueret
1606 3849 1763 3909 atque
1780 3838 2108 3905 informaret,

522 3934 787 4006 patienter
836 3948 901 3989 ac
941 3935 1204 4005 morigere
1260 3933 1629 3989 mandatorum
1674 3931 1855 3987 subire
1888 3931 2108 4001 jugum,

523 4027 666 4098 quod
694 4026 989 4083 cervicibus
1018 4026 1215 4081 nostris
1238 4025 1543 4081 Judzeorum
1588 4023 1692 4078 Lex
1725 4024 2021 4093 imponeret
2045 4038 2109 4078 ac

526 4117 829 4189 Propbeur.
856 4117 959 4174 Sed
984 4116 1086 4173 hoc
1105 4115 1315 4187 quidem
1346 4118 1685 4182 necteipsum
1713 4121 1898 4182 putare
1925 4113 2110 4180 credo,

521 4208 665 4280 quod
690 4208 844 4265 Jcsus
893 4207 995 4263 hoc
1024 4207 1241 4263 verbum
1272 4204 1568 4277 protulerit,
1598 4212 1657 4258 ut
1700 4218 1796 4258 nos
1850 4203 2106 4258 Hebraeo-

523 4316 647 4359 rum
708 4298 835 4370 Legi
898 4298 1171 4353 addiceret
1216 4311 1278 4352 ac
1317 4294 1617 4365 Pr0phetis.
1649 4294 1727 4350 Ac
1761 4309 1856 4365 per
1880 4293 2019 4361 hoc,
2065 4294 2112 4350 si

525 4392 642 4448 hmc
670 4406 776 4446 non
805 4390 905 4447 fuit
931 4405 1089 4446 causa
1115 4388 1357 4457 dicendi,
1389 4388 1474 4443 ilia
1500 4388 1599 4442 alia
1626 4387 1783 4444 debet
1806 4402 1925 4443 esse
1950 4403 2109 4458 quam

523 4482 653 4543 dixi.
706 4481 922 4539 Judtcos
970 4481 1114 4537 cutim
1172 4479 1353 4537 verbis
1390 4494 1604 4551 semper
1645 4489 1806 4551 atque
1856 4479 2113 4549 operibus

522 4573 721 4630 Christi
748 4574 1092 4630 vehementer
1114 4572 1389 4629 insidiatos
1407 4588 1527 4629 esse
1544 4614 1558 4638 ,
1591 4587 1747 4628 nemo
1768 4572 1856 4643 qui
1884 4571 2107 4628 nesciat.

524 4669 601 4728 Ex
629 4667 820 4740 quibus
844 4684 966 4724 cum
996 4666 1155 4723 iidem
1180 4668 1487 4739 colligerent
1510 4666 1704 4738 Legem
1730 4682 1791 4720 ac
1817 4666 2110 4735 Prophetas

521 4776 650 4817 suos
678 4759 747 4816 ab
774 4759 965 4817 eodem
1007 4760 1177 4825 solvi,
1208 4759 1609 4829 indignarentur
1639 4771 1855 4810 necesse
1889 4763 2001 4818 est,
2046 4769 2109 4810 ac

523 4869 617 4929 per
660 4852 764 4909 hoc
814 4851 1138 4924 reprimendi
1182 4849 1373 4905 furoris
1403 4863 1586 4904 eorum
1615 4846 1781 4917 gratia
1811 4861 1916 4900 non
1955 4845 2022 4901 ab
2050 4860 2109 4901 rs

522 4945 679 5001 fuerit
707 4943 938 5009 dixisse,
968 4942 1043 4998 uti
1073 4956 1139 4995 ne
1164 4949 1411 5011 putarent
1439 4940 1478 5003 ¹,
1506 4938 1627 5008 quia
1653 4938 1885 4993 venisset
1910 4936 2101 5006 Legem

521 5042 765 5107 solvere,
798 5038 893 5095 sed
916 5036 1228 5106 adimplere.
1258 5034 1368 5090 Nec
1400 5035 1501 5089 hoc
1528 5034 1699 5104 ipsum
1725 5033 1976 5088 mentitus
2000 5040 2102 5097 est,

522 5150 621 5191 nec
651 5133 840 5190 fefellit
871 5150 885 5189 :
915 5129 1279 5188 indilferentcr
1305 5128 1447 5184 enim
1468 5136 1523 5184 et
1547 5128 1786 5185 absolute
1815 5126 2108 5183 nominavit

522 5225 739 5295 Legem.

594 5316 821 5372 CAPUT
864 5315 930 5371 ll.
980 5344 1053 5357 —
1082 5314 1217 5370 Sunt
1258 5322 1437 5369 autem
1488 5312 1662 5383 legum
1705 5326 1899 5382 genera
1952 5309 2047 5364 tria
2093 5327 2108 5365 :

527 5423 690 5462 unum
732 5408 945 5479 quidem
985 5407 1363 5472 liebrmorum,
1404 5405 1544 5472 quod
1587 5405 1786 5475 peccati
1826 5412 1880 5457 et
1922 5403 2110 5457 mortis

536 5500 728 5555 Paulus
746 5500 975 5570 appellat
999 5499 1019 5573 (
1046 5498 1199 5556 Rom.
1232 5515 1321 5555 vin
1338 5540 1351 5563 ,
1378 5497 1455 5569 2).
1488 5496 1642 5553 Aliud
1672 5511 1799 5553 vero
1823 5495 2070 5553 Gentium
2092 5536 2109 5563 ,

533 5592 674 5663 quod
720 5593 965 5649 naturale
1007 5602 1202 5649 vocat:
1236 5592 1417 5647 Gentes
1446 5592 1577 5647 enim
1598 5633 1613 5656 ,
1643 5590 1852 5661 inquit,
1904 5600 2113 5643 natura-

531 5687 643 5741 liter
670 5701 781 5756 quin
807 5685 930 5755 legis
954 5694 1067 5739 sunt
1090 5684 1321 5754 faciunt;
1350 5693 1397 5738 et
1425 5683 1673 5753 ejusmodi
1710 5683 1865 5754 legem
1892 5697 1989 5734 non
2018 5680 2110 5733 Ita-

595 5798 611 5829 ⁸
646 5803 718 5847 Er.
745 5795 890 5861 Lugd.
915 5804 1051 5859 Vcn.,
1074 5802 1123 5847 ut
1148 5800 1434 5869 rcputgrcnt.
1503 5803 1555 5843 tu.

2214 3104 2417 3172 bentes,
2466 3102 2566 3174 ipsi
2614 3103 2705 3158 sibi
2747 3108 2863 3157 sunt
2915 3103 3030 3171 (ex,
3062 3104 3147 3175 qui
3194 3104 3461 3158 ostendunt
3502 3120 3630 3175 opus
3679 3105 3815 3178 legis

2215 3196 2463 3267 scriptum
2503 3196 2557 3249 in
2596 3195 2831 3250 cordibus
2876 3196 2982 3250 suis
3018 3194 3141 3268 (Id.
3170 3210 3227 3251 tt.
3275 3197 3364 3265 H,
3406 3195 3527 3270 15).
3565 3196 3818 3253 Tertium

2215 3302 2345 3343 vero
2373 3301 2540 3357 genus
2565 3286 2696 3356 legis
2722 3295 2805 3340 est
2830 3287 3057 3351 veritas,
3083 3286 3224 3357 quod
3252 3287 3471 3357 perinde
3499 3288 3821 3359 signiﬁcans

2216 3378 2506 3449 Apostolus
2534 3376 2663 3432 dicit
2693 3396 2704 3431 :
2737 3376 2845 3431 Lex
2869 3377 3001 3431 enim
3032 3378 3237 3448 spiritus
3254 3379 3365 3433 vita:
3387 3378 3438 3432 in
3465 3378 3661 3434 Christo
3680 3379 3821 3434 Jesn

2220 3470 2447 3524 liberavit
2467 3484 2545 3522 me
2565 3485 2598 3523 a
2626 3468 2732 3540 lege
2754 3469 2942 3539 peccati
2971 3478 3017 3522 et
3042 3470 3217 3525 mortis
3262 3470 3283 3542 (
3308 3469 3392 3524 Id.
3423 3487 3534 3536 vm,
3556 3471 3591 3525 2
3616 3474 3655 3543 ).
3681 3472 3820 3527 Tri-

2216 3562 2316 3618 bus
2354 3576 2482 3633 ergo
2535 3560 2886 3617 existentibus
2929 3561 3166 3631 legibus,
3207 3570 3262 3618 et
3301 3562 3427 3617 Jesu
3462 3573 3820 3621 asseverante

2216 3654 2368 3710 nobis
2392 3653 2513 3725 quia
2545 3666 2650 3707 non
2681 3652 2827 3707 venit
2852 3652 3061 3707 solvere
3092 3653 3282 3723 Legem
3303 3693 3318 3715 ,
3350 3652 3445 3707 sed
3470 3653 3770 3722 adimplere
3793 3697 3815 3719 ,

2216 3760 2322 3799 non
2350 3758 2514 3814 parva
2540 3757 2665 3797 cura
2694 3756 2756 3797 ac
2782 3741 3051 3813 diligentia
3082 3757 3215 3812 opus
3241 3752 3361 3809 est,
3396 3743 3464 3798 de
3490 3758 3590 3813 qua
3616 3759 3817 3802 earum

2214 3835 2410 3891 dixerit
2448 3834 2764 3904 intelligere.
2808 3834 2939 3889 Item
2975 3834 3379 3904 Prophetaz,alii
3420 3847 3541 3891 sunt
3577 3836 3815 3893 Judmo-

2216 3942 2334 3982 rum
2359 3967 2377 3993 ,
2418 3925 2505 3979 alii
2533 3924 2809 3989 Gentium,
2844 3925 2932 3979 alii
2960 3925 3215 3980 veritatis.
3269 3925 3373 3981 Sed
3400 3925 3469 3981 de
3493 3926 3815 3983 Judaeorum

2214 4018 2428 4090 quidem
2469 4018 2645 4073 nullus
2670 4019 3007 4088 qumsiverit;
3046 4028 3230 4075 notum
3257 4028 3337 4074 est
3362 4020 3524 4074 enim.
3557 4020 3633 4075 De
3658 4021 3821 4078 Gen-

2217 4113 2350 4167 tium
2377 4126 2507 4167 vero
2536 4111 2580 4166 si
2609 4112 2729 4182 quis
2758 4110 2981 4181 ambigit
3001 4153 3017 4177 ,
3058 4111 3238 4166 audiat
3260 4111 3482 4167 Paulum
3503 4155 3519 4179 ,
3550 4115 3637 4184 qui
3661 4116 3813 4170 scri-

2212 4204 2347 4261 bens
2385 4203 2451 4258 ad
2492 4203 2670 4258 Titum
2695 4202 2764 4259 de
2801 4202 3179 4272 Cretensibus,
3226 4203 3397 4260 dicit:
3427 4203 3567 4261 Dixit
3591 4206 3817 4277 quidam

2215 4297 2449 4369 proprius
2472 4312 2644 4351 eorum
2668 4295 2915 4367 prapheta
2943 4311 2962 4349 :
2985 4295 3241 4352 Cretenses
3278 4312 3473 4367 semper
3508 4298 3814 4367 mendaces,

2215 4389 2365 4443 mala:
2409 4387 2612 4453 bestiis,
2652 4396 2844 4441 ventres
2870 4387 3003 4458 pigri
3034 4386 3182 4460 (Tit.
3212 4403 3251 4454 ι,
3285 4386 3413 4460 12).
3461 4390 3540 4446 Ac
3567 4406 3664 4460 per
3700 4392 3817 4449 hoc

2214 4477 2561 4535 dubitandum
2581 4492 2686 4533 non
2711 4486 2813 4544 est,
2834 4487 2887 4533 et
2902 4477 3101 4534 Gentes
3120 4493 3246 4535 suos
3270 4479 3468 4537 habere
3487 4481 3813 4552 prophetas.

2214 4567 2429 4624 Necnon
2480 4577 2536 4623 et
2582 4568 2857 4623 veritatem
2910 4567 3107 4624 habere
3145 4569 3435 4640 prophetas
3480 4586 3639 4637 suos,
3694 4581 3815 4629 tam

2215 4660 2356 4717 idem
2400 4660 2595 4716 Paulus
2638 4659 2933 4730 significat,
2964 4676 3121 4729 quam
3153 4661 3313 4718 etiam
3339 4662 3516 4718 Jcsus.
3548 4663 3615 4719 Et
3641 4663 3819 4723 Jesus

2213 4752 2457 4822 quidem,
2492 4751 2579 4806 ubi
2607 4749 2736 4805 dicit
2762 4768 2777 4803 :
2806 4750 2938 4805 Ecce
2965 4752 3107 4805 mitto
3127 4754 3194 4806 ad
3218 4769 3303 4807 vos
3321 4760 3570 4823 sapientes
3598 4764 3643 4810 et
3668 4754 3818 4811 Pro-

2215 4842 2391 4912 pltetas
2414 4883 2430 4908 ,
2460 4852 2506 4895 et
2530 4857 2593 4895 ea:
2616 4840 2739 4908 ipsis
2762 4841 3068 4909 interﬁcietis
3096 4845 3147 4897 in
3171 4844 3384 4915 singulis
3412 4845 3532 4899 locis
3557 4847 3575 4915 (
3609 4846 3815 4906 Matth.

2214 4951 2371 5001 χχιιι,
2420 4933 2547 5002 54).
2595 4932 2789 4988 Paulus
2830 4949 2959 4989 vero
3001 4948 3120 4989 cum
3169 4936 3341 4991 dicit:
3382 4936 3503 5008 Ipse
3548 4936 3820 4997 Dominus

2214 5024 2466 5078 constituit
2490 5022 2707 5093 primum
2746 5024 3029 5093 apostolos,
3075 5024 3255 5080 deinde
3288 5028 3557 5098 praphetas
3584 5025 3603 5098 (
3630 5026 3648 5083 1
3677 5028 3817 5086 Cor.

2216 5116 2413 5183 xu,28,
2432 5125 2480 5177 et
2508 5114 2694 5187 Epltes.
2722 5130 2799 5184 tv,
2833 5116 2946 5187 H).

2286 5230 2511 5289 CAPUT
2549 5231 2637 5286 ill.
2674 5261 2746 5272 —
2774 5230 2915 5301 Lege
2939 5246 3068 5303 ergo
3110 5234 3372 5303 tripartita
3393 5275 3408 5301 ,
3439 5243 3493 5291 et
3522 5236 3823 5305 tripertitis

2216 5323 2537 5394 Pr0phetis;
2588 5321 2656 5378 de
2705 5336 2935 5391 quonam
2990 5337 3173 5379 eorum
3223 5324 3379 5381 Jesus
3431 5326 3655 5391 dixerit,
3688 5342 3825 5387 non

2217 5414 2347 5469 satis
2380 5414 2543 5483 liquet
2571 5429 2584 5466 :
2611 5421 2695 5468 est
2731 5420 2908 5467 tamen
2939 5414 3206 5483 conjicere
3235 5432 3301 5471 ex
3326 5419 3825 5488 consequentibus.

2219 5505 2429 5560 Etenim
2459 5502 2506 5559 si
2531 5504 2993 5561 circumcisionem
3020 5507 3199 5562 statim
3230 5508 3563 5575 nominaret,
3604 5518 3657 5565 et
3677 5511 3830 5566 sali-

2219 5595 2340 5651 bata
2369 5610 2431 5651 ac
2463 5594 2721 5651 sacrificia
2750 5604 2807 5651 et
2838 5596 3239 5655 observationes
3280 5599 3567 5655 llebraicas
3586 5643 3601 5667 ,
3645 5601 3832 5672 inque

2222 5705 2313 5744 eas
2345 5687 2542 5759 aliquid
2572 5689 2967 5759 adimpletionis
2988 5692 3158 5762 gratia
3199 5693 3543 5762 protulisset;
3581 5693 3830 5754 dubium

2226 5799 2329 5837 non
2382 5791 2495 5839 erat
2546 5782 2671 5853 quin
2720 5783 2787 5839 de
2829 5782 3129 5842 Judmorum
3156 5784 3293 5857 Lege
3322 5785 3543 5844 dixisset
3585 5794 3638 5842 et
3678 5786 3827 5845 Pro:
