4052 6456
214 342 317 396 ’589

214 471 393 543 phetis
413 513 428 538 ,
458 469 579 541 quia
612 484 705 525 eos
732 484 838 524 non
862 468 1068 522 solvere
1088 464 1324 531 venerit,
1371 461 1464 518 sed
1491 460 1800 529 adimplere.

218 564 314 619 Ubi
363 578 494 617 vero
538 562 729 616 horum
770 561 983 632 quidem
1014 559 1144 615 nihil
1191 564 1485 620 memorat,
1535 555 1647 609 Sola
1677 568 1805 606 vero

216 639 460 709 recenset
498 652 795 723 antiquiora
845 659 1108 725 prteccpta
1134 690 1149 713 ,
1182 647 1233 704 id
1260 655 1370 713 est,
1409 646 1529 711 Non
1569 644 1761 700 occides
1784 684 1801 708 ,

217 745 337 800 Non
380 744 708 799 marchaberis
730 785 746 811 ,
797 742 919 799 Non
957 741 1205 815 pejerabis
1237 757 1256 809 ;
1288 739 1402 795 hmo
1440 747 1619 797 autem
1655 744 1808 792 erant

213 838 509 909 antiquitus
535 838 589 891 in
616 837 951 903 nationibus,
980 846 1039 893 ut
1066 844 1150 891 est
1179 834 1232 889 in
1267 841 1513 905 promptu
1546 831 1768 902 probare
1786 872 1802 897 ,

212 927 337 984 olim
360 928 701 999 promulgata
734 941 832 998 per
856 926 1037 982 Enoch
1064 938 1118 982 et
1135 926 1265 984 Seth
1292 934 1345 980 et
1368 931 1592 980 cmteros
1620 938 1805 979 eorum

212 1019 419 1074 similes
457 1018 674 1089 justos,
716 1017 912 1088 quibus
952 1018 1141 1074 eadem
1192 1016 1427 1071 illustres
1491 1013 1807 1070 tradiderint

214 1112 401 1182 Angeli
431 1111 794 1182 temperandae
817 1112 869 1167 in
900 1110 1201 1166 hominibus
1226 1110 1393 1181 gratia
1425 1108 1651 1164 feritatis
1677 1127 1691 1163 :
1722 1109 1807 1164 cui

214 1219 318 1259 non
343 1203 595 1259 videatur
615 1203 716 1259 hoc
740 1219 861 1259 eum
886 1202 955 1258 de
982 1203 1218 1257 veritatis
1242 1202 1445 1257 dixisse
1472 1202 1587 1272 lege
1612 1210 1665 1256 et
1689 1201 1806 1270 ejus

217 1294 541 1365 prophetis?
591 1294 831 1364 Denique
875 1294 1035 1349 etiam
1064 1293 1376 1364 adimpletio
1413 1292 1667 1364 probatur
1692 1292 1808 1361 ejus

215 1385 350 1439 circa
378 1384 501 1440 hinc
526 1385 714 1441 eadem
742 1400 862 1455 qua:
892 1385 1152 1455 promisit.
1179 1384 1316 1452 Quid
1345 1385 1492 1448 enim
1515 1384 1683 1440 dicit?
1709 1384 1808 1440 Au-

215 1476 358 1529 distis
404 1476 602 1530 dictum
640 1493 745 1530 esse
785 1476 1032 1545 antiquis,
1082 1474 1205 1530 Non
1249 1476 1483 1542 occides;
1525 1493 1618 1548 ego
1642 1485 1809 1531 autent

218 1569 328 1621 dico
354 1568 500 1622 vobis
516 1610 531 1634 ,
570 1585 634 1625 ne
651 1570 942 1623 irascamini
966 1568 1171 1639 quidem
1201 1586 1215 1624 :
1239 1567 1549 1639 adimpletio
1574 1578 1677 1624 est.
1701 1568 1811 1627 Au-

215 1659 359 1713 distis
399 1659 593 1717 dictum
629 1676 770 1728 esse,
814 1659 936 1715 Non
970 1660 1330 1724 machaberis;
1366 1677 1457 1732 ego
1496 1670 1665 1714 autem
1694 1661 1809 1715 dico

216 1750 382 1816 vobis,
409 1767 476 1803 ne
500 1751 863 1821 concupiscatis
878 1751 1080 1823 quidem
1103 1767 1123 1805 :
1145 1750 1454 1821 adimpletio
1478 1759 1578 1807 est.
1605 1750 1811 1821 Dictum

216 1849 285 1892 est
310 1882 327 1906 ,
366 1838 495 1894 Non
526 1842 814 1911 pejerabis;
838 1858 929 1913 ego
983 1850 1148 1896 autem
1188 1842 1300 1896 dico
1323 1842 1493 1908 vobis,
1533 1859 1596 1895 ne
1627 1844 1811 1913 juretis

217 1931 417 1999 quidem
449 1947 469 1985 :
501 1946 651 2001 teque
676 1931 984 2002 adimpletio
1012 1940 1117 1988 est.
1149 1931 1204 1985 ln
1235 1932 1317 1986 his
1349 1932 1492 1987 enim
1536 1940 1591 1986 et
1631 1931 1809 2001 priora

218 2023 475 2093 roborat,
506 2033 560 2078 et
588 2023 727 2097 quod
757 2022 960 2092 defuit,
992 2023 1191 2093 adjicit.
1215 2022 1319 2084 Ubi
1339 2037 1467 2079 vero
1504 2022 1809 2080 Judteorum

217 2114 467 2183 quzedam
496 2114 642 2168 visus
671 2122 753 2169 est
778 2114 1081 2170 nominasse
1099 2154 1115 2180 ,
1156 2113 1243 2168 illa
1268 2113 1485 2182 quidem
1508 2128 1607 2169 nec
1635 2114 1809 2169 adim-

226 2207 424 2273 plevit,
450 2206 547 2262 sed
574 2207 734 2261 etiam
763 2207 973 2277 penitus
996 2206 1286 2264 eradicavit
1308 2207 1668 2276 praeceptione
1692 2222 1813 2263 cou-

220 2301 531 2355 trariorum.
555 2299 694 2367 Quid
719 2300 866 2356 enim
892 2300 1171 2371 sequitur?
1196 2299 1423 2355 Audistis
1462 2300 1651 2353 dictum
1670 2316 1777 2354 esse
1794 2339 1811 2366 ,

223 2392 443 2445 Oculum
468 2409 562 2463 pro
580 2393 746 2458 oculo,
774 2392 970 2447 dentem
997 2409 1090 2464 pro
1129 2392 1311 2459 dente;
1348 2407 1439 2463 ego
1481 2401 1648 2447 autem
1695 2391 1811 2447 dico

222 2485 388 2551 vobis,
417 2485 505 2555 qui
530 2494 581 2539 te
606 2486 905 2555 percusserit
928 2485 981 2541 in
1000 2486 1263 2541 maxillam
1282 2525 1297 2551 ,
1324 2483 1489 2555 pratbe
1506 2484 1584 2539 illi
1612 2492 1659 2538 et
1688 2484 1815 2537 alte-

222 2594 333 2631 ram
365 2576 512 2632 :hoc
549 2578 662 2648 jam
710 2576 1003 2634 destructio
1048 2586 1151 2633 est.
1195 2576 1402 2632 Dictum
1443 2585 1555 2643 est,
1605 2576 1811 2647 inquit,

221 2670 429 2724 Amabis
457 2670 678 2724 amicum
717 2679 861 2725 tuum
880 2712 894 2735 ,
921 2680 969 2725 et
1014 2669 1179 2726 oderis
1215 2670 1478 2724 inimicum
1518 2680 1693 2733 tuum;
1722 2686 1814 2738 ego

222 2772 390 2815 autem
418 2762 533 2815 dico
558 2760 695 2816 vobis
715 2801 730 2828 ,
758 2771 923 2819 amate
948 2762 1177 2818 inimicos
1200 2771 1389 2816 vestros
1405 2802 1420 2827 ,
1452 2770 1498 2815 et
1522 2777 1619 2829 pro
1640 2777 1814 2831 perse-

220 2854 482 2908 cutoribus
529 2854 703 2907 vestris
748 2863 888 2908 orate
918 2870 937 2906 :
980 2868 1131 2923 mque
1157 2852 1449 2911 destructio
1475 2860 1577 2908 est.
1611 2852 1814 2909 Dictum

220 2956 294 3005 est
312 2988 332 3015 ,
367 2946 467 3013 Qui
497 2947 708 3007 voluerit
744 2963 953 3003 uxorem
976 2947 1224 3001 dimittere
1246 2988 1259 3012 ,
1291 2947 1373 3001 det
1415 2947 1461 3001 ei
1502 2946 1816 3015 repudium;

223 3055 314 3111 ego
363 3048 533 3095 autem
571 3039 687 3093 dico
709 3080 725 3105 ,
758 3040 1055 3111 quicumque
1098 3054 1307 3094 uxorem
1344 3054 1491 3093 suam
1535 3038 1813 3105 dimiserit,

224 3142 430 3201 excepta
457 3148 616 3186 causa
645 3132 991 3203 fornicationis
1011 3170 1025 3195 ,
1054 3141 1101 3184 et
1124 3130 1288 3201 ipsum
1317 3129 1557 3184 ntaclaari
1576 3130 1746 3199 faciet,
1769 3138 1816 3185 et

226 3223 267 3277 is
289 3223 387 3278 erit
411 3224 658 3288 moechus,
706 3222 752 3285 si
798 3230 972 3293 postea
1003 3220 1215 3276 alterum
1243 3221 1462 3275 duxerit.
1493 3220 1512 3290 (
1540 3219 1728 3275 Matth.
1757 3236 1811 3275 v.

223 3313 440 3383 21-“).
473 3313 599 3369 llmc
624 3314 783 3383 igitur
806 3320 932 3367 sunt
956 3311 1024 3367 de
1070 3310 1351 3366 manifesto
1394 3309 1642 3383 Moyseos
1672 3326 1815 3381 pra:-

225 3413 376 3476 cepta
396 3446 413 3471 ,
446 3404 754 3475 idcircoque
782 3404 1055 3460 destructa
1088 3421 1103 3457 :
1130 3402 1219 3458 illa
1247 3412 1487 3458 veterum
1510 3403 1775 3473 justorum
1794 3442 1811 3469 ,

225 3499 373 3555 αισι)
424 3497 531 3554 hoc
575 3497 881 3568 adimpleta.
931 3497 1084 3565 Quod
1128 3497 1174 3551 si
1195 3506 1251 3553 et
1299 3497 1393 3552 tibi
1422 3496 1495 3552 ita
1517 3497 1817 3568 intelligere

227 3588 433 3658 placet,
461 3604 569 3645 non
594 3588 664 3642 ab
703 3604 763 3644 re
808 3588 912 3644 erit
956 3598 1011 3643 et
1054 3587 1183 3644 illud
1212 3587 1414 3644 dixisse
1445 3588 1657 3654 Jesum.
1690 3588 1815 3658 quia

226 3695 333 3739 non
359 3681 508 3737 venit
545 3679 759 3736 solvere
794 3679 1021 3751 Legem,
1073 3679 1167 3737 sed
1201 3678 1516 3750 adimplere.
1561 3680 1657 3736 Sin
1700 3680 1815 3737 ιιωο

226 3778 409 3825 nostra
436 3769 534 3826 tibi
560 3769 808 3841 diSplicet
838 3770 1120 3841 expositio,
1153 3771 1311 3828 aliam
1353 3785 1535 3842 qurere
1564 3789 1578 3825 :
1609 3779 1815 3832 tantum

225 3878 295 3917 ne
338 3862 526 3918 Iesum
573 3863 853 3918 mentitum
883 3861 1063 3923 dicere
1088 3862 1334 3934 cogaris;
1382 3875 1475 3919 aut
1515 3872 1567 3919 te
1594 3878 1815 3920 necesse

223 3953 296 4007 sit
313 3951 560 4007 Judmum
589 3952 700 4008 fieri
732 3968 748 4007 :
781 3968 849 4007 ne
873 3953 1035 4009 etiam
1062 3968 1203 4009 nunc
1230 3954 1427 4027 Legem
1447 3954 1659 4015 solvere
1688 3969 1814 4025 per—

223 4059 451 4101 severes
468 4087 484 4112 ,
510 4060 662 4115 quam
688 4045 803 4117 ipse
830 4061 935 4102 non
962 4046 1138 4101 solvit.

299 4135 532 4194 CAPUT
559 4135 644 4199 iV.
664 4168 737 4181 -
757 4137 829 4192 Ει
846 4146 1023 4195 tamen
1054 4137 1158 4197 hoc
1184 4137 1231 4195 si
1271 4138 1401 4199 mihi
1443 4138 1817 4195 Nazarteorum

227 4227 492 4295 objiceret
538 4228 853 4299 quisquam,
897 4243 1033 4299 quos
1074 4229 1169 4293 alii
1214 4228 1661 4307 Symmachianos
1715 4244 1815 4299 ap-

228 4320 460 4387 pellant,
493 4319 635 4389 quod
682 4319 842 4376 Jesus
886 4320 1115 4389 dixerit,
1159 4336 1265 4376 non
1290 4336 1350 4377 se
1377 4321 1587 4377 venisse
1608 4322 1816 4377 solvere

228 4409 456 4482 Legem;
488 4411 872 4485 aliquantisper
901 4412 1173 4468 lnesissem
1201 4412 1434 4468 incertus
1460 4413 1589 4483 quid
1626 4413 1675 4469 ei
1730 4428 1817 4468 re-

228 4503 571 4572 sponderem.
622 4501 733 4557 Nec
777 4503 1044 4563 immerito
1075 4521 1088 4558 :
1114 4503 1363 4559 veniebat
1403 4504 1547 4559 enim
1589 4518 1817 4579 corpore

231 4604 382 4664 atque
432 4594 618 4649 animo
648 4593 805 4648 simul
845 4594 987 4666 Lege
1014 4594 1220 4650 obsitus
1247 4609 1310 4648 ac
1338 4592 1641 4664 PrOpbetis.
1680 4592 1814 4648 Nam

231 4682 531 4755 bajusmodi
556 4726 573 4752 ,
604 4699 742 4755 quos
764 4684 883 4751 aio,
920 4695 974 4741 et
996 4684 1456 4740 circumcisionem
1489 4691 1734 4754 portant,
1762 4693 1818 4739 et

231 4778 518 4836 observant
544 4777 825 4853 sabbatum
847 4818 863 4844 ,
892 4787 947 4834 et
972 4777 1191 4850 porcina
1215 4791 1280 4834 ac
1300 4776 1523 4847 reliquis
1547 4777 1817 4837 abstinent

232 4868 537 4939 hujusmodi
564 4884 685 4939 quae
712 4869 959 4940 praecepit
979 4870 1109 4935 Lex,
1129 4869 1228 4925 sub
1268 4868 1545 4925 christiani
1573 4873 1817 4942 quamvis

232 4962 460 5018 nominis
510 4960 880 5032 professione,
943 4960 1151 5031 decepti
1217 4962 1379 5017 etiam
1429 4962 1569 5032 ipsi,
1623 4972 1680 5019 ut
1732 4965 1816 5018 in-

233 5053 386 5125 telligi
464 5053 649 5117 datur,
708 5053 811 5108 hoc
868 5055 984 5123 ipso
1024 5053 1257 5123 capitulo
1302 5068 1409 5125 quo
1432 5062 1488 5109 et
1517 5064 1615 5122 tu,
1694 5056 1817 5125 quia

232 5145 472 5201 Christus
496 5160 606 5201 non
632 5145 698 5201 ad
726 5144 1035 5202 solvendam
1063 5144 1255 5216 Legem
1284 5159 1343 5201 se
1366 5146 1577 5203 venisse
1600 5146 1814 5216 dixerit,

231 5238 318 5293 sed
337 5239 407 5295 ad
434 5238 787 5310 implendam.
815 5238 991 5306 Quare
1019 5252 1141 5303 cum
1169 5237 1356 5294 talibus
1380 5248 1524 5294 esset
1551 5239 1681 5294 mihi
1709 5256 1817 5297 non

233 5330 500 5398 pusillum,
528 5338 590 5384 ut
627 5330 755 5396 dixi,
804 5337 1072 5389 certamen
1104 5370 1120 5396 ,
1148 5330 1323 5387 donec
1351 5330 1567 5400 capituli
1594 5331 1752 5401 hujus
1782 5347 1815 5390 tt

231 5436 317 5477 me
338 5422 646 5481 molestiam
672 5422 960 5479 demolirer
991 5440 1005 5477 :
1040 5422 1133 5478 tibi
1169 5437 1298 5478 vero
1326 5438 1661 5494 nequaquam
1684 5440 1816 5481 con-

231 5516 376 5585 gredi
424 5504 684 5582 metuam,
729 5516 886 5572 nullis
912 5516 1116 5573 confiso
1143 5516 1364 5583 viribus,
1402 5525 1458 5574 et
1488 5517 1816 5589 impudentia

232 5608 403 5676 potius
425 5609 733 5675 lacessenti,
760 5619 817 5665 ut
844 5609 1050 5677 facilius
1077 5610 1271 5667 tentari
1300 5626 1386 5667 me
1409 5620 1590 5682 putem
1615 5612 1711 5668 abs
1739 5622 1811 5680 te,

235 5717 392 5771 quam
421 5702 538 5775 cogi
569 5744 585 5770 ,
632 5712 692 5758 ut
726 5702 939 5758 credam
968 5702 1165 5758 dixisse
1192 5702 1462 5759 Christum
1485 5745 1500 5772 ,
1528 5704 1671 5777 quod
1713 5721 1812 5763 nec

234 5802 285 5849 te
321 5794 523 5863 videam
564 5794 891 5857 credidisse.
931 5794 1040 5853 Nec
1081 5795 1223 5855 enim
1271 5796 1558 5875 quidquam
1619 5816 1807 5858 eorum

1457 335 1662 393 LIBER
1700 328 1991 390 DECIMUS
2028 322 2267 392 NONUS.

3390 343 3491 402 856

1920 455 2207 524 prmlcrcns
2240 458 2255 488 ⁸
2278 499 2293 525 ,
2325 458 2516 528 quibus
2542 458 2650 515 Lex
2675 468 2731 516 et
2758 459 3039 531 Prophetzc
3061 476 3165 516 non
3185 460 3319 517 solvi
3346 464 3496 520 vidc-

1913 560 2088 617 antur,
2117 551 2209 606 sed
2237 550 2512 623 adimpleri
2534 594 2551 621 ,
2581 568 2666 608 me
2698 562 2947 625 tanquam
2974 552 3214 610 desidem
3243 554 3498 627 objurgas

1913 658 1977 699 ac
2035 645 2493 715 praevaricatorem
2518 686 2534 711 ,
2586 660 2651 701 ex
2702 645 2862 717 hujus
2906 646 3210 717 objectione
3254 647 3496 718 capituli.

1913 738 1995 792 An
2025 746 2075 792 et
2107 746 2161 793 tu
2186 738 2295 807 jam
2321 737 2389 795 de
2433 747 2799 797 truncotorum
2826 740 3099 812 inguinum
3126 741 3382 798 obscaeno
3408 743 3500 797 illo

1913 829 2185 900 signaculo
2218 830 2483 900 gloriaris,
2532 840 2778 902 tanquam
2806 831 3024 888 Judmus
3054 841 3146 890 aut
3173 833 3500 889 Nazarteus?

1914 922 1996 976 An
2026 922 2368 991 supercilium
2407 921 2475 977 de
2521 922 2895 980 observatione
2923 924 3086 995 erigis
3108 924 3449 981 sabbatorum
3475 926 3501 979 ?

1914 1017 1996 1071 An
2023 1016 2091 1072 de
2129 1017 2363 1086 porcina:
2400 1015 2718 1072 abstinentia
2750 1018 2841 1073 tibi
2869 1017 3118 1073 conscius
3145 1017 3392 1089 gaudes?
3414 1018 3497 1073 An

1914 1109 2145 1179 denique
2191 1109 2258 1164 de
2306 1110 2639 1163 victimarum
2680 1110 2935 1179 sanguine
2962 1118 3018 1165 et
3059 1109 3496 1165 holocaustorum

1916 1200 2190 1255 nidoribus
2216 1199 2521 1255 ludaeorum
2554 1209 2605 1255 te
2644 1209 2984 1257 cxsaturasse
3024 1201 3191 1255 Deum
3216 1200 3455 1256 exsultas
3475 1200 3501 1253 ?

1916 1292 2070 1361 Quod
2111 1292 2157 1347 si
2183 1291 2371 1346 horum
2402 1292 2578 1347 fecisti
2606 1292 2759 1357 nihil,
2788 1292 2916 1362 quid
2955 1294 3027 1347 ita
3078 1292 3347 1349 Christum
3391 1306 3499 1347 non

1915 1385 2126 1441 venisse
2154 1385 2350 1455 Legem
2380 1384 2587 1440 solvere
2610 1424 2626 1451 ,
2660 1384 2753 1439 sed
2783 1383 3074 1454 adimplere
3100 1382 3428 1440 contendis?

1986 1476 2211 1532 CAPUT
2244 1476 2307 1531 V.
2340 1505 2409 1515 —
2439 1476 2614 1544 Quare
2644 1474 3013 1530 indeficientes
3056 1490 3158 1545 ego
3184 1477 3500 1545 prteceptori

1916 1582 2038 1623 meo
2067 1567 2242 1622 refero
2281 1566 2510 1637 gratias,
2538 1567 2623 1637 qui
2656 1581 2742 1622 me
2782 1566 3030 1622 similiter
3060 1566 3328 1622 labentem
3375 1568 3501 1623 reti-

1919 1660 2035 1714 nuit
2060 1701 2076 1726 ,
2108 1668 2167 1713 ut
2190 1674 2362 1713 essem
2396 1658 2553 1713 hodie
2583 1657 2937 1715 Christianus.
2977 1657 3109 1711 Nam
3138 1672 3240 1728 ego
3264 1673 3498 1728 quoque,

1916 1767 2037 1807 cum
2062 1752 2351 1822 capitulum
2410 1751 2513 1806 hoc
2556 1750 2867 1819 imprudens
2918 1750 3190 1819 legerem,
3240 1748 3498 1820 quemad-

1917 1843 2135 1898 modum
2182 1852 2267 1910 tu,
2315 1858 2451 1913 pene
2497 1843 2662 1898 ieram
2712 1843 2764 1897 in
2794 1832 3077 1897 consilium
3115 1840 3333 1896 Judaeus
3360 1841 3499 1896 fieri.

1916 1935 2026 1992 Nec
2055 1935 2321 1992 immerito
2356 1953 2369 1992 :
2400 1936 2597 1992 etenim
2625 1936 2669 1991 si
2696 1934 2939 1990 Christus
2986 1933 3181 2005 Legem
3222 1948 3328 1988 non
3355 1933 3503 1988 venit

1917 2029 2157 2092 solvere,
2181 2029 2276 2085 sed
2302 2030 2593 2100 adimplere
2612 2070 2628 2095 ,
2660 2028 2970 2099 adimpletio
3002 2036 3180 2083 autem
3230 2042 3500 2098 nunquam

1917 2120 1969 2175 in
2001 2136 2127 2177 vase
2154 2121 2296 2175 inani
2326 2121 2537 2188 dicitur,
2570 2121 2663 2176 sed
2704 2121 2755 2174 in
2787 2135 2937 2175 semo
2962 2161 2978 2187 ,
3022 2120 3169 2176 solus
3198 2119 3328 2174 mihi
3353 2118 3505 2174 vide-

1916 2213 2075 2269 batur
2124 2214 2356 2270 lsraelita
2401 2228 2557 2283 posse
2599 2213 2933 2269 Christianus
2954 2212 3066 2267 fieri
3092 2253 3108 2278 ,
3159 2213 3246 2281 qui
3275 2212 3503 2267 refertus

1918 2306 2151 2360 maxima
2202 2320 2266 2360 ex
2319 2314 2469 2375 parte
2495 2305 2636 2375 Lege
2689 2320 2752 2359 ac
2800 2304 3103 2373 Prophetis,
3136 2303 3201 2357 ad
3230 2303 3502 2358 Christum

1918 2396 2157 2463 veniret,
2188 2396 2471 2468 replendus
2498 2411 2564 2451 eo
2591 2397 2744 2467 cujus
2769 2396 2943 2452 adhuc
2967 2396 3236 2451 videretur
3263 2410 3385 2452 esse
3410 2411 3503 2451 ea-

1920 2489 2121 2558 pacior;
2155 2488 2200 2544 si
2230 2496 2409 2545 tamen
2454 2496 2509 2543 et
2538 2488 2651 2557 ipse
2679 2487 2854 2556 priora
2905 2502 3008 2543 non
3058 2487 3293 2542 solveret
3322 2504 3337 2541 :
3366 2486 3502 2541 alio-

1918 2578 2045 2649 quin
2113 2594 2212 2634 nec
2268 2578 2409 2634 circa
2463 2593 2587 2633 eum
2640 2578 2949 2648 adimpletio
3001 2578 3119 2634 haec
3171 2584 3355 2643 esset,
3407 2576 3504 2635 scd

1919 2670 2218 2727 exhaustio.
2270 2673 2342 2726 At
2367 2685 2470 2742 ego
2519 2686 2585 2725 ex
2638 2670 2900 2726 Gentibus
2935 2670 3181 2737 veniens,
3232 2671 3503 2726 incassum

1921 2778 2006 2818 me
2035 2764 2324 2820 accessisse
2354 2764 2601 2833 putabam
2627 2763 2692 2817 ad
2717 2762 2985 2819 Christum
3014 2803 3029 2829 ,
3080 2762 3203 2833 quia
3241 2762 3374 2817 nihil
3399 2762 3509 2818 tale

1919 2855 2166 2912 afferrem
2191 2896 2206 2921 ,
2257 2856 2400 2927 quod
2432 2856 2483 2910 in
2512 2871 2599 2912 me
2646 2856 2714 2911 de
2757 2855 2870 2911 suis
2918 2864 3099 2926 posset
3120 2854 3507 2925 adjectionibus

1919 2947 2233 3020 adimplere.
2286 2948 2544 3016 Quaerens
2593 2962 2723 3018 ergo
2764 2962 3009 3018 quamam
3059 2954 3203 3002 esset
3243 2945 3389 3017 prior
3417 2945 3505 3001 illa

1921 3052 2171 3094 mensura
2194 3080 2211 3105 ,
2244 3038 2459 3094 invenio
2512 3038 2729 3095 sabbata
2755 3079 2771 3105 ,
2823 3038 3117 3109 pcritomen
3144 3079 3159 3103 ,
3200 3036 3460 3093 sacrificia
3488 3076 3504 3103 ,

1921 3130 2253 3199 neomenias,
2280 3129 2619 3201 baptismata,
2648 3129 3078 3201 azymophagias,
3130 3130 3370 3185 ciborum
3396 3127 3507 3183 dis-

1919 3224 2209 3290 cretiones,
2236 3232 2478 3293 potuum,
2505 3222 2967 3286 vestimentorum,
2998 3229 3054 3277 et
3092 3221 3213 3285 alia,
3239 3235 3358 3290 quae
3380 3233 3504 3291 per-

1919 3327 2137 3368 currere
2176 3312 2389 3383 longum
2419 3320 2521 3367 est.
2553 3312 2855 3367 Arbitratus
2882 3314 3034 3381 ergo
3069 3324 3186 3365 sum
3218 3309 3321 3364 hoc
3343 3323 3501 3374 esse;

1894 3418 2024 3459 ~nec
2071 3402 2214 3459 aliud
2258 3402 2543 3475 quidquam
2564 3444 2580 3470 ,
2625 3402 2768 3473 quod
2799 3418 2857 3458 se
2884 3401 3129 3458 Christus
3156 3415 3262 3455 non
3294 3400 3504 3455 venisse

1918 3496 2129 3552 solvere
2155 3496 2383 3563 dixerit,
2415 3495 2512 3551 sed
2539 3494 2850 3565 adimplere.
2878 3493 2986 3549 Nec
3032 3494 3299 3549 immerito
3331 3510 3344 3546 :
3376 3491 3503 3563 quid

1918 3588 2060 3644 enim
2098 3589 2210 3643 Lex
2238 3587 2356 3644 sine
2381 3588 2681 3643 mandatis?
2706 3587 2841 3656 Quid
2884 3587 3165 3657 Prophetas
3208 3587 3324 3642 sine
3368 3603 3505 3657 prm-

1919 3679 2114 3737 fatibus
2142 3680 2208 3735 '2
2234 3680 2314 3736 Ad
2344 3680 2458 3737 hare
2486 3680 2699 3737 invenio
2727 3682 2888 3736 etiam
2936 3694 3175 3735 amarum
3217 3679 3323 3735 illic
3366 3679 3506 3733 iudi-

1919 3779 2064 3827 ctum
2094 3771 2433 3827 maledictum
2457 3771 2718 3832 adversus
2741 3786 2855 3838 eos,
2874 3770 2961 3841 qui
2990 3785 3094 3825 non
3120 3769 3508 3841 permanserint

1920 3860 1972 3915 in
2000 3860 2248 3917 omnibus
2272 3876 2390 3931 quze
2412 3861 2609 3931 scripta
2635 3871 2759 3917 sunt
2788 3862 2841 3917 in
2871 3861 3009 3917 libro
3038 3860 3197 3933 Legis
3237 3861 3383 3916 illius
3406 3902 3421 3927 ,
3444 3870 3506 3916 ut

1922 3951 2118 4009 faciant
2143 3968 2208 4009 ea
2236 3950 2432 4027 (Deut.
2463 3970 2632 4020 xxvu,
2658 3954 2729 4010 ΞΘ
2748 3954 2793 4026 ).
2828 3954 2896 4009 Ει
2930 3954 3075 4008 illinc
3127 3968 3256 4024 ergo
3283 3952 3505 4008 maledi-

1920 4052 2064 4100 ctum
2090 4054 2336 4101 metuens
2366 4054 2616 4115 tanquam
2650 4046 2765 4112 Dei,
2794 4054 2849 4100 et
2900 4045 3024 4101 hinc
3079 4044 3347 4101 Christum
3387 4054 3503 4100 tan-

1919 4151 2078 4205 quam
2106 4138 2221 4206 ejus
2262 4136 2428 4191 lilium
2448 4136 2712 4192 dicentem
2743 4136 2965 4193 audiens
2992 4136 3135 4207 quod
3166 4151 3271 4191 non
3299 4137 3507 4191 venerit

1920 4227 2107 4283 eadem
2133 4229 2372 4295 solvere,
2390 4228 2494 4284 sed
2520 4227 2846 4300 adimplere;
2876 4228 2995 4283 vide
3019 4229 3066 4284 si
3095 4228 3218 4299 quid
3251 4229 3512 4299 impedire

1916 4318 2026 4389 jam
2076 4328 2286 4391 poterat
2334 4322 2459 4391 quin
2512 4320 2683 4375 factus
2727 4335 2904 4376 essem
2955 4319 3183 4390 judmus.
3231 4319 3337 4376 Sed
3383 4320 3507 4377 huic

1920 4413 2157 4483 periculo
2183 4429 2271 4469 me
2309 4413 2584 4469 Manichzei
2615 4414 2920 4469 veneranda
2951 4413 3082 4469 fides
3111 4413 3324 4483 eripuit.

1990 4503 2218 4559 CAPUT
2256 4504 2343 4559 Vl.
2383 4534 2456 4545 ——
2509 4504 2589 4559 Tu
2637 4514 2813 4559 tamen
2854 4504 2981 4575 quid
3025 4504 3232 4560 fiducia:
3275 4520 3505 4576 gerens,

1923 4592 2038 4648 lucc
2059 4593 2280 4664 objicias
2304 4609 2509 4665 qumro,
2543 4604 2633 4649 aut
2662 4609 2828 4664 quare
2855 4603 3042 4649 contra
3071 4609 3157 4651 me
3184 4595 3236 4649 id
3262 4579 3382 4651 esse
3410 4605 3509 4667 pu-

1923 4696 2004 4741 tes
2028 4686 2221 4751 solum,
2254 4686 2394 4757 quod
2424 4687 2518 4741 tibi
2542 4702 2647 4742 non
2677 4688 2850 4743 minus
2873 4687 3116 4743 videatur
3144 4704 3265 4746 esse
3289 4698 3507 4745 contra-

1921 4778 2080 4833 rium.
2109 4777 2164 4833 Si
2192 4776 2388 4833 Christi
2414 4794 2520 4832 non
2546 4788 2629 4833 est
2657 4778 2851 4848 Legem
2878 4779 3091 4835 solvere
3112 4787 3167 4835 et
3191 4780 3509 4857 Prophetas,

1924 4871 2106 4941 utique
2133 4886 2233 4927 nec
2254 4870 2705 4928 Christianorum.
2727 4872 2838 4929 Cur
2862 4888 2989 4944 ergo
3014 4874 3200 4929 eadem
3230 4890 3325 4930 vos
3355 4874 3511 4929 solvi-

1925 4966 2033 5019 tis?
2060 4965 2141 5020 An
2169 4964 2366 5019 sensim
2411 4964 2649 5020 fatemini
2689 4979 2787 5021 vos
2828 4981 2932 5020 non
2979 4980 3099 5021 esse
3137 4965 3511 5021 Christianas?

1922 5055 2060 5124 Quid
2090 5056 2213 5124 Legi
2242 5065 2298 5110 et
2326 5056 2608 5126 l’rophetis
2637 5057 2888 5113 omnibus
2924 5065 3319 5112 sacrosanctum
3358 5056 3507 5110 illum

1922 5146 2263 5203 sabbatorum
2294 5147 2435 5209 diem
2461 5189 2477 5217 ,
2525 5148 2577 5203 in
2604 5163 2712 5219 quo
2737 5157 2794 5204 et
2831 5148 3013 5203 mundi
3050 5148 3221 5218 ipsum
3260 5146 3506 5217 opificem

1923 5240 2091 5296 Deum
2120 5240 2445 5310 requievisse
2473 5249 2736 5296 testantur
2781 5238 2930 5311 (Gen.
2974 5255 3050 5305 ιι,
3090 5236 3180 5308 2),
3223 5253 3318 5293 vos
3360 5240 3506 5293 omni

1922 5348 2085 5403 opere
2113 5333 2423 5403 profanatis,
2454 5349 2553 5390 nec
2582 5347 2791 5403 pmnam
2820 5330 3009 5385 mortis
3035 5345 3192 5400 quam
3222 5331 3506 5386 adversum

1921 5426 2205 5483 violatores
2236 5426 2355 5496 ejus
2382 5427 2600 5491 statuit,
2638 5439 2738 5479 nec
2769 5422 3037 5479 maledicti
3070 5423 3507 5493 pertimescentes

1922 5517 2236 5577 infamiam?
2274 5517 2411 5584 Quid
2451 5526 2505 5572 et
2544 5531 2573 5570 a
2615 5514 3037 5571 circumcisionis
3060 5512 3391 5572 dedecoroso
3418 5518 3511 5569 mo

1921 5608 2195 5681 signaculo
2233 5607 2359 5679 Legi
2404 5622 2468 5663 ac
2506 5607 2786 5677 Prophetls
2825 5604 3074 5663 omnibus
3105 5604 3370 5664 honorato
3394 5647 3410 5674 ,
3455 5613 3509 5661 et

1985 5750 2000 5781 ¹
2038 5748 2224 5811 Aliquot
2246 5756 2367 5807 Mss,
2392 5748 2653 5811 proferens.

1984 5814 2020 5843 ²’
2040 5806 2165 5862 Unus
2187 5806 2465 5861 Parisieusis
2480 5806 2590 5873 313.,
2614 5808 2715 5862 sine
2738 5806 3061 5883 prapltutt'bus.
