4028 6428
588 367 685 423 551

573 455 820 532 maxime
862 476 1087 534 Abrahre
1131 484 1250 547 post
1291 461 1557 545 opinatam
1597 486 1743 526 suam
1790 469 1978 532 fidem,
2016 468 2162 522 sinus

589 567 876 624 defenditis
920 579 1127 625 vestros
1175 586 1190 623 :
1249 567 1540 637 praesertim
1593 579 1712 618 eum
1764 571 1818 618 et
1865 563 2159 632 periturum

590 646 803 715 omnem
831 661 898 716 de
929 661 1078 731 plebe
1107 658 1501 728 sua'perhibcat
1531 655 1836 710 led-.eorum
1867 655 2026 716 Deus,
2059 653 2162 722 qni-

591 765 818 821 eumque
853 737 1086 806 non-hac
1127 749 1284 824 fuerit
1326 735 2166 815 ignominiaprmsignatus(Cen.

577 845 726 905 'xvn,
762 841 953 914 9-H)?
979 839 1086 894 Cur
1111 823 1170 894 eti
1193 839 1573 893 sacrificiorum
1611 837 1841 906 legitima
1868 829 2030 905 ,‘quze
2071 849 2170 888 nec

593 928 804 1002 Moyses
831 947 892 986 ac
919 930 1193 999 Pr0pheta:
1233 931 1330 984 sub
1376 929 1517 999 Lege
1541 970 1555 994 ,
1594 943 1692 983 nec
1731 927 1830 981 sub
1866 926 1966 981 tide
1995 941 2086 980 sua
2117 927 2168 979 in

594 1023 842 1078 secundis
873 1022 1054 1076 habuit
1082 1022 1370 1088 Abraham,
1401 1036 1494 1074 vos
1525 1017 1808 1088 spernitis?
1835 1019 1941 1073 Cur
1967 1032 2092 1071 vero
2121 1025 2176 1071 et

595 1113 833 1168 ciborum
866 1111 1213 1168 indifferentia
1242 1113 1444 1166 animas
1469 1111 1700 1181 pollnitis
1722 1108 1944 1186 vestras,
1969 1110 2012 1163 si
2035 1108 2171 1173 lucc,

599 1213 657 1256 ut
683 1194 917 1268 creditis,
959 1190 1140 1256 oninia'
1177 1200 1424 1258 Christus
1457 1194 1561 1256 non
1608 1202 1751 1256 venit
1793 1201 2034 1272 solvere,
2078 1192 2173 1254 sed

595 1292 931 1362 adimplere?
971 1291 1078 1348 Cur
1123 1303 1175 1347 et
1216 1274 1522 1364 azymorum
1567 1285 1898 1346 anniversale
1929 1287 2030 1360 ~jus
2056 1333 2068 1355 ,
2121 1300 2174 1344 et

596 1383 933 1437 maetationis
957 1384 1424 1453 .a'gninaa'sacrum
1448 1410 1464 1449 ,-
1491 1383 1632 1453 quod
1675 1384 1726 1436 in
1766 1391 2020 1454 :eternum
2053 1376 2169 1435 ser;

596 1486 725 1527 vare
751 1472 860 1526 Lex
895 1480 952 1528 et
979 1474 1257 1542 Prophetm
1290 1460 1634 1541 i-irzee‘ipinnt,
1654 1487 1748 1527 vos
1778 1471 2039 1541 impiatis?
2066 1470 2172 1525 Cur

598 1562 830 1632 denique
865 1564 1198 1628 neomenias,
1236 1574 1286 1616 et
1317 1564 1652 1632 baptismate,
1686 1559 1740 1617 et
1767 1559 2172 1631 Secoopegiain’,

599 1668 665 1706 ac
694 1653 894 1722 reliqua
943 1653 1242 1723 hujusmodi
1282 1654 1436 1722 Legis
1481 1639 1637 1722 atque
1667 1645 2176 1722 PropheLarum‘sa-

603 1753 874 1805 cramenta
899 1746 1151 1808 carnalia,
1182 1760 1363 1814 parum
1392 1745 1636 1800 devitatis
1660 1747 1977 1815 irrumpere,
2006 1747 2048 1799 si
2082 1745 2176 1800 eai-

602 1832 723 1886 dem
750 1829 990 1888 Christus
1020 1827 1236 1888 minime
1263 1835 1561 1890 destruxit?
1583 1825 1768 1904 (Quare
1787 1831 2180 1914 non'immerito

601 1923 827 1978 dixerim
855 1967 869 1989 ,
917 1926 1040 1993 quia
1085 1927 1130 1980 si
1157 1928 1336 1980 ~vultis
1383 1939 1441 1980 ut
1478 1929 1613 1982 ratio
1644 1926 1798 1982 vobis
1840 1938 2179 1998 contemptus

600 2015 755 2085 istius
784 2004 1017 2079 constet;
1035 2026 1244 2087 oportet
1265 2027 1354 2072 aut
1382 2034 1475 2073 vos
1505 2034 1698 2089 negare
1728 2021 1921 2074 Christi
1948 2035 2067 2075 esse
2095 2021 2176 2073 di-

601 2106 857 2174 scipulos,
891 2116 980 2161 aut
1011 2109 1220 2164 tandem
1255 2109 1402 2162 fateri
1434 2111 1806 2178 ipsum-omnia
1837 2111 1948 2164 haec
1973 2111 2181 2165 destru-

600 2195 744 2250 xisse
784 2197 1034 2264 priorem.
1079 2197 1228 2264 Quod
1264 2214 1383 2252 eum
1427 2199 1633 2254 fueritis
1667 2190 1891 2254 confessi
1915 2242 1927 2262 ,
1959 2189 2101 2254 tunc
2129 2213 2183 2255 et

602 2284 730 2340 illud
773 2289 1144 2356 consequitur,
1197 2299 1256 2343 ut
1299 2299 1389 2344 aut
1437 2290 1570 2345 falso
1612 2291 1879 2346 fateamini
1925 2293 2180 2361 scriptum

602 2390 757 2441 esse,
793 2376 1052 2448 tanquam
1085 2380 1222 2433 idem
1245 2381 1710 2448 'dixerit',“n0n'se
1739 2383 1954 2439 venisse
1977 2384 2183 2438 solvere

603 2465 834 2536 Legem,
867 2469 961 2523 sed
1003 2469 1333 2539 adimplere;
1362 2480 1453 2525 aut
1494 2472 1674 2526 nescio
1716 2472 1840 2542 quid
1884 2473 1987 2527 hoc
2027 2474 2184 2542 longe

603 2558 747 2612 aliud
775 2574 932 2628 quam
962 2577 1055 2615 vos
1082 2563 1299 2630 putatis,
1328 2561 1704 2632 significasse-
1788 2599 1794 2604 -
1961 2593 1981 2598 --
2155 2608 2159 2612 .

602 2699 608 2714 ,
677 2647 904 2705 CAPUT
925 2649 1055 2712 ιιι.
1086 2637 1160 2690 -ὲ
1196 2653 1540 2706 Anausnsus
1571 2653 1850 2722 reSpondit
1877 2641 1887 2707 ὲ
1919 2653 2048 2721 Quia
2074 2644 2184 2723 jam

603 2739 874 2793 consentis
917 2740 1115 2795 dixisse
1151 2743 1420 2796 Christmn
1448 2784 1460 2803 ,
1497 2741 1617 2796 Non
1654 2745 1764 2797 veni
1788 2744 1976 2798 solvere
2000 2744 2186 2815 Legem

601 2827 680 2894 uel
708 2827 1022 2898 Prophetas,
1052 2832 1138 2884 sed
1164 2831 1442 2902 adimplere
1479 2831 1695 2901 (Matth.
1733 2850 1766 2888 ν
1786 2874 1802 2901 ,
1837 2836 1923 2905 17)
1952 2853 1965 2899 ;
1994 2835 2183 2889 durmn

605 2919 746 2974 enim
776 2920 868 2974 tibi
902 2922 1396 2996 videturadversus
1421 2927 2185 2996 evangelieam',;auctoritateni

606 3011 822 3086 venire;
864 3012 1055 3067 durum
1096 3021 1256 3068 etiam
1308 3016 1400 3070 tibi
1443 3013 1897 3073 videatur'venire
1933 3020 2186 3074 adversus

604 3103 936 3171 Apostolnm,
971 3105 1254 3174 dicentem,
1297 3107 1480 3162 Omnia
1512 3109 1617 3163 lucc
1646 3111 1825 3181 ﬁgurae
1861 3123 2045 3165 nostra:
2073 3117 2183 3181 fue-

605 3202 723 3261 runt
754 3193 794 3261 (Ι
821 3193 939 3248 Cor.
977 3183 1046 3262 xi,
1079 3195 1165 3268 6);
1214 3198 1337 3252 item
1381 3199 1647 3255 dicentem
1662 3201 1735 3255 *de
1753 3201 1972 3257 Christo
1989 3235 2012 3268 -,-
2055 3204 2186 3270 Quia

606 3299 709 3360 non
737 3285 753 3314 ¹
785 3285 880 3354 fuit
907 3283 1090 3343 Etiam,
1107 3296 1154 3340 et
1183 3287 1324 3352 Non,
1356 3289 1445 3343 sed
1473 3290 1638 3343 Etiam
1663 3292 1715 3344 in
1751 3292 1838 3345 illo
1863 3302 1966 3345 erat
1994 3310 2011 3346 :
2040 3303 2186 3364 quota

605 3386 724 3444 quot
752 3377 883 3436 enim
912 3379 1263 3448 promissiones
1293 3380 1386 3434 Dei
1409 3423 1423 3446 ,
1458 3381 1522 3446 in
1552 3381 1641 3436 illo
1675 3379 1844 3446 Etiam
1874 3383 1941 3453 (ll
1971 3382 2087 3438 Cor.
2128 3401 2145 3439 ι
2171 3427 2184 3450 ,
2207 3397 2223 3410 ·

608 3467 698 3534 19,
725 3468 854 3538 20);
886 3469 935 3524 id
967 3481 1078 3537 est,‘
1109 3471 1160 3525 in
1193 3472 1282 3526 illo
1321 3473 1571 3528 exhibita:
1597 3475 1616 3542 ,'
1656 3476 1709 3530 in
1736 3469 1856 3530 .illo’
1877 3467 2192 3546 'a’dimpléiaa‘

607 3569 732 3614 sunt
762 3577 776 3617 :
807 3570 860 3627 et
886 3561 1249 3633 sinecaligine
1279 3563 1504 3629 videbis,
1535 3574 1589 3620 et
1613 3582 1770 3637 quam
1805 3562 2189 3637 Legem'adim-

609 3651 759 3720 plere
791 3654 1027 3718 venerit,
1073 3664 1129 3708 et
1165 3669 1282 3709 eam
1327 3671 1431 3726 quo
1457 3662 1619 3725 ‘pacto
1649 3658 2035 3728 adimpleverit.
2082 3660 2190 3715 Nec

607 3758 799 3814 perges
819 3745 1031 3800 extendi
1056 3762 1148 3815 per
1172 3751 1269 3812 tria
1290 3762 1486 3817 genera
1505 3749 1634 3818 legis
1655 3749 2042 3820 etrtriaTgenera
2063 3753 2194 3805 Pro-5

611 3835 910 3904 phetarum,
933 3852 1177 3907 quaerens
1194 3854 1294 3909 qua
1321 3827 1501 3905 exeas,
1530 3849 1585 3893 et
1607 3843 1719 3894 non
1751 3835 2044 3896 inveniens.
2078 3831 2194 3897 IIIa-

614 3925 864 3980 nifestum
892 3929 1358 3992 estenim,etluce
1387 3929 1582 3984 clarius
1615 3931 1716 3986 hoc
1746 3933 1904 3986 etiam
1931 3933 2065 3987 Novi
2098 3934 2194 3988 Te-'

611 4017 859 4082 stamenti
884 4017 1142 4086 scriptura
1162 4032 1303 4086 sa'pe
1323 4028 1564 4086 lesuitur,
1586 4031 1753 4089 quam‘
1774 4022 1967 4092 Legem
1990 4035 2040 4076 et
2057 4039 2191 4093 quos

614 4106 906 4176 Prophetas
941 4105 1184 4162 Christus
1221 4125 1326 4162 non
1377 4111 1581 4165 venerit
1620 4113 1856 4174 solvere,
1905 4114 1996 4167 sed
2025 4116 2200 4168 adim-

615 4197 782 4266 plere.
814 4196 924 4266 Ipsa
953 4206 1034 4252 est
1055 4198 1193 4252 enim
1217 4197 1350 4265 Lex,
1373 4215 1490 4269 qum
1520 4216 1610 4268 per
1628 4201 1842 4271 Moysen
1862 4203 2002 4269 data,
2025 4206 2198 4272 gratia

613 4297 668 4363 et
699 4289 894 4361 veritas
917 4303 1010 4356 per
1028 4287 1503 4362 Jes_um._Christnm
1535 4291 1774 4348 factacst
1804 4291 1978 4359 (Joan.
2013 4311 2046 4359 ι,
2087 4296 2192 4364 Π).

618 4376 733 4445 Ipsa
757 4386 860 4441 est,
893 4379 1125 4446 inquam,
1153 4377 1260 4432 Lex
1292 4395 1384 4448 per
1405 4380 2012 4452 Moysen‘data‘,'de.quo
2035 4385 2202 4446 Chri—_

616 4478 740 4550 stus
759 4469 850 4532 ait,
873 4469 946 4522 De
964 4486 1043 4523 me
1060 4471 1190 4523 enim
1215 4471 1301 4524 ille
1328 4472 1526 4539 scripsit
1543 4471 1720 4540 (ld.v,
1755 4474 1868 4542 46):
1887 4475 2040 4530 Certe
2052 4476 2192 4531 enim

618 4548 730 4628 ipsa
770 4548 852 4614 est
881 4559 1018 4623 Lex,
1046 4561 1164 4630 qua)
1193 4561 1588 4636 subintravitut
1625 4565 1918 4619 abundaret
1941 4565 2204 4622 delictum'

618 4651 795 4728 (Rom.
821 4667 871 4726 ιν,
892 4649 982 4722 9.0)
1015 4651 1186 4720 :quod
1205 4652 1268 4707 ad
1288 4652 1404 4720 ejus
1431 4655 1919 4723 repreliensimiem,
1949 4659 2078 4712 nihil
2113 4661 2193 4713 in-

619 4743 939 4817 telligentes,
968 4744 1017 4796 in
1050 4758 1144 4814 ore
1181 4743 1377 4798 habere
1407 4747 1719 4801 consuesns.
1748 4748 1825 4801 Ibi
1845 4751 2114 4820 ergo-lege
2144 4763 2196 4805 et

617 4819 758 4901 vide,
778 4835 900 4904 quia
928 4835 1037 4904 ipsa
1073 4845 1154 4890 est
1181 4836 1247 4891 dc
1273 4853 1374 4905 qua
1393 4837 1614 4904 dicitur,
1657 4838 1972 4907 ItaquefLea:
1993 4819 2204 4906 quidem

617 4937 810 4991 sancta,
845 4934 889 4978 et
917 4925 1209 4998 mandatum
1225 4937 1451 4994 sanctum
1470 4938 1513 4993 et
1527 4929 1724 4998 justum
1747 4942 1790 4985 et
1819 4931 2020 4985 bonum.
2049 4934 2195 4998 Quod

619 5035 735 5088 ergo
766 5018 950 5072 bonum
981 5029 1072 5086 est,
1104 5020 1226 5072 mihi
1255 5022 1444 5090 factum
1473 5031 1544 5074 est
1571 5023 1746 5096 mors?
1774 5023 1933 5078 Absit.
1966 5026 2070 5080 Sed
2092 5035 2210 5095 pec-‘

617 5120 788 5164 catum
825 5122 879 5165 ut
909 5121 1154 5182 appareat
1181 5125 1436 5180 peccatum
1461 5156 1474 5178 ,
1523 5132 1612 5184 per
1637 5117 1819 5176 bonum
1849 5120 1970 5172 mihi
2014 5137 2195 5188 apera-

619 5213 723 5257 tum
752 5215 822 5259 est
850 5216 1058 5280 mortem
1090 5205 1199 5278 (Id.
1237 5223 1344 5271 vn,
1394 5209 1460 5261 I2
1484 5251 1499 5275 ,
1534 5211 1639 5280 15).
1683 5211 1864 5282 Neque
1905 5215 2043 5267 enim
2088 5214 2198 5273 Lex

615 5295 832 5362 iubebat
866 5297 1120 5369 delictum
1148 5340 1162 5363 ,
1195 5308 1252 5352 ut
1289 5300 1376 5353 illa
1407 5301 1740 5356 subintrante
1767 5299 2060 5368 abundaret
2098 5306 2214 5359 dte--

619 5387 798 5442 lictum
819 5404 833 5453 ;
857 5389 950 5444 sed
978 5391 1235 5459 superbos
1260 5392 1479 5446 multum
1502 5394 1601 5447 sibi
1625 5395 1944 5460 tribuentes,
1964 5397 2195 5452 mandati

618 5478 785 5553 sancti
817 5491 870 5534 et
891 5480 1019 5548 justi
1047 5490 1101 5535 et
1125 5481 1248 5536 boni
1278 5483 1506 5551 adjectio
1535 5499 1655 5538 reos
1686 5485 1845 5539 etiam
1881 5487 2195 5554 prievariea-

619 5570 774 5656 tionis
807 5569 1056 5626 ellecerat
1088 5591 1100 5625 :
1130 5583 1190 5627 ut
1228 5589 1294 5628 eo
1339 5575 1497 5656 modo
1526 5574 1802 5640 humiliati,
1832 5576 2103 5632 discerent
2127 5579 2220 5634 ad.

614 5645 838 5733 gratiam
872 5663 1134 5732 pertinere
1162 5679 1256 5734 per
1287 5649 1562 5733 Iidem,"~ut
1589 5667 1698 5735 jam
1725 5683 1830 5721 non
1858 5679 2039 5724 essent
2069 5669 2193 5741 Legi

682 5777 697 5808 ³
733 5776 869 5835 Editi,
894 5773 1011 5838 Quia
1033 5787 1123 5828 non
1145 5775 1234 5839 fuit
1255 5775 1303 5826 in
1329 5776 1426 5829 illo.
1455 5779 1616 5841 Abest,
1643 5777 1690 5830 in
1713 5780 1812 5842 illo,
1838 5793 1865 5831 a
1898 5788 2003 5832 Mss.

1437 362 1701 418 coxrnx
1745 310 2060 414 Πυδίὼι
2103 307 2549 417 itxut'cussun,
2589 304 2646 405 s.
2689 345 3055 405 ancnsrist

3515 426 3518 428 τ
3681 358 3797 433 ~sn

2271 462 2476 516 'snbditi
2510 476 2604 530 per
2627 442 2870 524 reatum,
2902 460 2993 513 sed
3036 457 3159 530 Legi
3202 458 3384 515 sociati
3421 476 3512 533 per
3550 446 3804 534 justitiam;

2283 557 2428 610 Idem
2456 555 2650 625 quippe
2689 553 2959 622 apostolus
2987 551 3113 606 dicit
3142 567 3154 604 :
3189 551 3321 618 Quia
3344 548 3623 624 priusquam
3651 563 3809 615 veniret

2284 649 2409 718 ﬁdes
2434 690 2448 712 ,
2481 647 2569 700 sub
2601 645 2730 717 Lege
2754 635 3155 699 custodiebamur
3183 644 3431 710 conclusi,
3471 647 3520 700 in
3552 645 3656 702 eam
3683 653 3811 717 [idem

2273 737 2392 808 'quce
2418 746 2587 806 postea
2613 722 2825 789 reuelato
2853 745 2942 787 est.
2975 733 3152 804 Itaque
3181 733 3302 798 Lex,
3331 736 3512 804 inquit,
3545 723 3815 812 paedagogus

2281 838 2445 883 noster
2465 836 2568 881 erat
2593 828 2643 881 in
2675 827 2870 880 Christo
2894 824 2928 878 J
2934 842 3018 878 esu
3046 842 3063 879 :
3092 824 3180 879 sed
3206 835 3519 894 posteaquam
3546 831 3664 881 venit
3689 832 3812 897 ﬁdes,

2272 919 2384 988 jam
2412 934 2511 970 non
2533 933 2704 969 sumus
2729 910 2816 970 sub
2847 916 3121 985 pwdagogo
3148 913 3342 985 (Calat.
3377 931 3451 982 ut,
3474 905 3676 989 25-25).
3707 912 3817 984 Quizi

2281 1022 2378 1060 nos
2407 997 2586 1060 reatus
2618 1005 2773 1074 Legis
2804 1021 2908 1060 non
2939 1006 3170 1077 obligat,
3197 1003 3304 1073 jam
3345 1020 3439 1074 per
3465 1008 3673 1075 gratiam
3700 995 3813 1063 libo;

2274 1099 2451 1151 'ratos.
2482 1096 2718 1165 Namque
2747 1105 3033 1164 antequam
3066 1093 3393 1162 Spirituale'm
3435 1098 3645 1164 gratiam
3674 1097 3820 1152 humi.

2281 1187 2393 1241 liati
2427 1187 2786 1256 reciperemns
2808 1231 2822 1252 ,
2856 1189 2982 1241 nihil
3016 1189 3114 1240 nisi
3148 1177 3497 1242 mortificabat
3524 1175 3819 1266 nos'littera,

2276 1279 2469 1349 jubens
2491 1280 2630 1348 Quod
2656 1284 2762 1354 (non
2788 1294 3064 1350 possemus
3087 1281 3326 1349 implere.
3355 1281 3505 1336 Unde
3527 1283 3656 1337 idem
3678 1283 3818 1338 dicit:

2281 1370 2472 1425 Littera
2499 1372 2700 1436 occidit,
2733 1373 2941 1440 spiritus
2971 1381 3137 1426 autem
3169 1364 3380 1441 vii'iﬁcat
3410 1374 3473 1442 (ll
3502 1374 3594 1428 Cor
3644 1392 3724 1442 ιιι,
3751 1365 3818 1444 6)ζ

2283 1463 2485 1517 Rursus
2509 1497 2512 1501 -
2535 1463 2796 1541 ejusdem
2818 1463 3042 1532 apostoli
3089 1463 3251 1517 verba
3293 1457 3413 1517 su'nt
3445 1482 3456 1516 :
3491 1465 3548 1519 Si
3573 1457 3824 1520 enimuuta

2281 1543 2413 1611 esset
2437 1547 2567 1622 Lex,
2600 1573 2713 1626 qua!
2743 1547 3216 1627 posset'viviﬁcare,
3252 1554 3550 1613 omninoex
3581 1559 3698 1631 Lege
3717 1574 3823 1615 esset

2274 1647 2480 1717 justitia
2504 1665 2524 1712 ;
2553 1649 2641 1700 sed
2669 1645 2912 1722 conclusit
2941 1645 3207 1716 Scriptura
3234 1648 3404 1700 omnia
3433 1649 3519 1701 sub
3554 1647 3754 1719 peccato,
3783 1661 3825 1703 ut

2284 1729 2550 1816 promissio
2577 1755 2638 1792 ex
2665 1739 2766 1807 ﬁde
2791 1737 2917 1793 Iesu
2946 1739 3132 1793 Christi
3156 1740 3365 1817 daretur
3389 1729 3692 1794 credentibus
3721 1728 3826 1810 (Ca;

2285 1829 2389 1906 lat.
2409 1812 2502 1896 in,
2532 1823 3132 1902 21,“22).Ἰι(;ιῐι’ἱρεῐιιε
3160 1815 3319 1886 verba
3352 1843 3472 1887 sunt
3503 1851 3514 1885 :
3552 1828 3690 1902 Quod
3718 1825 3826 1888 énini

2285 1921 2592 1989 impossibile
2611 1931 2717 1975 erat
2737 1921 2883 1993 Legis
2907 1924 2947 1990 ¹,
2976 1925 3026 1977 in
3045 1941 3141 1994 quo
3165 1924 3514 1992 in/irmabatur
3534 1921 3824 1995 per'carucm,

2287 2011 2425 2066 Deus
2450 2011 2494 2064 F
2495 2013 2637 2065 ilium
2657 2007 2801 2067 suum
2824 2011 2956 2067 misit
2977 2016 3027 2068 in
3054 2015 3433 2069 similitudinem
3461 2014 3618 2070 carnis
3645 2006 3825 2086 peccati,

2286 2111 2338 2154 ut
2370 2102 2432 2155 de
2461 2099 2666 2171 peccato
2694 2094 2956 2157 damnaret
2992 2096 3246 2174 peccatum
3274 2105 3328 2158 in
3367 2123 3533 2168 carne,
3572 2115 3623 2158 ut
3654 2105 3827 2176 justitia

2286 2191 2435 2264 Legis
2473 2194 2764 2263 impleretur
2791 2197 2844 2248 in
2874 2197 3014 2249 nobis
3033 2201 3058 2263 ,’
3088 2197 3178 2265 ’qui
3215 2214 3316 2250 non
3364 2198 3624 2273 semiudum
3657 2193 3828 2249 carnem

2286 2285 2630 2350 ambulamus,’
2662 2287 2752 2340 sed
2785 2277 3058 2341 secundum
3088 2289 3322 2358 spiritum
3355 2288 3523 2361 (Rom.
3562 2304 3664 2350 vm,
3691 2289 3737 2351 '5,
3761 2289 3826 2355 4).

2289 2377 2424 2431 Eec'e
2449 2377 2713 2456 quodest,
2747 2371 2866 2432 Non
2890 2376 3003 2449 veni
3027 2379 3208 2450 Legem
3232 2367 3442 2446 solvere,
3463 2380 3548 2456 sed
3571 2377 3825 2450 adimplere.

2287 2469 2417 2536 Quia
2440 2471 2460 2500 ²
2493 2471 2574 2524 lex
2597 2471 2737 2524 enim
2760 2465 3017 2541 Superbos
3042 2459 3201 2528 etiam
3231 2452 3668 2544 praivaricaiionis
3694 2484 3821 2528 reatu

2288 2559 2802 2631 devinxit,-angendo
2825 2549 3119 2631 peccatum,
3147 2579 3267 2618 cum
3293 2565 3449 2634 jubet
3478 2547 3611 2635 quod
3641 2564 3828 2632 implere

2293 2652 2417 2704 non'
2439 2645 2702 2720 pessum;
2727 2653 2892 2721 ipsius
2925 2648 3088 2724 Legis
3123 2645 3376 2724 impletur
3397 2656 3592 2725 jnstitii
3624 2673 3707 2724 per
3733 2670 3831 2724 gra-

2292 2741 2417 2794 tiam
2446 2733 2680 2810 spiritus,
2712 2744 2763 2796 in
2793 2738 2990 2814 eis'qni
3015 2745 3219 2799 discunt
3259 2754 3307 2799 a'
3331 2749 3538 2808 Christo
3568 2749 3709 2801 mites
3731 2759 3830 2799 esse

2290 2840 2447 2900 atque
2473 2829 2702 2886 humiles
2728 2834 2922 2897 corde;
2953 2839 3040 2905 qui
3079 2838 3220 2890 venit
3251 2828 3363 2890 iion
3399 2833 3589 2908 Legem
3617 2837 3797 2889 solvere
3817 2829 3832 2899 ,’

2289 2922 2714 2992 Sed-adimplere.
2748 2925 2966 2991 Deinde,
2998 2927 3118 2995 quia
3150 2930 3309 2982 etiam
3343 2929 3443 2983 sub
3468 2915 3626 2998 gratia
3653 2920 3836 2998 positis,-

2292 3013 2341 3065 in
2374 3013 2471 3068 hac
2499 3016 2710 3069 mortali
2752 3019 2855 3070 vita
2899 3018 3116 3074 difficile
3151 3029 3232 3074 est
3276 3023 3423 3075 omni
3466 3022 3614 3076 modo
3646 3007 3836 3088 implere

2293 3106 2432 3172 quod
2480 3107 2530 3159 in
2563 3107 2701 3177 Lege
2731 3110 2984 3179 scriptum
3021 3122 3136 3175 est,
3177 3111 3297 3165 Non
3337 3095 3836 3182 concupiscesfood.

2299 3197 2422 3263 xx,"
2440 3191 2526 3268 l7)
2545 3187 2566 3261 ’ς
2599 3197 2685 3254 ille
2711 3216 2803 3270 per
2832 3203 3007 3256 carnis
3035 3218 3142 3258 sum
3170 3205 3489 3260 sacrificium
3520 3204 3747 3258 sacerdos
3769 3201 3833 3255 ef-

2291 3286 2505 3352 fectus,
2559 3273 2810 3357 impetrat
2869 3291 3022 3345 nobis
3068 3277 3451 3362 indulgentiam
3478 3337 3491 3360 ,
3520 3285 3688 3348 ietiam
3732 3293 3835 3345 hinc

2290 3374 2586 3444 adimplens
2611 3377 2839 3448 Legem;
2875 3389 2930 3434 ut
2955 3381 3092 3450 quod
3123 3397 3215 3450 per
3243 3393 3480 3438 nostram
3511 3384 3834 3439 infirmitatem

2291 3465 2467 3519 minus
2499 3462 2777 3535 possumus
2802 3511 2816 3535 ,
2863 3486 2960 3539 per
3002 3472 3143 3525 illius
3182 3472 3558 3541 perfectionem
3595 3461 3844 3542 recepere:

2293 3563 2380 3609 tur
2409 3556 2429 3587 ³
2461 3588 2488 3621 ρ
2531 3551 2679 3626 cujus
2709 3550 2912 3628 capitis
2937 3553 3219 3616 "membra-r
3242 3563 3418 3618 effecti
3469 3579 3663 3619 sumus.
3713 3553 3838 3615 Unde

2292 3644 2522 3701 Joannes
2549 3648 2677 3702 dicit
2707 3667 2719 3702 :
2757 3648 2952 3716 Filioli,
2985 3652 3090 3705 hau:
3124 3653 3285 3706 scribo
3313 3656 3475 3720 vobis,
3505 3664 3554 3706 ut
3584 3663 3676 3707 non
3704 3643 3841 3723 pecce-

2295 3740 2358 3792 tis
2398 3754 2416 3792 :
2457 3749 2502 3792 et
2550 3742 2593 3792 si
2627 3744 2737 3810 quis
2780 3744 3088 3812 peccaverit,
3126 3745 3426 3799 advocatum
3464 3739 3842 3811 habeinus'apud

2297 3831 2504 3885 Patrem
2531 3832 2706 3886 Iesum
2723 3823 2989 3889 Christum
3011 3838 3241 3906 justum;
3270 3839 3381 3908 ipse
3413 3849 3484 3892 est
3520 3830 3729 3891 exoratio
3764 3847 3840 3904 pro

2295 3925 2513 3992 peccatis
2541 3928 2723 3979 nostris
2751 3926 2796 3994 (Ι
2822 3926 2978 3980 .Ioan.
3011 3944 3078 3992 ιι,
3113 3929 3164 3994 l,
3193 3928 3271 3997 2).
3312 3947 3316 3951 ·

2365 4017 2590 4072 CAPUT
2633 4018 2762 4072 VIII.
2793 4049 2864 4058 ——
2895 4019 3206 4089 Prophetias
3236 4033 3418 4076 autem
3447 4022 3521 4076 sie
3548 4005 3852 4087 adimplevit,

2296 4123 2414 4162 cum
2444 4109 2496 4162 in
2528 4125 2592 4163 eo
2623 4103 2816 4163 veritas
2861 4110 2992 4164 facta
3024 4121 3105 4164 est
3131 4108 3545 4180 promissionum
3576 4111 3659 4192 Deli
3687 4108 3722 4161 δέ
3753 4104 3845 4159 Iloc

2296 4200 2453 4269 paulo
2470 4191 2683 4254 “ante'ex
2707 4197 3431 4280 Apostolocommemoravi,
3458 4184 3678 4280 dicente,
3708 4184 3854 4264 Quot:

2296 4300 2414 4360 quot
2439 4288 2570 4344 enim
2601 4291 2959 4360 promissiones‘
2981 4276 3094 4359 Dei,
3118 4293 3169 4345 in
3193 4293 3497 4348 ilto‘Etiam.
3524 4292 3659 4347 Idem
3682 4299 3843 4342 rursus

2297 4383 2445 4446 dicit,
2477 4381 2599 4435 Dico
2623 4383 2754 4436 enim
2777 4370 3031 4437 Christum
3061 4385 3344 4437 ministrum
3371 4388 3528 4456 fuisse
3551 4379 3847 4437 circumcisio-

2299 4472 2377 4524 nis
2399 4482 2601 4540 propter
2625 4473 2880 4524 veritatem
2907 4472 3004 4525 Dei
3023 4480 3049 4535 ,3
3066 4475 3134 4526 ad
3160 4475 3537 4540 confirmandus
3565 4461 3859 4542 promissio?

2300 4578 2387 4615 nes
2417 4560 2632 4614 Patrum
2662 4555 2833 4634 (Rom.
2864 4579 2933 4616 xv
2955 4606 2968 4629 ,
3001 4551 3077 4635 8).
3111 4547 3421 4635 Quod'ergo
3462 4566 3513 4618 in
3560 4555 3860 4632 Prophetis,

2300 4655 2412 4708 sive
2457 4663 2659 4723 aperte,
2711 4657 2822 4709 sive
2871 4671 2966 4724 per
3011 4656 3235 4726 figuras,
3286 4659 3371 4712 vel
3423 4658 3736 4712 locutiomun
3781 4648 3848 4700 vel

2301 4744 2566 4797 actionum
2597 4747 3025 4813 promittebatur,
3057 4749 3108 4802 in
3139 4748 3236 4802 illo‘
3267 4737 3750 4818 adimpletum'est;
3771 4733 3865 4808 qui'

2303 4852 2408 4888 non
2457 4837 2602 4890 venit
2641 4829 2847 4891 solvere
2892 4828 3085 4908 Legem
3124 4850 3178 4893 et
3202 4824 3536 4909 Pmphetas,
3572 4839 3660 4892 sed
3702 4835 3851 4887 aditu-

2302 4930 2471 4998 plere;
2512 4930 2621 4983 lloc
2648 4941 2822 4984 autem
2863 4948 2956 4987 vos
2986 4951 3088 4988 non
3126 4935 3418 5005 intelligitis
3439 4979 3451 5000 ,
3500 4936 3616 5005 quia
3649 4933 3688 4986 si
3719 4944 3850 4999 que-

2303 5022 2421 5075 dam
2456 5021 2587 5077 I‘acta
2621 5033 2673 5077 et
2703 5025 3112 5093 celebrationes,
3137 5028 3256 5097 qua:
3283 5027 3461 5098 figuras
3483 5037 3630 5081 erant
3657 5029 3851 5102 rentum

2304 5115 2948 5181 pinetum:iantesgadhnc
2977 5133 3005 5169 a
3035 5115 3350 5173 Christianis
3379 5119 3564 5172 fierent
3591 5159 3604 5181 ,
3648 5111 3768 5168 nihil
3793 5109 3855 5161 si-

2303 5204 2671 5272 gnificaretur,
2703 5205 2800 5259 nisi
2831 5205 3064 5260 nondum
3095 5209 3306 5264 venisse
3327 5253 3339 5275 ,
3369 5224 3488 5279 qua:
3532 5219 3637 5260 tum
3680 5205 3774 5258 illis
3800 5199 3853 5250 fi-

2302 5294 2451 5363 guris
2482 5297 2994 5365 pneumatiabantur.
3039 5297 3189 5364 Quod
3219 5301 3361 5354 enim
3398 5283 3572 5352 adhuc
3596 5303 3854 5349 venturum

2307 5387 2715 5453 prwnnntiatur,
2747 5398 2836 5441 aut
2868 5389 3100 5442 nondum
3145 5392 3320 5457 vellit,
3365 5400 3454 5444 aut
3485 5390 3527 5442 si
3554 5389 3660 5458 jam
3693 5381 3857 5444 venito

2369 5603 2383 5667 ξ
2421 5608 2548 5667 t.ov._,
2575 5600 2696 5664 Legi.
2724 5602 2837 5667 miti
2853 5616 2972 5652 vero
2992 5602 3070 5652 alii
3093 5611 3143 5667 et
3164 5611 3292 5667 Mss,
3321 5601 3452 5667 regis
3473 5603 3631 5665 :juxta
3651 5608 3854 5663 gravii-“-

2338 5665 2388 5728 οῖ
2421 5663 2701 5728 Editi,qute.
2727 5663 2891 5714 Plures
2909 5665 3185 5728 atss.,quia.
3278 5663 3286 5667 ’
3378 5663 3396 5667 ”
3499 5663 3508 5697 ῖ
3566 5691 3573 5698 -

2374 5726 2391 5791 _3
2428 5723 2610 5791 aliquot.
2633 5733 2719 5791 Mss
2744 5764 2756 5781 ,
2786 5723 3080 5791 rrruretur.’
3463 5787 3466 5789 _
3503 5788 3511 5791 _
3569 5759 3579 5791 ;
3704 5783 3712 5791 .

2370 5786 2390 5816 ἰ
2423 5788 2492 5836 Sic
2515 5783 2569 5835 in
2596 5789 2876 5849 qiiil-usdain
2902 5796 3003 5838 Mss.
3035 5796 3086 5839 At
3112 5792 3158 5839 iu
3181 5791 3337 5853 editis,
3360 5783 3604 5852 protitissio
3633 5783 3727 5832 Pei-
