  <div class='ocr_page' id='page_1' title='image "/cluster/home/n/w/nwhite01/storage/ocr_20150623/42/hvd.32044015471493/182.png"; bbox 0 0 4028 6428; ppageno 0'>
   <div class='ocr_carea' id='block_1_1' title="bbox 189 315 2302 408">
    <p class='ocr_par' dir='ltr' id='par_1_1' title="bbox 189 315 2302 408">
     <span class='ocr_line' id='line_1_1' title="bbox 189 315 2302 408; baseline 0.014 -59"><span class='ocrx_word' id='word_1_1' title='bbox 189 326 280 382; x_wconf 58' lang='grc' dir='ltr'><strong>εδδ</strong></span> <span class='ocrx_word' id='word_1_2' title='bbox 1023 403 1040 408; x_wconf 65' lang='lat'><strong><em>_</em></strong></span> <span class='ocrx_word' id='word_1_3' title='bbox 1279 401 1312 406; x_wconf 10' lang='grc' dir='ltr'><strong>Δ-</strong></span> <span class='ocrx_word' id='word_1_4' title='bbox 1409 317 1606 408; x_wconf 62' lang='lat' dir='ltr'><strong>Linea</strong></span> <span class='ocrx_word' id='word_1_5' title='bbox 1649 315 1942 404; x_wconf 66' lang='lat' dir='ltr'><strong>uestitus</strong></span> <span class='ocrx_word' id='word_1_6' title='bbox 1981 319 2220 406; x_wconf 65' lang='lat' dir='ltr'><strong>nouis.</strong></span> <span class='ocrx_word' id='word_1_7' title='bbox 2295 403 2302 408; x_wconf 24' lang='lat' dir='ltr'><strong>I</strong></span> 
     </span>
    </p>
   </div>
   <div class='ocr_carea' id='block_1_2' title="bbox 183 435 1746 511">
    <p class='ocr_par' dir='ltr' id='par_1_2' title="bbox 183 435 1746 511">
     <span class='ocr_line' id='line_1_2' title="bbox 183 435 1746 511; baseline -0.006 -13"><span class='ocrx_word' id='word_1_8' title='bbox 183 439 438 511; x_wconf 71' lang='lat' dir='ltr'><strong>superﬂuo</strong></span> <span class='ocrx_word' id='word_1_9' title='bbox 483 437 574 494; x_wconf 90' lang='lat' dir='ltr'><strong>vel</strong></span> <span class='ocrx_word' id='word_1_10' title='bbox 623 437 888 493; x_wconf 82' lang='lat' dir='ltr'><strong>fallaciter</strong></span> <span class='ocrx_word' id='word_1_11' title='bbox 933 437 1330 508; x_wconf 67' lang='lat' dir='ltr'><strong>prmnuntiatur.</strong></span> <span class='ocrx_word' id='word_1_12' title='bbox 1377 435 1746 506; x_wconf 84' lang='lat' dir='ltr'><strong>QuaprOpler,</strong></span> 
     </span>
    </p>
   </div>
   <div class='ocr_carea' id='block_1_3' title="bbox 179 521 1749 596">
    <p class='ocr_par' dir='ltr' id='par_1_3' title="bbox 179 521 1749 596">
     <span class='ocr_line' id='line_1_3' title="bbox 179 521 1749 596; baseline -0.007 -7"><span class='ocrx_word' id='word_1_13' title='bbox 179 532 308 588; x_wconf 84' lang='lat' dir='ltr'><strong>unde</strong></span> <span class='ocrx_word' id='word_1_14' title='bbox 334 529 490 584; x_wconf 78' lang='lat' dir='ltr'><strong>vehis&quot;</strong></span> <span class='ocrx_word' id='word_1_15' title='bbox 515 529 734 584; x_wconf 84' lang='lat' dir='ltr'><strong>videtur</strong></span> <span class='ocrx_word' id='word_1_16' title='bbox 758 521 1001 582; x_wconf 70' lang='lat' dir='ltr'><strong>ChriStus</strong></span> <span class='ocrx_word' id='word_1_17' title='bbox 1027 542 1130 582; x_wconf 88' lang='lat' dir='ltr'><strong>non</strong></span> <span class='ocrx_word' id='word_1_18' title='bbox 1159 527 1409 596; x_wconf 84' lang='lat' dir='ltr'><strong>implesse</strong></span> <span class='ocrx_word' id='word_1_19' title='bbox 1436 526 1749 594; x_wconf 85' lang='lat' dir='ltr'><strong>PrOphetas,</strong></span> 
     </span>
    </p>
   </div>
   <div class='ocr_carea' id='block_1_4' title="bbox 179 606 1755 696">
    <p class='ocr_par' dir='ltr' id='par_1_4' title="bbox 179 606 1755 696">
     <span class='ocr_line' id='line_1_4' title="bbox 179 606 1755 696; baseline -0.004 -15"><span class='ocrx_word' id='word_1_20' title='bbox 179 627 291 696; x_wconf 83' lang='lat' dir='ltr'><strong>quia</strong></span> <span class='ocrx_word' id='word_1_21' title='bbox 319 640 424 678; x_wconf 85' lang='lat' dir='ltr'><strong>non</strong></span> <span class='ocrx_word' id='word_1_22' title='bbox 451 623 590 678; x_wconf 90' lang='lat' dir='ltr'><strong>ﬁunt</strong></span> <span class='ocrx_word' id='word_1_23' title='bbox 607 633 636 676; x_wconf 86' lang='lat' dir='ltr'><strong>a</strong></span> <span class='ocrx_word' id='word_1_24' title='bbox 661 623 978 678; x_wconf 74' lang='lat' dir='ltr'><strong>Christianis</strong></span> <span class='ocrx_word' id='word_1_25' title='bbox 1003 623 1242 691; x_wconf 74' lang='lat' dir='ltr'><strong>q&#39;nmdam</strong></span> <span class='ocrx_word' id='word_1_26' title='bbox 1264 606 1498 691; x_wconf 26' lang='lat' dir='ltr'><strong>quin-per</strong></span> <span class='ocrx_word' id='word_1_27' title='bbox 1517 620 1755 690; x_wconf 88' lang='lat' dir='ltr'><strong>Prophe-</strong></span> 
     </span>
    </p>
   </div>
   <div class='ocr_carea' id='block_1_5' title="bbox 179 713 1750 782">
    <p class='ocr_par' dir='ltr' id='par_1_5' title="bbox 179 713 1750 782">
     <span class='ocr_line' id='line_1_5' title="bbox 179 713 1750 782; baseline -0.003 -10"><span class='ocrx_word' id='word_1_28' title='bbox 179 729 270 782; x_wconf 82' lang='lat' dir='ltr'><strong>tas,</strong></span> <span class='ocrx_word' id='word_1_29' title='bbox 292 715 358 770; x_wconf 86' lang='lat' dir='ltr'><strong>ab</strong></span> <span class='ocrx_word' id='word_1_30' title='bbox 385 715 631 770; x_wconf 69' lang='lat' dir='ltr'><strong>llebrzeis</strong></span> <span class='ocrx_word' id='word_1_31' title='bbox 661 723 716 768; x_wconf 86' lang='lat' dir='ltr'><strong>ut</strong></span> <span class='ocrx_word' id='word_1_32' title='bbox 745 715 948 778; x_wconf 85' lang='lat' dir='ltr'><strong>tierent,</strong></span> <span class='ocrx_word' id='word_1_33' title='bbox 981 715 1220 768; x_wconf 89' lang='lat' dir='ltr'><strong>instituta</strong></span> <span class='ocrx_word' id='word_1_34' title='bbox 1247 724 1390 780; x_wconf 85' lang='lat' dir='ltr'><strong>sunt,</strong></span> <span class='ocrx_word' id='word_1_35' title='bbox 1423 713 1546 768; x_wconf 89' lang='lat' dir='ltr'><strong>inde</strong></span> <span class='ocrx_word' id='word_1_36' title='bbox 1577 714 1750 782; x_wconf 79' lang='lat' dir='ltr'><strong>potius</strong></span> 
     </span>
    </p>
   </div>
   <div class='ocr_carea' id='block_1_6' title="bbox 181 805 1753 880">
    <p class='ocr_par' dir='ltr' id='par_1_6' title="bbox 181 805 1753 880">
     <span class='ocr_line' id='line_1_6' title="bbox 181 805 1753 880; baseline -0.003 -16"><span class='ocrx_word' id='word_1_37' title='bbox 181 809 424 880; x_wconf 74' lang='lat' dir='ltr'><strong>probatur</strong></span> <span class='ocrx_word' id='word_1_38' title='bbox 465 807 744 877; x_wconf 85' lang='lat' dir='ltr'><strong>implesse.</strong></span> <span class='ocrx_word' id='word_1_39' title='bbox 788 807 968 876; x_wconf 85' lang='lat' dir='ltr'><strong>Usque</strong></span> <span class='ocrx_word' id='word_1_40' title='bbox 1012 805 1146 860; x_wconf 88' lang='lat' dir='ltr'><strong>adeo</strong></span> <span class='ocrx_word' id='word_1_41' title='bbox 1189 805 1331 860; x_wconf 89' lang='lat' dir='ltr'><strong>enim</strong></span> <span class='ocrx_word' id='word_1_42' title='bbox 1363 805 1612 875; x_wconf 76' lang='lat' dir='ltr'><strong>quidquid</strong></span> <span class='ocrx_word' id='word_1_43' title='bbox 1661 821 1753 874; x_wconf 84' lang='lat' dir='ltr'><strong>per</strong></span> 
     </span>
    </p>
   </div>
   <div class='ocr_carea' id='block_1_7' title="bbox 177 885 1754 968">
    <p class='ocr_par' dir='ltr' id='par_1_7' title="bbox 177 885 1754 968">
     <span class='ocr_line' id='line_1_7' title="bbox 177 885 1754 968; baseline -0.001 -16"><span class='ocrx_word' id='word_1_44' title='bbox 177 889 708 968; x_wconf 60' lang='lat' dir='ltr'><strong>hujusrnodi&#39;ﬁguras</strong></span> <span class='ocrx_word' id='word_1_45' title='bbox 751 897 1166 966; x_wconf 85' lang='lat' dir='ltr'><strong>prephetabatur</strong></span> <span class='ocrx_word' id='word_1_46' title='bbox 1209 885 1484 964; x_wconf 73' lang='lat' dir='ltr'><strong>impletum</strong></span> <span class='ocrx_word' id='word_1_47' title='bbox 1526 885 1648 962; x_wconf 79' lang='lat' dir='ltr'><strong>est,</strong></span> <span class='ocrx_word' id='word_1_48' title='bbox 1697 907 1754 950; x_wconf 91' lang='lat' dir='ltr'><strong>ut</strong></span> 
     </span>
    </p>
   </div>
   <div class='ocr_carea' id='block_1_8' title="bbox 173 975 1750 1058">
    <p class='ocr_par' dir='ltr' id='par_1_8' title="bbox 173 975 1750 1058">
     <span class='ocr_line' id='line_1_8' title="bbox 173 975 1750 1058; baseline -0.003 -16"><span class='ocrx_word' id='word_1_49' title='bbox 173 991 272 1058; x_wconf 82' lang='lat' dir='ltr'><strong>jam</strong></span> <span class='ocrx_word' id='word_1_50' title='bbox 301 983 392 1056; x_wconf 82' lang='lat' dir='ltr'><strong>per</strong></span> <span class='ocrx_word' id='word_1_51' title='bbox 421 987 544 1041; x_wconf 91' lang='lat' dir='ltr'><strong>illas</strong></span> <span class='ocrx_word' id='word_1_52' title='bbox 575 1001 682 1041; x_wconf 90' lang='lat' dir='ltr'><strong>non</strong></span> <span class='ocrx_word' id='word_1_53' title='bbox 717 988 1077 1056; x_wconf 76' lang='lat' dir='ltr'><strong>prophetetur.</strong></span> <span class='ocrx_word' id='word_1_54' title='bbox 1109 986 1188 1040; x_wconf 85' lang='lat' dir='ltr'><strong>Ad</strong></span> <span class='ocrx_word' id='word_1_55' title='bbox 1217 987 1318 1040; x_wconf 92' lang='lat' dir='ltr'><strong>hoc</strong></span> <span class='ocrx_word' id='word_1_56' title='bbox 1347 977 1572 1055; x_wconf 86' lang='lat' dir='ltr'><strong>pertinet</strong></span> <span class='ocrx_word' id='word_1_57' title='bbox 1594 975 1750 1042; x_wconf 84' lang='lat' dir='ltr'><strong>etiam</strong></span> 
     </span>
    </p>
   </div>
   <div class='ocr_carea' id='block_1_9' title="bbox 175 1071 1753 1150">
    <p class='ocr_par' dir='ltr' id='par_1_9' title="bbox 175 1071 1753 1150">
     <span class='ocr_line' id='line_1_9' title="bbox 175 1071 1753 1150; baseline -0.003 -16"><span class='ocrx_word' id='word_1_58' title='bbox 175 1080 304 1150; x_wconf 84' lang='lat' dir='ltr'><strong>quod</strong></span> <span class='ocrx_word' id='word_1_59' title='bbox 343 1080 462 1150; x_wconf 85' lang='lat' dir='ltr'><strong>ipse</strong></span> <span class='ocrx_word' id='word_1_60' title='bbox 502 1071 910 1144; x_wconf 61' lang='lat' dir='ltr'><strong>Domitills&#39;ait,</strong></span> <span class='ocrx_word' id='word_1_61' title='bbox 963 1079 1069 1132; x_wconf 77' lang='lat' dir='ltr'><strong>Lex</strong></span> <span class='ocrx_word' id='word_1_62' title='bbox 1107 1071 1152 1132; x_wconf 74' lang='lat' dir='ltr'><strong>ct</strong></span> <span class='ocrx_word' id='word_1_63' title='bbox 1189 1077 1462 1148; x_wconf 73' lang='lat' dir='ltr'><strong>PrOphetaz</strong></span> <span class='ocrx_word' id='word_1_64' title='bbox 1499 1095 1654 1148; x_wconf 81' lang='lat' dir='ltr'><strong>usque</strong></span> <span class='ocrx_word' id='word_1_65' title='bbox 1685 1079 1753 1130; x_wconf 82' lang='lat' dir='ltr'><strong>ad</strong></span> 
     </span>
    </p>
   </div>
   <div class='ocr_carea' id='block_1_10' title="bbox 175 1159 1750 1240">
    <p class='ocr_par' dir='ltr' id='par_1_10' title="bbox 175 1159 1750 1240">
     <span class='ocr_line' id='line_1_10' title="bbox 175 1159 1750 1240; baseline -0.001 -16"><span class='ocrx_word' id='word_1_66' title='bbox 175 1165 596 1240; x_wconf 56' lang='lat' dir='ltr'><strong>Joannem-(Luci</strong></span> <span class='ocrx_word' id='word_1_67' title='bbox 625 1165 734 1236; x_wconf 81' lang='lat' dir='ltr'><strong>va,</strong></span> <span class='ocrx_word' id='word_1_68' title='bbox 765 1169 873 1240; x_wconf 77' lang='grc'><strong>16).</strong></span> <span class='ocrx_word' id='word_1_69' title='bbox 908 1171 1012 1224; x_wconf 79' lang='lat' dir='ltr'><strong>Lex</strong></span> <span class='ocrx_word' id='word_1_70' title='bbox 1043 1159 1206 1234; x_wconf 86' lang='lat' dir='ltr'><strong>enim,</strong></span> <span class='ocrx_word' id='word_1_71' title='bbox 1236 1185 1352 1240; x_wconf 63' lang='lat' dir='ltr'><strong>qua}</strong></span> <span class='ocrx_word' id='word_1_72' title='bbox 1375 1171 1750 1236; x_wconf 50' lang='lat' dir='ltr'><strong>praevaricato-</strong></span> 
     </span>
    </p>
   </div>
   <div class='ocr_carea' id='block_1_11' title="bbox 175 1249 1754 1330">
    <p class='ocr_par' dir='ltr' id='par_1_11' title="bbox 175 1249 1754 1330">
     <span class='ocr_line' id='line_1_11' title="bbox 175 1249 1754 1330; baseline -0.001 -14"><span class='ocrx_word' id='word_1_73' title='bbox 175 1257 784 1324; x_wconf 76' lang='lat' dir='ltr'><strong>resabunda&#39;nti&#39;reatu</strong></span> <span class='ocrx_word' id='word_1_74' title='bbox 813 1257 1161 1316; x_wconf 75' lang='lat' dir='ltr'><strong>concludebat</strong></span> <span class='ocrx_word' id='word_1_75' title='bbox 1201 1251 1252 1314; x_wconf 81' lang='lat' dir='ltr'><strong>in</strong></span> <span class='ocrx_word' id='word_1_76' title='bbox 1289 1275 1404 1314; x_wconf 85' lang='lat' dir='ltr'><strong>eam</strong></span> <span class='ocrx_word' id='word_1_77' title='bbox 1438 1249 1594 1314; x_wconf 87' lang='lat' dir='ltr'><strong>ﬁdem</strong></span> <span class='ocrx_word' id='word_1_78' title='bbox 1633 1275 1754 1330; x_wconf 69' lang='lat' dir='ltr'><strong>qua:</strong></span> 
     </span>
    </p>
   </div>
   <div class='ocr_carea' id='block_1_12' title="bbox 177 1350 1752 1423">
    <p class='ocr_par' dir='ltr' id='par_1_12' title="bbox 177 1350 1752 1423">
     <span class='ocr_line' id='line_1_12' title="bbox 177 1350 1752 1423; baseline -0.001 -17"><span class='ocrx_word' id='word_1_79' title='bbox 177 1361 348 1423; x_wconf 86' lang='lat' dir='ltr'><strong>postea</strong></span> <span class='ocrx_word' id='word_1_80' title='bbox 375 1350 638 1408; x_wconf 62' lang='lat' dir='ltr'><strong>revelata&quot;</strong></span> <span class='ocrx_word' id='word_1_81' title='bbox 656 1361 758 1416; x_wconf 89' lang='lat' dir='ltr'><strong>est,</strong></span> <span class='ocrx_word' id='word_1_82' title='bbox 777 1353 960 1422; x_wconf 82' lang='lat' dir='ltr'><strong>gratia</strong></span> <span class='ocrx_word' id='word_1_83' title='bbox 987 1351 1124 1407; x_wconf 80' lang='lat' dir='ltr'><strong>facta</strong></span> <span class='ocrx_word' id='word_1_84' title='bbox 1161 1360 1242 1406; x_wconf 89' lang='lat' dir='ltr'><strong>est</strong></span> <span class='ocrx_word' id='word_1_85' title='bbox 1269 1367 1364 1420; x_wconf 91' lang='lat' dir='ltr'><strong>per</strong></span> <span class='ocrx_word' id='word_1_86' title='bbox 1392 1351 1570 1406; x_wconf 88' lang='lat' dir='ltr'><strong>Jesum</strong></span> <span class='ocrx_word' id='word_1_87' title='bbox 1599 1351 1752 1406; x_wconf 87' lang='lat' dir='ltr'><strong>Chri-</strong></span> 
     </span>
    </p>
   </div>
   <div class='ocr_carea' id='block_1_13' title="bbox 177 1435 1752 1513">
    <p class='ocr_par' dir='ltr' id='par_1_13' title="bbox 177 1435 1752 1513">
     <span class='ocr_line' id='line_1_13' title="bbox 177 1435 1752 1513; baseline -0.003 -14"><span class='ocrx_word' id='word_1_88' title='bbox 177 1455 342 1510; x_wconf 80' lang='lat' dir='ltr'><strong>stum,</strong></span> <span class='ocrx_word' id='word_1_89' title='bbox 381 1445 484 1513; x_wconf 82' lang='lat' dir='ltr'><strong>per</strong></span> <span class='ocrx_word' id='word_1_90' title='bbox 519 1458 680 1513; x_wconf 83' lang='lat' dir='ltr'><strong>quem</strong></span> <span class='ocrx_word' id='word_1_91' title='bbox 711 1441 1164 1511; x_wconf 82' lang='lat' dir='ltr'><strong>superabundavit</strong></span> <span class='ocrx_word' id='word_1_92' title='bbox 1202 1435 1412 1511; x_wconf 81' lang='lat' dir='ltr'><strong>gratia:</strong></span> <span class='ocrx_word' id='word_1_93' title='bbox 1440 1457 1503 1495; x_wconf 91' lang='lat' dir='ltr'><strong>ac</strong></span> <span class='ocrx_word' id='word_1_94' title='bbox 1528 1451 1621 1510; x_wconf 87' lang='lat' dir='ltr'><strong>per</strong></span> <span class='ocrx_word' id='word_1_95' title='bbox 1654 1439 1752 1494; x_wconf 94' lang='lat' dir='ltr'><strong>hoc</strong></span> 
     </span>
    </p>
   </div>
   <div class='ocr_carea' id='block_1_14' title="bbox 175 1515 1752 1602">
    <p class='ocr_par' dir='ltr' id='par_1_14' title="bbox 175 1515 1752 1602">
     <span class='ocr_line' id='line_1_14' title="bbox 175 1515 1752 1602; baseline -0.003 -14"><span class='ocrx_word' id='word_1_96' title='bbox 175 1534 382 1602; x_wconf 84' lang='lat' dir='ltr'><strong>impleta</strong></span> <span class='ocrx_word' id='word_1_97' title='bbox 409 1541 496 1588; x_wconf 85' lang='lat' dir='ltr'><strong>est</strong></span> <span class='ocrx_word' id='word_1_98' title='bbox 527 1539 626 1602; x_wconf 86' lang='lat' dir='ltr'><strong>per</strong></span> <span class='ocrx_word' id='word_1_99' title='bbox 649 1533 874 1602; x_wconf 82' lang='lat' dir='ltr'><strong>gratiam</strong></span> <span class='ocrx_word' id='word_1_100' title='bbox 903 1515 1248 1596; x_wconf 50' lang='lat' dir='ltr'><strong>liberaatem,‘</strong></span> <span class='ocrx_word' id='word_1_101' title='bbox 1267 1545 1384 1600; x_wconf 74' lang='lat' dir='ltr'><strong>qua:</strong></span> <span class='ocrx_word' id='word_1_102' title='bbox 1423 1545 1526 1584; x_wconf 91' lang='lat' dir='ltr'><strong>non</strong></span> <span class='ocrx_word' id='word_1_103' title='bbox 1562 1531 1752 1600; x_wconf 89' lang='lat' dir='ltr'><strong>imple-</strong></span> 
     </span>
    </p>
   </div>
   <div class='ocr_carea' id='block_1_15' title="bbox 175 1621 1752 1695">
    <p class='ocr_par' dir='ltr' id='par_1_15' title="bbox 175 1621 1752 1695">
     <span class='ocr_line' id='line_1_15' title="bbox 175 1621 1752 1695; baseline -0.003 -15"><span class='ocrx_word' id='word_1_104' title='bbox 175 1629 322 1680; x_wconf 87' lang='lat' dir='ltr'><strong>batur</strong></span> <span class='ocrx_word' id='word_1_105' title='bbox 359 1623 722 1695; x_wconf 73' lang='lat' dir='ltr'><strong>per-litteram</strong></span> <span class='ocrx_word' id='word_1_106' title='bbox 749 1624 1044 1693; x_wconf 87' lang='lat' dir='ltr'><strong>jubentem.</strong></span> <span class='ocrx_word' id='word_1_107' title='bbox 1075 1621 1204 1678; x_wconf 89' lang='lat' dir='ltr'><strong>Item</strong></span> <span class='ocrx_word' id='word_1_108' title='bbox 1245 1624 1296 1676; x_wconf 90' lang='lat' dir='ltr'><strong>in</strong></span> <span class='ocrx_word' id='word_1_109' title='bbox 1329 1623 1438 1691; x_wconf 89' lang='lat' dir='ltr'><strong>ipsa</strong></span> <span class='ocrx_word' id='word_1_110' title='bbox 1466 1622 1606 1692; x_wconf 83' lang='lat' dir='ltr'><strong>Lege</strong></span> <span class='ocrx_word' id='word_1_111' title='bbox 1632 1622 1752 1676; x_wconf 88' lang='lat' dir='ltr'><strong>uui-</strong></span> 
     </span>
    </p>
   </div>
   <div class='ocr_carea' id='block_1_16' title="bbox 173 1713 1754 1787">
    <p class='ocr_par' dir='ltr' id='par_1_16' title="bbox 173 1713 1754 1787">
     <span class='ocr_line' id='line_1_16' title="bbox 173 1713 1754 1787; baseline -0.001 -17"><span class='ocrx_word' id='word_1_112' title='bbox 173 1731 317 1772; x_wconf 83' lang='lat' dir='ltr'><strong>versa</strong></span> <span class='ocrx_word' id='word_1_113' title='bbox 346 1715 658 1787; x_wconf 78' lang='lat' dir='ltr'><strong>prophetia,</strong></span> <span class='ocrx_word' id='word_1_114' title='bbox 686 1731 808 1784; x_wconf 73' lang='lat' dir='ltr'><strong>qua:</strong></span> <span class='ocrx_word' id='word_1_115' title='bbox 835 1729 938 1768; x_wconf 90' lang='lat' dir='ltr'><strong>non</strong></span> <span class='ocrx_word' id='word_1_116' title='bbox 971 1722 1176 1768; x_wconf 84' lang='lat' dir='ltr'><strong>tantum</strong></span> <span class='ocrx_word' id='word_1_117' title='bbox 1215 1715 1393 1780; x_wconf 82' lang='lat' dir='ltr'><strong>verbis</strong></span> <span class='ocrx_word' id='word_1_118' title='bbox 1417 1755 1432 1779; x_wconf 94' lang='lat'><strong>,</strong></span> <span class='ocrx_word' id='word_1_119' title='bbox 1462 1713 1556 1768; x_wconf 90' lang='lat' dir='ltr'><strong>sed</strong></span> <span class='ocrx_word' id='word_1_120' title='bbox 1593 1714 1754 1768; x_wconf 88' lang='lat' dir='ltr'><strong>etiam</strong></span> 
     </span>
    </p>
   </div>
   <div class='ocr_carea' id='block_1_17' title="bbox 175 1803 1754 1875">
    <p class='ocr_par' dir='ltr' id='par_1_17' title="bbox 175 1803 1754 1875">
     <span class='ocr_line' id='line_1_17' title="bbox 175 1803 1754 1875; baseline -0.002 -15"><span class='ocrx_word' id='word_1_121' title='bbox 175 1807 520 1875; x_wconf 81' lang='lat' dir='ltr'><strong>quarumdam</strong></span> <span class='ocrx_word' id='word_1_122' title='bbox 544 1807 816 1860; x_wconf 82' lang='lat' dir='ltr'><strong>actionum</strong></span> <span class='ocrx_word' id='word_1_123' title='bbox 849 1805 1068 1874; x_wconf 83' lang='lat' dir='ltr'><strong>ﬁguris,</strong></span> <span class='ocrx_word' id='word_1_124' title='bbox 1099 1803 1387 1859; x_wconf 89' lang='lat' dir='ltr'><strong>Salvatoris</strong></span> <span class='ocrx_word' id='word_1_125' title='bbox 1415 1803 1754 1873; x_wconf 87' lang='lat' dir='ltr'><strong>promittebat</strong></span> 
     </span>
    </p>
   </div>
   <div class='ocr_carea' id='block_1_18' title="bbox 181 1895 1757 1966">
    <p class='ocr_par' dir='ltr' id='par_1_18' title="bbox 181 1895 1757 1966">
     <span class='ocr_line' id='line_1_18' title="bbox 181 1895 1757 1966; baseline 0 -16"><span class='ocrx_word' id='word_1_126' title='bbox 181 1899 486 1962; x_wconf 76' lang='lat' dir='ltr'><strong>adventura,</strong></span> <span class='ocrx_word' id='word_1_127' title='bbox 511 1897 710 1953; x_wconf 88' lang='lat' dir='ltr'><strong>veritas</strong></span> <span class='ocrx_word' id='word_1_128' title='bbox 735 1895 874 1952; x_wconf 81' lang='lat' dir='ltr'><strong>facta</strong></span> <span class='ocrx_word' id='word_1_129' title='bbox 902 1905 983 1952; x_wconf 88' lang='lat' dir='ltr'><strong>est</strong></span> <span class='ocrx_word' id='word_1_130' title='bbox 1013 1913 1108 1966; x_wconf 90' lang='lat' dir='ltr'><strong>per</strong></span> <span class='ocrx_word' id='word_1_131' title='bbox 1129 1897 1309 1952; x_wconf 86' lang='lat' dir='ltr'><strong>Jesum</strong></span> <span class='ocrx_word' id='word_1_132' title='bbox 1335 1897 1626 1952; x_wconf 85' lang='lat' dir='ltr'><strong>Christum.</strong></span> <span class='ocrx_word' id='word_1_133' title='bbox 1650 1897 1757 1950; x_wconf 79' lang='lat' dir='ltr'><strong>Lea:</strong></span> 
     </span>
    </p>
   </div>
   <div class='ocr_carea' id='block_1_19' title="bbox 173 1990 1757 2062">
    <p class='ocr_par' dir='ltr' id='par_1_19' title="bbox 173 1990 1757 2062">
     <span class='ocr_line' id='line_1_19' title="bbox 173 1990 1757 2062; baseline -0.003 -16"><span class='ocrx_word' id='word_1_134' title='bbox 173 1993 308 2046; x_wconf 83' lang='lat' dir='ltr'><strong>enim</strong></span> <span class='ocrx_word' id='word_1_135' title='bbox 335 2009 426 2060; x_wconf 81' lang='lat' dir='ltr'><strong>per</strong></span> <span class='ocrx_word' id='word_1_136' title='bbox 447 1990 664 2062; x_wconf 71' lang='lat' dir='ltr'><strong>Moysen</strong></span> <span class='ocrx_word' id='word_1_137' title='bbox 696 1991 820 2042; x_wconf 82' lang='lat' dir='ltr'><strong>data</strong></span> <span class='ocrx_word' id='word_1_138' title='bbox 848 1999 918 2043; x_wconf 78' lang='lat' dir='ltr'><strong>est</strong></span> <span class='ocrx_word' id='word_1_139' title='bbox 940 2005 960 2054; x_wconf 87' lang='lat'><strong><em>;</em></strong></span> <span class='ocrx_word' id='word_1_140' title='bbox 981 1990 1162 2060; x_wconf 60' lang='lat' dir='ltr'><strong>&quot;gratia</strong></span> <span class='ocrx_word' id='word_1_141' title='bbox 1187 1999 1356 2042; x_wconf 88' lang='lat' dir='ltr'><strong>autem</strong></span> <span class='ocrx_word' id='word_1_142' title='bbox 1381 1998 1426 2041; x_wconf 89' lang='lat' dir='ltr'><strong>ct</strong></span> <span class='ocrx_word' id='word_1_143' title='bbox 1461 1990 1640 2042; x_wconf 77' lang='lat' dir='ltr'><strong>veritas</strong></span> <span class='ocrx_word' id='word_1_144' title='bbox 1668 2005 1757 2058; x_wconf 85' lang='lat' dir='ltr'><strong>per</strong></span> 
     </span>
    </p>
   </div>
   <div class='ocr_carea' id='block_1_20' title="bbox 173 2077 1756 2156">
    <p class='ocr_par' dir='ltr' id='par_1_20' title="bbox 173 2077 1756 2156">
     <span class='ocr_line' id='line_1_20' title="bbox 173 2077 1756 2156; baseline -0.003 -20"><span class='ocrx_word' id='word_1_145' title='bbox 173 2081 344 2156; x_wconf 66' lang='lat' dir='ltr'><strong>Iesum</strong></span> <span class='ocrx_word' id='word_1_146' title='bbox 374 2082 634 2136; x_wconf 75' lang='lat' dir='ltr'><strong>Christum</strong></span> <span class='ocrx_word' id='word_1_147' title='bbox 657 2085 794 2150; x_wconf 77' lang='lat' dir='ltr'><strong>facta</strong></span> <span class='ocrx_word' id='word_1_148' title='bbox 817 2089 888 2134; x_wconf 75' lang='lat' dir='ltr'><strong>est</strong></span> <span class='ocrx_word' id='word_1_149' title='bbox 927 2079 1103 2150; x_wconf 87' lang='lat' dir='ltr'><strong>(Joan.</strong></span> <span class='ocrx_word' id='word_1_150' title='bbox 1141 2079 1193 2146; x_wconf 28' lang='lat'><strong>1‘,</strong></span> <span class='ocrx_word' id='word_1_151' title='bbox 1227 2077 1336 2151; x_wconf 81' lang='grc'><strong>17).</strong></span> <span class='ocrx_word' id='word_1_152' title='bbox 1369 2079 1444 2132; x_wconf 85' lang='lat' dir='ltr'><strong>Ex</strong></span> <span class='ocrx_word' id='word_1_153' title='bbox 1474 2079 1626 2148; x_wconf 87' lang='lat' dir='ltr'><strong>cujus</strong></span> <span class='ocrx_word' id='word_1_154' title='bbox 1664 2079 1756 2132; x_wconf 88' lang='lat' dir='ltr'><strong>ad-</strong></span> 
     </span>
    </p>
   </div>
   <div class='ocr_carea' id='block_1_21' title="bbox 173 2167 1758 2242">
    <p class='ocr_par' dir='ltr' id='par_1_21' title="bbox 173 2167 1758 2242">
     <span class='ocr_line' id='line_1_21' title="bbox 173 2167 1758 2242; baseline -0.001 -18"><span class='ocrx_word' id='word_1_155' title='bbox 173 2182 328 2228; x_wconf 80' lang='lat' dir='ltr'><strong>ventu</strong></span> <span class='ocrx_word' id='word_1_156' title='bbox 349 2173 464 2241; x_wconf 83' lang='lat' dir='ltr'><strong>jam</strong></span> <span class='ocrx_word' id='word_1_157' title='bbox 493 2189 718 2242; x_wconf 88' lang='lat' dir='ltr'><strong>regnum</strong></span> <span class='ocrx_word' id='word_1_158' title='bbox 749 2172 844 2226; x_wconf 91' lang='lat' dir='ltr'><strong>Dei</strong></span> <span class='ocrx_word' id='word_1_159' title='bbox 869 2173 1032 2242; x_wconf 70' lang='lat' dir='ltr'><strong>erepit</strong></span> <span class='ocrx_word' id='word_1_160' title='bbox 1061 2171 1365 2225; x_wconf 88' lang='lat' dir='ltr'><strong>annuntiari</strong></span> <span class='ocrx_word' id='word_1_161' title='bbox 1391 2187 1403 2223; x_wconf 91' lang='lat'>:</span> <span class='ocrx_word' id='word_1_162' title='bbox 1437 2173 1558 2240; x_wconf 87' lang='lat' dir='ltr'><strong>quia</strong></span> <span class='ocrx_word' id='word_1_163' title='bbox 1585 2167 1692 2223; x_wconf 75' lang='lat' dir='ltr'><strong>Lex</strong></span> <span class='ocrx_word' id='word_1_164' title='bbox 1711 2181 1758 2223; x_wconf 83' lang='lat' dir='ltr'><strong>ct</strong></span> 
     </span>
    </p>
   </div>
   <div class='ocr_carea' id='block_1_22' title="bbox 175 2263 1752 2335">
    <p class='ocr_par' dir='ltr' id='par_1_22' title="bbox 175 2263 1752 2335">
     <span class='ocr_line' id='line_1_22' title="bbox 175 2263 1752 2335; baseline -0.001 -17"><span class='ocrx_word' id='word_1_165' title='bbox 175 2265 446 2335; x_wconf 75' lang='lat' dir='ltr'><strong>Prophetre</strong></span> <span class='ocrx_word' id='word_1_166' title='bbox 463 2280 626 2333; x_wconf 72' lang='lat' dir='ltr'><strong>usque</strong></span> <span class='ocrx_word' id='word_1_167' title='bbox 645 2265 714 2318; x_wconf 81' lang='lat' dir='ltr'><strong>ad</strong></span> <span class='ocrx_word' id='word_1_168' title='bbox 740 2263 1030 2328; x_wconf 78' lang='lat' dir='ltr'><strong>Joannem;</strong></span> <span class='ocrx_word' id='word_1_169' title='bbox 1057 2263 1162 2318; x_wconf 75' lang='lat' dir='ltr'><strong>Lex</strong></span> <span class='ocrx_word' id='word_1_170' title='bbox 1197 2273 1251 2317; x_wconf 94' lang='lat' dir='ltr'><strong>ut</strong></span> <span class='ocrx_word' id='word_1_171' title='bbox 1279 2278 1399 2318; x_wconf 89' lang='lat' dir='ltr'><strong>reos</strong></span> <span class='ocrx_word' id='word_1_172' title='bbox 1424 2263 1640 2328; x_wconf 78' lang='lat' dir='ltr'><strong>faceret,</strong></span> <span class='ocrx_word' id='word_1_173' title='bbox 1666 2263 1752 2332; x_wconf 90' lang='lat' dir='ltr'><strong>qui</strong></span> 
     </span>
    </p>
   </div>
   <div class='ocr_carea' id='block_1_23' title="bbox 175 2355 1756 2424">
    <p class='ocr_par' dir='ltr' id='par_1_23' title="bbox 175 2355 1756 2424">
     <span class='ocr_line' id='line_1_23' title="bbox 175 2355 1756 2424; baseline -0.002 -13"><span class='ocrx_word' id='word_1_174' title='bbox 175 2357 544 2412; x_wconf 73' lang='lat' dir='ltr'><strong>desiderarent</strong></span> <span class='ocrx_word' id='word_1_175' title='bbox 599 2356 862 2420; x_wconf 75' lang='lat' dir='ltr'><strong>salutem;</strong></span> <span class='ocrx_word' id='word_1_176' title='bbox 919 2355 1236 2424; x_wconf 62' lang='lat' dir='ltr'><strong>Propheta},</strong></span> <span class='ocrx_word' id='word_1_177' title='bbox 1287 2365 1346 2408; x_wconf 91' lang='lat' dir='ltr'><strong>ut</strong></span> <span class='ocrx_word' id='word_1_178' title='bbox 1389 2357 1756 2424; x_wconf 82' lang='lat' dir='ltr'><strong>promitterent</strong></span> 
     </span>
    </p>
   </div>
   <div class='ocr_carea' id='block_1_24' title="bbox 176 2443 1754 2523">
    <p class='ocr_par' dir='ltr' id='par_1_24' title="bbox 176 2443 1754 2523">
     <span class='ocr_line' id='line_1_24' title="bbox 176 2443 1754 2523; baseline -0.003 -21"><span class='ocrx_word' id='word_1_179' title='bbox 176 2447 532 2523; x_wconf 65' lang='lat' dir='ltr'><strong>Salvator-em.</strong></span> <span class='ocrx_word' id='word_1_180' title='bbox 577 2447 842 2502; x_wconf 59' lang='lat' dir='ltr'><strong>Caeterum</strong></span> <span class='ocrx_word' id='word_1_181' title='bbox 875 2446 1162 2516; x_wconf 79' lang='lat' dir='ltr'><strong>prophetas</strong></span> <span class='ocrx_word' id='word_1_182' title='bbox 1188 2445 1320 2510; x_wconf 85' lang='lat' dir='ltr'><strong>alios</strong></span> <span class='ocrx_word' id='word_1_183' title='bbox 1346 2443 1611 2500; x_wconf 73' lang='lat' dir='ltr'><strong>exstitisse</strong></span> <span class='ocrx_word' id='word_1_184' title='bbox 1633 2446 1754 2514; x_wconf 60' lang='lat' dir='ltr'><strong>“jam</strong></span> 
     </span>
    </p>
   </div>
   <div class='ocr_carea' id='block_1_25' title="bbox 173 2523 1756 2608">
    <p class='ocr_par' dir='ltr' id='par_1_25' title="bbox 173 2523 1756 2608">
     <span class='ocr_line' id='line_1_25' title="bbox 173 2523 1756 2608; baseline -0.001 -16"><span class='ocrx_word' id='word_1_185' title='bbox 173 2540 222 2593; x_wconf 83' lang='lat' dir='ltr'><strong>in</strong></span> <span class='ocrx_word' id='word_1_186' title='bbox 249 2541 492 2596; x_wconf 82' lang='lat' dir='ltr'><strong>Ecclesia</strong></span> <span class='ocrx_word' id='word_1_187' title='bbox 535 2549 656 2608; x_wconf 89' lang='lat' dir='ltr'><strong>post</strong></span> <span class='ocrx_word' id='word_1_188' title='bbox 699 2539 1066 2596; x_wconf 83' lang='lat' dir='ltr'><strong>ascensionem</strong></span> <span class='ocrx_word' id='word_1_189' title='bbox 1096 2523 1293 2592; x_wconf 82' lang='lat' dir='ltr'><strong>Christi</strong></span> <span class='ocrx_word' id='word_1_190' title='bbox 1319 2579 1334 2604; x_wconf 92' lang='lat'><strong>,</strong></span> <span class='ocrx_word' id='word_1_191' title='bbox 1363 2537 1482 2606; x_wconf 86' lang='lat' dir='ltr'><strong>quis</strong></span> <span class='ocrx_word' id='word_1_192' title='bbox 1511 2537 1756 2592; x_wconf 77' lang='lat' dir='ltr'><strong>nesciat?</strong></span> 
     </span>
    </p>
   </div>
   <div class='ocr_carea' id='block_1_26' title="bbox 175 2627 1754 2701">
    <p class='ocr_par' dir='ltr' id='par_1_26' title="bbox 175 2627 1754 2701">
     <span class='ocr_line' id='line_1_26' title="bbox 175 2627 1754 2701; baseline -0.008 -15"><span class='ocrx_word' id='word_1_193' title='bbox 175 2632 244 2686; x_wconf 87' lang='lat' dir='ltr'><strong>De</strong></span> <span class='ocrx_word' id='word_1_194' title='bbox 269 2632 468 2701; x_wconf 84' lang='lat' dir='ltr'><strong>quibus</strong></span> <span class='ocrx_word' id='word_1_195' title='bbox 501 2632 698 2685; x_wconf 81' lang='lat' dir='ltr'><strong>Paulus</strong></span> <span class='ocrx_word' id='word_1_196' title='bbox 728 2631 856 2686; x_wconf 88' lang='lat' dir='ltr'><strong>dicit</strong></span> <span class='ocrx_word' id='word_1_197' title='bbox 885 2647 896 2682; x_wconf 89' lang='lat'><strong>:</strong></span> <span class='ocrx_word' id='word_1_198' title='bbox 931 2629 994 2682; x_wconf 86' lang='lat' dir='ltr'><strong>Et</strong></span> <span class='ocrx_word' id='word_1_199' title='bbox 1023 2630 1265 2700; x_wconf 84' lang='lat' dir='ltr'><strong>quosdam</strong></span> <span class='ocrx_word' id='word_1_200' title='bbox 1291 2629 1541 2682; x_wconf 77' lang='lat' dir='ltr'><strong>constituit</strong></span> <span class='ocrx_word' id='word_1_201' title='bbox 1565 2629 1618 2680; x_wconf 86' lang='lat' dir='ltr'><strong>in</strong></span> <span class='ocrx_word' id='word_1_202' title='bbox 1649 2627 1754 2681; x_wconf 75' lang='lat' dir='ltr'><strong>Ec.</strong></span> 
     </span>
    </p>
   </div>
   <div class='ocr_carea' id='block_1_27' title="bbox 169 2718 1756 2794">
    <p class='ocr_par' dir='ltr' id='par_1_27' title="bbox 169 2718 1756 2794">
     <span class='ocr_line' id='line_1_27' title="bbox 169 2718 1756 2794; baseline -0.004 -18"><span class='ocrx_word' id='word_1_203' title='bbox 169 2721 348 2788; x_wconf 73' lang='lat' dir='ltr'><strong>elata,-</strong></span> <span class='ocrx_word' id='word_1_204' title='bbox 376 2723 597 2790; x_wconf 82' lang='lat' dir='ltr'><strong>primum</strong></span> <span class='ocrx_word' id='word_1_205' title='bbox 621 2721 897 2792; x_wconf 74' lang='lat' dir='ltr'><strong>apostolos,</strong></span> <span class='ocrx_word' id='word_1_206' title='bbox 919 2720 1120 2794; x_wconf 69' lang='lat' dir='ltr'><strong>&quot;deinde</strong></span> <span class='ocrx_word' id='word_1_207' title='bbox 1150 2721 1420 2788; x_wconf 50' lang='lat' dir='ltr'><strong>proli/tetas</strong></span> <span class='ocrx_word' id='word_1_208' title='bbox 1443 2718 1756 2782; x_wconf 69' lang='lat' dir='ltr'><strong>,&quot;tcrtio’do—</strong></span> 
     </span>
    </p>
   </div>
   <div class='ocr_carea' id='block_1_28' title="bbox 169 2809 1756 2883">
    <p class='ocr_par' dir='ltr' id='par_1_28' title="bbox 169 2809 1756 2883">
     <span class='ocr_line' id='line_1_28' title="bbox 169 2809 1756 2883; baseline -0.003 -17"><span class='ocrx_word' id='word_1_209' title='bbox 169 2825 326 2868; x_wconf 67' lang='lat' dir='ltr'><strong>ctare;</strong></span> <span class='ocrx_word' id='word_1_210' title='bbox 359 2815 402 2882; x_wconf 91' lang='lat' dir='ltr'><strong>(l</strong></span> <span class='ocrx_word' id='word_1_211' title='bbox 433 2812 556 2868; x_wconf 89' lang='lat' dir='ltr'><strong>Cor.</strong></span> <span class='ocrx_word' id='word_1_212' title='bbox 587 2829 680 2874; x_wconf 78' lang='lat' dir='ltr'><strong>xu,</strong></span> <span class='ocrx_word' id='word_1_213' title='bbox 707 2809 802 2883; x_wconf 71' lang='lat'><strong>28)</strong></span> <span class='ocrx_word' id='word_1_214' title='bbox 828 2853 842 2878; x_wconf 96' lang='lat'><strong>,</strong></span> <span class='ocrx_word' id='word_1_215' title='bbox 874 2820 926 2866; x_wconf 93' lang='lat' dir='ltr'><strong>et</strong></span> <span class='ocrx_word' id='word_1_216' title='bbox 947 2819 1160 2866; x_wconf 64' lang='lat' dir='ltr'><strong>caetera.</strong></span> <span class='ocrx_word' id='word_1_217' title='bbox 1206 2809 1318 2862; x_wconf 85' lang='lat' dir='ltr'><strong>Non</strong></span> <span class='ocrx_word' id='word_1_218' title='bbox 1363 2811 1536 2878; x_wconf 83' lang='lat' dir='ltr'><strong>itaque</strong></span> <span class='ocrx_word' id='word_1_219' title='bbox 1562 2809 1628 2863; x_wconf 90' lang='lat' dir='ltr'><strong>de</strong></span> <span class='ocrx_word' id='word_1_220' title='bbox 1655 2809 1756 2862; x_wconf 85' lang='lat' dir='ltr'><strong>illis</strong></span> 
     </span>
    </p>
   </div>
   <div class='ocr_carea' id='block_1_29' title="bbox 163 2897 1755 2970">
    <p class='ocr_par' dir='ltr' id='par_1_29' title="bbox 163 2897 1755 2970">
     <span class='ocr_line' id='line_1_29' title="bbox 163 2897 1755 2970; baseline -0.003 -12"><span class='ocrx_word' id='word_1_221' title='bbox 163 2903 372 2970; x_wconf 73' lang='lat' dir='ltr'><strong>dierum</strong></span> <span class='ocrx_word' id='word_1_222' title='bbox 407 2913 490 2958; x_wconf 87' lang='lat' dir='ltr'><strong>est</strong></span> <span class='ocrx_word' id='word_1_223' title='bbox 507 2945 523 2970; x_wconf 93' lang='lat'><strong>,</strong></span> <span class='ocrx_word' id='word_1_224' title='bbox 557 2902 666 2957; x_wconf 67' lang='lat' dir='ltr'><strong>Lex</strong></span> <span class='ocrx_word' id='word_1_225' title='bbox 691 2912 738 2956; x_wconf 89' lang='lat' dir='ltr'><strong>et</strong></span> <span class='ocrx_word' id='word_1_226' title='bbox 769 2900 1040 2970; x_wconf 69' lang='lat' dir='ltr'><strong>PrOphetar</strong></span> <span class='ocrx_word' id='word_1_227' title='bbox 1063 2917 1217 2968; x_wconf 66' lang='lat' dir='ltr'><strong>usque</strong></span> <span class='ocrx_word' id='word_1_228' title='bbox 1241 2899 1308 2952; x_wconf 80' lang='lat' dir='ltr'><strong>ad</strong></span> <span class='ocrx_word' id='word_1_229' title='bbox 1337 2897 1590 2954; x_wconf 84' lang='lat' dir='ltr'><strong>Joannem</strong></span> <span class='ocrx_word' id='word_1_230' title='bbox 1618 2915 1637 2952; x_wconf 89' lang='lat'><strong><em>:</em></strong></span> <span class='ocrx_word' id='word_1_231' title='bbox 1661 2899 1755 2954; x_wconf 84' lang='lat' dir='ltr'><strong>sed</strong></span> 
     </span>
    </p>
   </div>
   <div class='ocr_carea' id='block_1_30' title="bbox 169 2991 1754 3065">
    <p class='ocr_par' dir='ltr' id='par_1_30' title="bbox 169 2991 1754 3065">
     <span class='ocr_line' id='line_1_30' title="bbox 169 2991 1754 3065; baseline -0.003 -14"><span class='ocrx_word' id='word_1_232' title='bbox 169 2995 232 3051; x_wconf 86' lang='lat' dir='ltr'><strong>de</strong></span> <span class='ocrx_word' id='word_1_233' title='bbox 275 2997 347 3050; x_wconf 90' lang='lat' dir='ltr'><strong>iis</strong></span> <span class='ocrx_word' id='word_1_234' title='bbox 395 2997 484 3065; x_wconf 90' lang='lat' dir='ltr'><strong>qui</strong></span> <span class='ocrx_word' id='word_1_235' title='bbox 537 2995 768 3064; x_wconf 87' lang='lat' dir='ltr'><strong>primum</strong></span> <span class='ocrx_word' id='word_1_236' title='bbox 813 2993 1012 3048; x_wconf 87' lang='lat' dir='ltr'><strong>Christi</strong></span> <span class='ocrx_word' id='word_1_237' title='bbox 1061 2992 1347 3048; x_wconf 84' lang='lat' dir='ltr'><strong>adventum</strong></span> <span class='ocrx_word' id='word_1_238' title='bbox 1401 2991 1754 3062; x_wconf 84' lang='lat' dir='ltr'><strong>prephetave-</strong></span> 
     </span>
    </p>
   </div>
   <div class='ocr_carea' id='block_1_31' title="bbox 171 3083 1756 3158">
    <p class='ocr_par' dir='ltr' id='par_1_31' title="bbox 171 3083 1756 3158">
     <span class='ocr_line' id='line_1_31' title="bbox 171 3083 1756 3158; baseline -0.004 -16"><span class='ocrx_word' id='word_1_239' title='bbox 171 3099 328 3154; x_wconf 84' lang='lat' dir='ltr'><strong>runt;</strong></span> <span class='ocrx_word' id='word_1_240' title='bbox 364 3091 456 3158; x_wconf 92' lang='lat' dir='ltr'><strong>qui</strong></span> <span class='ocrx_word' id='word_1_241' title='bbox 487 3087 748 3140; x_wconf 75' lang='lat' dir='ltr'><strong>adventus</strong></span> <span class='ocrx_word' id='word_1_242' title='bbox 772 3085 1018 3154; x_wconf 90' lang='lat' dir='ltr'><strong>impletus</strong></span> <span class='ocrx_word' id='word_1_243' title='bbox 1042 3099 1150 3138; x_wconf 91' lang='lat' dir='ltr'><strong>non</strong></span> <span class='ocrx_word' id='word_1_244' title='bbox 1174 3084 1354 3154; x_wconf 85' lang='lat' dir='ltr'><strong>utique</strong></span> <span class='ocrx_word' id='word_1_245' title='bbox 1379 3083 1552 3138; x_wconf 86' lang='lat' dir='ltr'><strong>adhuc</strong></span> <span class='ocrx_word' id='word_1_246' title='bbox 1575 3091 1756 3152; x_wconf 89' lang='lat' dir='ltr'><strong>posset</strong></span> 
     </span>
    </p>
   </div>
   <div class='ocr_carea' id='block_1_32' title="bbox 171 3180 1620 3250">
    <p class='ocr_par' dir='ltr' id='par_1_32' title="bbox 171 3180 1620 3250">
     <span class='ocr_line' id='line_1_32' title="bbox 171 3180 1620 3250; baseline -0.002 -18"><span class='ocrx_word' id='word_1_247' title='bbox 171 3180 504 3250; x_wconf 80' lang='lat' dir='ltr'><strong>proplrctari.</strong></span> <span class='ocrx_word' id='word_1_248' title='bbox 959 3195 962 3198; x_wconf 69' lang='grc'><strong>’</strong></span> <span class='ocrx_word' id='word_1_249' title='bbox 1545 3189 1560 3208; x_wconf 77' lang='lat'><strong>‘-</strong></span> <span class='ocrx_word' id='word_1_250' title='bbox 1615 3185 1620 3190; x_wconf 90' lang='lat'>&#39;</span> 
     </span>
    </p>
   </div>
   <div class='ocr_carea' id='block_1_33' title="bbox 233 3267 1754 3338">
    <p class='ocr_par' dir='ltr' id='par_1_33' title="bbox 233 3267 1754 3338">
     <span class='ocr_line' id='line_1_33' title="bbox 233 3267 1754 3338; baseline -0.004 -10"><span class='ocrx_word' id='word_1_251' title='bbox 233 3270 474 3328; x_wconf 76' lang='lat' dir='ltr'><strong>CM&#39;UT</strong></span> <span class='ocrx_word' id='word_1_252' title='bbox 508 3269 596 3324; x_wconf 77' lang='grc' dir='ltr'><strong>[Χ.</strong></span> <span class='ocrx_word' id='word_1_253' title='bbox 617 3299 690 3308; x_wconf 91' lang='lat'><strong>—-</strong></span> <span class='ocrx_word' id='word_1_254' title='bbox 711 3268 962 3335; x_wconf 87' lang='lat' dir='ltr'><strong>Proinde,</strong></span> <span class='ocrx_word' id='word_1_255' title='bbox 989 3283 1108 3322; x_wconf 92' lang='lat' dir='ltr'><strong>cum</strong></span> <span class='ocrx_word' id='word_1_256' title='bbox 1141 3267 1360 3338; x_wconf 66' lang='lat' dir='ltr'><strong>quieris,</strong></span> <span class='ocrx_word' id='word_1_257' title='bbox 1391 3283 1489 3321; x_wconf 71' lang='lat' dir='ltr'><strong>cur</strong></span> <span class='ocrx_word' id='word_1_258' title='bbox 1517 3267 1626 3337; x_wconf 87' lang='lat' dir='ltr'><strong>jam</strong></span> <span class='ocrx_word' id='word_1_259' title='bbox 1651 3283 1754 3322; x_wconf 89' lang='lat' dir='ltr'><strong>non</strong></span> 
     </span>
    </p>
   </div>
   <div class='ocr_carea' id='block_1_34' title="bbox 167 3356 1756 3432">
    <p class='ocr_par' dir='ltr' id='par_1_34' title="bbox 167 3356 1756 3432">
     <span class='ocr_line' id='line_1_34' title="bbox 167 3356 1756 3432; baseline -0.002 -16"><span class='ocrx_word' id='word_1_260' title='bbox 167 3360 585 3432; x_wconf 81' lang='lat' dir='ltr'><strong>circumcidatur</strong></span> <span class='ocrx_word' id='word_1_261' title='bbox 610 3357 1154 3424; x_wconf 88' lang='lat' dir='ltr'><strong>carneChristianus,</strong></span> <span class='ocrx_word' id='word_1_262' title='bbox 1183 3358 1227 3412; x_wconf 91' lang='lat' dir='ltr'><strong>si</strong></span> <span class='ocrx_word' id='word_1_263' title='bbox 1258 3356 1503 3414; x_wconf 83' lang='lat' dir='ltr'><strong>Christus</strong></span> <span class='ocrx_word' id='word_1_264' title='bbox 1531 3374 1636 3413; x_wconf 90' lang='lat' dir='ltr'><strong>non</strong></span> <span class='ocrx_word' id='word_1_265' title='bbox 1667 3375 1756 3413; x_wconf 83' lang='lat' dir='ltr'><strong>ve-</strong></span> 
     </span>
    </p>
   </div>
   <div class='ocr_carea' id='block_1_35' title="bbox 169 3450 1756 3524">
    <p class='ocr_par' dir='ltr' id='par_1_35' title="bbox 169 3450 1756 3524">
     <span class='ocr_line' id='line_1_35' title="bbox 169 3450 1756 3524; baseline -0.003 -16"><span class='ocrx_word' id='word_1_266' title='bbox 169 3457 240 3508; x_wconf 87' lang='lat' dir='ltr'><strong>nit</strong></span> <span class='ocrx_word' id='word_1_267' title='bbox 269 3455 479 3524; x_wconf 78' lang='lat' dir='ltr'><strong>Legem</strong></span> <span class='ocrx_word' id='word_1_268' title='bbox 516 3452 722 3508; x_wconf 86' lang='lat' dir='ltr'><strong>solvere</strong></span> <span class='ocrx_word' id='word_1_269' title='bbox 741 3494 757 3518; x_wconf 94' lang='lat'><strong>,</strong></span> <span class='ocrx_word' id='word_1_270' title='bbox 787 3451 882 3507; x_wconf 86' lang='lat' dir='ltr'><strong>sed</strong></span> <span class='ocrx_word' id='word_1_271' title='bbox 909 3451 1202 3522; x_wconf 87' lang='lat' dir='ltr'><strong>adimplere</strong></span> <span class='ocrx_word' id='word_1_272' title='bbox 1237 3470 1249 3505; x_wconf 95' lang='lat'>:</span> <span class='ocrx_word' id='word_1_273' title='bbox 1284 3450 1614 3520; x_wconf 82' lang='lat' dir='ltr'><strong>respondeo,</strong></span> <span class='ocrx_word' id='word_1_274' title='bbox 1645 3450 1756 3504; x_wconf 88' lang='lat' dir='ltr'><strong>lmo</strong></span> 
     </span>
    </p>
   </div>
   <div class='ocr_carea' id='block_1_36' title="bbox 167 3541 1753 3620">
    <p class='ocr_par' dir='ltr' id='par_1_36' title="bbox 167 3541 1753 3620">
     <span class='ocr_line' id='line_1_36' title="bbox 167 3541 1753 3620; baseline -0.003 -20"><span class='ocrx_word' id='word_1_275' title='bbox 167 3547 280 3600; x_wconf 81' lang='lat' dir='ltr'><strong>ideo</strong></span> <span class='ocrx_word' id='word_1_276' title='bbox 305 3547 428 3614; x_wconf 82' lang='lat' dir='ltr'><strong>jam</strong></span> <span class='ocrx_word' id='word_1_277' title='bbox 460 3559 564 3598; x_wconf 87' lang='lat' dir='ltr'><strong>non</strong></span> <span class='ocrx_word' id='word_1_278' title='bbox 593 3541 992 3598; x_wconf 86' lang='lat' dir='ltr'><strong>circumciditur</strong></span> <span class='ocrx_word' id='word_1_279' title='bbox 1013 3543 1362 3620; x_wconf 83' lang='lat' dir='ltr'><strong>Christianus,</strong></span> <span class='ocrx_word' id='word_1_280' title='bbox 1392 3543 1518 3612; x_wconf 78' lang='lat' dir='ltr'><strong>quia</strong></span> <span class='ocrx_word' id='word_1_281' title='bbox 1537 3543 1588 3597; x_wconf 90' lang='lat' dir='ltr'><strong>id</strong></span> <span class='ocrx_word' id='word_1_282' title='bbox 1615 3543 1753 3612; x_wconf 86' lang='lat' dir='ltr'><strong>quod</strong></span> 
     </span>
    </p>
   </div>
   <div class='ocr_carea' id='block_1_37' title="bbox 165 3635 1754 3708">
    <p class='ocr_par' dir='ltr' id='par_1_37' title="bbox 165 3635 1754 3708">
     <span class='ocr_line' id='line_1_37' title="bbox 165 3635 1754 3708; baseline -0.002 -15"><span class='ocrx_word' id='word_1_283' title='bbox 165 3639 362 3708; x_wconf 77' lang='lat' dir='ltr'><strong>eadem</strong></span> <span class='ocrx_word' id='word_1_284' title='bbox 389 3637 815 3708; x_wconf 66' lang='lat' dir='ltr'><strong>circumcisione</strong></span> <span class='ocrx_word' id='word_1_285' title='bbox 861 3635 1314 3705; x_wconf 88' lang='lat' dir='ltr'><strong>prophetabatnr,</strong></span> <span class='ocrx_word' id='word_1_286' title='bbox 1355 3635 1464 3704; x_wconf 89' lang='lat' dir='ltr'><strong>jam</strong></span> <span class='ocrx_word' id='word_1_287' title='bbox 1510 3635 1754 3690; x_wconf 89' lang='lat' dir='ltr'><strong>Christus</strong></span> 
     </span>
    </p>
   </div>
   <div class='ocr_carea' id='block_1_38' title="bbox 169 3725 1755 3799">
    <p class='ocr_par' dir='ltr' id='par_1_38' title="bbox 169 3725 1755 3799">
     <span class='ocr_line' id='line_1_38' title="bbox 169 3725 1755 3799; baseline -0.001 -17"><span class='ocrx_word' id='word_1_288' title='bbox 169 3728 440 3799; x_wconf 82' lang='lat' dir='ltr'><strong>implevit.</strong></span> <span class='ocrx_word' id='word_1_289' title='bbox 475 3726 802 3796; x_wconf 77' lang='lat' dir='ltr'><strong>Exspoliatio</strong></span> <span class='ocrx_word' id='word_1_290' title='bbox 823 3727 964 3780; x_wconf 89' lang='lat' dir='ltr'><strong>enim</strong></span> <span class='ocrx_word' id='word_1_291' title='bbox 987 3726 1218 3780; x_wconf 87' lang='lat' dir='ltr'><strong>carnalis</strong></span> <span class='ocrx_word' id='word_1_292' title='bbox 1237 3725 1610 3796; x_wconf 80' lang='lat' dir='ltr'><strong>generationis,</strong></span> <span class='ocrx_word' id='word_1_293' title='bbox 1636 3742 1755 3795; x_wconf 77' lang='lat' dir='ltr'><strong>qua:</strong></span> 
     </span>
    </p>
   </div>
   <div class='ocr_carea' id='block_1_39' title="bbox 167 3815 1753 3887">
    <p class='ocr_par' dir='ltr' id='par_1_39' title="bbox 167 3815 1753 3887">
     <span class='ocr_line' id='line_1_39' title="bbox 167 3815 1753 3887; baseline 0 -15"><span class='ocrx_word' id='word_1_294' title='bbox 167 3821 214 3872; x_wconf 87' lang='lat' dir='ltr'><strong>in</strong></span> <span class='ocrx_word' id='word_1_295' title='bbox 245 3821 352 3874; x_wconf 89' lang='lat' dir='ltr'><strong>illo</strong></span> <span class='ocrx_word' id='word_1_296' title='bbox 401 3817 544 3871; x_wconf 79' lang='lat' dir='ltr'><strong>facto</strong></span> <span class='ocrx_word' id='word_1_297' title='bbox 579 3815 901 3887; x_wconf 87' lang='lat' dir='ltr'><strong>ﬁgurabatur</strong></span> <span class='ocrx_word' id='word_1_298' title='bbox 923 3856 938 3879; x_wconf 89' lang='lat'><strong>,</strong></span> <span class='ocrx_word' id='word_1_299' title='bbox 981 3815 1090 3884; x_wconf 84' lang='lat' dir='ltr'><strong>jam</strong></span> <span class='ocrx_word' id='word_1_300' title='bbox 1127 3817 1322 3870; x_wconf 82' lang='lat' dir='ltr'><strong>Christi</strong></span> <span class='ocrx_word' id='word_1_301' title='bbox 1363 3817 1753 3876; x_wconf 79' lang='lat' dir='ltr'><strong>resurrectione</strong></span> 
     </span>
    </p>
   </div>
   <div class='ocr_carea' id='block_1_40' title="bbox 163 3893 1753 3981">
    <p class='ocr_par' dir='ltr' id='par_1_40' title="bbox 163 3893 1753 3981">
     <span class='ocr_line' id='line_1_40' title="bbox 163 3893 1753 3981; baseline -0.001 -17"><span class='ocrx_word' id='word_1_302' title='bbox 163 3911 464 3981; x_wconf 80' lang='lat' dir='ltr'><strong>adimpleta</strong></span> <span class='ocrx_word' id='word_1_303' title='bbox 500 3918 618 3964; x_wconf 89' lang='lat' dir='ltr'><strong>est:</strong></span> <span class='ocrx_word' id='word_1_304' title='bbox 651 3908 790 3980; x_wconf 89' lang='lat' dir='ltr'><strong>quod</strong></span> <span class='ocrx_word' id='word_1_305' title='bbox 834 3917 888 3962; x_wconf 88' lang='lat' dir='ltr'><strong>et</strong></span> <span class='ocrx_word' id='word_1_306' title='bbox 927 3909 984 3964; x_wconf 87' lang='lat' dir='ltr'><strong>in</strong></span> <span class='ocrx_word' id='word_1_307' title='bbox 1027 3917 1206 3964; x_wconf 90' lang='lat' dir='ltr'><strong>nostra</strong></span> <span class='ocrx_word' id='word_1_308' title='bbox 1229 3893 1634 3968; x_wconf 73' lang='lat' dir='ltr'><strong>iresnrrectione</strong></span> <span class='ocrx_word' id='word_1_309' title='bbox 1670 3909 1753 3962; x_wconf 79' lang='lat' dir='ltr'><strong>l&#39;u—</strong></span> 
     </span>
    </p>
   </div>
   <div class='ocr_carea' id='block_1_41' title="bbox 165 4001 1754 4072">
    <p class='ocr_par' dir='ltr' id='par_1_41' title="bbox 165 4001 1754 4072">
     <span class='ocr_line' id='line_1_41' title="bbox 165 4001 1754 4072; baseline -0.002 -13"><span class='ocrx_word' id='word_1_310' title='bbox 165 4013 348 4060; x_wconf 84' lang='lat' dir='ltr'><strong>turum</strong></span> <span class='ocrx_word' id='word_1_311' title='bbox 375 4010 720 4072; x_wconf 79' lang='lat' dir='ltr'><strong>sacramento</strong></span> <span class='ocrx_word' id='word_1_312' title='bbox 747 4001 1002 4071; x_wconf 87' lang='lat' dir='ltr'><strong>Baptismi</strong></span> <span class='ocrx_word' id='word_1_313' title='bbox 1030 4001 1452 4056; x_wconf 87' lang='lat' dir='ltr'><strong>commendatur.</strong></span> <span class='ocrx_word' id='word_1_314' title='bbox 1483 4001 1616 4056; x_wconf 88' lang='lat' dir='ltr'><strong>Nam</strong></span> <span class='ocrx_word' id='word_1_315' title='bbox 1661 4017 1754 4056; x_wconf 85' lang='lat' dir='ltr'><strong>ne-</strong></span> 
     </span>
    </p>
   </div>
   <div class='ocr_carea' id='block_1_42' title="bbox 165 4091 1748 4166">
    <p class='ocr_par' dir='ltr' id='par_1_42' title="bbox 165 4091 1748 4166">
     <span class='ocr_line' id='line_1_42' title="bbox 165 4091 1748 4166; baseline -0.003 -16"><span class='ocrx_word' id='word_1_316' title='bbox 165 4111 262 4166; x_wconf 80' lang='lat' dir='ltr'><strong>que</strong></span> <span class='ocrx_word' id='word_1_317' title='bbox 295 4095 524 4166; x_wconf 68' lang='lat' dir='ltr'><strong>penitus</strong></span> <span class='ocrx_word' id='word_1_318' title='bbox 559 4091 754 4148; x_wconf 84' lang='lat' dir='ltr'><strong>auferri</strong></span> <span class='ocrx_word' id='word_1_319' title='bbox 781 4092 962 4148; x_wconf 87' lang='lat' dir='ltr'><strong>debuit</strong></span> <span class='ocrx_word' id='word_1_320' title='bbox 991 4108 1140 4146; x_wconf 74' lang='lat' dir='ltr'><strong>nova:</strong></span> <span class='ocrx_word' id='word_1_321' title='bbox 1169 4093 1290 4147; x_wconf 76' lang='lat' dir='ltr'><strong>vita:</strong></span> <span class='ocrx_word' id='word_1_322' title='bbox 1315 4099 1705 4150; x_wconf 84' lang='lat' dir='ltr'><strong>sacramentum</strong></span> <span class='ocrx_word' id='word_1_323' title='bbox 1733 4134 1748 4160; x_wconf 91' lang='lat'><strong>,</strong></span> 
     </span>
    </p>
   </div>
   <div class='ocr_carea' id='block_1_43' title="bbox 167 4183 1753 4254">
    <p class='ocr_par' dir='ltr' id='par_1_43' title="bbox 167 4183 1753 4254">
     <span class='ocr_line' id='line_1_43' title="bbox 167 4183 1753 4254; baseline -0.002 -13"><span class='ocrx_word' id='word_1_324' title='bbox 167 4189 284 4254; x_wconf 82' lang='lat' dir='ltr'><strong>quia</strong></span> <span class='ocrx_word' id='word_1_325' title='bbox 313 4193 499 4241; x_wconf 82' lang='lat' dir='ltr'><strong>restat</strong></span> <span class='ocrx_word' id='word_1_326' title='bbox 523 4185 691 4240; x_wconf 86' lang='lat' dir='ltr'><strong>adhuc</strong></span> <span class='ocrx_word' id='word_1_327' title='bbox 716 4186 764 4238; x_wconf 90' lang='lat' dir='ltr'><strong>in</strong></span> <span class='ocrx_word' id='word_1_328' title='bbox 797 4185 948 4238; x_wconf 89' lang='lat' dir='ltr'><strong>nobis</strong></span> <span class='ocrx_word' id='word_1_329' title='bbox 975 4183 1148 4238; x_wconf 81' lang='lat' dir='ltr'><strong>futura</strong></span> <span class='ocrx_word' id='word_1_330' title='bbox 1169 4187 1492 4238; x_wconf 88' lang='lat' dir='ltr'><strong>resurrectio</strong></span> <span class='ocrx_word' id='word_1_331' title='bbox 1517 4189 1753 4238; x_wconf 86' lang='lat' dir='ltr'><strong>mortuo-</strong></span> 
     </span>
    </p>
   </div>
   <div class='ocr_carea' id='block_1_44' title="bbox 167 4273 1754 4345">
    <p class='ocr_par' dir='ltr' id='par_1_44' title="bbox 167 4273 1754 4345">
     <span class='ocr_line' id='line_1_44' title="bbox 167 4273 1754 4345; baseline -0.001 -13"><span class='ocrx_word' id='word_1_332' title='bbox 167 4293 276 4332; x_wconf 85' lang='lat' dir='ltr'><strong>rum</strong></span> <span class='ocrx_word' id='word_1_333' title='bbox 316 4297 334 4332; x_wconf 92' lang='lat'><strong>:</strong></span> <span class='ocrx_word' id='word_1_334' title='bbox 377 4285 434 4330; x_wconf 91' lang='lat' dir='ltr'><strong>et</strong></span> <span class='ocrx_word' id='word_1_335' title='bbox 475 4276 528 4330; x_wconf 88' lang='lat' dir='ltr'><strong>in</strong></span> <span class='ocrx_word' id='word_1_336' title='bbox 569 4275 756 4330; x_wconf 90' lang='lat' dir='ltr'><strong>melius</strong></span> <span class='ocrx_word' id='word_1_337' title='bbox 803 4283 978 4330; x_wconf 88' lang='lat' dir='ltr'><strong>tamen</strong></span> <span class='ocrx_word' id='word_1_338' title='bbox 1005 4273 1149 4336; x_wconf 83' lang='lat' dir='ltr'><strong>idem</strong></span> <span class='ocrx_word' id='word_1_339' title='bbox 1181 4276 1198 4306; x_wconf 74' lang='grc' dir='ltr'>ί</span> <span class='ocrx_word' id='word_1_340' title='bbox 1229 4275 1548 4330; x_wconf 87' lang='lat' dir='ltr'><strong>succedente</strong></span> <span class='ocrx_word' id='word_1_341' title='bbox 1575 4275 1754 4345; x_wconf 89' lang='lat' dir='ltr'><strong>Bapti-</strong></span> 
     </span>
    </p>
   </div>
   <div class='ocr_carea' id='block_1_45' title="bbox 167 4367 1752 4440">
    <p class='ocr_par' dir='ltr' id='par_1_45' title="bbox 167 4367 1752 4440">
     <span class='ocr_line' id='line_1_45' title="bbox 167 4367 1752 4440; baseline -0.001 -16"><span class='ocrx_word' id='word_1_342' title='bbox 167 4369 506 4440; x_wconf 75' lang='lat' dir='ltr'><strong>smodebuit</strong></span> <span class='ocrx_word' id='word_1_343' title='bbox 532 4367 888 4434; x_wconf 82' lang='lat' dir='ltr'><strong>commutari,</strong></span> <span class='ocrx_word' id='word_1_344' title='bbox 931 4367 1054 4434; x_wconf 86' lang='lat' dir='ltr'><strong>quia</strong></span> <span class='ocrx_word' id='word_1_345' title='bbox 1093 4367 1202 4438; x_wconf 88' lang='lat' dir='ltr'><strong>jam</strong></span> <span class='ocrx_word' id='word_1_346' title='bbox 1245 4367 1438 4422; x_wconf 84' lang='lat' dir='ltr'><strong>factum</strong></span> <span class='ocrx_word' id='word_1_347' title='bbox 1465 4376 1581 4433; x_wconf 89' lang='lat' dir='ltr'><strong>est,</strong></span> <span class='ocrx_word' id='word_1_348' title='bbox 1611 4369 1752 4439; x_wconf 89' lang='lat' dir='ltr'><strong>quod</strong></span> 
     </span>
    </p>
   </div>
   <div class='ocr_carea' id='block_1_46' title="bbox 167 4447 1756 4532">
    <p class='ocr_par' dir='ltr' id='par_1_46' title="bbox 167 4447 1756 4532">
     <span class='ocr_line' id='line_1_46' title="bbox 167 4447 1756 4532; baseline -0.003 -16"><span class='ocrx_word' id='word_1_349' title='bbox 167 4447 452 4532; x_wconf 79' lang='lat' dir='ltr'><strong>nunquam</strong></span> <span class='ocrx_word' id='word_1_350' title='bbox 485 4459 675 4526; x_wconf 70' lang='lat' dir='ltr'><strong>factum</strong></span> <span class='ocrx_word' id='word_1_351' title='bbox 702 4467 853 4524; x_wconf 89' lang='lat' dir='ltr'><strong>erat,</strong></span> <span class='ocrx_word' id='word_1_352' title='bbox 888 4469 944 4512; x_wconf 91' lang='lat' dir='ltr'><strong>ut</strong></span> <span class='ocrx_word' id='word_1_353' title='bbox 968 4455 1158 4514; x_wconf 72' lang='lat' dir='ltr'><strong>futura:</strong></span> <span class='ocrx_word' id='word_1_354' title='bbox 1185 4459 1306 4513; x_wconf 72' lang='lat' dir='ltr'><strong>vita:</strong></span> <span class='ocrx_word' id='word_1_355' title='bbox 1332 4469 1545 4513; x_wconf 64' lang='lat' dir='ltr'><strong>maternae</strong></span> <span class='ocrx_word' id='word_1_356' title='bbox 1575 4459 1626 4512; x_wconf 91' lang='lat' dir='ltr'><strong>in</strong></span> <span class='ocrx_word' id='word_1_357' title='bbox 1669 4475 1756 4512; x_wconf 78' lang='lat' dir='ltr'><strong>re-</strong></span> 
     </span>
    </p>
   </div>
   <div class='ocr_carea' id='block_1_47' title="bbox 165 4546 1752 4618">
    <p class='ocr_par' dir='ltr' id='par_1_47' title="bbox 165 4546 1752 4618">
     <span class='ocr_line' id='line_1_47' title="bbox 165 4546 1752 4618; baseline -0.003 -12"><span class='ocrx_word' id='word_1_358' title='bbox 165 4551 514 4616; x_wconf 80' lang='lat' dir='ltr'><strong>surrectione</strong></span> <span class='ocrx_word' id='word_1_359' title='bbox 533 4547 724 4604; x_wconf 88' lang='lat' dir='ltr'><strong>Christi</strong></span> <span class='ocrx_word' id='word_1_360' title='bbox 753 4546 906 4602; x_wconf 89' lang='lat' dir='ltr'><strong>nobis</strong></span> <span class='ocrx_word' id='word_1_361' title='bbox 927 4547 1252 4618; x_wconf 70' lang='lat' dir='ltr'><strong>praeberetur</strong></span> <span class='ocrx_word' id='word_1_362' title='bbox 1275 4547 1596 4616; x_wconf 88' lang='lat' dir='ltr'><strong>exemplum.</strong></span> <span class='ocrx_word' id='word_1_363' title='bbox 1621 4547 1752 4602; x_wconf 90' lang='lat' dir='ltr'><strong>Cum</strong></span> 
     </span>
    </p>
   </div>
   <div class='ocr_carea' id='block_1_48' title="bbox 168 4638 1750 4714">
    <p class='ocr_par' dir='ltr' id='par_1_48' title="bbox 168 4638 1750 4714">
     <span class='ocr_line' id='line_1_48' title="bbox 168 4638 1750 4714; baseline -0.002 -17"><span class='ocrx_word' id='word_1_364' title='bbox 168 4644 404 4714; x_wconf 69' lang='lat' dir='ltr'><strong>qumris,</strong></span> <span class='ocrx_word' id='word_1_365' title='bbox 433 4639 640 4694; x_wconf 82' lang='lat' dir='ltr'><strong>sabbati</strong></span> <span class='ocrx_word' id='word_1_366' title='bbox 673 4639 840 4694; x_wconf 90' lang='lat' dir='ltr'><strong>otium</strong></span> <span class='ocrx_word' id='word_1_367' title='bbox 868 4653 964 4692; x_wconf 89' lang='lat' dir='ltr'><strong>cur</strong></span> <span class='ocrx_word' id='word_1_368' title='bbox 995 4655 1097 4692; x_wconf 92' lang='lat' dir='ltr'><strong>non</strong></span> <span class='ocrx_word' id='word_1_369' title='bbox 1127 4639 1372 4700; x_wconf 81' lang='lat' dir='ltr'><strong>observet</strong></span> <span class='ocrx_word' id='word_1_370' title='bbox 1396 4638 1750 4702; x_wconf 84' lang='lat' dir='ltr'><strong>Christianus,</strong></span> 
     </span>
    </p>
   </div>
   <div class='ocr_carea' id='block_1_49' title="bbox 165 4721 1750 4810">
    <p class='ocr_par' dir='ltr' id='par_1_49' title="bbox 165 4721 1750 4810">
     <span class='ocr_line' id='line_1_49' title="bbox 165 4721 1750 4810; baseline -0.003 -22"><span class='ocrx_word' id='word_1_371' title='bbox 165 4739 208 4790; x_wconf 81' lang='lat' dir='ltr'><strong>si</strong></span> <span class='ocrx_word' id='word_1_372' title='bbox 231 4735 498 4790; x_wconf 82' lang='lat' dir='ltr'><strong>Christus</strong></span> <span class='ocrx_word' id='word_1_373' title='bbox 526 4745 630 4784; x_wconf 90' lang='lat' dir='ltr'><strong>non</strong></span> <span class='ocrx_word' id='word_1_374' title='bbox 657 4729 802 4784; x_wconf 82' lang='lat' dir='ltr'><strong>venit</strong></span> <span class='ocrx_word' id='word_1_375' title='bbox 826 4721 1278 4810; x_wconf 27' lang='lat' dir='ltr'><strong>Legemisolvere,</strong></span> <span class='ocrx_word' id='word_1_376' title='bbox 1305 4729 1396 4784; x_wconf 85' lang='lat' dir='ltr'><strong>sed</strong></span> <span class='ocrx_word' id='word_1_377' title='bbox 1419 4729 1708 4798; x_wconf 84' lang='lat' dir='ltr'><strong>adimplere</strong></span> <span class='ocrx_word' id='word_1_378' title='bbox 1737 4747 1750 4783; x_wconf 89' lang='lat'><strong>:</strong></span> 
     </span>
    </p>
   </div>
   <div class='ocr_carea' id='block_1_50' title="bbox 169 4819 1756 4896">
    <p class='ocr_par' dir='ltr' id='par_1_50' title="bbox 169 4819 1756 4896">
     <span class='ocr_line' id='line_1_50' title="bbox 169 4819 1756 4896; baseline -0.004 -16"><span class='ocrx_word' id='word_1_379' title='bbox 169 4823 482 4896; x_wconf 74' lang='lat' dir='ltr'><strong>respondeo</strong></span> <span class='ocrx_word' id='word_1_380' title='bbox 506 4863 520 4886; x_wconf 95' lang='lat'><strong>,</strong></span> <span class='ocrx_word' id='word_1_381' title='bbox 551 4820 661 4876; x_wconf 91' lang='lat' dir='ltr'><strong>lmo</strong></span> <span class='ocrx_word' id='word_1_382' title='bbox 689 4819 740 4891; x_wconf 79' lang='lat' dir='ltr'><strong>id</strong></span> <span class='ocrx_word' id='word_1_383' title='bbox 771 4830 1046 4890; x_wconf 85' lang='lat' dir='ltr'><strong>propterea</strong></span> <span class='ocrx_word' id='word_1_384' title='bbox 1079 4835 1184 4874; x_wconf 91' lang='lat' dir='ltr'><strong>non</strong></span> <span class='ocrx_word' id='word_1_385' title='bbox 1212 4819 1458 4874; x_wconf 83' lang='lat' dir='ltr'><strong>observat</strong></span> <span class='ocrx_word' id='word_1_386' title='bbox 1496 4819 1756 4876; x_wconf 82' lang='lat' dir='ltr'><strong>Christia-</strong></span> 
     </span>
    </p>
   </div>
   <div class='ocr_carea' id='block_1_51' title="bbox 167 4909 1754 4985">
    <p class='ocr_par' dir='ltr' id='par_1_51' title="bbox 167 4909 1754 4985">
     <span class='ocr_line' id='line_1_51' title="bbox 167 4909 1754 4985; baseline -0.006 -15"><span class='ocrx_word' id='word_1_387' title='bbox 167 4933 262 4972; x_wconf 84' lang='lat' dir='ltr'><strong>nus</strong></span> <span class='ocrx_word' id='word_1_388' title='bbox 285 4961 302 4985; x_wconf 91' lang='lat'><strong>,</strong></span> <span class='ocrx_word' id='word_1_389' title='bbox 341 4915 474 4985; x_wconf 86' lang='lat' dir='ltr'><strong>quia</strong></span> <span class='ocrx_word' id='word_1_390' title='bbox 505 4912 644 4984; x_wconf 78' lang='lat' dir='ltr'><strong>quod</strong></span> <span class='ocrx_word' id='word_1_391' title='bbox 669 4909 922 4980; x_wconf 76' lang='lat' dir='ltr'><strong>eaﬁgura</strong></span> <span class='ocrx_word' id='word_1_392' title='bbox 956 4910 1370 4980; x_wconf 86' lang='lat' dir='ltr'><strong>prophetabatur</strong></span> <span class='ocrx_word' id='word_1_393' title='bbox 1395 4953 1408 4975; x_wconf 93' lang='lat'><strong>,</strong></span> <span class='ocrx_word' id='word_1_394' title='bbox 1448 4911 1558 4980; x_wconf 84' lang='lat' dir='ltr'><strong>jam</strong></span> <span class='ocrx_word' id='word_1_395' title='bbox 1595 4911 1754 4982; x_wconf 46' lang='lat' dir='ltr'><strong>Clu-ig</strong></span> 
     </span>
    </p>
   </div>
   <div class='ocr_carea' id='block_1_52' title="bbox 169 4999 1756 5078">
    <p class='ocr_par' dir='ltr' id='par_1_52' title="bbox 169 4999 1756 5078">
     <span class='ocr_line' id='line_1_52' title="bbox 169 4999 1756 5078; baseline -0.004 -14"><span class='ocrx_word' id='word_1_396' title='bbox 169 5021 278 5064; x_wconf 80' lang='lat' dir='ltr'><strong>stus</strong></span> <span class='ocrx_word' id='word_1_397' title='bbox 303 4999 580 5078; x_wconf 79' lang='lat' dir='ltr'><strong>implevit.</strong></span> <span class='ocrx_word' id='word_1_398' title='bbox 615 5005 670 5058; x_wconf 89' lang='lat' dir='ltr'><strong>lu</strong></span> <span class='ocrx_word' id='word_1_399' title='bbox 702 5005 794 5058; x_wconf 90' lang='lat' dir='ltr'><strong>illo</strong></span> <span class='ocrx_word' id='word_1_400' title='bbox 821 5003 1014 5072; x_wconf 84' lang='lat' dir='ltr'><strong>quippe</strong></span> <span class='ocrx_word' id='word_1_401' title='bbox 1044 5002 1299 5078; x_wconf 78' lang='lat' dir='ltr'><strong>habemus</strong></span> <span class='ocrx_word' id='word_1_402' title='bbox 1327 5003 1624 5068; x_wconf 87' lang='lat' dir='ltr'><strong>sabbatum,</strong></span> <span class='ocrx_word' id='word_1_403' title='bbox 1667 5004 1756 5073; x_wconf 90' lang='lat' dir='ltr'><strong>qui</strong></span> 
     </span>
    </p>
   </div>
   <div class='ocr_carea' id='block_1_53' title="bbox 173 5092 1759 5174">
    <p class='ocr_par' dir='ltr' id='par_1_53' title="bbox 173 5092 1759 5174">
     <span class='ocr_line' id='line_1_53' title="bbox 173 5092 1759 5174; baseline -0.006 -17"><span class='ocrx_word' id='word_1_404' title='bbox 173 5103 306 5157; x_wconf 76' lang='lat' dir='ltr'><strong>dixit</strong></span> <span class='ocrx_word' id='word_1_405' title='bbox 339 5118 360 5155; x_wconf 89' lang='lat'><strong>:</strong></span> <span class='ocrx_word' id='word_1_406' title='bbox 399 5098 580 5154; x_wconf 72' lang='lat' dir='ltr'><strong>Venite</strong></span> <span class='ocrx_word' id='word_1_407' title='bbox 603 5097 670 5150; x_wconf 84' lang='lat' dir='ltr'><strong>ad</strong></span> <span class='ocrx_word' id='word_1_408' title='bbox 710 5111 790 5148; x_wconf 85' lang='lat' dir='ltr'><strong>me</strong></span> <span class='ocrx_word' id='word_1_409' title='bbox 813 5137 827 5160; x_wconf 96' lang='lat'><strong>,</strong></span> <span class='ocrx_word' id='word_1_410' title='bbox 869 5111 1040 5163; x_wconf 61' lang='lat' dir='ltr'><strong>autne;</strong></span> <span class='ocrx_word' id='word_1_411' title='bbox 1085 5094 1170 5163; x_wconf 83' lang='lat' dir='ltr'><strong>qui</strong></span> <span class='ocrx_word' id='word_1_412' title='bbox 1208 5092 1446 5174; x_wconf 67' lang='lat' dir='ltr'><strong>triboratis</strong></span> <span class='ocrx_word' id='word_1_413' title='bbox 1488 5104 1534 5148; x_wconf 84' lang='lat' dir='ltr'><strong>et</strong></span> <span class='ocrx_word' id='word_1_414' title='bbox 1564 5095 1759 5148; x_wconf 83' lang='lat' dir='ltr'><strong>onerati</strong></span> 
     </span>
    </p>
   </div>
   <div class='ocr_carea' id='block_1_54' title="bbox 173 5184 1759 5262">
    <p class='ocr_par' dir='ltr' id='par_1_54' title="bbox 173 5184 1759 5262">
     <span class='ocr_line' id='line_1_54' title="bbox 173 5184 1759 5262; baseline -0.006 -14"><span class='ocrx_word' id='word_1_415' title='bbox 173 5197 286 5250; x_wconf 72' lang='lat' dir='ltr'><strong>estis</strong></span> <span class='ocrx_word' id='word_1_416' title='bbox 305 5235 328 5260; x_wconf 86' lang='lat'><strong>,</strong></span> <span class='ocrx_word' id='word_1_417' title='bbox 359 5203 408 5246; x_wconf 84' lang='lat' dir='ltr'><strong>et</strong></span> <span class='ocrx_word' id='word_1_418' title='bbox 435 5206 530 5262; x_wconf 75' lang='lat' dir='ltr'><strong>ego</strong></span> <span class='ocrx_word' id='word_1_419' title='bbox 560 5187 898 5258; x_wconf 69' lang='lat' dir='ltr'><strong>uarro/icium</strong></span> <span class='ocrx_word' id='word_1_420' title='bbox 917 5201 938 5252; x_wconf 88' lang='lat'><strong>_;</strong></span> <span class='ocrx_word' id='word_1_421' title='bbox 981 5185 1142 5258; x_wconf 77' lang='lat' dir='ltr'><strong>tollite</strong></span> <span class='ocrx_word' id='word_1_422' title='bbox 1169 5184 1578 5254; x_wconf 21' lang='lat' dir='ltr'><strong>jugmnﬂmeam.</strong></span> <span class='ocrx_word' id='word_1_423' title='bbox 1605 5203 1759 5256; x_wconf 80' lang='lat' dir='ltr'><strong>super</strong></span> 
     </span>
    </p>
   </div>
   <div class='ocr_carea' id='block_1_55' title="bbox 173 5278 1759 5352">
    <p class='ocr_par' dir='ltr' id='par_1_55' title="bbox 173 5278 1759 5352">
     <span class='ocr_line' id='line_1_55' title="bbox 173 5278 1759 5352; baseline -0.004 -10"><span class='ocrx_word' id='word_1_424' title='bbox 173 5305 296 5352; x_wconf 69' lang='lat' dir='ltr'><strong>vos,</strong></span> <span class='ocrx_word' id='word_1_425' title='bbox 355 5296 401 5340; x_wconf 80' lang='lat' dir='ltr'><strong>et</strong></span> <span class='ocrx_word' id='word_1_426' title='bbox 453 5283 627 5336; x_wconf 74' lang='lat' dir='ltr'><strong>discite</strong></span> <span class='ocrx_word' id='word_1_427' title='bbox 669 5297 704 5334; x_wconf 89' lang='lat' dir='ltr'><strong>a</strong></span> <span class='ocrx_word' id='word_1_428' title='bbox 750 5295 828 5332; x_wconf 84' lang='lat' dir='ltr'><strong>me</strong></span> <span class='ocrx_word' id='word_1_429' title='bbox 863 5278 1100 5349; x_wconf 82' lang='lat' dir='ltr'><strong>quoniam</strong></span> <span class='ocrx_word' id='word_1_430' title='bbox 1141 5278 1270 5330; x_wconf 75' lang='lat' dir='ltr'><strong>mitis</strong></span> <span class='ocrx_word' id='word_1_431' title='bbox 1313 5294 1426 5330; x_wconf 83' lang='lat' dir='ltr'><strong>sum</strong></span> <span class='ocrx_word' id='word_1_432' title='bbox 1468 5289 1512 5332; x_wconf 85' lang='lat' dir='ltr'><strong>et</strong></span> <span class='ocrx_word' id='word_1_433' title='bbox 1555 5279 1759 5336; x_wconf 76' lang='lat' dir='ltr'><strong>Immitis</strong></span> 
     </span>
    </p>
   </div>
   <div class='ocr_carea' id='block_1_56' title="bbox 171 5367 1756 5444">
    <p class='ocr_par' dir='ltr' id='par_1_56' title="bbox 171 5367 1756 5444">
     <span class='ocr_line' id='line_1_56' title="bbox 171 5367 1756 5444; baseline -0.004 -12"><span class='ocrx_word' id='word_1_434' title='bbox 171 5379 351 5444; x_wconf 78' lang='lat' dir='ltr'><strong>corde,</strong></span> <span class='ocrx_word' id='word_1_435' title='bbox 372 5386 421 5430; x_wconf 82' lang='lat' dir='ltr'><strong>et</strong></span> <span class='ocrx_word' id='word_1_436' title='bbox 445 5371 706 5429; x_wconf 76' lang='lat' dir='ltr'><strong>invenietis</strong></span> <span class='ocrx_word' id='word_1_437' title='bbox 727 5370 948 5440; x_wconf 82' lang='lat' dir='ltr'><strong>requiem</strong></span> <span class='ocrx_word' id='word_1_438' title='bbox 968 5367 1229 5422; x_wconf 79' lang='lat' dir='ltr'><strong>animabus</strong></span> <span class='ocrx_word' id='word_1_439' title='bbox 1254 5371 1423 5424; x_wconf 70' lang='lat' dir='ltr'><strong>vestris</strong></span> <span class='ocrx_word' id='word_1_440' title='bbox 1443 5369 1653 5440; x_wconf 76' lang='lat' dir='ltr'><strong>(Matth.</strong></span> <span class='ocrx_word' id='word_1_441' title='bbox 1683 5389 1756 5439; x_wconf 68' lang='lat' dir='ltr'><strong>at,</strong></span> 
     </span>
    </p>
   </div>
   <div class='ocr_carea' id='block_1_57' title="bbox 169 5457 1602 5538">
    <p class='ocr_par' dir='ltr' id='par_1_57' title="bbox 169 5457 1602 5538">
     <span class='ocr_line' id='line_1_57' title="bbox 169 5457 1602 5538; baseline -0.026 -10"><span class='ocrx_word' id='word_1_442' title='bbox 169 5468 427 5538; x_wconf 74' lang='lat'><strong>28.29).</strong></span> <span class='ocrx_word' id='word_1_443' title='bbox 1345 5491 1396 5526; x_wconf 69' lang='grc' dir='ltr'><strong> </strong></span> <span class='ocrx_word' id='word_1_444' title='bbox 1509 5477 1602 5500; x_wconf 92' lang='lat'><strong>_.</strong></span> 
     </span>
    </p>
   </div>
   <div class='ocr_carea' id='block_1_58' title="bbox 161 5551 1760 5622">
    <p class='ocr_par' dir='ltr' id='par_1_58' title="bbox 161 5551 1760 5622">
     <span class='ocr_line' id='line_1_58' title="bbox 161 5551 1760 5622; baseline 0.004 -18"><span class='ocrx_word' id='word_1_445' title='bbox 161 5597 164 5604; x_wconf 97' lang='lat'><strong>.</strong></span> <span class='ocrx_word' id='word_1_446' title='bbox 237 5559 478 5618; x_wconf 80' lang='lat' dir='ltr'><strong>CAPUT</strong></span> <span class='ocrx_word' id='word_1_447' title='bbox 505 5557 571 5613; x_wconf 85' lang='lat' dir='ltr'><strong>X.</strong></span> <span class='ocrx_word' id='word_1_448' title='bbox 599 5586 674 5598; x_wconf 92' lang='lat'><strong>-—-</strong></span> <span class='ocrx_word' id='word_1_449' title='bbox 699 5554 834 5610; x_wconf 88' lang='lat' dir='ltr'><strong>Cum</strong></span> <span class='ocrx_word' id='word_1_450' title='bbox 863 5552 1053 5622; x_wconf 73' lang='lat' dir='ltr'><strong>quazﬁs</strong></span> <span class='ocrx_word' id='word_1_451' title='bbox 1073 5595 1086 5615; x_wconf 92' lang='lat'><strong>,</strong></span> <span class='ocrx_word' id='word_1_452' title='bbox 1117 5566 1278 5621; x_wconf 88' lang='lat' dir='ltr'><strong>quare</strong></span> <span class='ocrx_word' id='word_1_453' title='bbox 1302 5551 1632 5608; x_wconf 88' lang='lat' dir='ltr'><strong>Christianus</strong></span> <span class='ocrx_word' id='word_1_454' title='bbox 1655 5569 1760 5610; x_wconf 89' lang='lat' dir='ltr'><strong>non</strong></span> 
     </span>
    </p>
   </div>
   <div class='ocr_carea' id='block_1_59' title="bbox 171 5642 1762 5720">
    <p class='ocr_par' dir='ltr' id='par_1_59' title="bbox 171 5642 1762 5720">
     <span class='ocr_line' id='line_1_59' title="bbox 171 5642 1762 5720; baseline -0.007 -9"><span class='ocrx_word' id='word_1_455' title='bbox 171 5655 429 5711; x_wconf 83' lang='lat' dir='ltr'><strong>observet</strong></span> <span class='ocrx_word' id='word_1_456' title='bbox 463 5647 823 5720; x_wconf 78' lang='lat' dir='ltr'><strong>diﬁ‘erentiam</strong></span> <span class='ocrx_word' id='word_1_457' title='bbox 876 5644 1144 5708; x_wconf 88' lang='lat' dir='ltr'><strong>ciborum,</strong></span> <span class='ocrx_word' id='word_1_458' title='bbox 1193 5659 1311 5712; x_wconf 76' lang='lat' dir='ltr'><strong>qua:</strong></span> <span class='ocrx_word' id='word_1_459' title='bbox 1342 5642 1394 5698; x_wconf 90' lang='lat' dir='ltr'><strong>in</strong></span> <span class='ocrx_word' id='word_1_460' title='bbox 1419 5643 1557 5716; x_wconf 81' lang='lat' dir='ltr'><strong>Lege</strong></span> <span class='ocrx_word' id='word_1_461' title='bbox 1578 5645 1762 5713; x_wconf 69' lang='lat' dir='ltr'><strong>praeci-</strong></span> 
     </span>
    </p>
   </div>
   <div class='ocr_carea' id='block_1_60' title="bbox 235 5753 1664 5824">
    <p class='ocr_par' dir='ltr' id='par_1_60' title="bbox 235 5753 1664 5824">
     <span class='ocr_line' id='line_1_60' title="bbox 235 5753 1664 5824; baseline -0.004 -12"><span class='ocrx_word' id='word_1_462' title='bbox 235 5769 256 5800; x_wconf 74' lang='grc' dir='ltr'><strong><em>ι</em></strong></span> <span class='ocrx_word' id='word_1_463' title='bbox 299 5771 493 5814; x_wconf 67' lang='lat' dir='ltr'><strong>amt-‘1&#39;.</strong></span> <span class='ocrx_word' id='word_1_464' title='bbox 518 5770 570 5813; x_wconf 90' lang='lat' dir='ltr'><strong>et</strong></span> <span class='ocrx_word' id='word_1_465' title='bbox 587 5760 762 5824; x_wconf 86' lang='lat' dir='ltr'><strong>plures</strong></span> <span class='ocrx_word' id='word_1_466' title='bbox 783 5763 910 5815; x_wconf 69' lang='lat' dir='ltr'><strong>Mss,</strong></span> <span class='ocrx_word' id='word_1_467' title='bbox 933 5755 984 5805; x_wconf 82' lang='lat' dir='ltr'><strong>id</strong></span> <span class='ocrx_word' id='word_1_468' title='bbox 1007 5762 1074 5806; x_wconf 82' lang='lat' dir='ltr'><strong>est</strong></span> <span class='ocrx_word' id='word_1_469' title='bbox 1097 5754 1376 5806; x_wconf 74' lang='lat' dir='ltr'><strong>succedente</strong></span> <span class='ocrx_word' id='word_1_470' title='bbox 1411 5753 1664 5818; x_wconf 71' lang='lat' dir='ltr'><strong>Baptistae.</strong></span> 
     </span>
    </p>
   </div>
   <div class='ocr_carea' id='block_1_61' title="bbox 2319 343 3448 424">
    <p class='ocr_par' dir='ltr' id='par_1_61' title="bbox 2319 343 3448 424">
     <span class='ocr_line' id='line_1_61' title="bbox 2319 343 3448 424; baseline -0.007 -16"><span class='ocrx_word' id='word_1_471' title='bbox 2319 403 2324 408; x_wconf 90' lang='lat'><strong>_</strong></span> <span class='ocrx_word' id='word_1_472' title='bbox 2629 409 2638 424; x_wconf 31' lang='grc' dir='ltr'><strong>ι</strong></span> <span class='ocrx_word' id='word_1_473' title='bbox 3346 343 3448 400; x_wconf 71' lang='lat' dir='ltr'><strong>ssi</strong></span> 
     </span>
    </p>
   </div>
   <div class='ocr_carea' id='block_1_62' title="bbox 1867 439 3447 532">
    <p class='ocr_par' dir='ltr' id='par_1_62' title="bbox 1867 439 3447 532">
     <span class='ocr_line' id='line_1_62' title="bbox 1867 439 3447 532; baseline 0.023 -44"><span class='ocrx_word' id='word_1_474' title='bbox 1867 439 2038 532; x_wconf 78' lang='lat' dir='ltr'><strong>pitur.</strong></span> <span class='ocrx_word' id='word_1_475' title='bbox 2069 445 2112 496; x_wconf 89' lang='lat' dir='ltr'><strong>si</strong></span> <span class='ocrx_word' id='word_1_476' title='bbox 2139 445 2380 503; x_wconf 85' lang='lat' dir='ltr'><strong>Christus</strong></span> <span class='ocrx_word' id='word_1_477' title='bbox 2403 465 2508 505; x_wconf 91' lang='lat' dir='ltr'><strong>non</strong></span> <span class='ocrx_word' id='word_1_478' title='bbox 2541 456 2682 508; x_wconf 83' lang='lat' dir='ltr'><strong>venit</strong></span> <span class='ocrx_word' id='word_1_479' title='bbox 2701 455 2892 528; x_wconf 87' lang='lat' dir='ltr'><strong>Legem</strong></span> <span class='ocrx_word' id='word_1_480' title='bbox 2914 459 3139 532; x_wconf 78' lang='lat' dir='ltr'><strong>solvere,</strong></span> <span class='ocrx_word' id='word_1_481' title='bbox 3161 464 3252 520; x_wconf 88' lang='lat' dir='ltr'><strong>sed</strong></span> <span class='ocrx_word' id='word_1_482' title='bbox 3274 467 3447 524; x_wconf 87' lang='lat' dir='ltr'><strong>adim-</strong></span> 
     </span>
    </p>
   </div>
   <div class='ocr_carea' id='block_1_63' title="bbox 1867 531 3448 616">
    <p class='ocr_par' dir='ltr' id='par_1_63' title="bbox 1867 531 3448 616">
     <span class='ocr_line' id='line_1_63' title="bbox 1867 531 3448 616; baseline 0.023 -38"><span class='ocrx_word' id='word_1_483' title='bbox 1867 531 2010 597; x_wconf 85' lang='lat' dir='ltr'><strong>plere</strong></span> <span class='ocrx_word' id='word_1_484' title='bbox 2059 551 2072 585; x_wconf 89' lang='lat'><strong>:</strong></span> <span class='ocrx_word' id='word_1_485' title='bbox 2122 539 2446 606; x_wconf 71' lang='lat' dir='ltr'><strong>respondeo.</strong></span> <span class='ocrx_word' id='word_1_486' title='bbox 2490 541 2600 598; x_wconf 88' lang='lat' dir='ltr'><strong>Imo</strong></span> <span class='ocrx_word' id='word_1_487' title='bbox 2637 555 2919 616; x_wconf 86' lang='lat' dir='ltr'><strong>propterea</strong></span> <span class='ocrx_word' id='word_1_488' title='bbox 2961 551 3012 605; x_wconf 93' lang='lat' dir='ltr'><strong>id</strong></span> <span class='ocrx_word' id='word_1_489' title='bbox 3055 531 3160 609; x_wconf 84' lang='lat' dir='ltr'><strong>non</strong></span> <span class='ocrx_word' id='word_1_490' title='bbox 3191 531 3448 615; x_wconf 85' lang='lat' dir='ltr'><strong>observat</strong></span> 
     </span>
    </p>
   </div>
   <div class='ocr_carea' id='block_1_64' title="bbox 1861 623 3446 718">
    <p class='ocr_par' dir='ltr' id='par_1_64' title="bbox 1861 623 3446 718">
     <span class='ocr_line' id='line_1_64' title="bbox 1861 623 3446 718; baseline 0.02 -42"><span class='ocrx_word' id='word_1_491' title='bbox 1861 623 2231 718; x_wconf 78' lang='lat' dir='ltr'><strong>Christianus,</strong></span> <span class='ocrx_word' id='word_1_492' title='bbox 2278 633 2396 702; x_wconf 89' lang='lat' dir='ltr'><strong>quia</strong></span> <span class='ocrx_word' id='word_1_493' title='bbox 2423 638 2578 718; x_wconf 85' lang='lat' dir='ltr'><strong>quod</strong></span> <span class='ocrx_word' id='word_1_494' title='bbox 2625 639 2725 694; x_wconf 90' lang='lat' dir='ltr'><strong>illis</strong></span> <span class='ocrx_word' id='word_1_495' title='bbox 2773 641 2956 710; x_wconf 79' lang='lat' dir='ltr'><strong>figuris</strong></span> <span class='ocrx_word' id='word_1_496' title='bbox 2996 633 3446 718; x_wconf 86' lang='lat' dir='ltr'><strong>prophetabatur,</strong></span> 
     </span>
    </p>
   </div>
   <div class='ocr_carea' id='block_1_65' title="bbox 1858 717 3445 814">
    <p class='ocr_par' dir='ltr' id='par_1_65' title="bbox 1858 717 3445 814">
     <span class='ocr_line' id='line_1_65' title="bbox 1858 717 3445 814; baseline 0.017 -43"><span class='ocrx_word' id='word_1_497' title='bbox 1858 717 1965 786; x_wconf 88' lang='lat' dir='ltr'><strong>jam</strong></span> <span class='ocrx_word' id='word_1_498' title='bbox 1993 717 2234 814; x_wconf 65' lang='lat' dir='ltr'><strong>Christus</strong></span> <span class='ocrx_word' id='word_1_499' title='bbox 2265 717 2525 794; x_wconf 79' lang='lat' dir='ltr'><strong>implevit,</strong></span> <span class='ocrx_word' id='word_1_500' title='bbox 2561 746 2665 814; x_wconf 79' lang='lat' dir='ltr'><strong>non</strong></span> <span class='ocrx_word' id='word_1_501' title='bbox 2689 731 2972 790; x_wconf 89' lang='lat' dir='ltr'><strong>admittens</strong></span> <span class='ocrx_word' id='word_1_502' title='bbox 2992 737 3056 792; x_wconf 90' lang='lat' dir='ltr'><strong>ad</strong></span> <span class='ocrx_word' id='word_1_503' title='bbox 3078 754 3271 810; x_wconf 91' lang='lat' dir='ltr'><strong>corpus</strong></span> <span class='ocrx_word' id='word_1_504' title='bbox 3292 717 3445 798; x_wconf 85' lang='lat' dir='ltr'><strong>suum</strong></span> 
     </span>
    </p>
   </div>
   <div class='ocr_carea' id='block_1_66' title="bbox 1862 813 3446 898">
    <p class='ocr_par' dir='ltr' id='par_1_66' title="bbox 1862 813 3446 898">
     <span class='ocr_line' id='line_1_66' title="bbox 1862 813 3446 898; baseline 0.015 -35"><span class='ocrx_word' id='word_1_505' title='bbox 1862 813 2000 880; x_wconf 88' lang='lat' dir='ltr'><strong>quod</strong></span> <span class='ocrx_word' id='word_1_506' title='bbox 2031 813 2045 844; x_wconf 73' lang='grc' dir='ltr'>ι</span> <span class='ocrx_word' id='word_1_507' title='bbox 2093 815 2143 867; x_wconf 90' lang='lat' dir='ltr'><strong>in</strong></span> <span class='ocrx_word' id='word_1_508' title='bbox 2166 813 2381 870; x_wconf 85' lang='lat' dir='ltr'><strong>sanctis</strong></span> <span class='ocrx_word' id='word_1_509' title='bbox 2405 820 2513 872; x_wconf 89' lang='lat' dir='ltr'><strong>suis</strong></span> <span class='ocrx_word' id='word_1_510' title='bbox 2539 821 2603 874; x_wconf 89' lang='lat' dir='ltr'><strong>ad</strong></span> <span class='ocrx_word' id='word_1_511' title='bbox 2624 813 2788 876; x_wconf 83' lang='lat' dir='ltr'><strong>vitam</strong></span> <span class='ocrx_word' id='word_1_512' title='bbox 2818 821 3068 881; x_wconf 73' lang='lat' dir='ltr'><strong>a-ternani</strong></span> <span class='ocrx_word' id='word_1_513' title='bbox 3100 829 3446 898; x_wconf 66' lang='lat' dir='ltr'><strong>praedestina-</strong></span> 
     </span>
    </p>
   </div>
   <div class='ocr_carea' id='block_1_67' title="bbox 1861 905 3458 980">
    <p class='ocr_par' dir='ltr' id='par_1_67' title="bbox 1861 905 3458 980">
     <span class='ocr_line' id='line_1_67' title="bbox 1861 905 3458 980; baseline 0.016 -25"><span class='ocrx_word' id='word_1_514' title='bbox 1861 905 1967 966; x_wconf 87' lang='lat' dir='ltr'><strong>vit,</strong></span> <span class='ocrx_word' id='word_1_515' title='bbox 2008 907 2258 976; x_wconf 88' lang='lat' dir='ltr'><strong>quidquid</strong></span> <span class='ocrx_word' id='word_1_516' title='bbox 2299 924 2394 978; x_wconf 90' lang='lat' dir='ltr'><strong>per</strong></span> <span class='ocrx_word' id='word_1_517' title='bbox 2433 911 2518 964; x_wconf 87' lang='lat' dir='ltr'><strong>illa</strong></span> <span class='ocrx_word' id='word_1_518' title='bbox 2547 914 2790 969; x_wconf 86' lang='lat' dir='ltr'><strong>animalia</strong></span> <span class='ocrx_word' id='word_1_519' title='bbox 2821 918 2870 970; x_wconf 90' lang='lat' dir='ltr'><strong>in</strong></span> <span class='ocrx_word' id='word_1_520' title='bbox 2903 921 3140 976; x_wconf 90' lang='lat' dir='ltr'><strong>moribus</strong></span> <span class='ocrx_word' id='word_1_521' title='bbox 3169 919 3458 980; x_wconf 33' lang='lat' dir='ltr'><strong>hominum-</strong></span> 
     </span>
    </p>
   </div>
   <div class='ocr_carea' id='block_1_68' title="bbox 1861 995 3442 1090">
    <p class='ocr_par' dir='ltr' id='par_1_68' title="bbox 1861 995 3442 1090">
     <span class='ocr_line' id='line_1_68' title="bbox 1861 995 3442 1090; baseline 0.016 -43"><span class='ocrx_word' id='word_1_522' title='bbox 1861 995 2210 1086; x_wconf 84' lang='lat' dir='ltr'><strong>signiﬁcatum</strong></span> <span class='ocrx_word' id='word_1_523' title='bbox 2240 1007 2338 1090; x_wconf 80' lang='lat' dir='ltr'><strong>est.</strong></span> <span class='ocrx_word' id='word_1_524' title='bbox 2367 999 2500 1054; x_wconf 92' lang='lat' dir='ltr'><strong>Cum</strong></span> <span class='ocrx_word' id='word_1_525' title='bbox 2531 1005 2754 1072; x_wconf 73' lang='lat' dir='ltr'><strong>qureris,</strong></span> <span class='ocrx_word' id='word_1_526' title='bbox 2788 1024 2949 1076; x_wconf 87' lang='lat' dir='ltr'><strong>quare</strong></span> <span class='ocrx_word' id='word_1_527' title='bbox 2976 1011 3305 1070; x_wconf 89' lang='lat' dir='ltr'><strong>Christianus</strong></span> <span class='ocrx_word' id='word_1_528' title='bbox 3338 1033 3442 1072; x_wconf 91' lang='lat' dir='ltr'><strong>non</strong></span> 
     </span>
    </p>
   </div>
   <div class='ocr_carea' id='block_1_69' title="bbox 1861 1086 3443 1170">
    <p class='ocr_par' dir='ltr' id='par_1_69' title="bbox 1861 1086 3443 1170">
     <span class='ocr_line' id='line_1_69' title="bbox 1861 1086 3443 1170; baseline 0.015 -32"><span class='ocrx_word' id='word_1_529' title='bbox 1861 1086 2190 1162; x_wconf 81' lang='lat' dir='ltr'><strong>animalibus</strong></span> <span class='ocrx_word' id='word_1_530' title='bbox 2223 1086 2505 1147; x_wconf 86' lang='lat' dir='ltr'><strong>immolatis</strong></span> <span class='ocrx_word' id='word_1_531' title='bbox 2551 1096 2725 1150; x_wconf 90' lang='lat' dir='ltr'><strong>carnis</strong></span> <span class='ocrx_word' id='word_1_532' title='bbox 2769 1107 2821 1152; x_wconf 90' lang='lat' dir='ltr'><strong>et</strong></span> <span class='ocrx_word' id='word_1_533' title='bbox 2871 1103 3136 1170; x_wconf 80' lang='lat' dir='ltr'><strong>sanguinis</strong></span> <span class='ocrx_word' id='word_1_534' title='bbox 3181 1105 3443 1162; x_wconf 86' lang='lat' dir='ltr'><strong>sacriﬁcia</strong></span> 
     </span>
    </p>
   </div>
   <div class='ocr_carea' id='block_1_70' title="bbox 1861 1175 3444 1261">
    <p class='ocr_par' dir='ltr' id='par_1_70' title="bbox 1861 1175 3444 1261">
     <span class='ocr_line' id='line_1_70' title="bbox 1861 1175 3444 1261; baseline 0.015 -31"><span class='ocrx_word' id='word_1_535' title='bbox 1861 1175 2048 1232; x_wconf 73' lang='lat' dir='ltr'><strong>olferat</strong></span> <span class='ocrx_word' id='word_1_536' title='bbox 2079 1179 2208 1247; x_wconf 88' lang='lat' dir='ltr'><strong>Deo,</strong></span> <span class='ocrx_word' id='word_1_537' title='bbox 2227 1181 2270 1235; x_wconf 90' lang='lat' dir='ltr'><strong>si</strong></span> <span class='ocrx_word' id='word_1_538' title='bbox 2299 1175 2540 1238; x_wconf 79' lang='lat' dir='ltr'><strong>Christus</strong></span> <span class='ocrx_word' id='word_1_539' title='bbox 2567 1201 2670 1240; x_wconf 93' lang='lat' dir='ltr'><strong>non</strong></span> <span class='ocrx_word' id='word_1_540' title='bbox 2699 1188 2842 1242; x_wconf 82' lang='lat' dir='ltr'><strong>venit</strong></span> <span class='ocrx_word' id='word_1_541' title='bbox 2871 1191 3061 1261; x_wconf 80' lang='lat' dir='ltr'><strong>Legem</strong></span> <span class='ocrx_word' id='word_1_542' title='bbox 3092 1195 3320 1259; x_wconf 83' lang='lat' dir='ltr'><strong>solvere,</strong></span> <span class='ocrx_word' id='word_1_543' title='bbox 3347 1197 3444 1252; x_wconf 91' lang='lat' dir='ltr'><strong>sed</strong></span> 
     </span>
    </p>
   </div>
   <div class='ocr_carea' id='block_1_71' title="bbox 1860 1267 3443 1356">
    <p class='ocr_par' dir='ltr' id='par_1_71' title="bbox 1860 1267 3443 1356">
     <span class='ocr_line' id='line_1_71' title="bbox 1860 1267 3443 1356; baseline 0.016 -37"><span class='ocrx_word' id='word_1_544' title='bbox 1860 1267 2151 1337; x_wconf 90' lang='lat' dir='ltr'><strong>adimplere</strong></span> <span class='ocrx_word' id='word_1_545' title='bbox 2198 1289 2212 1324; x_wconf 87' lang='lat'><strong>:</strong></span> <span class='ocrx_word' id='word_1_546' title='bbox 2263 1273 2598 1342; x_wconf 83' lang='lat' dir='ltr'><strong>reSpondeo,</strong></span> <span class='ocrx_word' id='word_1_547' title='bbox 2649 1269 2758 1330; x_wconf 87' lang='lat' dir='ltr'><strong>lmo</strong></span> <span class='ocrx_word' id='word_1_548' title='bbox 2799 1271 3074 1348; x_wconf 85' lang='lat' dir='ltr'><strong>propterea</strong></span> <span class='ocrx_word' id='word_1_549' title='bbox 3119 1287 3284 1356; x_wconf 83' lang='lat' dir='ltr'><strong>magis</strong></span> <span class='ocrx_word' id='word_1_550' title='bbox 3329 1286 3443 1343; x_wconf 75' lang='lat' dir='ltr'><strong>haec</strong></span> 
     </span>
    </p>
   </div>
   <div class='ocr_carea' id='block_1_72' title="bbox 1861 1357 3445 1448">
    <p class='ocr_par' dir='ltr' id='par_1_72' title="bbox 1861 1357 3445 1448">
     <span class='ocr_line' id='line_1_72' title="bbox 1861 1357 3445 1448; baseline 0.012 -35"><span class='ocrx_word' id='word_1_551' title='bbox 1861 1357 2189 1414; x_wconf 84' lang='lat' dir='ltr'><strong>Christianus</strong></span> <span class='ocrx_word' id='word_1_552' title='bbox 2208 1362 2316 1432; x_wconf 85' lang='lat' dir='ltr'><strong>jam</strong></span> <span class='ocrx_word' id='word_1_553' title='bbox 2341 1363 2532 1448; x_wconf 78' lang='lat' dir='ltr'><strong>oﬁ&#39;erre</strong></span> <span class='ocrx_word' id='word_1_554' title='bbox 2559 1381 2662 1422; x_wconf 91' lang='lat' dir='ltr'><strong>non</strong></span> <span class='ocrx_word' id='word_1_555' title='bbox 2691 1367 2868 1437; x_wconf 84' lang='lat' dir='ltr'><strong>debet,</strong></span> <span class='ocrx_word' id='word_1_556' title='bbox 2891 1372 3011 1440; x_wconf 87' lang='lat' dir='ltr'><strong>quia</strong></span> <span class='ocrx_word' id='word_1_557' title='bbox 3033 1389 3094 1428; x_wconf 89' lang='lat' dir='ltr'><strong>ea</strong></span> <span class='ocrx_word' id='word_1_558' title='bbox 3117 1391 3233 1446; x_wconf 79' lang='lat' dir='ltr'><strong>qua:</strong></span> <span class='ocrx_word' id='word_1_559' title='bbox 3252 1377 3445 1432; x_wconf 86' lang='lat' dir='ltr'><strong>talibus</strong></span> 
     </span>
    </p>
   </div>
   <div class='ocr_carea' id='block_1_73' title="bbox 1861 1451 3442 1525">
    <p class='ocr_par' dir='ltr' id='par_1_73' title="bbox 1861 1451 3442 1525">
     <span class='ocr_line' id='line_1_73' title="bbox 1861 1451 3442 1525; baseline 0.013 -23"><span class='ocrx_word' id='word_1_560' title='bbox 1861 1463 2036 1504; x_wconf 84' lang='lat' dir='ltr'><strong>rerum</strong></span> <span class='ocrx_word' id='word_1_561' title='bbox 2077 1451 2256 1522; x_wconf 91' lang='lat' dir='ltr'><strong>ﬁguris</strong></span> <span class='ocrx_word' id='word_1_562' title='bbox 2291 1453 2364 1508; x_wconf 92' lang='lat' dir='ltr'><strong>illi</strong></span> <span class='ocrx_word' id='word_1_563' title='bbox 2402 1456 2823 1525; x_wconf 90' lang='lat' dir='ltr'><strong>prophetabant,</strong></span> <span class='ocrx_word' id='word_1_564' title='bbox 2867 1461 3222 1520; x_wconf 88' lang='lat' dir='ltr'><strong>immolatione</strong></span> <span class='ocrx_word' id='word_1_565' title='bbox 3268 1469 3442 1523; x_wconf 86' lang='lat' dir='ltr'><strong>carnis</strong></span> 
     </span>
    </p>
   </div>
   <div class='ocr_carea' id='block_1_74' title="bbox 1862 1543 3444 1628">
    <p class='ocr_par' dir='ltr' id='par_1_74' title="bbox 1862 1543 3444 1628">
     <span class='ocr_line' id='line_1_74' title="bbox 1862 1543 3444 1628; baseline 0.013 -35"><span class='ocrx_word' id='word_1_566' title='bbox 1862 1548 1915 1594; x_wconf 85' lang='lat' dir='ltr'><strong>et</strong></span> <span class='ocrx_word' id='word_1_567' title='bbox 1949 1544 2218 1612; x_wconf 80' lang='lat' dir='ltr'><strong>sanguinis</strong></span> <span class='ocrx_word' id='word_1_568' title='bbox 2260 1546 2340 1599; x_wconf 90' lang='lat' dir='ltr'><strong>sui</strong></span> <span class='ocrx_word' id='word_1_569' title='bbox 2379 1546 2621 1602; x_wconf 89' lang='lat' dir='ltr'><strong>Christus</strong></span> <span class='ocrx_word' id='word_1_570' title='bbox 2647 1549 2901 1618; x_wconf 89' lang='lat' dir='ltr'><strong>implevit.</strong></span> <span class='ocrx_word' id='word_1_571' title='bbox 2934 1543 3062 1628; x_wconf 81' lang='lat' dir='ltr'><strong>Cum</strong></span> <span class='ocrx_word' id='word_1_572' title='bbox 3093 1551 3316 1624; x_wconf 67' lang='lat' dir='ltr'><strong>quieris,</strong></span> <span class='ocrx_word' id='word_1_573' title='bbox 3348 1573 3444 1613; x_wconf 91' lang='lat' dir='ltr'><strong>cur</strong></span> 
     </span>
    </p>
   </div>
   <div class='ocr_carea' id='block_1_75' title="bbox 1860 1635 3442 1714">
    <p class='ocr_par' dir='ltr' id='par_1_75' title="bbox 1860 1635 3442 1714">
     <span class='ocr_line' id='line_1_75' title="bbox 1860 1635 3442 1714; baseline 0.011 -28"><span class='ocrx_word' id='word_1_574' title='bbox 1860 1649 2044 1706; x_wconf 85' lang='lat' dir='ltr'><strong>azyma</strong></span> <span class='ocrx_word' id='word_1_575' title='bbox 2071 1635 2204 1690; x_wconf 87' lang='lat' dir='ltr'><strong>sicut</strong></span> <span class='ocrx_word' id='word_1_576' title='bbox 2225 1637 2391 1692; x_wconf 65' lang='lat' dir='ltr'><strong>Judazi</strong></span> <span class='ocrx_word' id='word_1_577' title='bbox 2423 1654 2526 1694; x_wconf 88' lang='lat' dir='ltr'><strong>non</strong></span> <span class='ocrx_word' id='word_1_578' title='bbox 2554 1640 2798 1696; x_wconf 85' lang='lat' dir='ltr'><strong>observet</strong></span> <span class='ocrx_word' id='word_1_579' title='bbox 2823 1639 3186 1714; x_wconf 74' lang='lat' dir='ltr'><strong>Christianus,</strong></span> <span class='ocrx_word' id='word_1_580' title='bbox 3214 1648 3258 1702; x_wconf 87' lang='lat' dir='ltr'><strong>si</strong></span> <span class='ocrx_word' id='word_1_581' title='bbox 3285 1647 3442 1704; x_wconf 88' lang='lat' dir='ltr'><strong>Chri-</strong></span> 
     </span>
    </p>
   </div>
   <div class='ocr_carea' id='block_1_76' title="bbox 1860 1718 3442 1806">
    <p class='ocr_par' dir='ltr' id='par_1_76' title="bbox 1860 1718 3442 1806">
     <span class='ocr_line' id='line_1_76' title="bbox 1860 1718 3442 1806; baseline 0.01 -28"><span class='ocrx_word' id='word_1_582' title='bbox 1860 1735 1974 1778; x_wconf 90' lang='lat' dir='ltr'><strong>stus</strong></span> <span class='ocrx_word' id='word_1_583' title='bbox 2019 1718 2306 1781; x_wconf 60' lang='lat' dir='ltr'><strong>non&#39;venit</strong></span> <span class='ocrx_word' id='word_1_584' title='bbox 2349 1727 2542 1800; x_wconf 81' lang='lat' dir='ltr'><strong>Legem</strong></span> <span class='ocrx_word' id='word_1_585' title='bbox 2585 1733 2792 1788; x_wconf 89' lang='lat' dir='ltr'><strong>solvere</strong></span> <span class='ocrx_word' id='word_1_586' title='bbox 2815 1775 2830 1798; x_wconf 91' lang='lat'><strong>,</strong></span> <span class='ocrx_word' id='word_1_587' title='bbox 2868 1733 2962 1788; x_wconf 91' lang='lat' dir='ltr'><strong>sed</strong></span> <span class='ocrx_word' id='word_1_588' title='bbox 2990 1735 3279 1806; x_wconf 87' lang='lat' dir='ltr'><strong>adimplere</strong></span> <span class='ocrx_word' id='word_1_589' title='bbox 3313 1757 3324 1792; x_wconf 94' lang='lat'>:</span> <span class='ocrx_word' id='word_1_590' title='bbox 3355 1757 3442 1794; x_wconf 81' lang='lat' dir='ltr'><strong>re-</strong></span> 
     </span>
    </p>
   </div>
   <div class='ocr_carea' id='block_1_77' title="bbox 1860 1811 3445 1904">
    <p class='ocr_par' dir='ltr' id='par_1_77' title="bbox 1860 1811 3445 1904">
     <span class='ocr_line' id='line_1_77' title="bbox 1860 1811 3445 1904; baseline 0.011 -36"><span class='ocrx_word' id='word_1_591' title='bbox 1860 1811 2098 1882; x_wconf 77' lang='lat' dir='ltr'><strong>Spondco</strong></span> <span class='ocrx_word' id='word_1_592' title='bbox 2121 1817 2571 1904; x_wconf 27' lang='lat' dir='ltr'><strong>,‘lmolpropterea</strong></span> <span class='ocrx_word' id='word_1_593' title='bbox 2595 1824 2762 1894; x_wconf 86' lang='lat' dir='ltr'><strong>magis</strong></span> <span class='ocrx_word' id='word_1_594' title='bbox 2783 1824 2882 1904; x_wconf 83' lang='lat' dir='ltr'><strong>hoc</strong></span> <span class='ocrx_word' id='word_1_595' title='bbox 2903 1841 3006 1880; x_wconf 92' lang='lat' dir='ltr'><strong>non</strong></span> <span class='ocrx_word' id='word_1_596' title='bbox 3029 1828 3272 1884; x_wconf 81' lang='lat' dir='ltr'><strong>observat</strong></span> <span class='ocrx_word' id='word_1_597' title='bbox 3293 1831 3445 1885; x_wconf 88' lang='lat' dir='ltr'><strong>Chri-</strong></span> 
     </span>
    </p>
   </div>
   <div class='ocr_carea' id='block_1_78' title="bbox 1861 1899 3444 1989">
    <p class='ocr_par' dir='ltr' id='par_1_78' title="bbox 1861 1899 3444 1989">
     <span class='ocr_line' id='line_1_78' title="bbox 1861 1899 3444 1989; baseline 0.009 -31"><span class='ocrx_word' id='word_1_598' title='bbox 1861 1906 2062 1960; x_wconf 88' lang='lat' dir='ltr'><strong>stianus</strong></span> <span class='ocrx_word' id='word_1_599' title='bbox 2088 1949 2102 1972; x_wconf 93' lang='lat'><strong>,</strong></span> <span class='ocrx_word' id='word_1_600' title='bbox 2143 1899 2264 1978; x_wconf 76' lang='lat' dir='ltr'><strong>quia</strong></span> <span class='ocrx_word' id='word_1_601' title='bbox 2293 1909 2431 1979; x_wconf 91' lang='lat' dir='ltr'><strong>quod</strong></span> <span class='ocrx_word' id='word_1_602' title='bbox 2463 1911 2548 1966; x_wconf 87' lang='lat' dir='ltr'><strong>illa</strong></span> <span class='ocrx_word' id='word_1_603' title='bbox 2577 1911 2740 1982; x_wconf 83' lang='lat' dir='ltr'><strong>ﬁgura</strong></span> <span class='ocrx_word' id='word_1_604' title='bbox 2771 1899 3213 1984; x_wconf 86' lang='lat' dir='ltr'><strong>prophetabatur,</strong></span> <span class='ocrx_word' id='word_1_605' title='bbox 3247 1935 3444 1989; x_wconf 69' lang='lat' dir='ltr'><strong>expur-</strong></span> 
     </span>
    </p>
   </div>
   <div class='ocr_carea' id='block_1_79' title="bbox 1860 1999 3439 2068">
    <p class='ocr_par' dir='ltr' id='par_1_79' title="bbox 1860 1999 3439 2068">
     <span class='ocr_line' id='line_1_79' title="bbox 1860 1999 3439 2068; baseline 0.009 -19"><span class='ocrx_word' id='word_1_606' title='bbox 1860 2005 1983 2066; x_wconf 86' lang='lat' dir='ltr'><strong>gato</strong></span> <span class='ocrx_word' id='word_1_607' title='bbox 2027 1999 2220 2054; x_wconf 86' lang='lat' dir='ltr'><strong>veteris</strong></span> <span class='ocrx_word' id='word_1_608' title='bbox 2266 1999 2386 2054; x_wconf 67' lang='lat' dir='ltr'><strong>vitae</strong></span> <span class='ocrx_word' id='word_1_609' title='bbox 2431 2001 2722 2068; x_wconf 76' lang='lat' dir='ltr'><strong>fermento,</strong></span> <span class='ocrx_word' id='word_1_610' title='bbox 2771 2019 2958 2060; x_wconf 87' lang='lat' dir='ltr'><strong>novam</strong></span> <span class='ocrx_word' id='word_1_611' title='bbox 3005 2006 3162 2060; x_wconf 88' lang='lat' dir='ltr'><strong>vitam</strong></span> <span class='ocrx_word' id='word_1_612' title='bbox 3214 2009 3439 2063; x_wconf 85' lang='lat' dir='ltr'><strong>demon-</strong></span> 
     </span>
    </p>
   </div>
   <div class='ocr_carea' id='block_1_80' title="bbox 1861 2087 3451 2168">
    <p class='ocr_par' dir='ltr' id='par_1_80' title="bbox 1861 2087 3451 2168">
     <span class='ocr_line' id='line_1_80' title="bbox 1861 2087 3451 2168; baseline 0.011 -30"><span class='ocrx_word' id='word_1_613' title='bbox 1861 2095 2035 2142; x_wconf 86' lang='lat' dir='ltr'><strong>strans</strong></span> <span class='ocrx_word' id='word_1_614' title='bbox 2077 2087 2318 2166; x_wconf 83' lang='lat' dir='ltr'><strong>Christus</strong></span> <span class='ocrx_word' id='word_1_615' title='bbox 2359 2091 2602 2166; x_wconf 80' lang='lat' dir='ltr'><strong>implevit</strong></span> <span class='ocrx_word' id='word_1_616' title='bbox 2635 2093 2676 2163; x_wconf 84' lang='grc' dir='ltr'>(Ι</span> <span class='ocrx_word' id='word_1_617' title='bbox 2713 2093 2830 2149; x_wconf 89' lang='lat' dir='ltr'><strong>Cor.</strong></span> <span class='ocrx_word' id='word_1_618' title='bbox 2856 2111 2918 2168; x_wconf 87' lang='lat' dir='ltr'><strong>v,</strong></span> <span class='ocrx_word' id='word_1_619' title='bbox 2947 2096 3021 2166; x_wconf 84' lang='lat'><strong>7).</strong></span> <span class='ocrx_word' id='word_1_620' title='bbox 3050 2095 3179 2151; x_wconf 89' lang='lat' dir='ltr'><strong>Cum</strong></span> <span class='ocrx_word' id='word_1_621' title='bbox 3209 2101 3400 2168; x_wconf 71' lang='lat' dir='ltr'><strong>quteris</strong></span> <span class='ocrx_word' id='word_1_622' title='bbox 3427 2107 3451 2168; x_wconf 80' lang='lat'><strong>,&#39;</strong></span> 
     </span>
    </p>
   </div>
   <div class='ocr_carea' id='block_1_81' title="bbox 1860 2167 3441 2256">
    <p class='ocr_par' dir='ltr' id='par_1_81' title="bbox 1860 2167 3441 2256">
     <span class='ocr_line' id='line_1_81' title="bbox 1860 2167 3441 2256; baseline 0.009 -25"><span class='ocrx_word' id='word_1_623' title='bbox 1860 2193 1956 2232; x_wconf 91' lang='lat' dir='ltr'><strong>cur</strong></span> <span class='ocrx_word' id='word_1_624' title='bbox 1996 2179 2060 2232; x_wconf 89' lang='lat' dir='ltr'><strong>de</strong></span> <span class='ocrx_word' id='word_1_625' title='bbox 2102 2194 2262 2234; x_wconf 87' lang='lat' dir='ltr'><strong>carne</strong></span> <span class='ocrx_word' id='word_1_626' title='bbox 2299 2183 2417 2252; x_wconf 86' lang='lat' dir='ltr'><strong>agni</strong></span> <span class='ocrx_word' id='word_1_627' title='bbox 2457 2181 2785 2240; x_wconf 89' lang='lat' dir='ltr'><strong>Christianus</strong></span> <span class='ocrx_word' id='word_1_628' title='bbox 2813 2167 3012 2242; x_wconf 84' lang='lat' dir='ltr'><strong>Pascha</strong></span> <span class='ocrx_word' id='word_1_629' title='bbox 3041 2171 3143 2244; x_wconf 82' lang='lat' dir='ltr'><strong>non</strong></span> <span class='ocrx_word' id='word_1_630' title='bbox 3175 2167 3441 2256; x_wconf 85' lang='lat' dir='ltr'><strong>celebret,</strong></span> 
     </span>
    </p>
   </div>
   <div class='ocr_carea' id='block_1_82' title="bbox 1860 2257 3440 2349">
    <p class='ocr_par' dir='ltr' id='par_1_82' title="bbox 1860 2257 3440 2349">
     <span class='ocr_line' id='line_1_82' title="bbox 1860 2257 3440 2349; baseline 0.01 -29"><span class='ocrx_word' id='word_1_631' title='bbox 1860 2269 1902 2320; x_wconf 86' lang='lat' dir='ltr'><strong>si</strong></span> <span class='ocrx_word' id='word_1_632' title='bbox 1933 2269 2177 2340; x_wconf 88' lang='lat' dir='ltr'><strong>Christus</strong></span> <span class='ocrx_word' id='word_1_633' title='bbox 2205 2285 2306 2324; x_wconf 90' lang='lat' dir='ltr'><strong>non</strong></span> <span class='ocrx_word' id='word_1_634' title='bbox 2335 2272 2480 2326; x_wconf 84' lang='lat' dir='ltr'><strong>venit</strong></span> <span class='ocrx_word' id='word_1_635' title='bbox 2503 2272 2694 2342; x_wconf 85' lang='lat' dir='ltr'><strong>Legem</strong></span> <span class='ocrx_word' id='word_1_636' title='bbox 2725 2276 2930 2330; x_wconf 90' lang='lat' dir='ltr'><strong>solvere</strong></span> <span class='ocrx_word' id='word_1_637' title='bbox 2948 2318 2962 2342; x_wconf 93' lang='lat'><strong>,</strong></span> <span class='ocrx_word' id='word_1_638' title='bbox 2983 2257 3080 2332; x_wconf 86' lang='lat' dir='ltr'><strong>sed</strong></span> <span class='ocrx_word' id='word_1_639' title='bbox 3108 2280 3396 2349; x_wconf 83' lang='lat' dir='ltr'><strong>adimplere</strong></span> <span class='ocrx_word' id='word_1_640' title='bbox 3425 2299 3440 2336; x_wconf 85' lang='lat'><strong>:</strong></span> 
     </span>
    </p>
   </div>
   <div class='ocr_carea' id='block_1_83' title="bbox 1860 2353 3442 2442">
    <p class='ocr_par' dir='ltr' id='par_1_83' title="bbox 1860 2353 3442 2442">
     <span class='ocr_line' id='line_1_83' title="bbox 1860 2353 3442 2442; baseline 0.009 -29"><span class='ocrx_word' id='word_1_641' title='bbox 1860 2353 2158 2442; x_wconf 79' lang='lat' dir='ltr'><strong>respondeo</strong></span> <span class='ocrx_word' id='word_1_642' title='bbox 2179 2405 2192 2426; x_wconf 91' lang='lat'><strong>,</strong></span> <span class='ocrx_word' id='word_1_643' title='bbox 2224 2362 2334 2442; x_wconf 86' lang='lat' dir='ltr'><strong>lmo</strong></span> <span class='ocrx_word' id='word_1_644' title='bbox 2359 2373 2636 2434; x_wconf 87' lang='lat' dir='ltr'><strong>prepterea</strong></span> <span class='ocrx_word' id='word_1_645' title='bbox 2665 2365 2994 2422; x_wconf 89' lang='lat' dir='ltr'><strong>Christianus</strong></span> <span class='ocrx_word' id='word_1_646' title='bbox 3013 2370 3122 2438; x_wconf 84' lang='lat' dir='ltr'><strong>jam</strong></span> <span class='ocrx_word' id='word_1_647' title='bbox 3145 2372 3219 2426; x_wconf 89' lang='lat' dir='ltr'><strong>sic</strong></span> <span class='ocrx_word' id='word_1_648' title='bbox 3243 2373 3442 2428; x_wconf 83' lang='lat' dir='ltr'><strong>Pascha</strong></span> 
     </span>
    </p>
   </div>
   <div class='ocr_carea' id='block_1_84' title="bbox 1861 2441 3442 2532">
    <p class='ocr_par' dir='ltr' id='par_1_84' title="bbox 1861 2441 3442 2532">
     <span class='ocr_line' id='line_1_84' title="bbox 1861 2441 3442 2532; baseline 0.008 -30"><span class='ocrx_word' id='word_1_649' title='bbox 1861 2463 1964 2503; x_wconf 91' lang='lat' dir='ltr'><strong>non</strong></span> <span class='ocrx_word' id='word_1_650' title='bbox 2013 2441 2273 2518; x_wconf 85' lang='lat' dir='ltr'><strong>celebrat,</strong></span> <span class='ocrx_word' id='word_1_651' title='bbox 2315 2454 2434 2522; x_wconf 90' lang='lat' dir='ltr'><strong>quia</strong></span> <span class='ocrx_word' id='word_1_652' title='bbox 2479 2454 2528 2507; x_wconf 95' lang='lat' dir='ltr'><strong>id</strong></span> <span class='ocrx_word' id='word_1_653' title='bbox 2561 2455 2701 2530; x_wconf 84' lang='lat' dir='ltr'><strong>quod</strong></span> <span class='ocrx_word' id='word_1_654' title='bbox 2715 2451 2821 2510; x_wconf 84' lang='lat' dir='ltr'><strong>illa</strong></span> <span class='ocrx_word' id='word_1_655' title='bbox 2853 2453 3017 2528; x_wconf 84' lang='lat' dir='ltr'><strong>ﬁgura</strong></span> <span class='ocrx_word' id='word_1_656' title='bbox 3044 2449 3442 2532; x_wconf 72' lang='lat' dir='ltr'><strong>prmnuntiaha-</strong></span> 
     </span>
    </p>
   </div>
   <div class='ocr_carea' id='block_1_85' title="bbox 1862 2543 3444 2621">
    <p class='ocr_par' dir='ltr' id='par_1_85' title="bbox 1862 2543 3444 2621">
     <span class='ocr_line' id='line_1_85' title="bbox 1862 2543 3444 2621; baseline 0.01 -29"><span class='ocrx_word' id='word_1_657' title='bbox 1862 2549 1946 2593; x_wconf 90' lang='lat' dir='ltr'><strong>tur</strong></span> <span class='ocrx_word' id='word_1_658' title='bbox 1969 2583 1982 2602; x_wconf 93' lang='lat'><strong>,</strong></span> <span class='ocrx_word' id='word_1_659' title='bbox 2013 2555 2177 2611; x_wconf 88' lang='lat' dir='ltr'><strong>agnus</strong></span> <span class='ocrx_word' id='word_1_660' title='bbox 2209 2543 2572 2598; x_wconf 88' lang='lat' dir='ltr'><strong>immaculatus</strong></span> <span class='ocrx_word' id='word_1_661' title='bbox 2599 2561 2692 2599; x_wconf 89' lang='lat' dir='ltr'><strong>sua</strong></span> <span class='ocrx_word' id='word_1_662' title='bbox 2723 2548 2966 2615; x_wconf 88' lang='lat' dir='ltr'><strong>passione</strong></span> <span class='ocrx_word' id='word_1_663' title='bbox 2989 2549 3228 2605; x_wconf 78' lang='lat' dir='ltr'><strong>Christus</strong></span> <span class='ocrx_word' id='word_1_664' title='bbox 3259 2552 3444 2621; x_wconf 81' lang='lat' dir='ltr'><strong>imple-</strong></span> 
     </span>
    </p>
   </div>
   <div class='ocr_carea' id='block_1_86' title="bbox 1859 2631 3444 2712">
    <p class='ocr_par' dir='ltr' id='par_1_86' title="bbox 1859 2631 3444 2712">
     <span class='ocr_line' id='line_1_86' title="bbox 1859 2631 3444 2712; baseline 0.011 -30"><span class='ocrx_word' id='word_1_665' title='bbox 1859 2631 1951 2684; x_wconf 90' lang='lat' dir='ltr'><strong>vit.</strong></span> <span class='ocrx_word' id='word_1_666' title='bbox 1983 2631 2110 2684; x_wconf 90' lang='lat' dir='ltr'><strong>Cum</strong></span> <span class='ocrx_word' id='word_1_667' title='bbox 2140 2634 2332 2702; x_wconf 74' lang='lat' dir='ltr'><strong>qutcris</strong></span> <span class='ocrx_word' id='word_1_668' title='bbox 2352 2675 2367 2700; x_wconf 96' lang='lat'><strong>,</strong></span> <span class='ocrx_word' id='word_1_669' title='bbox 2395 2649 2550 2704; x_wconf 90' lang='lat' dir='ltr'><strong>quam</strong></span> <span class='ocrx_word' id='word_1_670' title='bbox 2573 2637 2642 2688; x_wconf 91' lang='lat' dir='ltr'><strong>ob</strong></span> <span class='ocrx_word' id='word_1_671' title='bbox 2671 2651 2881 2692; x_wconf 88' lang='lat' dir='ltr'><strong>causam</strong></span> <span class='ocrx_word' id='word_1_672' title='bbox 2905 2642 3209 2694; x_wconf 88' lang='lat' dir='ltr'><strong>neomenias</strong></span> <span class='ocrx_word' id='word_1_673' title='bbox 3231 2643 3280 2695; x_wconf 93' lang='lat' dir='ltr'><strong>in</strong></span> <span class='ocrx_word' id='word_1_674' title='bbox 3303 2642 3444 2712; x_wconf 87' lang='lat' dir='ltr'><strong>Lego</strong></span> 
     </span>
    </p>
   </div>
   <div class='ocr_carea' id='block_1_87' title="bbox 1859 2721 3442 2796">
    <p class='ocr_par' dir='ltr' id='par_1_87' title="bbox 1859 2721 3442 2796">
     <span class='ocr_line' id='line_1_87' title="bbox 1859 2721 3442 2796; baseline 0.011 -24"><span class='ocrx_word' id='word_1_675' title='bbox 1859 2721 2134 2776; x_wconf 83' lang='lat' dir='ltr'><strong>mandatas</strong></span> <span class='ocrx_word' id='word_1_676' title='bbox 2179 2725 2282 2776; x_wconf 77' lang='lat' dir='ltr'><strong>no&#39;n</strong></span> <span class='ocrx_word' id='word_1_677' title='bbox 2325 2725 2554 2780; x_wconf 88' lang='lat' dir='ltr'><strong>celebret</strong></span> <span class='ocrx_word' id='word_1_678' title='bbox 2594 2723 2921 2783; x_wconf 87' lang='lat' dir='ltr'><strong>Christianus</strong></span> <span class='ocrx_word' id='word_1_679' title='bbox 2945 2773 2960 2796; x_wconf 93' lang='lat'><strong>,</strong></span> <span class='ocrx_word' id='word_1_680' title='bbox 3001 2731 3042 2786; x_wconf 89' lang='lat' dir='ltr'><strong>si</strong></span> <span class='ocrx_word' id='word_1_681' title='bbox 3071 2729 3308 2788; x_wconf 88' lang='lat' dir='ltr'><strong>Christus</strong></span> <span class='ocrx_word' id='word_1_682' title='bbox 3336 2750 3442 2790; x_wconf 89' lang='lat' dir='ltr'><strong>non</strong></span> 
     </span>
    </p>
   </div>
   <div class='ocr_carea' id='block_1_88' title="bbox 1859 2809 3444 2890">
    <p class='ocr_par' dir='ltr' id='par_1_88' title="bbox 1859 2809 3444 2890">
     <span class='ocr_line' id='line_1_88' title="bbox 1859 2809 3444 2890; baseline 0.011 -30"><span class='ocrx_word' id='word_1_683' title='bbox 1859 2811 2000 2864; x_wconf 85' lang='lat' dir='ltr'><strong>venit</strong></span> <span class='ocrx_word' id='word_1_684' title='bbox 2026 2811 2221 2880; x_wconf 85' lang='lat' dir='ltr'><strong>Legem</strong></span> <span class='ocrx_word' id='word_1_685' title='bbox 2247 2813 2453 2868; x_wconf 87' lang='lat' dir='ltr'><strong>solvere</strong></span> <span class='ocrx_word' id='word_1_686' title='bbox 2477 2855 2490 2878; x_wconf 94' lang='lat'><strong>,</strong></span> <span class='ocrx_word' id='word_1_687' title='bbox 2514 2816 2605 2870; x_wconf 89' lang='lat' dir='ltr'><strong>sed</strong></span> <span class='ocrx_word' id='word_1_688' title='bbox 2629 2816 2916 2886; x_wconf 86' lang='lat' dir='ltr'><strong>adimplere</strong></span> <span class='ocrx_word' id='word_1_689' title='bbox 2944 2809 2961 2873; x_wconf 13' lang='lat' dir='ltr'><strong>V:</strong></span> <span class='ocrx_word' id='word_1_690' title='bbox 2992 2823 3306 2890; x_wconf 80' lang='lat' dir='ltr'><strong>respondeo,</strong></span> <span class='ocrx_word' id='word_1_691' title='bbox 3333 2824 3444 2878; x_wconf 90' lang='lat' dir='ltr'><strong>lmo</strong></span> 
     </span>
    </p>
   </div>
   <div class='ocr_carea' id='block_1_89' title="bbox 1861 2903 3442 2984">
    <p class='ocr_par' dir='ltr' id='par_1_89' title="bbox 1861 2903 3442 2984">
     <span class='ocr_line' id='line_1_89' title="bbox 1861 2903 3442 2984; baseline 0.009 -30"><span class='ocrx_word' id='word_1_692' title='bbox 1861 2911 2137 2971; x_wconf 89' lang='lat' dir='ltr'><strong>propterea</strong></span> <span class='ocrx_word' id='word_1_693' title='bbox 2177 2905 2287 2970; x_wconf 86' lang='lat' dir='ltr'><strong>jam</strong></span> <span class='ocrx_word' id='word_1_694' title='bbox 2331 2903 2662 2960; x_wconf 88' lang='lat' dir='ltr'><strong>Christianus</strong></span> <span class='ocrx_word' id='word_1_695' title='bbox 2704 2907 2828 2962; x_wconf 86' lang='lat' dir='ltr'><strong>istas</strong></span> <span class='ocrx_word' id='word_1_696' title='bbox 2876 2925 2980 2962; x_wconf 92' lang='lat' dir='ltr'><strong>non</strong></span> <span class='ocrx_word' id='word_1_697' title='bbox 3022 2911 3293 2980; x_wconf 88' lang='lat' dir='ltr'><strong>celebrat,</strong></span> <span class='ocrx_word' id='word_1_698' title='bbox 3322 2915 3442 2984; x_wconf 89' lang='lat' dir='ltr'><strong>quia</strong></span> 
     </span>
    </p>
   </div>
   <div class='ocr_carea' id='block_1_90' title="bbox 1857 2989 3440 3076">
    <p class='ocr_par' dir='ltr' id='par_1_90' title="bbox 1857 2989 3440 3076">
     <span class='ocr_line' id='line_1_90' title="bbox 1857 2989 3440 3076; baseline 0.01 -33"><span class='ocrx_word' id='word_1_699' title='bbox 1857 2991 2076 3060; x_wconf 84' lang='lat' dir='ltr'><strong>&#39;pr0pter</strong></span> <span class='ocrx_word' id='word_1_700' title='bbox 2127 2994 2265 3064; x_wconf 86' lang='lat' dir='ltr'><strong>quod</strong></span> <span class='ocrx_word' id='word_1_701' title='bbox 2320 2989 2780 3062; x_wconf 67' lang='lat' dir='ltr'><strong>prtenuntiamlum</strong></span> <span class='ocrx_word' id='word_1_702' title='bbox 2835 3000 3235 3076; x_wconf 87' lang='lat' dir='ltr'><strong>celebrabantur</strong></span> <span class='ocrx_word' id='word_1_703' title='bbox 3266 3045 3280 3070; x_wconf 94' lang='lat'><strong>,</strong></span> <span class='ocrx_word' id='word_1_704' title='bbox 3329 3003 3440 3073; x_wconf 89' lang='lat' dir='ltr'><strong>jam</strong></span> 
     </span>
    </p>
   </div>
   <div class='ocr_carea' id='block_1_91' title="bbox 1859 3081 3446 3169">
    <p class='ocr_par' dir='ltr' id='par_1_91' title="bbox 1859 3081 3446 3169">
     <span class='ocr_line' id='line_1_91' title="bbox 1859 3081 3446 3169; baseline 0.009 -33"><span class='ocrx_word' id='word_1_705' title='bbox 1859 3081 2100 3138; x_wconf 89' lang='lat' dir='ltr'><strong>Christus</strong></span> <span class='ocrx_word' id='word_1_706' title='bbox 2139 3084 2396 3153; x_wconf 85' lang='lat' dir='ltr'><strong>implevit.</strong></span> <span class='ocrx_word' id='word_1_707' title='bbox 2447 3087 2742 3169; x_wconf 77' lang='lat' dir='ltr'><strong>Celebratio</strong></span> <span class='ocrx_word' id='word_1_708' title='bbox 2778 3091 2917 3144; x_wconf 89' lang='lat' dir='ltr'><strong>enim</strong></span> <span class='ocrx_word' id='word_1_709' title='bbox 2961 3089 3109 3146; x_wconf 71' lang='lat' dir='ltr'><strong>novre</strong></span> <span class='ocrx_word' id='word_1_710' title='bbox 3135 3093 3273 3148; x_wconf 71' lang='lat' dir='ltr'><strong>luna:</strong></span> <span class='ocrx_word' id='word_1_711' title='bbox 3302 3091 3446 3164; x_wconf 51' lang='lat' dir='ltr'><strong>pne?</strong></span> 
     </span>
    </p>
   </div>
   <div class='ocr_carea' id='block_1_92' title="bbox 1856 3170 3438 3254">
    <p class='ocr_par' dir='ltr' id='par_1_92' title="bbox 1856 3170 3438 3254">
     <span class='ocr_line' id='line_1_92' title="bbox 1856 3170 3438 3254; baseline 0.009 -26"><span class='ocrx_word' id='word_1_712' title='bbox 1856 3175 2134 3229; x_wconf 78' lang='lat' dir='ltr'><strong>&#39;nu&#39;ntiabat</strong></span> <span class='ocrx_word' id='word_1_713' title='bbox 2153 3170 2350 3229; x_wconf 65' lang='lat' dir='ltr'><strong>&#39;novam</strong></span> <span class='ocrx_word' id='word_1_714' title='bbox 2379 3189 2706 3245; x_wconf 78' lang='lat' dir='ltr'><strong>creaturam,</strong></span> <span class='ocrx_word' id='word_1_715' title='bbox 2735 3179 2801 3234; x_wconf 89' lang='lat' dir='ltr'><strong>de</strong></span> <span class='ocrx_word' id='word_1_716' title='bbox 2826 3195 2925 3250; x_wconf 85' lang='lat' dir='ltr'><strong>qua</strong></span> <span class='ocrx_word' id='word_1_717' title='bbox 2955 3181 3082 3238; x_wconf 86' lang='lat' dir='ltr'><strong>dicit</strong></span> <span class='ocrx_word' id='word_1_718' title='bbox 3110 3179 3396 3254; x_wconf 74' lang='lat' dir='ltr'><strong>Apostolus</strong></span> <span class='ocrx_word' id='word_1_719' title='bbox 3425 3205 3438 3242; x_wconf 93' lang='lat'><strong>:</strong></span> 
     </span>
    </p>
   </div>
   <div class='ocr_carea' id='block_1_93' title="bbox 1861 3266 3444 3340">
    <p class='ocr_par' dir='ltr' id='par_1_93' title="bbox 1861 3266 3444 3340">
     <span class='ocr_line' id='line_1_93' title="bbox 1861 3266 3444 3340; baseline 0.006 -19"><span class='ocrx_word' id='word_1_720' title='bbox 1861 3266 1922 3321; x_wconf 82' lang='lat' dir='ltr'><strong>Si</strong></span> <span class='ocrx_word' id='word_1_721' title='bbox 1958 3283 2056 3337; x_wconf 85' lang='lat' dir='ltr'><strong>qua</strong></span> <span class='ocrx_word' id='word_1_722' title='bbox 2095 3267 2246 3338; x_wconf 82' lang='lat' dir='ltr'><strong>igitur</strong></span> <span class='ocrx_word' id='word_1_723' title='bbox 2285 3267 2338 3320; x_wconf 85' lang='lat' dir='ltr'><strong>in</strong></span> <span class='ocrx_word' id='word_1_724' title='bbox 2377 3267 2574 3322; x_wconf 84' lang='lat' dir='ltr'><strong>Christo</strong></span> <span class='ocrx_word' id='word_1_725' title='bbox 2600 3287 2725 3323; x_wconf 82' lang='lat' dir='ltr'><strong>nova</strong></span> <span class='ocrx_word' id='word_1_726' title='bbox 2755 3283 2984 3326; x_wconf 82' lang='lat' dir='ltr'><strong>creatura</strong></span> <span class='ocrx_word' id='word_1_727' title='bbox 3006 3316 3020 3340; x_wconf 95' lang='lat'><strong>,</strong></span> <span class='ocrx_word' id='word_1_728' title='bbox 3047 3285 3212 3329; x_wconf 71' lang='lat' dir='ltr'><strong>cetera</strong></span> <span class='ocrx_word' id='word_1_729' title='bbox 3236 3279 3444 3332; x_wconf 83' lang='lat' dir='ltr'><strong>transie-</strong></span> 
     </span>
    </p>
   </div>
   <div class='ocr_carea' id='block_1_94' title="bbox 1857 3357 3440 3438">
    <p class='ocr_par' dir='ltr' id='par_1_94' title="bbox 1857 3357 3440 3438">
     <span class='ocr_line' id='line_1_94' title="bbox 1857 3357 3440 3438; baseline 0.008 -28"><span class='ocrx_word' id='word_1_730' title='bbox 1857 3363 2012 3424; x_wconf 78' lang='lat' dir='ltr'><strong>runt;</strong></span> <span class='ocrx_word' id='word_1_731' title='bbox 2053 3375 2164 3412; x_wconf 83' lang='lat' dir='ltr'><strong>ecce</strong></span> <span class='ocrx_word' id='word_1_732' title='bbox 2196 3363 2334 3427; x_wconf 82' lang='lat' dir='ltr'><strong>facta</strong></span> <span class='ocrx_word' id='word_1_733' title='bbox 2359 3369 2477 3412; x_wconf 72' lang='lat' dir='ltr'><strong>sunt</strong></span> <span class='ocrx_word' id='word_1_734' title='bbox 2503 3375 2630 3413; x_wconf 87' lang='lat' dir='ltr'><strong>nova</strong></span> <span class='ocrx_word' id='word_1_735' title='bbox 2660 3357 2722 3433; x_wconf 91' lang='lat' dir='ltr'><strong>(ll</strong></span> <span class='ocrx_word' id='word_1_736' title='bbox 2749 3359 2864 3416; x_wconf 89' lang='lat' dir='ltr'><strong>Cor.</strong></span> <span class='ocrx_word' id='word_1_737' title='bbox 2885 3379 2928 3422; x_wconf 63' lang='lat' dir='ltr'><strong>,v</strong></span> <span class='ocrx_word' id='word_1_738' title='bbox 2951 3404 2964 3428; x_wconf 97' lang='lat'><strong>,</strong></span> <span class='ocrx_word' id='word_1_739' title='bbox 3134 3366 3264 3419; x_wconf 92' lang='lat' dir='ltr'><strong>Cum</strong></span> <span class='ocrx_word' id='word_1_740' title='bbox 3293 3384 3440 3436; x_wconf 73' lang='lat' dir='ltr'><strong>qure-</strong></span> 
     </span>
    </p>
   </div>
   <div class='ocr_carea' id='block_1_95' title="bbox 1855 3447 3440 3530">
    <p class='ocr_par' dir='ltr' id='par_1_95' title="bbox 1855 3447 3440 3530">
     <span class='ocr_line' id='line_1_95' title="bbox 1855 3447 3440 3530; baseline 0.008 -28"><span class='ocrx_word' id='word_1_741' title='bbox 1855 3449 1933 3502; x_wconf 79' lang='lat' dir='ltr'><strong>&#39;ris</strong></span> <span class='ocrx_word' id='word_1_742' title='bbox 1957 3491 1971 3514; x_wconf 90' lang='lat'><strong>,</strong></span> <span class='ocrx_word' id='word_1_743' title='bbox 2012 3465 2108 3504; x_wconf 88' lang='lat' dir='ltr'><strong>cur</strong></span> <span class='ocrx_word' id='word_1_744' title='bbox 2145 3449 2234 3504; x_wconf 89' lang='lat' dir='ltr'><strong>illa</strong></span> <span class='ocrx_word' id='word_1_745' title='bbox 2276 3449 2597 3520; x_wconf 84' lang='lat' dir='ltr'><strong>singularum</strong></span> <span class='ocrx_word' id='word_1_746' title='bbox 2639 3447 3440 3530; x_wconf 76' lang='lat' dir='ltr'><strong>quarumqueimmutnlitiartun</strong></span> 
     </span>
    </p>
   </div>
   <div class='ocr_carea' id='block_1_96' title="bbox 1857 3543 3443 3622">
    <p class='ocr_par' dir='ltr' id='par_1_96' title="bbox 1857 3543 3443 3622">
     <span class='ocr_line' id='line_1_96' title="bbox 1857 3543 3443 3622; baseline 0.008 -25"><span class='ocrx_word' id='word_1_747' title='bbox 1857 3543 2170 3614; x_wconf 87' lang='lat' dir='ltr'><strong>baptismata</strong></span> <span class='ocrx_word' id='word_1_748' title='bbox 2193 3584 2206 3608; x_wconf 94' lang='lat'><strong>,</strong></span> <span class='ocrx_word' id='word_1_749' title='bbox 2235 3561 2352 3614; x_wconf 70' lang='lat' dir='ltr'><strong>qua:</strong></span> <span class='ocrx_word' id='word_1_750' title='bbox 2385 3545 2434 3598; x_wconf 92' lang='lat' dir='ltr'><strong>in</strong></span> <span class='ocrx_word' id='word_1_751' title='bbox 2463 3545 2602 3616; x_wconf 87' lang='lat' dir='ltr'><strong>Lege</strong></span> <span class='ocrx_word' id='word_1_752' title='bbox 2631 3543 3037 3622; x_wconf 69' lang='lat' dir='ltr'><strong>praeeipiuntur,</strong></span> <span class='ocrx_word' id='word_1_753' title='bbox 3067 3565 3169 3604; x_wconf 91' lang='lat' dir='ltr'><strong>non</strong></span> <span class='ocrx_word' id='word_1_754' title='bbox 3193 3552 3443 3608; x_wconf 83' lang='lat' dir='ltr'><strong>observet</strong></span> 
     </span>
    </p>
   </div>
   <div class='ocr_carea' id='block_1_97' title="bbox 1857 3617 3437 3712">
    <p class='ocr_par' dir='ltr' id='par_1_97' title="bbox 1857 3617 3437 3712">
     <span class='ocr_line' id='line_1_97' title="bbox 1857 3617 3437 3712; baseline 0.005 -22"><span class='ocrx_word' id='word_1_755' title='bbox 1857 3635 2187 3690; x_wconf 90' lang='lat' dir='ltr'><strong>Christianus</strong></span> <span class='ocrx_word' id='word_1_756' title='bbox 2210 3676 2224 3701; x_wconf 93' lang='lat'><strong>,</strong></span> <span class='ocrx_word' id='word_1_757' title='bbox 2266 3637 2310 3690; x_wconf 89' lang='lat' dir='ltr'><strong>si</strong></span> <span class='ocrx_word' id='word_1_758' title='bbox 2353 3635 2606 3710; x_wconf 84' lang='lat' dir='ltr'><strong>Christus</strong></span> <span class='ocrx_word' id='word_1_759' title='bbox 2635 3625 2740 3692; x_wconf 87' lang='lat' dir='ltr'><strong>non</strong></span> <span class='ocrx_word' id='word_1_760' title='bbox 2789 3641 2933 3694; x_wconf 86' lang='lat' dir='ltr'><strong>venit</strong></span> <span class='ocrx_word' id='word_1_761' title='bbox 2977 3617 3168 3709; x_wconf 82' lang='lat' dir='ltr'><strong>Legem</strong></span> <span class='ocrx_word' id='word_1_762' title='bbox 3197 3646 3437 3712; x_wconf 86' lang='lat' dir='ltr'><strong>solvere,</strong></span> 
     </span>
    </p>
   </div>
   <div class='ocr_carea' id='block_1_98' title="bbox 1857 3721 3441 3804">
    <p class='ocr_par' dir='ltr' id='par_1_98' title="bbox 1857 3721 3441 3804">
     <span class='ocr_line' id='line_1_98' title="bbox 1857 3721 3441 3804; baseline 0.004 -21"><span class='ocrx_word' id='word_1_763' title='bbox 1857 3727 1950 3783; x_wconf 89' lang='lat' dir='ltr'><strong>sed</strong></span> <span class='ocrx_word' id='word_1_764' title='bbox 1971 3721 2262 3797; x_wconf 85' lang='lat' dir='ltr'><strong>adimplere</strong></span> <span class='ocrx_word' id='word_1_765' title='bbox 2287 3745 2298 3782; x_wconf 93' lang='lat'><strong>:</strong></span> <span class='ocrx_word' id='word_1_766' title='bbox 2325 3729 2640 3797; x_wconf 86' lang='lat' dir='ltr'><strong>respondeo,</strong></span> <span class='ocrx_word' id='word_1_767' title='bbox 2667 3729 2788 3784; x_wconf 89' lang='lat' dir='ltr'><strong>inde</strong></span> <span class='ocrx_word' id='word_1_768' title='bbox 2805 3731 3112 3804; x_wconf 78' lang='lat' dir='ltr'><strong>potiusth</strong></span> <span class='ocrx_word' id='word_1_769' title='bbox 3133 3727 3234 3786; x_wconf 90' lang='lat' dir='ltr'><strong>non</strong></span> <span class='ocrx_word' id='word_1_770' title='bbox 3257 3735 3441 3789; x_wconf 84' lang='lat' dir='ltr'><strong>obser-</strong></span> 
     </span>
    </p>
   </div>
   <div class='ocr_carea' id='block_1_99' title="bbox 1857 3805 3440 3906">
    <p class='ocr_par' dir='ltr' id='par_1_99' title="bbox 1857 3805 3440 3906">
     <span class='ocr_line' id='line_1_99' title="bbox 1857 3805 3440 3906; baseline 0.006 -32"><span class='ocrx_word' id='word_1_771' title='bbox 1857 3815 1982 3876; x_wconf 87' lang='lat' dir='ltr'><strong>vare</strong></span> <span class='ocrx_word' id='word_1_772' title='bbox 2008 3811 2399 3888; x_wconf 84' lang='lat' dir='ltr'><strong>Christianum,</strong></span> <span class='ocrx_word' id='word_1_773' title='bbox 2431 3821 2548 3891; x_wconf 88' lang='lat' dir='ltr'><strong>quia</strong></span> <span class='ocrx_word' id='word_1_774' title='bbox 2578 3821 2755 3892; x_wconf 76' lang='lat' dir='ltr'><strong>ﬁgura:</strong></span> <span class='ocrx_word' id='word_1_775' title='bbox 2784 3805 3281 3906; x_wconf 36' lang='lat' dir='ltr'><strong>ﬁtturOrum‘eraut,</strong></span> <span class='ocrx_word' id='word_1_776' title='bbox 3308 3843 3440 3899; x_wconf 89' lang='lat' dir='ltr'><strong>quas</strong></span> 
     </span>
    </p>
   </div>
   <div class='ocr_carea' id='block_1_100' title="bbox 1855 3911 3438 3984">
    <p class='ocr_par' dir='ltr' id='par_1_100' title="bbox 1855 3911 3438 3984">
     <span class='ocr_line' id='line_1_100' title="bbox 1855 3911 3438 3984; baseline 0.004 -16"><span class='ocrx_word' id='word_1_777' title='bbox 1855 3911 2098 3968; x_wconf 90' lang='lat' dir='ltr'><strong>Christus</strong></span> <span class='ocrx_word' id='word_1_778' title='bbox 2147 3911 2398 3980; x_wconf 86' lang='lat' dir='ltr'><strong>implevit.</strong></span> <span class='ocrx_word' id='word_1_779' title='bbox 2447 3912 2600 3966; x_wconf 75' lang='lat' dir='ltr'><strong>Venit</strong></span> <span class='ocrx_word' id='word_1_780' title='bbox 2639 3914 2780 3968; x_wconf 89' lang='lat' dir='ltr'><strong>enim</strong></span> <span class='ocrx_word' id='word_1_781' title='bbox 2832 3917 3156 3984; x_wconf 89' lang='lat' dir='ltr'><strong>consepelire</strong></span> <span class='ocrx_word' id='word_1_782' title='bbox 3202 3933 3300 3974; x_wconf 89' lang='lat' dir='ltr'><strong>nos</strong></span> <span class='ocrx_word' id='word_1_783' title='bbox 3338 3919 3438 3974; x_wconf 86' lang='lat' dir='ltr'><strong>sibi</strong></span> 
     </span>
    </p>
   </div>
   <div class='ocr_carea' id='block_1_101' title="bbox 1857 3995 3440 4078">
    <p class='ocr_par' dir='ltr' id='par_1_101' title="bbox 1857 3995 3440 4078">
     <span class='ocr_line' id='line_1_101' title="bbox 1857 3995 3440 4078; baseline 0.004 -17"><span class='ocrx_word' id='word_1_784' title='bbox 1857 4021 1950 4076; x_wconf 90' lang='lat' dir='ltr'><strong>per</strong></span> <span class='ocrx_word' id='word_1_785' title='bbox 1989 4006 2312 4076; x_wconf 86' lang='lat' dir='ltr'><strong>Baptismum</strong></span> <span class='ocrx_word' id='word_1_786' title='bbox 2355 4007 2408 4060; x_wconf 91' lang='lat' dir='ltr'><strong>in</strong></span> <span class='ocrx_word' id='word_1_787' title='bbox 2447 3995 2668 4062; x_wconf 89' lang='lat' dir='ltr'><strong>mortem</strong></span> <span class='ocrx_word' id='word_1_788' title='bbox 2695 4024 2709 4072; x_wconf 87' lang='lat'><strong>;</strong></span> <span class='ocrx_word' id='word_1_789' title='bbox 2740 4017 2795 4062; x_wconf 91' lang='lat' dir='ltr'><strong>ut</strong></span> <span class='ocrx_word' id='word_1_790' title='bbox 2819 4009 3259 4078; x_wconf 86' lang='lat' dir='ltr'><strong>quemadmodum</strong></span> <span class='ocrx_word' id='word_1_791' title='bbox 3285 4011 3440 4066; x_wconf 85' lang='lat' dir='ltr'><strong>Chri-</strong></span> 
     </span>
    </p>
   </div>
   <div class='ocr_carea' id='block_1_102' title="bbox 1856 4083 3442 4164">
    <p class='ocr_par' dir='ltr' id='par_1_102' title="bbox 1856 4083 3442 4164">
     <span class='ocr_line' id='line_1_102' title="bbox 1856 4083 3442 4164; baseline 0.004 -12"><span class='ocrx_word' id='word_1_792' title='bbox 1856 4089 1968 4152; x_wconf 85' lang='lat' dir='ltr'><strong>stus</strong></span> <span class='ocrx_word' id='word_1_793' title='bbox 2007 4097 2300 4152; x_wconf 82' lang='lat' dir='ltr'><strong>resurrexit</strong></span> <span class='ocrx_word' id='word_1_794' title='bbox 2327 4113 2356 4152; x_wconf 90' lang='lat' dir='ltr'><strong>a</strong></span> <span class='ocrx_word' id='word_1_795' title='bbox 2383 4083 2601 4152; x_wconf 84' lang='lat' dir='ltr'><strong>mortuis</strong></span> <span class='ocrx_word' id='word_1_796' title='bbox 2625 4140 2640 4164; x_wconf 92' lang='lat'><strong>,</strong></span> <span class='ocrx_word' id='word_1_797' title='bbox 2671 4099 2745 4152; x_wconf 90' lang='lat' dir='ltr'><strong>sic</strong></span> <span class='ocrx_word' id='word_1_798' title='bbox 2774 4107 2826 4152; x_wconf 91' lang='lat' dir='ltr'><strong>et</strong></span> <span class='ocrx_word' id='word_1_799' title='bbox 2850 4114 2946 4153; x_wconf 90' lang='lat' dir='ltr'><strong>nos</strong></span> <span class='ocrx_word' id='word_1_800' title='bbox 2977 4099 3027 4153; x_wconf 92' lang='lat' dir='ltr'><strong>in</strong></span> <span class='ocrx_word' id='word_1_801' title='bbox 3058 4091 3292 4156; x_wconf 87' lang='lat' dir='ltr'><strong>novitate</strong></span> <span class='ocrx_word' id='word_1_802' title='bbox 3309 4089 3442 4158; x_wconf 75' lang='lat' dir='ltr'><strong>vine</strong></span> 
     </span>
    </p>
   </div>
   <div class='ocr_carea' id='block_1_103' title="bbox 1855 4179 3439 4260">
    <p class='ocr_par' dir='ltr' id='par_1_103' title="bbox 1855 4179 3439 4260">
     <span class='ocr_line' id='line_1_103' title="bbox 1855 4179 3439 4260; baseline 0.004 -19"><span class='ocrx_word' id='word_1_803' title='bbox 1855 4179 2185 4242; x_wconf 82' lang='lat' dir='ltr'><strong>ambulemus</strong></span> <span class='ocrx_word' id='word_1_804' title='bbox 2215 4179 2398 4256; x_wconf 45' lang='lat' dir='ltr'><strong>&#39;(Rom.</strong></span> <span class='ocrx_word' id='word_1_805' title='bbox 2444 4203 2492 4240; x_wconf 78' lang='lat' dir='ltr'><strong>vi</strong></span> <span class='ocrx_word' id='word_1_806' title='bbox 2519 4228 2532 4252; x_wconf 94' lang='lat'><strong>,</strong></span> <span class='ocrx_word' id='word_1_807' title='bbox 2582 4185 2655 4258; x_wconf 72' lang='grc'><strong>4).</strong></span> <span class='ocrx_word' id='word_1_808' title='bbox 2697 4185 2826 4241; x_wconf 91' lang='lat' dir='ltr'><strong>Cum</strong></span> <span class='ocrx_word' id='word_1_809' title='bbox 2857 4189 3048 4258; x_wconf 70' lang='lat' dir='ltr'><strong>qumris</strong></span> <span class='ocrx_word' id='word_1_810' title='bbox 3071 4231 3085 4254; x_wconf 95' lang='lat'><strong>,</strong></span> <span class='ocrx_word' id='word_1_811' title='bbox 3105 4179 3242 4260; x_wconf 76' lang='lat' dir='ltr'><strong>quid</strong></span> <span class='ocrx_word' id='word_1_812' title='bbox 3266 4207 3439 4248; x_wconf 76' lang='lat' dir='ltr'><strong>causa:</strong></span> 
     </span>
    </p>
   </div>
   <div class='ocr_carea' id='block_1_104' title="bbox 1857 4265 3436 4354">
    <p class='ocr_par' dir='ltr' id='par_1_104' title="bbox 1857 4265 3436 4354">
     <span class='ocr_line' id='line_1_104' title="bbox 1857 4265 3436 4354; baseline 0.003 -20"><span class='ocrx_word' id='word_1_813' title='bbox 1857 4287 1938 4334; x_wconf 91' lang='lat' dir='ltr'><strong>est</strong></span> <span class='ocrx_word' id='word_1_814' title='bbox 1982 4288 2038 4334; x_wconf 89' lang='lat' dir='ltr'><strong>ut</strong></span> <span class='ocrx_word' id='word_1_815' title='bbox 2075 4281 2387 4350; x_wconf 85' lang='lat' dir='ltr'><strong>seenopegia</strong></span> <span class='ocrx_word' id='word_1_816' title='bbox 2421 4295 2521 4332; x_wconf 90' lang='lat' dir='ltr'><strong>non</strong></span> <span class='ocrx_word' id='word_1_817' title='bbox 2551 4281 2618 4336; x_wconf 90' lang='lat' dir='ltr'><strong>sit</strong></span> <span class='ocrx_word' id='word_1_818' title='bbox 2646 4265 2950 4354; x_wconf 79' lang='lat' dir='ltr'><strong>sel&#39;emnitas</strong></span> <span class='ocrx_word' id='word_1_819' title='bbox 2976 4281 3396 4339; x_wconf 88' lang='lat' dir='ltr'><strong>Christianorum</strong></span> <span class='ocrx_word' id='word_1_820' title='bbox 3421 4327 3436 4352; x_wconf 95' lang='lat'><strong>,</strong></span> 
     </span>
    </p>
   </div>
   <div class='ocr_carea' id='block_1_105' title="bbox 1857 4355 3442 4446">
    <p class='ocr_par' dir='ltr' id='par_1_105' title="bbox 1857 4355 3442 4446">
     <span class='ocr_line' id='line_1_105' title="bbox 1857 4355 3442 4446; baseline 0.003 -20"><span class='ocrx_word' id='word_1_821' title='bbox 1857 4372 1900 4426; x_wconf 90' lang='lat' dir='ltr'><strong>si</strong></span> <span class='ocrx_word' id='word_1_822' title='bbox 1943 4372 2051 4426; x_wconf 85' lang='lat' dir='ltr'><strong>Lex</strong></span> <span class='ocrx_word' id='word_1_823' title='bbox 2087 4387 2114 4424; x_wconf 91' lang='lat' dir='ltr'><strong>a</strong></span> <span class='ocrx_word' id='word_1_824' title='bbox 2145 4371 2355 4426; x_wconf 85' lang='lat' dir='ltr'><strong>Christo</strong></span> <span class='ocrx_word' id='word_1_825' title='bbox 2383 4355 2663 4440; x_wconf 70' lang='lat' dir='ltr'><strong>adimpleta</strong></span> <span class='ocrx_word' id='word_1_826' title='bbox 2695 4355 2774 4426; x_wconf 77' lang='lat' dir='ltr'><strong>est</strong></span> <span class='ocrx_word' id='word_1_827' title='bbox 2793 4415 2808 4440; x_wconf 90' lang='lat'><strong>,</strong></span> <span class='ocrx_word' id='word_1_828' title='bbox 2837 4387 2941 4426; x_wconf 91' lang='lat' dir='ltr'><strong>non</strong></span> <span class='ocrx_word' id='word_1_829' title='bbox 2970 4373 3140 4428; x_wconf 89' lang='lat' dir='ltr'><strong>soluta</strong></span> <span class='ocrx_word' id='word_1_830' title='bbox 3171 4392 3184 4428; x_wconf 89' lang='lat'>:</span> <span class='ocrx_word' id='word_1_831' title='bbox 3215 4387 3442 4446; x_wconf 59' lang='lat' dir='ltr'><strong>reSpon.‘</strong></span> 
     </span>
    </p>
   </div>
   <div class='ocr_carea' id='block_1_106' title="bbox 1856 4453 3439 4536">
    <p class='ocr_par' dir='ltr' id='par_1_106' title="bbox 1856 4453 3439 4536">
     <span class='ocr_line' id='line_1_106' title="bbox 1856 4453 3439 4536; baseline 0.003 -19"><span class='ocrx_word' id='word_1_832' title='bbox 1856 4463 1990 4530; x_wconf 90' lang='lat' dir='ltr'><strong>deo,</strong></span> <span class='ocrx_word' id='word_1_833' title='bbox 2042 4453 2434 4530; x_wconf 81' lang='lat' dir='ltr'><strong>tabernaculum</strong></span> <span class='ocrx_word' id='word_1_834' title='bbox 2484 4463 2572 4516; x_wconf 90' lang='lat' dir='ltr'><strong>Dei</strong></span> <span class='ocrx_word' id='word_1_835' title='bbox 2623 4461 2802 4518; x_wconf 77' lang='lat' dir='ltr'><strong>ﬁdeles</strong></span> <span class='ocrx_word' id='word_1_836' title='bbox 2841 4464 2955 4532; x_wconf 86' lang='lat' dir='ltr'><strong>ejus</strong></span> <span class='ocrx_word' id='word_1_837' title='bbox 2994 4479 3143 4536; x_wconf 75' lang='lat' dir='ltr'><strong>esse,</strong></span> <span class='ocrx_word' id='word_1_838' title='bbox 3172 4465 3222 4518; x_wconf 91' lang='lat' dir='ltr'><strong>in</strong></span> <span class='ocrx_word' id='word_1_839' title='bbox 3249 4461 3439 4536; x_wconf 84' lang='lat' dir='ltr'><strong>quibus</strong></span> 
     </span>
    </p>
   </div>
   <div class='ocr_carea' id='block_1_107' title="bbox 1856 4551 3440 4622">
    <p class='ocr_par' dir='ltr' id='par_1_107' title="bbox 1856 4551 3440 4622">
     <span class='ocr_line' id='line_1_107' title="bbox 1856 4551 3440 4622; baseline 0.004 -16"><span class='ocrx_word' id='word_1_840' title='bbox 1856 4552 2112 4606; x_wconf 89' lang='lat' dir='ltr'><strong>charitate</strong></span> <span class='ocrx_word' id='word_1_841' title='bbox 2147 4552 2360 4605; x_wconf 88' lang='lat' dir='ltr'><strong>sociatis</strong></span> <span class='ocrx_word' id='word_1_842' title='bbox 2387 4559 2438 4606; x_wconf 90' lang='lat' dir='ltr'><strong>et</strong></span> <span class='ocrx_word' id='word_1_843' title='bbox 2465 4551 2856 4620; x_wconf 80' lang='lat' dir='ltr'><strong>quodammodo</strong></span> <span class='ocrx_word' id='word_1_844' title='bbox 2885 4555 3172 4622; x_wconf 81' lang='lat' dir='ltr'><strong>compactis</strong></span> <span class='ocrx_word' id='word_1_845' title='bbox 3204 4555 3440 4613; x_wconf 87' lang='lat' dir='ltr'><strong>habitare</strong></span> 
     </span>
    </p>
   </div>
   <div class='ocr_carea' id='block_1_108' title="bbox 1857 4631 3442 4713">
    <p class='ocr_par' dir='ltr' id='par_1_108' title="bbox 1857 4631 3442 4713">
     <span class='ocr_line' id='line_1_108' title="bbox 1857 4631 3442 4713; baseline 0.001 -15"><span class='ocrx_word' id='word_1_846' title='bbox 1857 4643 2134 4713; x_wconf 83' lang='lat' dir='ltr'><strong>dignatur;</strong></span> <span class='ocrx_word' id='word_1_847' title='bbox 2159 4651 2212 4697; x_wconf 90' lang='lat' dir='ltr'><strong>et</strong></span> <span class='ocrx_word' id='word_1_848' title='bbox 2237 4641 2356 4696; x_wconf 89' lang='lat' dir='ltr'><strong>ideo</strong></span> <span class='ocrx_word' id='word_1_849' title='bbox 2373 4643 2536 4711; x_wconf 87' lang='lat' dir='ltr'><strong>magis</strong></span> <span class='ocrx_word' id='word_1_850' title='bbox 2555 4631 2684 4695; x_wconf 88' lang='lat' dir='ltr'><strong>illud</strong></span> <span class='ocrx_word' id='word_1_851' title='bbox 2711 4659 2814 4697; x_wconf 90' lang='lat' dir='ltr'><strong>non</strong></span> <span class='ocrx_word' id='word_1_852' title='bbox 2841 4643 3108 4700; x_wconf 89' lang='lat' dir='ltr'><strong>observari</strong></span> <span class='ocrx_word' id='word_1_853' title='bbox 3131 4661 3158 4699; x_wconf 94' lang='lat' dir='ltr'><strong>a</strong></span> <span class='ocrx_word' id='word_1_854' title='bbox 3185 4645 3442 4700; x_wconf 86' lang='lat' dir='ltr'><strong>Christia-</strong></span> 
     </span>
    </p>
   </div>
   <div class='ocr_carea' id='block_1_109' title="bbox 1859 4721 3441 4806">
    <p class='ocr_par' dir='ltr' id='par_1_109' title="bbox 1859 4721 3441 4806">
     <span class='ocr_line' id='line_1_109' title="bbox 1859 4721 3441 4806; baseline 0.003 -19"><span class='ocrx_word' id='word_1_855' title='bbox 1859 4735 1940 4788; x_wconf 89' lang='lat' dir='ltr'><strong>nis</strong></span> <span class='ocrx_word' id='word_1_856' title='bbox 1965 4775 1979 4798; x_wconf 95' lang='lat'><strong>,</strong></span> <span class='ocrx_word' id='word_1_857' title='bbox 2007 4735 2126 4804; x_wconf 89' lang='lat' dir='ltr'><strong>quia</strong></span> <span class='ocrx_word' id='word_1_858' title='bbox 2183 4735 2292 4802; x_wconf 86' lang='lat' dir='ltr'><strong>jam</strong></span> <span class='ocrx_word' id='word_1_859' title='bbox 2322 4721 2562 4786; x_wconf 82' lang='lat' dir='ltr'><strong>Christus</strong></span> <span class='ocrx_word' id='word_1_860' title='bbox 2593 4733 2642 4786; x_wconf 89' lang='lat' dir='ltr'><strong>in</strong></span> <span class='ocrx_word' id='word_1_861' title='bbox 2673 4733 2910 4789; x_wconf 84' lang='lat' dir='ltr'><strong>Ecclesia</strong></span> <span class='ocrx_word' id='word_1_862' title='bbox 2939 4749 3030 4790; x_wconf 88' lang='lat' dir='ltr'><strong>sua</strong></span> <span class='ocrx_word' id='word_1_863' title='bbox 3051 4777 3065 4801; x_wconf 90' lang='lat'><strong>,</strong></span> <span class='ocrx_word' id='word_1_864' title='bbox 3098 4737 3238 4806; x_wconf 92' lang='lat' dir='ltr'><strong>quod</strong></span> <span class='ocrx_word' id='word_1_865' title='bbox 3267 4737 3351 4791; x_wconf 92' lang='lat' dir='ltr'><strong>illa</strong></span> <span class='ocrx_word' id='word_1_866' title='bbox 3382 4735 3441 4790; x_wconf 90' lang='lat' dir='ltr'><strong>ﬁ-</strong></span> 
     </span>
    </p>
   </div>
   <div class='ocr_carea' id='block_1_110' title="bbox 1859 4809 3446 4904">
    <p class='ocr_par' dir='ltr' id='par_1_110' title="bbox 1859 4809 3446 4904">
     <span class='ocr_line' id='line_1_110' title="bbox 1859 4809 3446 4904; baseline 0 -23"><span class='ocrx_word' id='word_1_867' title='bbox 1859 4843 1984 4899; x_wconf 81' lang='lat' dir='ltr'><strong>gura</strong></span> <span class='ocrx_word' id='word_1_868' title='bbox 2010 4809 2314 4896; x_wconf 68' lang='lat' dir='ltr'><strong>prophetico</strong></span> <span class='ocrx_word' id='word_1_869' title='bbox 2338 4825 2714 4897; x_wconf 87' lang='lat' dir='ltr'><strong>promittebat,</strong></span> <span class='ocrx_word' id='word_1_870' title='bbox 2739 4827 2996 4896; x_wconf 81' lang='lat' dir='ltr'><strong>implevit.</strong></span> <span class='ocrx_word' id='word_1_871' title='bbox 3035 4893 3044 4904; x_wconf 41' lang='grc' dir='ltr'><strong>ο</strong></span> <span class='ocrx_word' id='word_1_872' title='bbox 3135 4845 3138 4848; x_wconf 76' lang='lat'><em>‘</em></span> <span class='ocrx_word' id='word_1_873' title='bbox 3201 4843 3212 4856; x_wconf 92' lang='lat'><strong><em>&#39;</em></strong></span> <span class='ocrx_word' id='word_1_874' title='bbox 3437 4819 3446 4834; x_wconf 76' lang='grc'>’</span> 
     </span>
    </p>
   </div>
   <div class='ocr_carea' id='block_1_111' title="bbox 1869 4907 3440 4992">
    <p class='ocr_par' dir='ltr' id='par_1_111' title="bbox 1869 4907 3440 4992">
     <span class='ocr_line' id='line_1_111' title="bbox 1869 4907 3440 4992; baseline -0.001 -20"><span class='ocrx_word' id='word_1_875' title='bbox 1869 4919 1876 4938; x_wconf 86' lang='grc'>⁹</span> <span class='ocrx_word' id='word_1_876' title='bbox 1931 4917 2154 4973; x_wconf 81' lang='lat' dir='ltr'><strong>CAPUT</strong></span> <span class='ocrx_word' id='word_1_877' title='bbox 2199 4917 2288 4970; x_wconf 82' lang='lat' dir='ltr'><strong>XI.</strong></span> <span class='ocrx_word' id='word_1_878' title='bbox 2315 4946 2386 4956; x_wconf 93' lang='lat'><strong>-—</strong></span> <span class='ocrx_word' id='word_1_879' title='bbox 2424 4917 2490 4971; x_wconf 88' lang='lat' dir='ltr'><strong>Et</strong></span> <span class='ocrx_word' id='word_1_880' title='bbox 2527 4931 2667 4972; x_wconf 89' lang='lat' dir='ltr'><strong>nunc</strong></span> <span class='ocrx_word' id='word_1_881' title='bbox 2711 4907 3044 4992; x_wconf 27' lang='lat' dir='ltr'><strong>quidem—ista</strong></span> <span class='ocrx_word' id='word_1_882' title='bbox 3073 4931 3168 4986; x_wconf 90' lang='lat' dir='ltr'><strong>pro</strong></span> <span class='ocrx_word' id='word_1_883' title='bbox 3195 4924 3440 4984; x_wconf 90' lang='lat' dir='ltr'><strong>suscepto</strong></span> 
     </span>
    </p>
   </div>
   <div class='ocr_carea' id='block_1_112' title="bbox 1861 5005 3440 5082">
    <p class='ocr_par' dir='ltr' id='par_1_112' title="bbox 1861 5005 3440 5082">
     <span class='ocr_line' id='line_1_112' title="bbox 1861 5005 3440 5082; baseline -0.003 -16"><span class='ocrx_word' id='word_1_884' title='bbox 1861 5005 2070 5082; x_wconf 77' lang='lat' dir='ltr'><strong>negotio</strong></span> <span class='ocrx_word' id='word_1_885' title='bbox 2095 5050 2109 5074; x_wconf 95' lang='lat'><strong>,</strong></span> <span class='ocrx_word' id='word_1_886' title='bbox 2155 5023 2222 5062; x_wconf 90' lang='lat' dir='ltr'><strong>ne</strong></span> <span class='ocrx_word' id='word_1_887' title='bbox 2259 5007 2468 5062; x_wconf 87' lang='lat' dir='ltr'><strong>silentio</strong></span> <span class='ocrx_word' id='word_1_888' title='bbox 2493 5009 2890 5076; x_wconf 83' lang='lat' dir='ltr'><strong>praeterirentur</strong></span> <span class='ocrx_word' id='word_1_889' title='bbox 2911 5011 2930 5068; x_wconf 79' lang='lat'><strong>.‘</strong></span> <span class='ocrx_word' id='word_1_890' title='bbox 2953 5015 3143 5078; x_wconf 87' lang='lat' dir='ltr'><strong>quanta</strong></span> <span class='ocrx_word' id='word_1_891' title='bbox 3174 5005 3440 5075; x_wconf 88' lang='lat' dir='ltr'><strong>potuimus</strong></span> 
     </span>
    </p>
   </div>
   <div class='ocr_carea' id='block_1_113' title="bbox 1863 5081 3442 5168">
    <p class='ocr_par' dir='ltr' id='par_1_113' title="bbox 1863 5081 3442 5168">
     <span class='ocr_line' id='line_1_113' title="bbox 1863 5081 3442 5168; baseline -0.003 -12"><span class='ocrx_word' id='word_1_892' title='bbox 1863 5081 2118 5156; x_wconf 84' lang='lat' dir='ltr'><strong>brevitate</strong></span> <span class='ocrx_word' id='word_1_893' title='bbox 2149 5081 2569 5168; x_wconf 79' lang='lat' dir='ltr'><strong>perstrinximus.</strong></span> <span class='ocrx_word' id='word_1_894' title='bbox 2597 5097 2857 5154; x_wconf 69' lang='lat' dir='ltr'><strong>Cmtcrnm</strong></span> <span class='ocrx_word' id='word_1_895' title='bbox 2879 5083 3216 5154; x_wconf 85' lang='lat' dir='ltr'><strong>membratim</strong></span> <span class='ocrx_word' id='word_1_896' title='bbox 3247 5099 3442 5153; x_wconf 90' lang='lat' dir='ltr'><strong>articu-</strong></span> 
     </span>
    </p>
   </div>
   <div class='ocr_carea' id='block_1_114' title="bbox 1863 5185 3448 5268">
    <p class='ocr_par' dir='ltr' id='par_1_114' title="bbox 1863 5185 3448 5268">
     <span class='ocr_line' id='line_1_114' title="bbox 1863 5185 3448 5268; baseline -0.002 -21"><span class='ocrx_word' id='word_1_897' title='bbox 1863 5193 2112 5261; x_wconf 88' lang='lat' dir='ltr'><strong>latimqne</strong></span> <span class='ocrx_word' id='word_1_898' title='bbox 2132 5185 2390 5258; x_wconf 81' lang='lat' dir='ltr'><strong>discussa,</strong></span> <span class='ocrx_word' id='word_1_899' title='bbox 2409 5189 2572 5244; x_wconf 88' lang='lat' dir='ltr'><strong>libros</strong></span> <span class='ocrx_word' id='word_1_900' title='bbox 2593 5205 2811 5260; x_wconf 85' lang='lat' dir='ltr'><strong>magnos</strong></span> <span class='ocrx_word' id='word_1_901' title='bbox 2831 5190 3124 5260; x_wconf 90' lang='lat' dir='ltr'><strong>multosque</strong></span> <span class='ocrx_word' id='word_1_902' title='bbox 3143 5187 3380 5268; x_wconf 78' lang='lat' dir='ltr'><strong>fecerunt</strong></span> <span class='ocrx_word' id='word_1_903' title='bbox 3395 5189 3448 5268; x_wconf 59' lang='grc' dir='ltr'><strong>’,ί</strong></span> 
     </span>
    </p>
   </div>
   <div class='ocr_carea' id='block_1_115' title="bbox 1863 5267 3448 5362">
    <p class='ocr_par' dir='ltr' id='par_1_115' title="bbox 1863 5267 3448 5362">
     <span class='ocr_line' id='line_1_115' title="bbox 1863 5267 3448 5362; baseline -0.001 -22"><span class='ocrx_word' id='word_1_904' title='bbox 1863 5285 1996 5341; x_wconf 91' lang='lat' dir='ltr'><strong>nihil</strong></span> <span class='ocrx_word' id='word_1_905' title='bbox 2025 5282 2166 5338; x_wconf 88' lang='lat' dir='ltr'><strong>aliud</strong></span> <span class='ocrx_word' id='word_1_906' title='bbox 2193 5283 2246 5336; x_wconf 90' lang='lat' dir='ltr'><strong>in</strong></span> <span class='ocrx_word' id='word_1_907' title='bbox 2274 5283 2352 5338; x_wconf 91' lang='lat' dir='ltr'><strong>eis</strong></span> <span class='ocrx_word' id='word_1_908' title='bbox 2378 5297 2536 5353; x_wconf 91' lang='lat' dir='ltr'><strong>quam</strong></span> <span class='ocrx_word' id='word_1_909' title='bbox 2565 5279 2830 5362; x_wconf 84' lang='lat' dir='ltr'><strong>Christum</strong></span> <span class='ocrx_word' id='word_1_910' title='bbox 2860 5267 3230 5352; x_wconf 88' lang='lat' dir='ltr'><strong>prophetatum</strong></span> <span class='ocrx_word' id='word_1_911' title='bbox 3258 5267 3448 5340; x_wconf 33' lang='lat' dir='ltr'><strong>OSteu-I</strong></span> 
     </span>
    </p>
   </div>
   <div class='ocr_carea' id='block_1_116' title="bbox 1865 5367 3442 5446">
    <p class='ocr_par' dir='ltr' id='par_1_116' title="bbox 1865 5367 3442 5446">
     <span class='ocr_line' id='line_1_116' title="bbox 1865 5367 3442 5446; baseline 0 -16"><span class='ocrx_word' id='word_1_912' title='bbox 1865 5375 2076 5430; x_wconf 90' lang='lat' dir='ltr'><strong>dentes:</strong></span> <span class='ocrx_word' id='word_1_913' title='bbox 2097 5373 2164 5428; x_wconf 90' lang='lat' dir='ltr'><strong>ita</strong></span> <span class='ocrx_word' id='word_1_914' title='bbox 2195 5373 2253 5429; x_wconf 89' lang='lat' dir='ltr'><strong>ﬁt</strong></span> <span class='ocrx_word' id='word_1_915' title='bbox 2281 5381 2339 5429; x_wconf 92' lang='lat' dir='ltr'><strong>ut</strong></span> <span class='ocrx_word' id='word_1_916' title='bbox 2367 5373 2541 5428; x_wconf 90' lang='lat' dir='ltr'><strong>omnia</strong></span> <span class='ocrx_word' id='word_1_917' title='bbox 2563 5373 2680 5442; x_wconf 78' lang='lat' dir='ltr'><strong>quae</strong></span> <span class='ocrx_word' id='word_1_918' title='bbox 2705 5387 2766 5426; x_wconf 83' lang='lat' dir='ltr'><strong>ex</strong></span> <span class='ocrx_word' id='word_1_919' title='bbox 2795 5373 2880 5427; x_wconf 91' lang='lat' dir='ltr'><strong>illa</strong></span> <span class='ocrx_word' id='word_1_920' title='bbox 2905 5367 3170 5442; x_wconf 81' lang='lat' dir='ltr'><strong>Scriptura</strong></span> <span class='ocrx_word' id='word_1_921' title='bbox 3196 5385 3442 5446; x_wconf 87' lang='lat' dir='ltr'><strong>propter-</strong></span> 
     </span>
    </p>
   </div>
   <div class='ocr_carea' id='block_1_117' title="bbox 1864 5447 3443 5534">
    <p class='ocr_par' dir='ltr' id='par_1_117' title="bbox 1864 5447 3443 5534">
     <span class='ocr_line' id='line_1_117' title="bbox 1864 5447 3443 5534; baseline -0.003 -12"><span class='ocrx_word' id='word_1_922' title='bbox 1864 5481 1926 5522; x_wconf 88' lang='lat' dir='ltr'><strong>ea</strong></span> <span class='ocrx_word' id='word_1_923' title='bbox 1958 5465 2148 5534; x_wconf 88' lang='lat' dir='ltr'><strong>putatis</strong></span> <span class='ocrx_word' id='word_1_924' title='bbox 2175 5461 2288 5519; x_wconf 66' lang='lat' dir='ltr'><strong>non&#39;</strong></span> <span class='ocrx_word' id='word_1_925' title='bbox 2308 5447 2577 5518; x_wconf 78' lang='lat' dir='ltr'><strong>observari</strong></span> <span class='ocrx_word' id='word_1_926' title='bbox 2602 5477 2630 5516; x_wconf 87' lang='lat' dir='ltr'><strong>a</strong></span> <span class='ocrx_word' id='word_1_927' title='bbox 2653 5461 2994 5529; x_wconf 81' lang='lat' dir='ltr'><strong>Christianis,</strong></span> <span class='ocrx_word' id='word_1_928' title='bbox 3014 5463 3155 5532; x_wconf 87' lang='lat' dir='ltr'><strong>quod</strong></span> <span class='ocrx_word' id='word_1_929' title='bbox 3195 5479 3256 5520; x_wconf 90' lang='lat' dir='ltr'><strong>ea</strong></span> <span class='ocrx_word' id='word_1_930' title='bbox 3289 5463 3443 5521; x_wconf 87' lang='lat' dir='ltr'><strong>Chri-</strong></span> 
     </span>
    </p>
   </div>
   <div class='ocr_carea' id='block_1_118' title="bbox 1865 5547 3446 5638">
    <p class='ocr_par' dir='ltr' id='par_1_118' title="bbox 1865 5547 3446 5638">
     <span class='ocr_line' id='line_1_118' title="bbox 1865 5547 3446 5638; baseline 0 -26"><span class='ocrx_word' id='word_1_931' title='bbox 1865 5565 1976 5612; x_wconf 86' lang='lat' dir='ltr'><strong>stus</strong></span> <span class='ocrx_word' id='word_1_932' title='bbox 2002 5557 2250 5624; x_wconf 88' lang='lat' dir='ltr'><strong>solverit,</strong></span> <span class='ocrx_word' id='word_1_933' title='bbox 2275 5565 2554 5626; x_wconf 86' lang='lat' dir='ltr'><strong>propterea</strong></span> <span class='ocrx_word' id='word_1_934' title='bbox 2581 5553 3110 5630; x_wconf 1' lang='lat' dir='ltr'><strong>potiuspreperiantur</strong></span> <span class='ocrx_word' id='word_1_935' title='bbox 3131 5547 3446 5638; x_wconf 46' lang='lat' dir='ltr'><strong>non&#39;obserf</strong></span> 
     </span>
    </p>
   </div>
   <div class='ocr_carea' id='block_1_119' title="bbox 1931 5665 3442 5756">
    <p class='ocr_par' dir='ltr' id='par_1_119' title="bbox 1931 5689 3442 5756">
     <span class='ocr_line' id='line_1_119' title="bbox 1931 5689 3442 5756; baseline -0.002 -15"><span class='ocrx_word' id='word_1_936' title='bbox 1931 5696 1945 5726; x_wconf 75' lang='grc' dir='ltr'>ι</span> <span class='ocrx_word' id='word_1_937' title='bbox 1983 5692 2118 5756; x_wconf 83' lang='lat' dir='ltr'><strong>Editi,</strong></span> <span class='ocrx_word' id='word_1_938' title='bbox 2143 5689 2268 5753; x_wconf 84' lang='lat' dir='ltr'><strong>quod</strong></span> <span class='ocrx_word' id='word_1_939' title='bbox 2293 5701 2482 5756; x_wconf 72' lang='lat' dir='ltr'><strong>corpus.</strong></span> <span class='ocrx_word' id='word_1_940' title='bbox 2509 5698 2624 5748; x_wconf 71' lang='lat' dir='ltr'><strong>Vox,</strong></span> <span class='ocrx_word' id='word_1_941' title='bbox 2655 5703 2844 5754; x_wconf 72' lang='lat' dir='ltr'><strong>corpus,</strong></span> <span class='ocrx_word' id='word_1_942' title='bbox 2869 5707 2962 5744; x_wconf 87' lang='lat' dir='ltr'><strong>non</strong></span> <span class='ocrx_word' id='word_1_943' title='bbox 2995 5693 3233 5756; x_wconf 87' lang='lat' dir='ltr'><strong>repetitur</strong></span> <span class='ocrx_word' id='word_1_944' title='bbox 3257 5693 3306 5741; x_wconf 87' lang='lat' dir='ltr'><strong>in</strong></span> <span class='ocrx_word' id='word_1_945' title='bbox 3337 5697 3442 5740; x_wconf 71' lang='lat' dir='ltr'><strong>atas.</strong></span> 
     </span>
    </p>
   </div>
   <div class='ocr_carea' id='block_1_120' title="bbox 1933 5751 2563 5815">
    <p class='ocr_par' dir='ltr' id='par_1_120' title="bbox 1933 5751 2563 5815">
     <span class='ocr_line' id='line_1_120' title="bbox 1933 5751 2563 5815; baseline -0.005 -13"><span class='ocrx_word' id='word_1_946' title='bbox 1933 5757 1951 5786; x_wconf 75' lang='lat'>&#39;</span> <span class='ocrx_word' id='word_1_947' title='bbox 1985 5751 2168 5815; x_wconf 75' lang='lat' dir='ltr'><strong>Aliquot</strong></span> <span class='ocrx_word' id='word_1_948' title='bbox 2188 5758 2314 5811; x_wconf 73' lang='lat' dir='ltr'><strong>Mss,</strong></span> <span class='ocrx_word' id='word_1_949' title='bbox 2337 5751 2563 5812; x_wconf 77' lang='lat' dir='ltr'><strong>facerent.</strong></span> 
     </span>
    </p>
   </div>
  </div>
