4028 6438
551 391 655 450 555

552 508 665 562 vari
703 522 735 561 a
776 504 1090 561 Christianis
1113 546 1128 570 ,
1160 502 1300 571 quod
1326 517 1387 556 ea
1414 501 1657 555 Christus
1683 498 1999 571 impleverit.
2030 499 2148 568 Ipsa

552 599 748 669 quippe
802 597 985 651 talium
1043 596 1327 665 ﬁgurarum
1392 591 1695 647 observatio
1726 631 1741 656 ,
1774 588 2150 662 praenuntiatio

553 689 750 745 Christi
799 687 914 742 fuit.
958 684 1110 742 Unde
1149 684 1274 755 quid
1306 683 1497 737 mirum
1525 690 1640 747 est,
1667 681 1792 752 quid
1821 680 2107 737 absurdum
2134 721 2150 746 ,

555 781 665 835 imo
704 778 829 849 quid
869 793 975 831 non
1019 788 1310 845 congruum
1352 780 1407 828 et
1445 780 1899 839 consentaneum,
1945 770 1989 825 si
2034 778 2154 840 post

558 873 677 943 ejus
701 871 930 927 cessavit
959 868 1241 923 adventum
1267 906 1282 926 .
1307 863 1559 936 quidquid
1585 863 1704 919 ideo
1734 864 1890 918 ﬁebat
1913 903 1928 929 ,
1957 871 2015 918 ut
2040 863 2155 929 ejus

560 964 936 1034 praenuntiarct
977 952 1306 1014 adventum?
1354 956 1562 1027 Figura:
1602 955 1762 1024 igitur
1787 969 1964 1008 rerum
1989 994 2004 1019 ,
2036 969 2155 1023 quae

558 1055 625 1109 ad
668 1054 769 1108 hoc
806 1051 1257 1115 observabantur,
1307 1056 1366 1103 ut
1406 1047 1517 1117 ipsa
1557 1061 1742 1101 carum
1782 1044 2156 1099 observatione

559 1154 813 1201 venturus
838 1144 1083 1199 Christus
1109 1140 1523 1211 prophetaretur
1541 1179 1557 1205 ,
1591 1152 1757 1207 usque
1777 1136 1912 1191 adeo
1932 1150 2036 1190 non
2059 1134 2157 1189 de-

558 1236 687 1294 bent
721 1246 1000 1307 propterea
1039 1232 1211 1303 putari
1258 1246 1355 1302 per
1382 1229 1580 1286 Christi
1611 1228 1898 1283 adventum
1926 1240 2031 1280 non
2061 1224 2160 1279 im-

558 1330 746 1399 pletre,
787 1327 907 1398 quia
950 1326 1041 1381 illo
1082 1326 1334 1379 veniente
1381 1338 1488 1377 non
1532 1321 1924 1384 observantur,
1960 1328 2020 1373 ut
2057 1317 2158 1371 nisi

554 1421 666 1490 jam
702 1434 795 1489 per
818 1417 1104 1471 adventum
1131 1414 1327 1471 Christi
1356 1412 1705 1483 implerentur
1723 1450 1739 1477 ,
1770 1409 1945 1464 adhuc
1972 1408 2159 1463 obser-

560 1519 831 1567 varentur.
864 1509 919 1564 ln
946 1509 1150 1563 nullum
1180 1515 1359 1562 autem
1390 1520 1583 1561 nomen
1606 1504 1878 1574 religionis
1898 1544 1914 1568 ,
1940 1514 2035 1557 seu
2065 1517 2157 1556 ve-

559 1618 678 1658 rum
704 1644 720 1669 ,
762 1616 857 1657 seu
903 1599 1093 1655 falsum
1119 1640 1135 1665 ,
1176 1596 1444 1667 coagulari
1484 1594 1731 1650 homines
1767 1603 2022 1665 possunt,
2057 1592 2158 1647 nisi

562 1693 744 1763 aliquo
793 1690 1187 1763 signaculorum
1236 1688 1321 1743 vel
1373 1692 1829 1742 sacramentorum
1873 1684 2159 1738 visibilium

562 1782 834 1839 consortio
883 1781 1200 1851 colligeutur
1249 1795 1263 1832 :
1305 1785 1532 1848 quorum
1580 1783 2034 1830 sacramentorum
2080 1774 2161 1828 vis

564 1872 991 1929 inenarrabiliter
1035 1871 1177 1925 valet
1223 1870 1508 1940 plurimum
1535 1910 1551 1936 ,
1593 1876 1648 1923 et
1693 1866 1815 1923 ideo
1852 1874 2159 1936 contempta

563 1964 852 2035 sacrilegos
894 1963 1037 2019 facit.
1078 1961 1244 2033 Imple
1268 1961 1464 2034 quippe
1489 1961 1883 2027 contemnitur,
1914 1959 2030 2015 sine
2058 1976 2159 2030 qua

564 2072 670 2112 non
692 2064 869 2128 potest
895 2055 1076 2125 perﬁci
1101 2055 1291 2126 pietas.

635 2146 863 2203 CAPUT
891 2146 1006 2202 XII.
1036 2175 1108 2187 —-
1135 2145 1512 2202 Verumtamen
1534 2186 1549 2211 ,
1578 2143 1697 2215 quia
1728 2140 1953 2198 visibilia
1981 2156 2162 2197 sacra-

564 2246 743 2294 menta
790 2237 1000 2308 pietatis
1027 2236 1203 2291 inesse
1230 2244 1454 2307 poSsunt
1479 2236 1641 2290 etiam
1667 2235 1842 2306 impiis
1861 2274 1877 2298 ,
1905 2234 2043 2289 sicut
2069 2234 2163 2287 ha-

564 2326 745 2383 buisse
785 2336 1026 2381 sanctum
1069 2326 1399 2396 Baptismum
1447 2324 1607 2381 etiam
1648 2339 1860 2395 magum
1889 2322 2162 2380 Simonem

566 2410 792 2488 legimus
823 2417 960 2489 (Act.
1003 2432 1092 2472 Vlll
1118 2459 1134 2483 ,
1176 2415 1265 2489 l5)
1297 2432 1311 2483 ;
1348 2416 1478 2471 ﬁunt
1499 2416 1653 2482 tales,
1676 2416 1860 2485 quales
1878 2414 2163 2484 Apostolus

565 2508 671 2574 ait,
723 2506 975 2562 Habentes
1025 2511 1243 2578 formam
1293 2506 1523 2578 pietatis,
1569 2508 1799 2559 virtutem
1839 2514 2007 2559 autem
2053 2507 2164 2576 ejus

565 2600 867 2670 abnegantes
910 2598 973 2669 (ll
1000 2596 1132 2652 Tim.
1164 2614 1243 2665 tu,
1288 2596 1367 2670 5).
1410 2596 1592 2651 Virtus
1624 2606 1800 2651 autem
1841 2595 2049 2667 pietatis
2082 2603 2164 2651 est

567 2691 689 2745 ﬁnis
722 2689 1007 2760 praecepti,
1034 2689 1084 2743 id
1109 2698 1191 2744 est
1213 2730 1229 2756 ,
1258 2688 1491 2743 charitas
1517 2688 1584 2744 de
1609 2688 1771 2746 corde
1797 2704 1928 2758 puro
1954 2699 2009 2742 et
2032 2703 2161 2742 con-

576 2777 798 2835 scientia
844 2779 980 2833 bona
1029 2788 1083 2833 et
1127 2778 1229 2833 ﬁde
1271 2792 1382 2833 non
1423 2777 1542 2833 ﬁcta
1590 2778 1630 2849 (ι
1670 2778 1880 2846 Tim.t,
1906 2778 1983 2847 5).
2011 2776 2163 2834 Unde

567 2869 837 2938 apostolus
876 2868 1067 2923 Petrus
1092 2911 1106 2935 ,
1152 2882 1272 2924 cum
1315 2868 1382 2925 de
1408 2879 1743 2925 sacramento
1770 2885 1944 2934 arcte,
1978 2871 2033 2925 in
2059 2885 2162 2941 qua

568 2959 681 3015 Noe
719 2958 911 3014 domus
935 2968 966 3015 a
992 2959 1194 3015 diluvio
1224 2958 1446 3015 liberata
1474 2967 1591 3028 est,
1622 2960 1965 3030 loqueretur,
2000 2960 2088 3016 Sic
2115 2962 2165 3016 et

567 3049 687 3117 eos,
729 3049 930 3120 inquit,
976 3051 1129 3105 simili
1158 3054 1323 3121 forma
1351 3050 1616 3121 Baptisma
1644 3051 1810 3107 salvos
1833 3052 1975 3123 facit.
2005 3053 2073 3108 Et
2098 3063 2164 3110 ne

568 3142 668 3197 sibi
730 3140 977 3197 suﬁicere
1022 3151 1269 3212 putarent
1315 3139 1521 3197 visibile
1572 3127 1965 3198 sacramentum
1999 3182 2017 3210 ,
2068 3159 2165 3214 per

568 3232 709 3302 quod
751 3232 1019 3287 habebant
1058 3232 1282 3287 formam
1314 3232 1555 3303 pietatis,
1584 3243 1637 3288 et
1666 3247 1759 3302 per
1788 3232 1955 3288 malos
1984 3249 2164 3291 mores

570 3323 774 3393 perdite
811 3324 1038 3379 vivendo
1076 3324 1324 3378 virtutem
1365 3323 1481 3394 ejus
1524 3323 1883 3394 abnegarent,
1911 3324 2165 3380 continuo

568 3415 830 3484 subjecit,
860 3414 980 3469 Neu
1008 3415 1175 3470 carnis
1197 3416 1441 3486 depositio
1461 3416 1686 3469 sordium
1705 3457 1720 3483 ,
1742 3415 1831 3471 sed
1852 3412 2166 3472 conscientia?

569 3505 711 3561 bona:
731 3507 1053 3578 interrogatio
1080 3506 1119 3577 (I
1152 3506 1294 3561 Pelr.
1324 3523 1378 3561 tu
1402 3547 1418 3573 ,
1440 3505 1554 3575 ει).

637 3596 864 3654 CAPUT
904 3598 1043 3652 XIII.
1083 3628 1154 3639 —
1190 3597 1423 3653 Proinde
1454 3597 1620 3667 prima
1652 3606 1981 3653 sacramenta
2003 3637 2019 3664 ,
2045 3613 2164 3668 quce

568 3688 987 3744 observabuntur
1023 3696 1077 3743 et
1113 3688 1517 3743 celebrabantur
1540 3702 1605 3743 ex
1636 3687 1808 3759 Lege,
1836 3690 2162 3758 praenuntia-

569 3780 674 3833 tiva
716 3788 869 3834 erant
911 3779 1109 3835 Christi
1154 3778 1363 3834 venturi
1407 3797 1421 3833 :
1467 3794 1586 3849 qua:
1627 3794 1750 3833 cum
1794 3794 1892 3835 suo
1931 3780 2162 3836 adventu

565 3869 811 3924 Christus
836 3870 1180 3939 implevissct,
1209 3870 1383 3925 ablata
1407 3878 1565 3934 sunt;
1596 3879 1649 3923 et
1675 3868 1793 3925 ideo
1814 3869 2009 3936 ablata,
2034 3870 2159 3940 quia

569 3961 825 4030 impleta;
872 3976 977 4015 non
1015 3961 1156 4015 enim
1195 3962 1341 4016 venit
1376 3958 1584 4015 solvere
1613 3960 1843 4031 Legem,
1872 3961 1966 4017 sed
1996 3962 2164 4015 adim-

568 4051 717 4120 plere
758 4068 771 4103 :
815 4060 869 4106 et
908 4051 1009 4105 alia
1039 4060 1163 4105 sunt
1188 4051 1423 4104 instituta
1453 4051 1644 4105 virtute
1672 4051 1869 4120 majora
1893 4093 1909 4119 ,
1940 4052 2163 4108 utilitate

570 4140 826 4209 meliora,
863 4148 982 4196 actu
1022 4140 1290 4206 faciliora,
1336 4155 1561 4195 numero
1600 4142 1885 4209 pauciora,
1912 4152 2159 4213 tanquam

564 4231 769 4303 justitia
809 4233 929 4289 ﬁdei
970 4233 1234 4298 revelata,
1279 4241 1333 4288 et
1376 4232 1428 4286 in
1472 4232 1771 4288 libertatem
1813 4235 2012 4289 vocatis
2039 4235 2161 4290 ﬁliis

570 4318 663 4378 Dei
700 4323 827 4394 jugo
868 4323 1136 4378 servitutis
1180 4322 1358 4376 ablato
1400 4320 1595 4394 (Galat.
1643 4338 1714 4388 v,
1763 4323 1789 4377 1
1815 4362 1829 4388 ,
1872 4324 1991 4394 15),
2018 4326 2158 4395 quod

567 4414 704 4470 duro
732 4424 785 4470 et
810 4415 955 4469 carni
986 4413 1167 4469 dedito
1195 4413 1391 4484 populo
1412 4414 1760 4485 congruebat.

640 4504 865 4561 CAPUT
895 4503 1035 4560 XIV.
1065 4533 1140 4545 ——
1166 4502 1543 4560 Verumtamen
1574 4504 1619 4560 si
1649 4496 1850 4575 antiqui
1872 4505 2001 4576 justi
2027 4549 2042 4573 ,
2071 4508 2161 4577 qui

566 4597 918 4652 sacramentis
958 4596 1068 4653 illis
1109 4597 1470 4665 intelligebant
1507 4607 1784 4653 venturam
1814 4602 2157 4669 praenuntiari

566 4688 944 4744 revelationem
973 4685 1092 4742 lidei
1114 4688 1153 4753 ί,
1175 4703 1238 4744 ex
1266 4703 1366 4758 qua
1394 4690 1513 4744 licet
1542 4688 1715 4744 adhuc
1742 4700 1925 4759 operta
1953 4701 2006 4746 et
2031 4694 2157 4746 abs-

564 4780 818 4848 condita,
870 4796 1090 4836 munere
1163 4790 1341 4835 tamen
1388 4781 1597 4851 pietatis
1645 4782 1948 4848 intellecta,
1995 4786 2155 4840 etiam

567 4882 692 4927 tunc
720 4873 819 4943 ipsi
846 4871 1128 4941 vivebant;
1160 4874 1283 4943 quia
1315 4872 1367 4927 in
1396 4872 1495 4927 hac
1520 4874 1624 4927 vita
1650 4887 1809 4928 nemo
1835 4888 1952 4929 esse
1982 4883 2155 4944 potest

557 4963 761 5034 justus,
802 4964 902 5020 nisi
945 4964 1036 5037 qui
1081 4980 1145 5021 ex
1189 4965 1294 5021 ﬁde
1332 4965 1461 5019 vivit
1496 4965 1676 5035 (Rom.
1706 4981 1763 5033 ι,
1796 4966 1882 5038 l7)
1914 4984 1927 5020 ε
1955 4967 1997 5021 si
2024 4983 2153 5039 ergo

560 5059 762 5129 antiqui
807 5059 933 5129 iusti
971 5073 1068 5129 pro
1108 5057 1213 5113 illis
1252 5057 1672 5130 pratnuntiativis
1716 5056 2063 5116 sacramentis
2098 5071 2152 5117 et

534 5166 737 5212 ,rcrum
779 5150 1014 5207 nondum
1062 5149 1395 5220 impletarum
1441 5150 1619 5223 ﬁguris
1645 5192 1660 5220 ,
1706 5152 1884 5209 omnia
1924 5152 2054 5208 dura
2096 5154 2153 5210 et

559 5240 825 5297 horrenda
858 5241 1060 5313 perpeti
1092 5242 1258 5311 parati
1285 5241 1497 5297 luerunt
1517 5284 1533 5310 ,
1562 5252 1616 5299 et
1642 5242 1881 5317 plerique
1910 5248 2147 5316 perpessi

558 5343 719 5399 sunt;
763 5334 808 5387 si
847 5343 954 5390 tres
987 5349 1177 5404 pueros
1209 5332 1589 5405 Daniclemque
1613 5336 1997 5406 praedicamus.
2025 5337 2147 5407 quia

558 5421 625 5477 de
667 5438 848 5478 mensa
890 5426 1029 5496 regis
1067 5425 1414 5481 contaminari
1456 5426 1739 5485 noluerunt
1781 5427 2017 5499 (Damt,
2046 5429 2143 5501 8),

557 5514 698 5583 «(und
744 5524 861 5569 erat
902 5526 1092 5573 contra
1138 5517 1280 5573 illius
1324 5518 1579 5587 temporis
1621 5528 2057 5586 sacramentum;
2098 5522 2143 5576 si

557 5604 889 5662 Hachabteos
913 5621 1034 5661 eum
1062 5607 1258 5678 ingenti
1277 5608 1627 5665 admiratione
1647 5610 1995 5681 pr:elcrimus,
2021 5613 2140 5682 quia

622 5829 639 5861 ί
675 5836 775 5880 Duo
795 5836 925 5893 Mss,
942 5835 1189 5881 vmturtmt
1212 5832 1528 5896 prmumtiuri
1554 5830 1836 5884 reuelatione
1858 5829 1997 5898 ﬁdit.

1380 386 1649 443 comm
1692 380 2010 442 rausruu
2052 373 2508 451 MANICIUEUM,
2550 382 2608 441 s.
2650 376 3022 444 AUGUSTINI

3744 386 3852 449 356

2258 514 2408 555 escas
2428 542 2443 568 ,
2466 501 2657 570 quibus
2682 519 2820 558 nunc
2839 505 3125 561 Christiani
3152 506 3293 562 licite
3319 514 3559 575 utuntur,
3584 509 3808 580 attinget
3824 527 3855 565 e

2260 591 2545 647 noluerunt
2570 593 2634 664 (ll
2659 593 2897 650 Illac/tab.
2921 596 3169 667 vu),quia
3194 607 3318 655 tunc
3339 616 3433 671 pro
3462 610 3703 671 tempore
3729 620 3856 673 pro-

2262 684 2473 754 phetico
2498 700 2601 739 non
2630 685 2819 741 licebat
2846 706 2859 741 :
2886 697 3082 757 quanto
3102 690 3269 761 magis
3293 708 3437 749 nunc
3460 710 3555 764 pro
3579 695 3857 766 Baptismo

2261 775 2493 843 Christi,
2520 791 2616 845 pro
2641 777 2970 832 Eucharistia
2993 779 3190 836 Christi
3216 820 3232 849 ,
3264 799 3358 853 pro
3385 785 3538 855 signo
3557 783 3757 843 Christi
3784 789 3856 841 ad

2261 866 2438 920 omnia
2486 865 2796 936 perferenda
2845 871 3076 939 paratior
3113 871 3274 930 debet
3319 890 3441 931 esse
3480 875 3859 943 Christianus,

2261 970 2381 1010 cum
2420 957 2508 1011 illa
2546 958 2737 1013 fuerint
2764 962 3147 1030 promissiones
3171 980 3347 1020 rerum
3372 968 3817 1039 complendarum
3844 1011 3861 1037 ,

2264 1044 2378 1099 luce
2400 1047 2507 1101 sint
2527 1046 2717 1103 indicia
2743 1051 3127 1121 completarum
3151 1053 3175 1108 ?
3198 1055 3350 1124 Quod
3378 1059 3521 1114 enim
3544 1060 3724 1118 adhuc
3742 1078 3863 1133 pro-

2266 1136 2490 1192 mittitur
2518 1138 2768 1196 Ecclesia:
2792 1183 2806 1207 ,
2838 1142 2889 1197 id
2919 1154 3001 1200 est
3022 1186 3038 1213 ,
3062 1148 3277 1217 corpori
3307 1147 3504 1207 Christi
3529 1192 3546 1219 ,
3576 1163 3633 1210 et
3660 1154 3716 1210 in
3744 1172 3864 1210 ma-

2264 1228 2601 1288 nifestatione
2644 1236 2997 1305 prtcdicatur,
3040 1248 3095 1294 et
3132 1239 3193 1296 in
3231 1241 3349 1312 ipso
3395 1244 3572 1315 capite
3612 1249 3863 1318 corporis

2264 1320 2540 1378 Salvatore
2563 1365 2579 1390 ,
2605 1325 2657 1379 id
2683 1337 2767 1381 est
2786 1367 2801 1392 ,
2832 1327 2882 1381 in
2916 1328 3032 1399 ipso
3057 1330 3347 1389 Mediatore
3377 1334 3468 1391 Dei
3495 1345 3551 1391 et
3579 1336 3861 1393 hominum

2265 1412 2480 1468 homine
2514 1413 2728 1473 Christo
2759 1417 2885 1474 Jesu
2916 1420 2960 1493 (l
2983 1419 3119 1476 Tim.
3153 1439 3220 1489 ιι,
3253 1424 3349 1496 5),
3372 1426 3481 1496 jam
3506 1429 3691 1501 utique
3712 1445 3865 1486 eom-

2266 1504 2465 1575 pletum
2504 1517 2607 1563 est.
2645 1510 2783 1578 Quid
2816 1515 2957 1568 enim
2997 1517 3325 1584 promittitur
3346 1561 3363 1586 ,
3394 1520 3494 1576 nisi
3521 1522 3626 1577 vita
3654 1534 3864 1579 aeterna

2264 1611 2331 1651 ex
2369 1600 2759 1658 resurrectione
2790 1618 2818 1657 a
2862 1609 3129 1663 mortuis?
3154 1609 3268 1665 lloc
3291 1610 3403 1680 jam
3428 1615 3754 1685 completum
3780 1632 3869 1691 es‘

2266 1692 2319 1747 in
2352 1693 2435 1748 illa
2464 1710 2651 1763 carne,
2680 1698 2820 1767 quod
2836 1697 3077 1757 .Verbum
3106 1717 3234 1759 caro
3263 1703 3461 1762 factum
3485 1716 3567 1764 est
3589 1750 3606 1776 ,
3635 1717 3692 1766 et
3713 1710 3872 1767 habi-

2268 1785 2397 1839 tavit
2422 1785 2473 1840 in
2497 1787 2649 1843 nobis
2677 1787 2855 1861 (Joan.
2887 1807 2936 1858 ι,
2968 1790 3080 1865 ll).
3113 1794 3264 1851 Tune
3284 1812 3413 1868 ergo
3436 1807 3490 1854 et
3506 1800 3718 1856 occulta
3740 1813 3864 1857 erat

2269 1875 2437 1942 ﬁdes;
2488 1890 2610 1933 nam
2653 1879 2839 1936 eadem
2884 1883 3207 1953 credebant,
3248 1887 3541 1961 eadcmcme
3569 1894 3870 1962 sperabant

2266 1980 2453 2021 omnes
2493 1967 2620 2037 justi
2663 1978 2717 2025 ct
2759 1973 2927 2027 sancti
2971 1974 3131 2030 etiam
3180 1985 3479 2048 temporum
3517 1978 3773 2050 illorum;
3810 1995 3871 2041 et

2267 2056 2584 2126 promissiva
2613 2070 2767 2116 erant
2795 2063 2883 2117 illa
2912 2066 3088 2119 omnia
3118 2080 3450 2126 sacramenta
3475 2074 3761 2145 omnisque
3788 2077 3868 2132 ri-

2266 2145 2353 2204 tus
2377 2149 2467 2205 ille
2493 2165 2767 2208 sacrorum
2795 2172 2809 2209 :
2843 2171 2987 2212 nunc
3015 2168 3194 2215 autem
3221 2163 3453 2219 revelata
3484 2175 3566 2220 est
3592 2166 3731 2223 ﬁdes
3757 2211 3775 2237 ,
3810 2171 3870 2225 in

2266 2256 2422 2312 quam
2458 2245 2737 2301 conclusus
2775 2259 2890 2304 erat
2926 2252 3154 2320 populus
3174 2294 3191 2320 ,
3232 2256 3443 2325 quando
3475 2260 3575 2314 sub
3600 2259 3743 2331 Lege
3769 2276 3873 2318 cu-

2265 2334 2595 2392 stodiebatur
2619 2336 2814 2403 (σκιαί.
2842 2356 2899 2396 ιιι
2920 2384 2936 2408 ,
2961 2342 3053 2413 25)
3079 2361 3094 2410 ;
3121 2353 3174 2400 et
3195 2347 3334 2415 quod
3363 2348 3608 2405 ﬁdelibus
3634 2356 3870 2422 promit-

2268 2426 2397 2481 titur
2432 2427 2483 2482 iu
2515 2427 2745 2498 judicio,
2771 2431 2881 2501 jam
2912 2434 3236 2504 completum
3261 2442 3343 2492 est
3372 2438 3423 2493 in
3452 2442 3736 2511 exemplo,
3767 2461 3875 2514 per

2266 2532 2387 2574 eum
2424 2520 2515 2590 qui
2554 2521 2748 2594 Legem
2786 2532 2841 2579 et
2876 2525 3171 2598 Prophetas
3198 2542 3302 2585 non
3334 2532 3483 2587 venit.
3501 2535 3739 2607 solvere,
3766 2539 3873 2593 sed

2265 2611 2574 2682 adimplere.

2336 2704 2564 2761 CAPUT
2593 2705 2709 2763 XV.
2734 2738 2806 2749 —
2834 2708 3171 2782 Quapropter
3194 2716 3450 2784 qureritur
3476 2716 3693 2786 quidem
3722 2718 3877 2777 inter

2265 2804 2590 2850 scrutatores
2627 2806 2928 2853 sanctarum
2968 2800 3356 2873 Scripturarum
3381 2846 3397 2872 ,
3442 2816 3616 2862 utrum
3653 2818 3875 2868 tantum

2269 2889 2525 2959 profuerit
2554 2894 2787 2964 antiquis
2829 2896 2984 2966 justis
3026 2900 3158 2955 ﬁdes
3187 2895 3397 2970 passuri
3419 2915 3472 2960 et
3503 2910 3873 2964 resurrecturi

2266 2980 2496 3064 Christi,
2544 2999 2702 3054 quam
2750 2988 2831 3042 vel
2878 2991 3291 3049 revelationibus
3337 2997 3644 3066 discebant,
3675 3002 3763 3056 vel
3815 3003 3873 3056 in

2267 3070 2550 3143 Prophetis
2588 3076 2950 3149 intelligebant
2974 3097 2987 3146 ;
3033 3092 3285 3153 quantum
3314 3102 3453 3143 nunc
3480 3090 3699 3159 prodest
3727 3092 3875 3148 ﬁdes

2268 3167 2408 3236 passi
2448 3178 2503 3223 et
2544 3172 2837 3227 resuscitati
2882 3192 2895 3227 :
2938 3191 3003 3228 an
3049 3176 3159 3246 ipsa
3202 3179 3390 3235 effusio
3424 3184 3694 3254 sanguinis
3724 3186 3875 3256 Λειιὶ

2266 3256 2396 3324 Dei,
2439 3266 2558 3331 quae
2603 3261 2738 3318 facta
2784 3270 2895 3331 est,
2950 3267 3085 3322 sicut
3138 3271 3257 3340 ipse
3314 3272 3481 3341 dicit,
3539 3292 3632 3345 pro
3684 3280 3879 3334 multis

2266 3347 2322 3401 in
2400 3351 2743 3406 remissionem
2800 3366 3120 3426 peccatorum
3172 3360 3193 3430 (
3226 3359 3413 3416 Matth.
3455 3380 3584 3419 xxv:
3617 3407 3633 3432 ,
3682 3366 3810 3439 28)
3856 3410 3874 3435 ,

2266 3436 2467 3507 aliquid
2526 3441 2766 3499 utilitatis
2828 3456 2884 3500 et
2948 3450 3275 3519 purgationis
3332 3452 3415 3508 vel
3488 3455 3700 3513 dederit
3774 3436 3872 3515 vel

2267 3528 2563 3597 addiderit,
2608 3534 2770 3589 etiam
2814 3535 2878 3590 iis
2913 3538 3003 3607 qui
3031 3538 3133 3594 hoc
3160 3539 3393 3597 futurum
3418 3545 3703 3603 credentes
3727 3590 3743 3615 ,
3774 3565 3878 3605 au-

2267 3630 2479 3692 tequam
2526 3623 2677 3680 ﬁeret
2717 3643 2784 3683 ex
2827 3627 2927 3685 hac
2964 3631 3069 3686 vita
3112 3634 3535 3706 emigraverant;
3581 3649 3635 3695 et
3674 3650 3874 3699 utrum

2267 3729 2414 3770 mors
2448 3716 2564 3785 ejus
2591 3708 2656 3771 ad
2684 3719 3050 3777 liberationem
3082 3726 3240 3779 etiam
3271 3736 3508 3785 mortuos
3535 3732 3872 3793 visitaverit.

2265 3804 2370 3861 Sed
2415 3822 2558 3862 nunc
2600 3808 2752 3863 istam
2792 3813 3141 3881 quazstionem
3168 3816 3251 3872 vel
3291 3821 3663 3888 pertractanda
3687 3822 3879 3880 discu-

2268 3905 2379 3953 tere
2402 3940 2419 3967 ,
2463 3900 2546 3955 vel
2590 3900 2790 3972 aliquid
2839 3904 2890 3958 in
2918 3920 2979 3959 ea
3010 3916 3279 3976 repertum
3306 3909 3466 3966 etiam
3490 3912 3878 3973 conﬁrmando

2265 3989 2510 4058 deﬁnire,
2532 4003 2585 4047 et
2620 3994 2833 4065 longum
2852 4005 2952 4063 est,
2971 4008 3024 4053 et
3044 3998 3166 4055 huic
3182 4002 3329 4071 operi
3349 4019 3455 4059 non
3473 4008 3875 4068 necessarium.

2334 4080 2561 4139 CAPUT
2605 4084 2742 4140 XVI.
2794 4118 2867 4129 —
2912 4088 3129 4146 interim
3171 4091 3428 4149 adversus
3472 4097 3879 4158 ealumniosam

2266 4171 2583 4241 imperitiam
2612 4174 2789 4231 Fausti
2819 4178 3197 4237 demonstrare
3223 4183 3526 4252 suﬂ‘ecerit,
3555 4198 3761 4258 quanto
3787 4207 3885 4248 er-

2265 4278 2387 4318 rore
2406 4263 2634 4321 delirent
2653 4268 2741 4337 qui
2766 4264 2956 4338 putant
2970 4272 3137 4341 signis
3149 4272 3601 4349 sacramentisque
3616 4285 3878 4353 mutatis,

2264 4356 2423 4411 etiam
2454 4371 2544 4412 res
2571 4357 2714 4427 ipsas
2740 4356 2860 4415 esSe
2889 4361 3128 4420 diversas
3147 4405 3164 4433 ,
3195 4381 3327 4437 quas
3353 4369 3486 4425 ritus
3514 4372 3882 4443 propheticus

2264 4449 2640 4518 praenuntiavit
2684 4454 3011 4522 promissas,
3062 4465 3118 4513 et
3162 4474 3296 4528 quas
3342 4461 3474 4519 ritus
3519 4467 3885 4536 evangelicum

2261 4541 2592 4597 annuntiavit
2632 4543 2875 4614 impletas
2905 4563 2921 4600 :
2948 4555 3040 4602 aut
3073 4549 3161 4619 qui
3189 4563 3446 4617 censent,
3474 4569 3595 4611 cum
3628 4572 3720 4613 res
3750 4575 3885 4616 ea-

2261 4628 2383 4685 dem
2428 4631 2566 4699 sint,
2607 4648 2712 4688 non
2754 4650 2849 4691 eas
2885 4637 3002 4693 aliis
3038 4627 3386 4698 sacramentis
3421 4649 3728 4704 annuntiari
3755 4651 3882 4709 de-

2261 4719 2439 4776 buisse
2465 4723 2760 4793 completas
2778 4764 2794 4791 ,
2825 4741 2987 4796 quam
3017 4728 3081 4783 iis
3105 4731 3298 4801 quibus
3326 4733 3500 4791 adhuc
3521 4739 3882 4808 complenda:

2258 4813 2768 4879 prtenuntiabantur.
2809 4817 2864 4874 Si
2901 4820 3044 4875 enim
3085 4822 3202 4877 soni
3224 4826 3520 4882 verborum
3549 4830 3744 4899 quibus
3775 4835 3885 4890 lo-

2256 4903 2501 4972 quimur,
2545 4916 2643 4975 pro
2682 4916 2921 4979 tempore
2962 4901 3391 4983 commutantur,
3435 4919 3729 4991 eademque
3770 4941 3883 4983 res

2257 4994 2413 5050 aliter
2454 4998 2759 5055 enuntiatur
2811 5000 3050 5058 facienda
3078 5046 3093 5071 ,
3141 5007 3299 5064 aliter
3342 5008 3477 5065 facta
3506 5053 3522 5077 ,
3566 5024 3706 5071 sicut
3755 5016 3887 5075 ista

2256 5086 2370 5157 ipsa
2416 5088 2523 5145 duo
2562 5091 2725 5148 verba
2764 5108 2883 5164 qum
2906 5094 3017 5151 dixi
3036 5138 3051 5164 ,
3080 5096 3319 5155 facienda
3347 5109 3401 5156 et
3429 5101 3563 5158 facta
3588 5145 3604 5171 ,
3633 5121 3735 5162 nec
3761 5123 3885 5178 pa-

2254 5181 2403 5237 ribus
2430 5196 2699 5239 morarum
2726 5181 3037 5257 intervallis,
3069 5204 3170 5245 nec
3196 5191 3383 5248 iisdem
3405 5195 3486 5250 vel
3515 5195 3735 5253 totidem
3770 5202 3883 5258 lit-

2255 5272 2383 5328 teris
2411 5275 2694 5346 syllabisve
2717 5289 3009 5335 sonuerunt
3043 5297 3058 5336 :
3088 5281 3213 5352 quid
3236 5274 3425 5340 mirum
3448 5276 3629 5344 sialiis
3648 5304 3890 5361 mySte-

2252 5364 2452 5421 riorum
2493 5366 2776 5438 signaculis
2809 5368 2989 5440 passio
3015 5380 3070 5427 et
3096 5364 3419 5431 resurrectio
3444 5375 3638 5433 Christi
3669 5379 3884 5442 futura

2249 5456 2513 5528 promissa
2552 5468 2673 5527 est,
2718 5461 2837 5517 aliis
2872 5462 2983 5533 jam
3025 5463 3164 5521 facta
3203 5466 3579 5538 annuntiatur;
3608 5472 3901 5543 qnando;

2248 5548 2460 5618 quidem
2502 5546 2621 5620 ipsa
2658 5551 2863 5633 verba,
2907 5544 3142 5611 futurum
3172 5567 3227 5613 et
3252 5552 3479 5626 factum,
3512 5550 3770 5632 passurus
3803 5570 3893 5626 et

2249 5656 2437 5711 passus
2454 5685 2469 5712 ,
2495 5655 2890 5704 resurrecturus
2918 5647 2973 5705 et
3000 5645 3339 5721 resurrexit,
3356 5670 3456 5710 nec
3484 5648 3627 5735 tendi
3658 5674 3879 5731 requa-

2248 5734 2401 5799 liter,
2430 5750 2528 5790 nec
2550 5737 2797 5794 similiter
2822 5756 3013 5797 sonare
3036 5746 3363 5812 potuerunt?
3387 5734 3690 5815 Ωιιίἀῖθιιίὶη
3721 5738 3897 5812 sunt

2249 5827 2389 5884 aliud
2433 5843 2655 5902 quaeque
2698 5833 2995 5904 corporalia
3041 5848 3411 5907 sacramenta,
3454 5840 3563 5896 nisi
3597 5830 3901 5910 quamlth2
