4052 6458
220 368 321 425 357

218 488 370 557 quasi
406 484 567 541 verba
604 484 830 542 visibilia
854 525 870 554 ,
901 490 1235 541 sacrosancta
1264 482 1473 553 quidem
1498 524 1511 547 ,
1542 487 1811 535 verumta-

221 593 340 632 men
372 576 647 632 mutabilia
669 586 718 632 et
748 577 1097 648 temporalia?
1126 576 1263 632 Deus
1288 575 1429 631 enim
1449 584 1679 630 mteruus
1698 584 1806 639 est,

222 684 316 725 nec
358 680 538 725 tamen
582 684 718 740 aqua
760 677 815 726 et
854 669 1025 725 omnis
1065 668 1149 723 illa
1178 667 1317 723 actio
1345 668 1663 737 corporalis,
1690 681 1809 736 qum

219 762 392 829 agitur
406 776 529 815 cum
547 761 897 830 baptizamus,
916 768 969 814 et
991 758 1068 825 lit,
1089 767 1142 814 et
1168 760 1357 812 transit
1387 758 1426 825 ¹,
1455 762 1650 813 interna
1682 766 1763 811 cst
1793 774 1807 812 :

222 853 305 908 ubi
321 868 513 909 rursus
532 855 691 910 etiam
705 854 810 909 illae
826 852 1041 926 syllabae
1055 852 1301 908 celeriter
1313 862 1562 907 sonantes
1581 862 1633 907 et
1647 862 1813 906 trans-

220 953 430 1012 euntes,
451 959 574 999 cum
592 944 805 1011 dicitur,
821 944 981 1011 Deus,
1019 944 1119 999 nisi
1138 943 1400 1008 dicantur,
1418 959 1520 997 non
1539 958 1812 999 consecra-

223 1043 323 1090 tur.
354 1036 485 1091 Haec
513 1036 689 1091 omnia
708 1036 905 1092 ﬁuntet
921 1044 1214 1104 transeunt,
1236 1044 1771 1092 sonantettranscnnt
1794 1054 1806 1089 :

220 1126 391 1180 virtus
427 1133 609 1181 tamen
632 1141 752 1197 qua:
777 1140 870 1195 per
890 1125 989 1181 ista
1009 1132 1286 1196 operatur,
1311 1126 1506 1197 jugiter
1533 1136 1727 1192 manet,
1759 1136 1813 1183 et

224 1215 424 1271 donum
464 1217 748 1288 spirituale
772 1217 912 1289 quod
942 1233 1036 1289 per
1061 1220 1158 1274 ista
1192 1219 1519 1284 insinuatur,
1551 1228 1806 1274 :cternum

224 1317 322 1363 est.
364 1309 466 1378 Qui
512 1325 641 1381 ergo
676 1310 836 1378 dicit,
882 1310 938 1368 Si
963 1309 1202 1367 Christus
1229 1312 1421 1383 Legem
1447 1322 1501 1367 et
1524 1311 1813 1381 Prophetas

226 1411 327 1451 non
366 1399 653 1467 solvisset,
693 1402 779 1456 illa
809 1412 1136 1458 sacramenta
1166 1402 1323 1472 Legis
1349 1411 1403 1457 et
1430 1403 1810 1472 Prophetarum

224 1490 274 1541 in
315 1486 745 1546 Christianorum
772 1493 1263 1564 congregationibus
1291 1502 1344 1548 et
1370 1494 1812 1550 celebrationibus

224 1591 639 1647 permanerent;
685 1592 858 1652 potest
893 1584 1107 1652 dicere,
1156 1584 1211 1640 Si
1254 1583 1495 1641 Christus
1528 1587 1721 1657 Legem
1758 1594 1815 1643 et

225 1670 523 1741 Prophetas
560 1689 666 1728 non
708 1676 986 1743 solvisset,
1017 1676 1191 1732 adhuc
1218 1680 1612 1747 promitteretur
1641 1680 1814 1733 nasci-

226 1770 412 1830 turus,
460 1780 720 1835 passurus
758 1777 809 1823 et
847 1779 1241 1825 resurrecturus
1284 1789 1299 1824 :
1341 1788 1460 1826 cum
1503 1773 1623 1827 ideo
1649 1774 1813 1844 magis

227 1845 343 1905 hac
387 1865 498 1904 non
545 1852 791 1920 solverit,
835 1854 928 1909 sed
966 1855 1367 1925 adimplevcrit,
1410 1858 1530 1927 quia
1569 1857 1677 1926 jam
1708 1873 1812 1913 non

229 1942 562 2010 promittitur
612 1945 911 2000 nasciturus
950 1985 966 2012 ,
1017 1961 1270 2017 passurus
1303 1989 1319 2014 ,
1375 1957 1767 2004 resurrecturus
1794 1990 1808 2014 ,

229 2031 370 2101 quod
407 2032 499 2087 illa
532 2045 861 2090 sacramenta
890 2038 1153 2107 quondam
1181 2039 1571 2109 personabant;
1604 2039 1696 2095 sed
1722 2056 1816 2093 an-

229 2126 507 2181 nnntiatur
549 2127 689 2196 quod
729 2138 882 2183 natus
914 2129 1022 2197 sit,
1060 2146 1246 2200 passus
1284 2133 1387 2198 sit,
1429 2132 1813 2196 resurrexerit,

230 2214 371 2284 quod
399 2214 518 2271 hare
546 2226 875 2274 sacramenta
902 2236 1019 2290 quae
1046 2236 1077 2276 a
1101 2222 1411 2279 Christianis
1434 2232 1689 2293 aguntur,
1707 2223 1815 2293 jam

231 2317 544 2377 personant.
591 2309 689 2377 Qui
735 2326 863 2382 ergo
903 2313 1048 2367 venit
1087 2314 1281 2385 Legem
1312 2324 1365 2370 et
1390 2315 1681 2385 Prophetas
1711 2331 1816 2369 non

230 2398 440 2454 solvere
462 2440 479 2465 ,
511 2397 607 2455 sed
631 2398 919 2471 adimplere
939 2446 953 2467 ,
980 2403 1091 2473 ipsa
1118 2405 1491 2474 adimpletione
1520 2406 1736 2461 abstulit
1756 2421 1817 2460 ea

234 2502 328 2555 per
365 2504 488 2558 qua:
524 2489 699 2546 adhuc
727 2492 1130 2561 promittebatur
1155 2494 1476 2564 implendum
1501 2536 1517 2562 ,
1544 2495 1682 2566 quod
1707 2495 1817 2565 jam

232 2589 441 2635 constat
466 2581 741 2651 impletum
768 2592 1051 2654 :tanquam
1078 2586 1124 2641 si
1152 2588 1309 2643 verba
1337 2588 1431 2642 ista
1458 2589 1682 2655 tolleret,
1701 2603 1819 2643 nas-

234 2671 474 2737 citurus,
516 2687 802 2741 passurus,
853 2686 1246 2732 resurrecturus
1269 2718 1284 2743 ,
1311 2694 1426 2749 qua:
1454 2692 1572 2734 cum
1604 2680 1717 2735 hinc
1743 2679 1823 2735 fu-

235 2769 352 2815 tura
393 2772 614 2829 essent,
656 2773 802 2820 recte
844 2765 1189 2830 dicebantur;
1238 2777 1291 2823 et
1333 2769 1629 2825 institueret
1674 2771 1773 2825 dici
1801 2812 1816 2839 ,

234 2853 399 2909 Natus
435 2864 521 2911 est
541 2896 557 2923 ,
598 2870 784 2925 passus
809 2866 925 2926 est,
953 2861 1271 2928 resurrexit,
1303 2876 1421 2931 qua:
1452 2862 1554 2917 illis
1581 2865 1819 2934 comple-

238 2948 305 3001 tis
324 2989 339 3012 ,
368 2957 424 3003 et
452 2948 525 3003 ob
547 2949 650 3004 hoc
672 2950 862 3006 ablatis
880 2988 896 3019 ,
923 2961 1066 3008 recte
1092 2953 1356 3009 dicuntur.

307 3039 536 3096 CAPUT
575 3041 735 3098 XVII.
764 3073 837 3085 —
864 3043 1015 3100 Sicut
1051 3061 1178 3116 ergo
1220 3048 1319 3101 ista
1361 3048 1552 3113 verba,
1612 3049 1679 3103 ita
1734 3049 1822 3105 illa

241 3132 434 3203 prioris
463 3134 643 3203 populi
674 3146 1027 3204 sacramenta,
1059 3137 1180 3207 quia
1212 3152 1309 3208 per
1336 3153 1456 3193 eum
1485 3139 1571 3209 qui
1594 3154 1701 3194 non
1729 3155 1820 3194 vc-

242 3223 319 3277 nit
344 3221 547 3294 Legem
578 3233 631 3280 et
658 3225 951 3296 Prophetas
978 3228 1209 3295 solvere,
1244 3229 1336 3284 sed
1375 3229 1687 3299 adimplere,
1711 3231 1818 3300 jam

243 3316 459 3386 impleta
490 3327 636 3385 sunt,
662 3316 782 3375 ideo
807 3319 920 3375 tolli
952 3322 1249 3391 mutarique
1290 3321 1589 3377 debuerunt
1626 3341 1639 3378 :
1682 3324 1821 3392 quod

245 3409 428 3479 primis
454 3410 790 3479 Christianis,
816 3414 906 3483 qui
937 3428 1001 3469 ex
1032 3410 1228 3469 Iudaeis
1258 3414 1623 3481 crediderant,
1652 3416 1823 3471 donec

244 3510 426 3556 contra
473 3512 579 3556 tam
622 3504 926 3559 diuturnam
954 3506 1388 3560 consuetudinem
1418 3507 1665 3576 paulatim
1694 3524 1822 3577 per-

245 3595 565 3651 suaderetur
592 3604 751 3665 atque
777 3596 843 3651 ad
888 3598 1209 3653 intellectum
1239 3597 1536 3668 perfectum
1570 3600 1825 3669 perduce—

247 3694 409 3749 retur,
442 3694 497 3739 et
531 3686 651 3753 quia
688 3686 758 3740 ita
791 3686 901 3741 nati
929 3696 1081 3742 erant
1106 3696 1263 3758 atque
1305 3689 1546 3755 instituti,
1589 3690 1826 3744 siveruitt

245 3792 337 3832 eos
364 3778 610 3848 Apostoli
640 3780 868 3848 patrium
906 3780 1067 3835 ritum
1096 3781 1539 3853 traditionemque
1572 3797 1821 3848 servare;

245 3880 299 3925 et
325 3885 425 3927 eos
462 3872 654 3941 quibus
693 3873 794 3928 hoc
836 3888 968 3944 opus
994 3882 1127 3938 erat,
1161 3882 1217 3929 ut
1240 3883 1593 3945 congruerent
1616 3876 1823 3929 illorum

249 3963 491 4017 tarditati
512 3966 848 4035 moribusque
865 3976 1201 4021 monuerunt.
1231 3967 1355 4022 inde
1379 3975 1461 4021 est
1486 3968 1826 4037 quod-Timo-

250 4054 441 4109 theum
469 4054 640 4109 Judaza
666 4066 836 4113 matre
882 4066 936 4112 et
966 4057 1157 4116 (ἔλπεο
1185 4066 1334 4128 patre
1379 4069 1580 4126 natum,
1612 4070 1827 4130 propter

250 4147 396 4213 illos,
428 4146 495 4201 ad
521 4163 653 4218 quos
696 4149 827 4205 tales
855 4164 973 4205 cum
1005 4164 1070 4204 eo
1098 4159 1333 4217 venerat,
1369 4150 1528 4205 etiam
1552 4150 1830 4206 circumci-

250 4240 327 4295 dit
351 4242 637 4310 Apostolus
660 4243 793 4315 (Act.
822 4259 932 4311 xvi,
960 4241 1079 4315 1-3)
1129 4261 1143 4298 :
1190 4252 1347 4314 atque
1404 4244 1515 4313 ipse
1558 4246 1695 4299 inter
1735 4259 1829 4299 eos

250 4348 455 4389 morem
483 4334 784 4404 hujusmodi
810 4336 1112 4402 custodivit,
1142 4352 1247 4391 non
1275 4337 1609 4394 simulatione
1635 4337 1824 4403 fallaci,

252 4424 340 4479 sed
370 4425 607 4481 consilio
651 4426 915 4496 prudenti.
964 4426 1146 4497 Neque
1186 4428 1327 4483 enim
1372 4429 1441 4483 ita
1470 4430 1629 4497 natis,
1674 4437 1729 4485 et
1759 4430 1828 4507 ita

255 4511 508 4569 institutis
555 4517 711 4571 noxia
750 4526 902 4573 erant
938 4517 1058 4585 ista,
1098 4519 1341 4588 quamvis
1370 4518 1479 4589 jam
1521 4536 1627 4575 non
1653 4529 1833 4575 essent

254 4604 614 4675 signiﬁcandis
640 4605 828 4664 futuris
852 4610 1170 4665 necessaria.
1202 4604 1366 4679 Magis
1393 4610 1589 4681 quippe
1615 4612 1830 4666 noxium

255 4708 383 4763 erat,
414 4713 483 4753 ea
517 4706 768 4770 tanquam
813 4701 974 4757 noxia
1012 4701 1297 4772 prohibere
1341 4702 1391 4755 in
1422 4702 1503 4756 his
1530 4702 1834 4757 hominibus

257 4803 420 4859 usque
446 4789 515 4844 ad
540 4805 676 4859 quos
700 4790 891 4847 durare
917 4791 1234 4847 debuerunt.
1278 4790 1537 4858 Quoniam
1568 4791 1831 4861 Christus,

256 4883 335 4948 qui
377 4895 578 4937 omnes
622 4882 741 4936 illas
784 4882 1089 4953 prophetias
1130 4884 1347 4952 implere
1372 4891 1607 4948 venerat,
1638 4883 1715 4938 sic
1741 4898 1833 4938 cos

258 4972 490 5027 initiatos
519 4972 795 5028 invenerat
825 4991 838 5027 :
871 4982 927 5028 ut
948 4974 1056 5043 jam
1099 4974 1166 5029 de
1202 4983 1418 5041 cretero,
1456 4975 1543 5044 qui
1573 4974 1715 5029 nulla
1743 4974 1833 5029 tali

258 5062 650 5119 necessitudine
690 5073 1016 5130 tenerentur,
1057 5064 1149 5120 sed
1197 5081 1259 5119 ex
1300 5065 1512 5120 diverso
1552 5065 1711 5120 veluti
1744 5081 1835 5134 pa-

259 5152 408 5221 riete,
437 5152 493 5207 id
521 5162 621 5219 est,
652 5169 716 5209 ex
748 5156 1020 5224 przrputio,
1056 5154 1121 5209 ad
1168 5156 1312 5210 illum
1359 5155 1665 5225 angularem
1703 5156 1835 5227 iapi-

259 5240 372 5297 dem
398 5243 495 5313 qui
526 5252 611 5299 est
625 5243 887 5311 Christus,
914 5246 1257 5301 convenirent
1278 5246 1491 5318 (Ep/res.
1524 5263 1583 5308 ll,
1610 5246 1832 5319 14,20),

261 5334 320 5389 ad
349 5336 499 5392 nulla
521 5336 642 5392 talia
663 5347 1002 5407 cogerentur.
1028 5338 1085 5393 Si
1110 5348 1286 5394 autem
1314 5339 1378 5394 iis
1402 5339 1491 5409 qui
1520 5355 1587 5395 ex
1606 5339 1836 5395 circum-

262 5426 460 5484 cisione
483 5436 759 5494 venerant,
790 5422 1090 5499 talibusque
1109 5430 1455 5486 sacramentis
1475 5430 1649 5487 adhuc
1666 5430 1836 5487 dediti

262 5528 429 5585 erant,
474 5519 623 5575 uitro
654 5519 865 5585 vellent,
907 5520 1043 5575 sicut
1068 5519 1397 5587 Timotheus,
1428 5521 1671 5579 conferre
1700 5538 1831 5578 con-

260 5614 577 5678 gruentiam,
620 5628 726 5667 non
766 5613 1172 5684 prohiberentur
1203 5631 1216 5668 :
1249 5629 1431 5669 verum
1456 5616 1501 5670 si
1542 5616 1595 5671 in
1646 5614 1834 5685 hujus-

266 5706 399 5759 modi
451 5704 608 5775 Legis
633 5704 881 5774 operibus
922 5712 1168 5775 putarent
1195 5718 1343 5759 suam
1386 5720 1533 5775 spem
1573 5706 1831 5765 salutem-

322 5818 342 5849 ι
372 5817 568 5874 qudam
591 5815 801 5874 codices,
818 5812 936 5865 cum
974 5815 1237 5878 nuptismus
1256 5812 1317 5878 ﬁt
1333 5821 1380 5866 et
1398 5820 1505 5870 trmt
1520 5823 1583 5873 it.

1417 363 1620 420 LIBER
1658 358 1947 418 DECIMUS
1981 360 2224 422 NONUS.

3381 380 3485 438 558

1916 493 2018 546 que
2046 481 2325 549 contineri,
2372 492 2618 556 tanquam
2648 502 2677 541 a
2718 497 2859 542 certa
2904 491 3135 559 pernicie
3159 500 3483 553 vetarentur.

1919 568 2072 625 Unde
2100 582 2181 627 est
2229 574 2352 629 illud
2398 577 2633 646 Apostoli
2664 596 2675 631 :
2704 578 2831 634 Ecce
2850 597 2942 651 ego
2976 580 3167 636 Paulus
3194 584 3304 638 dico
3333 587 3487 653 vobis,

1921 663 2040 731 quia
2086 665 2131 717 si
2168 666 2595 722 circumcidamiui
2617 710 2630 732 ,
2670 669 2899 726 Christus
2941 674 3075 727 vobis
3115 676 3241 729 nihil
3269 679 3491 746 proderit

1922 755 2119 825 (Calai.
2152 774 2201 811 v.
2234 758 2314 827 2).
2343 757 2783 816 Circumcidamini
2817 764 3049 830 scilicet,
3076 767 3210 821 sicut
3255 769 3355 838 ipsi
3394 785 3490 825 vo-

1920 847 2117 913 lebant,
2159 850 2292 904 sicut
2319 850 2397 905 eis
2436 866 2465 905 a
2503 853 2812 923 quibusdam
2848 856 3146 926 depravatis
3184 874 3491 929 persuasum

1921 948 2036 994 erat
2060 940 2199 1010 quod
2223 944 2337 997 sine
2363 944 2444 998 his
2472 944 2627 1016 Legis
2654 949 2901 1015 operibus
2926 952 3056 1005 salvi
3084 967 3203 1008 esse
3230 969 3335 1008 non
3369 970 3494 1025 pos-

1922 1042 2043 1085 sent
2080 1032 2214 1103 (Act.
2246 1050 2333 1099 xv,
2365 1033 2438 1106 l).
2469 1035 2599 1089 Nam
2630 1052 2750 1090 eum
2789 1038 2984 1095 Gentes
3018 1042 3083 1095 ad
3111 1040 3305 1098 Christi
3334 1044 3491 1100 fidem

1919 1123 1989 1178 ita
2029 1126 2292 1192 venirent,
2327 1127 2554 1182 maxime
2598 1144 2691 1196 per
2720 1128 2866 1183 Pauli
2894 1132 3117 1200 apostoli
3157 1135 3491 1203 praedicatio-

1922 1231 2042 1269 nem
2071 1257 2085 1280 ,
2143 1217 2277 1271 sicut
2326 1219 2505 1273 venire
2553 1219 2868 1286 debuerunt,
2918 1232 2975 1278 ut
3023 1226 3181 1280 nullis
3231 1226 3493 1296 ejusmodi

1920 1306 2381 1363 observationibus
2430 1321 2815 1377 oneraremur;
2845 1313 2963 1382 quia
3006 1324 3060 1369 et
3109 1316 3319 1372 insolita
3368 1318 3490 1386 ista,

1922 1397 2155 1451 maxime
2196 1399 2676 1469 circnmcisionem,
2703 1402 2930 1471 grandes
2963 1413 3117 1460 astate
3146 1405 3494 1461 reformidan-

1922 1496 2002 1542 tes
2032 1487 2429 1544 deterrerentur
2455 1505 2483 1543 a
2517 1491 2652 1557 lide;
2699 1502 2750 1547 et
2796 1508 2899 1547 non
2932 1494 3004 1548 ita
3035 1496 3162 1562 nati,
3204 1502 3263 1551 ut
3303 1497 3497 1553 talibus

1919 1582 2266 1637 sacramentis
2306 1583 2685 1649 imbuerentur,
2726 1585 2770 1639 si
2818 1600 2965 1640 more
2991 1587 3215 1655 pristino
3238 1591 3493 1661 proselyti

1921 1671 2129 1735 ﬁerent,
2164 1682 2408 1743 tanquam
2438 1674 2683 1730 Christus
2724 1690 2818 1745 per
2850 1676 2937 1730 illa
2962 1678 3214 1748 mysteria
3242 1689 3497 1735 venturus

1920 1762 2095 1818 adhuc
2121 1766 2559 1833 proniittcretur:
2593 1781 2711 1821 cum
2753 1783 2878 1837 ergo
2924 1769 3004 1823 sic
3042 1769 3285 1826 venirent
3319 1770 3386 1827 ad
3430 1773 3496 1827 li-

1921 1852 2064 1917 dcm,
2094 1863 2150 1908 ut
2172 1853 2281 1924 jam
2308 1870 2371 1909 ex
2402 1855 2658 1912 Gentibus
2704 1859 2885 1913 venire
2927 1859 3223 1928 oportebat,
3271 1876 3376 1917 non
3418 1862 3500 1916 in-

1924 1946 2223 2017 telligentes
2251 1948 2338 2017 qui
2386 1964 2453 2003 ex
2499 1949 2901 2006 circumcisione
2939 1960 3213 2017 venerant,
3258 1968 3353 2009 cur
3397 1953 3497 2009 sibi

1921 2035 2005 2089 illa
2038 2038 2292 2106 permissa
2319 2047 2521 2105 essent,
2548 2047 2601 2093 ct
2623 2054 2719 2093 cur
2744 2040 3001 2095 Gentibus
3045 2041 3361 2112 imponenda
3391 2060 3499 2115 non

1922 2136 2135 2192 essent;
2166 2125 2479 2198 quibusdam
2516 2131 2816 2186 carnalibus
2857 2131 3204 2187 seditionibus
3227 2128 3499 2202 coeperant

1924 2216 2214 2271 Ecclesiam
2244 2218 2571 2287 perturbare,
2604 2220 2743 2290 quod
2773 2220 3007 2277 Gentiles
3032 2221 3096 2277 ad
3118 2222 3210 2277 Dci
3240 2222 3495 2293 populum

1922 2308 2257 2374 accedentes,
2290 2324 2395 2364 non
2424 2310 2734 2366 solemniter
2753 2312 3002 2383 proselyti
3031 2312 3220 2368 fierent
3245 2313 3298 2367 in
3320 2312 3500 2368 carnis

1921 2397 2349 2466 circumcisione,
2378 2406 2433 2455 ct
2473 2402 2681 2457 caeteris
2723 2402 3087 2472 hujuscemodi
3114 2404 3500 2459 observationi-

1923 2488 2022 2542 bus
2047 2488 2200 2561 Legis
2225 2508 2239 2545 :
2265 2502 2425 2561 atque
2451 2492 2503 2546 in
2532 2491 2614 2547 his
2638 2502 2811 2560 erant,
2841 2492 2929 2564 qui
2958 2491 3060 2548 hoc
3084 2494 3202 2548 ideo
3238 2494 3350 2549 ﬁeri
3389 2510 3501 2549 ma-

1922 2594 2155 2650 gnopere
2182 2581 2516 2650 insistebant,
2542 2584 2663 2653 quia
2695 2584 2949 2639 timebant
2972 2585 3185 2641 Judmos
3206 2586 3343 2640 inter
3363 2602 3499 2657 quos

1924 2671 2290 2727 versabantur.
2323 2673 2515 2729 Contra
2542 2674 2639 2730 hos
2667 2676 2935 2745 apostolus
2966 2676 3159 2731 Paulus
3183 2678 3342 2732 multa
3364 2679 3499 2733 seri-

1925 2764 2029 2831 psit
2056 2781 2068 2818 :
2101 2780 2221 2818 nam
2251 2765 2301 2819 in
2333 2765 2519 2821 horum
2546 2767 2936 2823 simulationem
2967 2768 3124 2823 etiam
3158 2769 3370 2824 Petrum
3401 2770 3499 2824 ad-

1924 2855 2138 2909 ductum
2163 2856 2394 2912 fraterna
2424 2856 2791 2928 objurgatione
2821 2860 3055 2914 correxit
3074 2859 3270 2930 (Colat.
3299 2876 3355 2923 ιι,
3386 2859 3501 2932 li).

1923 2944 2028 3001 Sed
2060 2956 2401 3017 posteaquam
2433 2948 2483 3007 in
2520 2963 2683 3003 unum
2724 2949 2962 3019 Apostoli
2990 2951 3312 3020 congregati,
3341 2952 3501 3006 etiam
3578 2994 3581 2997 ς

1924 3038 2148 3093 consilio
2176 3039 2191 3069 ¹
2223 3053 2320 3093 suo
2349 3047 2671 3094 censuerunt
2689 3038 2889 3095 Gentes
2914 3039 2980 3094 ad
3011 3040 3313 3109 hujusmodi
3338 3056 3500 3111 Opera

1926 3128 2082 3200 Legis
2110 3146 2214 3185 non
2249 3146 2366 3187 esse
2395 3132 2655 3203 cogendas
2686 3132 2821 3206 (Act.
2863 3149 2951 3199 xv,
2992 3134 3180 3205 6-H);
3228 3133 3504 3205 displicuit

1925 3221 2237 3291 quibusdam
2263 3238 2325 3278 ex
2354 3224 2761 3280 circumcisione
2788 3222 3123 3293 Christianis,
3155 3241 3260 3281 non
3281 3228 3473 3282 valenti
3491 3258 3505 3270 -

1925 3310 2024 3367 bus
2053 3322 2231 3368 mente
2259 3314 2580 3382 discernere,
2606 3315 2723 3371 illos
2748 3316 2892 3371 solos
2910 3315 2979 3371 ab
2999 3316 3299 3387 hujusmodi
3320 3318 3503 3374 obser-

1926 3406 2225 3461 vationibus
2271 3423 2376 3461 non
2410 3406 2571 3463 fuisse
2613 3407 2988 3477 prohibendos,
3034 3424 3170 3481 quos
3197 3410 3351 3478 fides,
3385 3426 3506 3481 qua:

1926 3501 2155 3555 revelata
2185 3509 2287 3567 est,
2317 3500 2399 3555 his
2419 3500 2527 3570 jam
2556 3501 2786 3555 imbutos
2807 3500 3111 3565 invenerat;
3134 3512 3189 3557 ut
3215 3501 3267 3557 in
3295 3502 3373 3557 eis
3392 3501 3503 3572 jam

1927 3600 2382 3646 consummaretur
2431 3591 2542 3661 ipsa
2600 3591 2739 3647 actio
2808 3592 3151 3662 prophetica,
3201 3607 3333 3663 quos
3381 3600 3507 3647 ante

1927 3681 2354 3752 adimpletionem
2391 3680 2681 3752 prophetia:
2722 3682 2831 3752 jam
2865 3691 3102 3738 tenuerat
3130 3700 3143 3736 :
3172 3698 3239 3738 ne
3276 3684 3321 3738 si
3355 3684 3508 3740 etab

1930 3772 2058 3843 ipsis
2082 3781 2463 3840 removeretur,
2494 3772 2790 3843 improbata
2819 3775 2995 3843 potius
3030 3789 3186 3844 quam
3225 3774 3505 3829 terminata

1929 3864 2230 3929 videretur;
2256 3864 2301 3919 si
2324 3874 2500 3919 autem
2522 3873 2577 3921 et
2603 3864 2858 3921 Gentibus
2884 3866 3261 3934 imponeretur,
3283 3872 3378 3919 aut
3396 3880 3508 3920 non

1930 3956 2123 4012 Christi
2156 3957 2491 4026 promittendi
2531 3972 2689 4013 causa
2732 3959 2966 4013 instituta
3006 3971 3144 4024 esse,
3197 3966 3288 4011 aut
3330 3957 3506 4014 adhuc

1929 4046 2198 4103 Christum
2229 4049 2536 4119 promittere
2562 4058 2855 4118 putaretur.
2884 4048 3093 4104 Primus
3122 4048 3296 4118 itaque
3333 4063 3505 4118 popu-

1932 4140 2014 4195 lus
2041 4140 2156 4206 Dei,
2200 4148 2481 4209 antequam
2522 4139 2763 4195 Christus
2799 4140 3004 4194 veniret
3032 4139 3226 4209 Legem
3264 4138 3509 4209 Prophe-

1933 4240 2117 4302 tasque
2139 4231 2450 4301 adimplere.
2479 4231 2565 4286 illa
2590 4231 2765 4286 omnia
2795 4245 2914 4302 quze
2942 4230 3082 4285 hunc
3105 4230 3507 4301 promittebant,

1932 4325 2219 4380 observare
2238 4322 2523 4393 jubebatur
2555 4341 2570 4378 :
2598 4324 2732 4379 liber
2758 4324 2811 4378 in
2840 4324 2940 4391 eis,
2978 4322 3068 4393 qui
3108 4324 3221 4378 haec
3244 4337 3353 4393 quo
3382 4338 3508 4393 per-

1934 4415 2163 4470 tinerent
2188 4414 2582 4484 intelligebant;
2625 4426 2813 4469 servus
2853 4423 3030 4468 autem
3062 4414 3113 4468 in
3140 4413 3237 4481 eis,
3280 4412 3369 4483 qui
3408 4413 3512 4471 hoc

1936 4522 2039 4562 non
2067 4506 2446 4576 intelligebant.
2477 4505 2746 4560 Posterior
2760 4519 2887 4560 vero
2904 4504 3134 4576 populus
3161 4504 3424 4561 accedens
3442 4506 3511 4560 ad

1935 4596 2092 4651 iidem
2119 4610 2223 4665 qua
2245 4596 2355 4667 jam
2384 4596 2626 4651 Christus
2655 4596 2883 4659 venisse,
2933 4610 3122 4665 passus
3167 4610 3307 4662 esse,
3334 4611 3398 4652 ac
3420 4611 3511 4653 re-

1934 4687 2231 4743 surrexisse
2276 4686 2704 4756 praedicabatur,
2752 4685 2804 4739 in
2850 4686 2914 4741 iis
2953 4685 3165 4755 quidem
3211 4687 3515 4743 hominibus

1936 4792 2070 4848 quos
2093 4776 2203 4847 jam
2233 4777 2422 4832 talibus
2464 4776 2808 4832 sacramentis
2852 4776 3120 4831 institutos
3147 4776 3333 4833 eadem
3379 4776 3515 4832 ﬁdes

1937 4868 2228 4935 invenerat,
2271 4882 2369 4923 nec
2397 4866 2683 4939 cogebatur
2710 4867 2806 4922 ista
2848 4868 3153 4932 observare,
3200 4880 3299 4921 nec
3328 4865 3512 4937 prohi-

1935 4960 2158 5016 bebatur
2184 4976 2197 5014 :
2228 4959 2280 5014 in
2312 4960 2375 5014 iis
2398 4968 2576 5015 autem
2604 4960 2694 5030 qui
2721 4959 2910 5014 talibus
2932 4961 3105 5026 vacui,
3121 4949 3259 5013 nulla
3278 4956 3514 5028 generis,

1938 5051 2083 5107 nulla
2105 5050 2501 5107 consuetudinis
2530 5051 2611 5107 vel
2632 5052 2991 5122 congruentia:
3013 5049 3403 5107 necessitudine
3428 5065 3515 5105 re-

1939 5143 2070 5198 tenti
2098 5142 2450 5207 crediderant,
2474 5143 2633 5199 etiam
2660 5143 3076 5214 prohibebatur;
3105 5152 3160 5197 ut
3180 5158 3273 5212 per
3289 5156 3381 5197 eos
3401 5141 3517 5213 jam

1940 5236 2193 5306 inciperet
2222 5250 2499 5306 apparere,
2533 5236 2623 5291 illa
2651 5236 2825 5291 omnia
2857 5244 3074 5305 propter
3098 5233 3515 5304 promittendum

1939 5328 2206 5384 Christum
2250 5328 2412 5383 fuisse
2454 5328 2724 5392 instituta;
2777 5341 2883 5397 quo
2924 5326 3171 5380 veniente
3200 5335 3358 5396 atque
3401 5326 3519 5383 hmo

1940 5418 2199 5489 promissa
2229 5419 2570 5488 adimplcnte,
2595 5418 2706 5487 jam
2747 5425 2995 5487 oportere
3018 5428 3252 5471 cessare.
3283 5416 3395 5473 Hoc
3423 5417 3518 5488 igi-

1942 5522 2026 5567 tur
2066 5520 2539 5583 tcmperamentum
2590 5509 3037 5578 moderamenque
3081 5508 3309 5581 Spiritus
3347 5510 3519 5564 sancti

1941 5620 2036 5675 per
2064 5602 2347 5673 Apostolos
2383 5600 2653 5670 cperantis
2676 5614 2795 5654 cum
2822 5598 3181 5669 displicuisset
3202 5599 3517 5671 quihusdam

1939 5713 2005 5754 ex
2030 5695 2432 5752 circumcisione
2458 5691 2816 5757 credentibus,
2846 5692 2937 5763 qui
2980 5693 3094 5749 haec
3122 5706 3230 5750 non
3259 5692 3518 5762 intelliges

2005 5815 2025 5846 ⁵
2058 5819 2129 5862 Er.
2151 5806 2297 5871 Lugd.
2324 5812 2376 5857 et
2400 5813 2537 5867 ven.,
2570 5802 2788 5856 concilio.
2853 5809 2907 5853 It.
