4028 6436
532 375 636 432 559

529 488 678 551 bant,
707 485 757 538 in
784 499 844 539 ea
883 473 1232 553 perversitate
1279 485 1604 535 manserunt.
1635 483 1692 528 ut
1721 480 1774 528 et
1798 470 1996 526 Gentes
2022 482 2112 520 co-

527 589 714 652 gerent
739 578 1024 647 judaizare.
1052 575 1088 629 Ii
1137 582 1260 627 sunt
1301 587 1434 642 quos
1483 570 1705 624 Faustus
1747 561 2112 636 Symmachia-

534 669 856 725 nerum’vel
920 668 1289 720 Nazararorum
1355 662 1569 715 nomine
1628 653 2113 717 commemoravit,

530 765 619 834 qui
648 777 814 831 usque
857 761 921 814 ad
971 769 1150 812 nostra
1202 765 1440 834 tempora
1477 753 1587 824 jam
1632 748 1948 830 quidem'in'
1992 745 2113 830 exi-

529 827 652 924 gua,
683 827 775 908 sed
801 851 975 906 adhuc
1017 836 1193 903 tamen
1221 831 1324 901 vel.
1350 846 1402 899 in
1451 845 1561 914 ipsa
1611 827 1870 913 paucitate
1910 827 2113 909 perdu-

530 955 670 1000 rant.

553 1049 560 1058 '
601 1032 825 1091 CAPLTI‘
851 1032 1035 1088 XVIII.
1064 1062 1135 1072 -—
1155 1029 1289 1098 Quid
1319 1027 1662 1095 habentergo
1684 1024 1790 1088 isti,
1819 1019 1962 1075 unde
1986 1018 2112 1088 Legi

530 1139 584 1184 et
615 1127 888 1196 Prophetis
908 1124 1316 1183 calumnientur,
1349 1119 1615 1186 quod-eos
1640 1116 1883 1169 Christus
1909 1112 2114 1166 solvere

533 1222 736 1276 venerit
763 1209 956 1289 potius
995 1215 1149 1286 quam
1179 1197 1491 1281 adimplere,
1536 1209 1654 1279 quia
1682 1204 1966 1262 Christiani
2009 1217 2114 1254 non

532 1313 816 1366 observant
841 1325 956 1378 quze
987 1308 1056 1361 ibi
1086 1314 1346 1374 praecepta
1390 1307 1553 1364 sunt;
1601 1313 1722 1352 cum
1765 1310 1827 1351 ea
1871 1294 1982 1349 sola
2009 1308 2114 1346 non

531 1403 814 1457 observent
856 1416 950 1470 per
978 1415 1093 1467 qu:e
1134 1395 1381 1450 Christus
1412 1390 1849 1462 promittebatur;
1905 1394 1959 1441 et
1998 1385 2116 1438 ideo

532 1509 638 1547 non
669 1495 953 1546 observent
981 1489 1168 1558 magis,
1201 1489 1322 1554 quia
1349 1483 1533 1538 eadem
1563 1481 1820 1550 promissa
1835 1479 1942 1548 jam
1967 1477 2116 1530 Chri-

533 1593 645 1638 stus
673 1569 925 1652 impluvit,
966 1595 1065 1634 nec
1087 1577 1282 1632 adhuc
1325 1575 1704 1645 promittuntur
1739 1585 1856 1639 qua:
1881 1569 1990 1638 jam
2021 1567 2118 1620 im-

535 1677 674 1746 pleta
703 1683 861 1737 sunt;
895 1685 1186 1740 eorumque
1216 1666 1532 1738 promissiva
1574 1653 1719 1733 signa
1747 1664 1797 1716 in
1823 1662 1901 1716 eis
1933 1659 2118 1713 termi-

534 1769 649 1821 nari
680 1766 998 1827 debuerunt,
1047 1777 1177 1831 quos
1218 1759 1347 1812 ﬁdes
1376 1756 1574 1812 Christi
1624 1757 1738 1808 haec
1781 1750 2124 1818 adiuiple‘ntis-

531 1858 638 1927 jam
672 1857 860 1910 talibus
908 1855 1136 1908 imlmtos
1176 1848 1490 1905 invenerat?
1525 1845 1786 1915 Numquid
1828 1844 1967 1898 enim
2012 1857 2116 1895 non

535 1951 821 2003 observant
847 1945 1131 2001 Christiani
1159 1942 1297 2012 quod
1327 1941 1378 1994 in
1406 1939 1493 1993 illa
1521 1938 1792 2007 Scriptura
1819 1942 1920 1998 est,
1953 1932 2115 1996 Audi,

535 2039 732 2102 Israel;
763 2037 1008 2090 Dominus
1039 2034 1171 2087 Deus
1201 2043 1334 2095 tuus,
1383 2029 1519 2084 Deus
1556 2025 1686 2082 unus
1711 2035 1781 2081 est
1811 2025 1830 2096 (
1855 2023 2006 2078 Deut.
2040 2038 2115 2088 v1,

535 2131 590 2199 4)
625 2148 638 2182 :
687 2127 807 2181 Non
861 2127 1014 2196 [acies
1060 2124 1146 2176 tibi
1173 2122 1399 2184 idolum;
1451 2128 1504 2172 et
1545 2125 1736 2172 caetera
1780 2111 2118 2194 hujuSmodi?

535 2191 798 2288 Numquid
829 2191 931 2270 non
976 2215 1258 2270 observant
1303 2209 1589 2264 Christiani
1633 2205 1771 2276 quod
1805 2205 1872 2258 ibi
1904 2191 2116 2263 dicitur,

538 2310 659 2365 Non
680 2309 892 2379 accipies
911 2322 1090 2360 nomen
1111 2303 1317 2356 Domini
1342 2301 1432 2353 Dei
1456 2300 1529 2352 tui
1549 2299 1599 2350 in
1620 2294 1837 2350 mnium?
1858 2292 2118 2363 Numquid

535 2403 708 2472 ipsum
739 2399 1036 2462 sabbatum,
1070 2393 1211 2464 quod
1244 2391 1326 2446 .ad
1375 2389 1770 2458 intelligendam
1824 2400 2003 2468 veram
2035 2399 2120 2437 re-

535 2464 712 2564 quiem
745 2490 992 2561 pertinet,
1026 2502 1132 2541 non
1177 2484 1464 2564 observant
1491 2477 1814 2535 Christiani?
1857 2464 2119 2545 Numquid

536 2587 792 2641 honorem
821 2581 1127 2652 parentibus
1147 2576 1430 2632 Christiani
1461 2590 1567 2628 non
1595 2572 1861 2635 deferunt,
1885 2567 2027 2639 quod
2050 2567 2118 2621 ibi

539 2681 862 2745 praeceptum
891 2671 1008 2725 est?
1045 2667 1304 2737 Numquid
1343 2683 1370 2719 a
1415 2662 1869 2724 lornirationibus,
1905 2669 1993 2712 aut
2020 2657 2118 2711 ho-

538 2762 786 2828 micidiis,
815 2770 904 2814 aut
930 2751 1104 2824 furtis,
1136 2765 1226 2810 aut
1267 2755 1410 2808 falsis
1442 2751 1780 2814 testimoniis,
1811 2756 1904 2803 aut
1930 2763 1960 2801 a
1988 2762 2119 2801 con-

536 2853 854 2924 cupiscenda
884 2865 1056 2905 uxore
1097 2846 1342 2918 proximi,
1382 2854 1473 2898 aut
1519 2835 1570 2895 a'
1595 2832 2016 2909 concupiscenda
2061 2852 2120 2892 re

538 2945 761 3015 proximi
793 2956 896 2996 non
939 2957 998 2997 se
1027 2947 1326 3008 temperant
1353 2935 1672 2998 Christiani;
1701 2948 1818 3003 quze
1861 2920 2037 2986 omnia
2068 2932 2127 2985 in;

537 3035 622 3089 illa
649 3023 790 3102 Lege
815 3031 1114 3098 conscripta
1136 3036 1260 3082 sunt
1291 3021 1482 3098 (Exod.
1511 3040 1602 3090 xx,
1621 3022 1819 3093 4-17)?
1845 3021 1968 3076 Haec
1993 3037 2122 3090 pra!-

537 3135 690 3196 ccpta
734 3131 856 3178 sunt
902 3119 1146 3182 morum,
1181 3119 1266 3196 illa
1307 3121 1634 3171 sacramenta
1676 3123 1798 3168 sunt
1828 3112 2118 3182 promisso-

538 3193 655 3273 rum
692 3235 702 3268 :
738 3215 852 3268 hrec
898 3214 1186 3282 implentur
1236 3193 1330 3279 per
1375 3200 1709 3276 adjuva‘utem
1735 3205 2001 3274 gratiam,
2034 3203 2118 3256 illa

540 3321 634 3378 per
663 3299 922 3360 redditam
939 3295 1238 3356 veritatem
1263 3318 1276 3355 :
1310 3309 1528 3368 utraque
1557 3313 1648 3367 per
1673 3287 1941 3351 Christum
1973 3303 2024 3349 et
2056 3294 2118 3346 il-

538 3400 641 3455 Iam
671 3411 882 3465 semper
906 3393 1127 3465 gratiam
1172 3392 1474 3454 donantem,
1511 3404 1650 3443 nunc
1689 3388 1846 3442 etiam
1885 3389 2124 3441 revelant:

539 3500 678 3552 tem;
711 3496 765 3542 et
793 3488 928 3539 hanc
955 3485 1230 3538 veritatem
1268 3487 1393 3534 tunc
1424 3479 1837 3549 promittentem,
1864 3492 2002 3530 nunc
2031 3491 2123 3529 ex—

540 3580 806 3634 hibentem
833 3595 846 3629 :
871 3576 990 3646 quia
1025 3574 1130 3628 Leo:
1150 3591 1238 3644 per
1259 3572 1467 3643 Moysen
1494 3572 1615 3624 data
1641 3579 1744 3635 est;
1767 3571 1931 3640 gratia
1956 3579 2120 3620 autem

539 3679 582 3724 et
621 3669 806 3722 veritas
835 3683 924 3738 per
953 3664 1132 3719 Iesum
1158 3663 1414 3718 Christum
1444 3666 1581 3733 facta
1616 3669 1688 3714 est
1715 3659 1889 3730 (Joon.
1922 3660 1973 3722 I,
2005 3659 2117 3726 I7).

540 3756 920 3829 Denique'ista,
952 3772 1071 3826 qua)
1115 3755 1164 3808 in
1189 3761 1340 3809 recte
1378 3753 1590 3812 vivente
1631 3751 2119 3806 conscii-ntia'con-

540 3859 834 3913 servantur,
869 3845 970 3901 fide
1012 3861 1105 3914 per
1133 3843 1470 3900 dilectionem
1494 3850 1763 3912 ioper-ante
1791 3839 2122 3910 complentur

542 3938 739 4010 (Galat.
770 3953 822 4001 v,
847 3936 904 4006 6)
935 3954 948 3989 :
983 3936 1068 3989 illa
1100 3950 1226 3990 vero
1252 3949 1370 4004 qua:
1401 3934 1453 3987 in
1482 3933 1828 4001 promittente
1859 3929 2123 4000 significa-

543 4031 686 4085 tione
715 4036 933 4092 ;versata
959 4035 1099 4091 sunt,
1145 4027 1303 4080 rebus
1339 4025 1561 4080 redditis
1602 4024 1944 4080 transierunt.
1973 4023 2046 4077 Ita
2071 4023 2124 4077 et

442 4131 448 4143 ‘
543 4123 655 4191 ipsa
685 4135 790 4174 non
821 4118 1023 4182 soluta,‘
1043 4116 1452 4186 sed'adimpleta
1481 4123 1636 4181 sunt;
1667 4117 1788 4185 quia
1817 4128 1876 4169 ea
1905 4129 2010 4169 non
2054 4115 2123 4168 ir-'

542 4213 663 4278 rita,
693 4225 793 4265 nec
821 4209 1024 4263 fallacia
1049 4207 1293 4270 Christus
1319 4206 1574 4274 Ostendit,
1604 4222 1722 4262 cum
1761 4205 1819 4260 id
1860 4205 2000 4276 quod
2025 4214 2123 4261 eo-'

542 4318 659 4357 rum
692 4299 1073 4371 significatione
1103 4297 1509 4368 promittebatur
1537 4297 1794 4352 exhibuit.
1948 4333 1956 4339 -

559 4412 564 4420 ·
611 4386 838 4453 ΟΛΡοἸῖ
873 4388 1017 4444 XIX.
1043 4419 1114 4428 ——
1139 4388 1255 4442 Non
1301 4389 1498 4458 itaque,
1523 4388 1661 4443 sicut
1683 4386 1910 4442 Faustus
1937 4387 2124 4458 opina-

542 4493 648 4548 tur,
678 4480 919 4553 quzedam
963 4481 1218 4535 Dominus
1245 4479 1402 4535 Iesus
1428 4479 1759 4549 adimplevit,
1790 4495 1908 4550 qua:
1928 4480 1996 4535 ab
2023 4496 2120 4534 an-

542 4575 701 4646 tiquis
724 4574 882 4644 justis
906 4574 1023 4643 jam
1043 4573 1180 4637 dicta
1203 4574 1355 4626 erant
1380 4581 1502 4626 ante
1526 4572 1720 4642 Legem
1737 4573 2120 4644 Moyseos,sic-

541 4670 615 4724 uti
669 4677 771 4730 est,
803 4665 924 4720 Non
951 4665 1179 4730 occides;
1219 4663 1361 4734 quod
1393 4681 1496 4718 non
1535 4666 1804 4720 contrario
1833 4666 2128 4737 redarguit,’

538 4759 829 4828 setlt'tnagis
858 4758 1105 4818 Iirmavit,
1137 4755 1340 4810 cuin'et
1365 4757 1431 4811 ab
1461 4757 1535 4810 ira
1563 4765 1617 4810 et
1645 4771 1674 4810 a
1703 4757 1945 4811 convicio
1969 4773 2126 4812 revo-'

537 4848 674 4903 cavit
698 4847 890 4919 (Exod.
924 4863 1014 4911 xx,
1045 4849 1132 4910 15,
1177 4857 1223 4900 et
1266 4847 1454 4900 Matth.
1498 4862 1551 4910 v,
1595 4846 1684 4910 2|,
1719 4845 1810 4916 9.2)
1839 4847 2120 4914 :'qu:edam

537 4942 678 4996 vero-
699 4927 878 5005 solvit,
920 4955 1039 5009 qua:
1079 4939 1291 5007 propria
1335 4936 1650 4992 videbantur
1694 4934 1835 5006 legis
1868 4935 2122 4991 Hebrum;

539 5051 679 5100 rum,
709 5033 862 5089 sicuti
903 5041 1006 5095 est,
1041 5031 1257 5084 Oculum
1287 5046 1377 5100 pro
1407 5027 1574 5093 oculo,
1601 5028 1798 5082 dentem
1829 5028 2121 5098 prodente;

537 5123 678 5192 quod
731 5123 940 5176 videtur
994 5121 1170 5190 potius
1217 5119 1500 5173 abstulisse
1551 5134 1708 5190 quam
1753 5115 2118 5182 confirmasse,

538 5227 660 5266 sum
686 5213 780 5276 ait,
807 5211 918 5282 Ego
945 5219 1113 5264 autem
1143 5209 1255 5276 dico
1281 5208 1437 5274 vobis,
1468 5225 1570 5262 non
1607 5210 1835 5264 resistere
1859 5209 2014 5277 malo,
2037 5209 2123 5263 sed

537 5313 584 5357 ct
612 5304 657 5356 si
702 5303 830 5372 quis
859 5313 904 5356 te
946 5299 1334 5378 percusserit-ﬁn
1361 5299 1624 5353 maxillam
1663 5303 1800 5354 tuam
1843 5300 2128 5365 dexteram;

539 5394 703 5464 prebo
729 5393 806 5446 illi
835 5394 1123 5447 etalteram
1145 5389 1339 5462 (Exod.
1379 5407 1490 5458 nt,
1519 5390 1610 5456 2i,
1643 5401 1688 5444 et
1721 5390 1906 5444 Matth.
1941 5405 1996 5455 v,
2031 5390 2123 5453 58,

537 5485 654 5552 '59),
683 5493 735 5538 et
759 5493 970 5539 caetera.
1001 5483 1110 5538 Nos
1134 5483 1277 5537 enim
1303 5482 1528 5538 dieimus
1553 5483 1712 5536 etiam
1733 5483 1864 5545 hare,
1891 5497 2008 5551 qua:
2036 5483 2122 5536 isti

539 5584 724 5644 putant
751 5574 1294 5640 solvisseChristum,
1335 5574 1480 5628 velut
1523 5575 1790 5628 contraria
1818 5573 2120 5640 referendo,

537 5677 591 5721 et
622 5674 749 5737 tunc
784 5681 880 5736 pro
910 5677 1149 5737 tempore
1177 5667 1311 5722 bene
1349 5663 1512 5720 fuisse
1558 5665 1816 5733 instituta,
1846 5675 1896 5720 et
1925 5681 2064 5721 nunc
2091 5681 2121 5721 a

536 5757 748 5813 Christo
774 5775 873 5814 non
901 5759 1090 5823 soluta,
1123 5757 1218 5814 sed
1243 5745 1546 5828 adimpleta.

1341 367 1611 424 cos'rns
1655 357 1977 418 rausruu
2019 335 2468 418 usususus,
2513 354 2568 409 s.
2598 337 2972 410 ‘Aucusvtxt

3697 341 3808 403 56-9

2234 481 2244 485 ·
2288 464 2512 520 CAPUT
2545 465 2737 519 XX.——
2751 461 2978 517 Proinde
2993 461 3217 530 primum
3231 457 3397 513 abhis
3413 453 3810 529 qumro,titriini

2221 556 2294 610 illi
2315 556 2513 625 antiqui
2539 555 2689 625 justi,
2722 549 2903 608 Enoch
2929 562 2984 606 et
3010 550 3139 607 Seth
3165 550 3287 621 (hos
3303 550 3445 605 enim
3468 550 3811 619 potissimum

2221 645 2446 700 Faustus
2481 640 2993 713 commemorat),’et
3017 644 3060 695 si
3088 643 3177 712 qui
3206 642 3313 706 alii,
3345 657 3450 696 non
3482 641 3653 695 solum
3682 651 3815 694 ante

2221 737 2436 808 Moysen
2469 779 2484 802 ,
2516 737 2610 792 sed
2640 746 2693 791 et
2739 737 2781 789 si
2808 735 2897 804 qui
2923 743 3046 788 ante
3090 732 3358 788 Abraham
3403 731 3633 795 fuerunt,
3688 730 3815 783 irati

2221 830 2329 883 sint
2360 830 2505 883 fratri
2557 829 2674 883 sine
2717 824 2896 892 causa,
2926 839 3013 881 aut
3058 825 3289 880 dixerint
3338 823 3509 889 fratri,
3536 821 3722 876 Fatue.
3755 822 3816 876 Si

2223 921 2364 976 enim
2389 936 2493 975 non
2525 920 2799 987 dixerunt,
2825 934 2920 973 cur
2941 931 3045 972 non
3076 925 3130 972 et
3155 916 3277 970 talia
3291 913 3816 982 docuerunt?de

2219 1011 2265 1066 si
2295 1019 2350 1066 et
2369 1012 2489 1066 talia
2511 1011 2827 1076 docuerunt,
2850 1023 3032 1079 quaero
3051 1005 3493 1078 quemadmodum
3517 1006 3600 1060 vel
3622 999 3815 1059 eurum

2216 1101 2478 1170 justitiam
2532 1101 2937 1170 doctrinamque
2980 1094 3226 1153 Christus
3271 1097 3660 1167 adimpleverit;
3719 1095 3819 1148 ad-

2221 1191 2414 1256 dendo,
2448 1191 2558 1262 Ego
2597 1202 2766 1246 autem
2801 1192 2915 1244 dico
2945 1190 3103 1256 vobis,
3132 1189 3177 1243 si
3220 1190 3332 1257 quis
3379 1188 3616 1241 irascitur
3661 1185 3820 1254 fratri

2221 1300 2312 1337 suo
2330 1299 2349 1348 ;
2369 1281 2462 1336 aut
2483 1283 2524 1336 si
2549 1284 2659 1351 quis
2677 1283 2816 1349 dicit,
2847 1281 3024 1334 Racha
3050 1297 3069 1343 ;
3106 1289 3190 1333 aut
3221 1281 3264 1333 si
3279 1277 3391 1348 quis
3408 1278 3554 1342 dicit,
3605 1275 3820 1340 Fatue;

2221 1390 2335 1427 reus
2354 1375 2445 1426 erit
2462 1373 2754 1443 vcljudicii,
2770 1373 2848 1426 vel
2863 1370 3084 1437 consilii,
3100 1371 3176 1424 uel
3189 1371 3428 1441 gehennae
3440 1369 3570 1440 ignis
3591 1367 3816 1438 (Matth.

2226 1479 2279 1529 v,
2309 1463 2403 1535 22)
2431 1469 2446 1516 ':
2480 1463 2907 1534 quandor'juidem
2942 1471 2996 1517 et
3022 1463 3096 1516 illi
3127 1461 3315 1516 eodem
3348 1460 3507 1514 modo
3535 1459 3815 1523 vivebant,

2223 1557 2409 1611 eodem
2434 1556 2593 1611 modo
2619 1555 2903 1611 vivendum
2935 1554 3259 1608 nronehant?
3285 1555 3366 1606 An
3395 1551 3818 1621 ignorabant'illi

2221 1646 2350 1716 justi
2379 1646 2690 1701 frenandam
2716 1659 2836 1699 esse
2859 1643 3207 1705 iracundiam,
3231 1657 3330 1696 nec
3360 1642 3615 1711 petulanti
3637 1641 3822 1694 convi-

2222 1737 2306 1792 cio
2337 1735 2552 1789 fratrem
2581 1735 2985 1799 lacessendum;
3017 1742 3108 1788 aut
3150 1741 3406 1786 noverant
3438 1731 3673 1800 quidem,
3719 1729 3820 1783 δοιά

2223 1827 2413 1882 abhis
2443 1843 2504 1882 se
2569 1827 2834 1888 abstinere
2879 1842 2982 1880 non
3022 1824 3304 1894 poterant?
3344 1824 3484 1893 Ergo
3538 1823 3614 1876 rei
3658 1829 3823 1877 erant

2222 1917 2815 1988 gel1cnna::quomodo
2847 1915 3204 1987 igiturjjusti?
3251 1912 3498 1969 Profecto
3546 1912 3688 1967 enim
3714 1927 3822 1967 nec

2225 2013 2524 2082 imperitam
2549 2026 2729 2065 rerum
2755 2009 2820 2063 ad
2848 2025 3003 2066 suum
3032 2007 3263 2071 officium
3290 1999 3692 2077 pertinentihm,
3714 2019 3823 2058 nec

2224 2103 2668 2173 intemperantem
2712 2102 2875 2157 audes
2904 2102 3082 2156 dicere
3125 2116 3308 2154 eorum
3341 2099 3502 2154 fuisse
3529 2098 3817 2168 justitiam,

2225 2195 2278 2249 in
2311 2193 2514 2248 tantum
2553 2202 2610 2248 ut
2647 2207 2741 2263 eos
2791 2192 2990 2246 faceret
3033 2205 3156 2246 reos
3197 2191 3474 2260 gehennae.
3525 2189 3634 2245 Cur
3680 2202 3823 2258 ergo

2225 2286 2368 2340 illam
2393 2287 2582 2355 legem,
2607 2283 2901 2338 secundum
2932 2281 3090 2352 quam
3120 2281 3369 2336 vivebant
3413 2278 3614 2349 antiqui
3655 2278 3820 2348 justi,

2226 2373 2342 2428 hinc
2368 2373 2616 2428 addendo
2645 2373 2892 2427 Christus
2919 2371 3185 2440 impleret,
3218 2385 3339 2424 cum
3381 2384 3567 2425 eorum
3598 2381 3825 2437 quoque

2219 2465 2422 2536 justitia
2451 2465 2567 2519 sine
2606 2465 2722 2519 istis
2767 2478 2887 2518 esse
2929 2478 3036 2516 non
3084 2461 3308 2531 posset?
3355 2464 3433 2515 An
3487 2460 3727 2513 dicturus
3753 2472 3823 2512 es

2225 2556 2366 2625 quod
2406 2570 2642 2625 praeceps
2667 2555 2959 2620 iracundia,
3008 2562 3064 2609 et
3093 2553 3263 2623 lingua
3291 2552 3551 2623 improba,
3599 2567 3665 2604 ex
3707 2564 3825 2619 quo

2228 2648 2376 2703 venit
2401 2647 2664 2712 Christus,
2699 2646 2865 2716 cmpit
2905 2646 2968 2700 ad
3004 2645 3333 2714 iniquitatem
3365 2643 3672 2714 pertinere;
3712 2657 3823 2694 au-

2228 2750 2313 2794 tea
2339 2755 2466 2794 vero
2499 2754 2604 2794 non
2651 2747 2768 2792 erat
2808 2738 3046 2807 iniquum
3101 2733 3387 2790 vellcorde
3439 2734 3517 2787 vel
3567 2747 3660 2787 ore
3714 2732 3825 2787 ista

2225 2829 2758 2885 eommittere?Sicut
2783 2828 2835 2882 in
2866 2825 3183 2897 quibusdam
3211 2826 3370 2881 rebus
3396 2831 3826 2894 pro'temporum

2226 2919 2640 2992 pr0prietatibus
2664 2918 2942 2982 institutis,
2966 2917 3262 2972 invenimus
3300 2916 3452 2970 'nunc
3483 2913 3679 2984 aliquid
3709 2929 3828 2992 non

2226 3015 2405 3077 licere,
2429 3011 2571 3081 quod
2599 3021 2721 3065 ante
2749 3011 2989 3074 licuerit;
3013 3009 3097 3063 vel
3126 3008 3267 3078 quod
3299 3016 3422 3061 ante
3451 3006 3552 3060 non
3573 2988 3782 3059 licuerit
3803 3046 3824 3070 ,

2229 3118 2370 3157 nunc
2418 3104 2600 3172 licere.
2643 3100 2757 3154 Non
2807 3115 2974 3169 usque
3003 3099 3136 3154 adeo
3161 3097 3378 3167 desipis,
3409 3106 3464 3150 ut
3493 3096 3592 3150 hoc
3623 3096 3780 3150 dicas
3808 3111 3824 3148 :

2224 3197 2317 3250 s'ul
2340 3195 2495 3248 etiam
2518 3194 2562 3248 si
2583 3192 2747 3256 dicas,
2770 3190 3176 3261 respondebitur
3197 3189 3308 3253 tibi,
3338 3186 3478 3257 quod
3521 3186 3828 3242 secundum

2228 3287 2382 3343 istum
2403 3283 3097 3340 intellectamChristusnon
3126 3282 3416 3349 adimplere
3440 3279 3646 3334 venerit
3669 3279 3830 3348 quod

2227 3378 2324 3446 legi
2351 3379 2577 3445 antiqua:
2593 3375 2776 3439 defuit,
2806 3374 2898 3428 sed
2922 3374 3092 3444 legem
3127 3374 3404 3426 instituere
3421 3385 3658 3440 quatuor:
3683 3368 3825 3434 fuit;

2227 3471 2267 3522 si
2287 3469 2473 3523 dicere
2499 3468 2668 3532 fratri,
2697 3465 2881 3531 Fatue,
2912 3481 3032 3520 cum
3060 3465 3198 3535 apud
3229 3466 3471 3535 antiquos
3493 3463 3664 3532 justos
3709 3480 3829 3517 non

2227 3562 2414 3616 fuisset
2465 3561 2743 3630 injustum,
2800 3575 2941 3614 nunc
2992 3559 3060 3613 ita
3108 3558 3360 3627 injustam
3400 3571 3520 3611 esse
3570 3555 3829 3609 Christus

2226 3654 2411 3716 Voluit,
2454 3663 2509 3706 ut
2538 3652 2777 3723 quisquis
2826 3651 2926 3705 hoc
2975 3651 3187 3714 dixerit,
3247 3663 3370 3703 reus
3422 3649 3490 3701 sit
3525 3646 3826 3717 gehenuaa.

2229 3745 2711 3801 Proindenondum
2742 3743 2988 3798 invenisti
3019 3743 3228 3797 cuinam
3261 3741 3362 3811 legi
3392 3739 3505 3794 lucc
3526 3739 3832 3808 aliquando

2228 3837 2508 3892 defuerunt
2533 3835 2726 3906 quibus
2756 3849 2897 3889 nunc
2935 3832 3149 3900 additis,
3193 3847 3312 3886 eam
3355 3830 3596 3884 Christus
3623 3829 3834 3899 imple-

2229 3938 2328 3984 ΙὋῐ.
2403 3938 2408 3946 ’

2299 4018 2521 4074 CAPUT
2550 4017 2769 4072 XXI.-—
2805 4018 2885 4070 An
2944 4015 3078 4070 forte
3109 4017 3188 4071 lex
3215 4029 3319 4068 non
3341 4011 3639 4069 tumeliaudi
3673 4014 3833 4083 apud

2229 4112 2347 4166 illos
2372 4111 2543 4179 justos
2567 4109 2811 4178 antiquos
2835 4107 3126 4176 semiplena
3148 4117 3286 4170 erat,
3327 4105 3497 4159 donec
3533 4121 3562 4158 a
3590 4105 3834 4158 Domino

2229 4202 2626 4269 ailiinpleretur,
2683 4199 2931 4264 addente,
2984 4214 3050 4252 ne
3077 4197 3194 4267 quis
3240 4198 3303 4250 ad
3332 4195 3832 4266 concupiscendum

2230 4293 2422 4351 videat.
2456 4290 2777 4349 mulierem?
2830 4289 2917 4344 Sic
2960 4289 3100 4344 enim
3163 4287 3834 4357 cotnmemorastiripsam

2229 4385 2544 4441 sententiam
2576 4399 2588 4435 :
2627 4401 2646 4434 ι
2677 4381 2905 4436 Audistis
2954 4382 3145 4435 dictum
3173 4397 3298 4445 esse,
3320 4378 3786 4433 Nonmwchaberis
3812 4398 3838 4444 ;

2229 4462 2319 4547 εῇο
2341 4485 2504 4530 autem
2527 4474 2640 4529 dico
2655 4473 2812 4539 vobis,
2839 4490 2901 4528 ne
2928 4474 3300 4543 concupiscatis
3323 4472 3542 4544 quidem.
3577 4491 3596 4525 ι
3632 4472 3839 4527 Adim-

2230 4570 2381 4639 pletio
2427 4577 2521 4634 est,
2573 4565 2766 4638 inquis.
2800 4565 3018 4635 Explica
3045 4565 3199 4635 plane
3235 4566 3347 4635 ipsa
3389 4565 3546 4620 verba
3583 4579 3842 4634 evange-

2229 4660 2349 4724 lica,
2380 4659 2487 4714 noli
2515 4657 2618 4712 tuis
2645 4665 2932 4712 extenuare
2955 4655 3096 4727 quod
3118 4656 3316 4710 dictum
3337 4665 3438 4724 est,
3461 4665 3515 4710 et
3533 4655 3659 4710 .vide
3677 4657 3839 4726 .quid

2227 4754 2295 4812 de
2325 4755 2427 4808 illis
2447 4751 2838 4823 antiquissimis
2878 4751 3036 4820 justis
3068 4749 3594 4814 senseris.‘Audistis,
3622 4749 3837 4818 inquit,

2227 4846 2347 4914 quia
2375 4845 2563 4897 dictum
2592 4853 2681 4909 est,
2720 4842 2841 4896 Non
2866 4843 3188 4897 mmchaberis
3219 4859 3239 4896 :
3263 4859 3354 4914 ego
3383 4851 3550 4895 autent
3575 4841 3690 4894 dico
3729 4859 3842 4894 vo-

2227 4937 2321 5001 bis,
2353 4937 2397 4991 si
2424 4937 2535 5006 quis
2577 4935 2754 4990 viderit
2784 4936 3042 4989 mulierem
3081 4935 3150 4987 ad
3175 4933 3630 5005 concupiscendum
3682 4949 3840 4998 eain,

2217 5029 2333 5099 jam
2361 5027 2637 5082 moechatus
2663 5034 2736 5081 est
2759 5043 2870 5081 eam
2899 5027 2954 5079 in
2998 5025 3470 5094 cordesuowxod.
3523 5041 3615 5090 xx,
3655 5024 3727 5078 Η
3781 5037 3846 5079 et

2231 5119 2419 5174 Matth;
2435 5135 2491 5186 v,
2519 5119 2610 5184 27,
2633 5117 2747 5189 28).
2767 5117 2914 5172 Itane
2935 5132 3063 5172 vero
3089 5117 3161 5171 illi
3182 5117 3329 5187 justi,
3349 5115 3480 5171 Seth
3500 5116 3581 5171 vel
3605 5114 3840 5178 Euoch.

2229 5214 2312 5268 vel
2338 5213 2381 5267 si
2405 5212 2606 5282 'q'uircis
2641 5210 2842 5265 similes
2869 5209 3103 5275 fuerunt,
3137 5207 3540 5263 mmchabantur
3563 5205 3615 5261 in
3633 5207 3848 5262 cordi-

2229 5304 2327 5360 bus
2352 5305 2494 5368 suis;
2540 5312 2613 5368 et,
2644 5310 2736 5356 aut
2779 5317 2883 5356 non
2913 5307 3027 5356 erat
3051 5315 3144 5355 cor
3171 5315 3353 5354 eorum
3385 5299 3647 5368 templum
3700 5299 3842 5367 Dei,

2231 5402 2320 5450 aut
2349 5393 2748 5448 mmchabantur
2775 5392 2828 5446 in
2859 5391 3053 5460 templo
3083 5391 3217 5445 Dei?
3248 5390 3397 5458 Quod
3440 5391 3482 5444 si
3506 5406 3612 5444 non
3651 5391 3848 5448 audes

2231 5483 2428 5550 dicere,
2457 5481 2725 5552 quomodo
2752 5483 2912 5536 etiam
2939 5481 3007 5537 de
3032 5481 3130 5535 hac
3151 5495 3210 5536 re
3240 5481 3409 5551 legem
3438 5481 3672 5546 illorum,
3700 5499 3847 5552 qua:

2231 5576 2367 5646 apud
2400 5576 2519 5630 illos
2534 5575 2644 5646 jam
2672 5576 2972 5645 tunc-plena
2991 5584 3124 5643 erat,
3157 5573 3316 5629 modo
3335 5575 3553 5629 veniens
3573 5574 3846 5633 Christus

2235 5667 2547 5736 implevit?
2646 5691 2650 5696 -
2735 5695 2738 5698 -
2934 5689 2956 5696 --
3225 5687 3230 5696 -
3496 5668 3503 5674 '
3603 5671 3610 5682 ‘

2284 5757 2841 5815 C:\PUT.XXll.——De
2864 5773 2966 5814 non
2981 5755 3207 5827 jurando
3223 5763 3398 5814 autem
3418 5755 3610 5826 (Exod.
3630 5771 3732 5826 xx,
3757 5758 3794 5813 7
