4052 6462
532 593 897 669 prticipiende
919 591 1104 665 utique
1123 598 1181 647 ut
1204 588 1482 661 diligamus
1499 587 1763 651 inimicos,
1790 591 2004 655 cogeret
2020 595 2118 636 nos

536 690 836 760 intelligere
853 700 1084 759 quonam
1107 684 1265 739 modo
1292 695 1566 753 possemus
1584 694 1748 735 unum
1769 678 2122 747 eamdemque

536 784 810 840 hominem
830 792 884 838 et
910 780 1089 836 odisse
1116 785 1342 850 propter
1371 776 1603 845 culpam,
1656 782 1713 831 et
1748 772 1970 844 diligere
1995 784 2121 841 pro-

537 889 657 950 pter
676 885 939 933 naturam.
964 872 1071 930 Sed
1101 872 1203 926 hoc
1245 870 1313 926 ad
1358 882 1641 942 perversae
1692 880 1878 923 eorum
1913 871 2122 921 mentes

537 970 838 1040 intelligere
858 966 1080 1022 multum
1104 972 1207 1019 est.
1231 961 1468 1034 Urgendi
1489 970 1612 1017 sunt
1648 968 1875 1026 tantum,
1922 966 1983 1013 ut
2032 970 2119 1012 se-

535 1060 771 1119 cundum
799 1056 1077 1114 calumnia:
1099 1070 1212 1111 sua:
1232 1053 1492 1126 perditam
1518 1054 1800 1115 rationem,
1828 1052 1913 1106 vel
1944 1050 2121 1120 potius

535 1156 841 1219 amentiam,
867 1150 1157 1208 defendant
1182 1150 1341 1206 deum
1365 1163 1543 1216 suum,
1568 1162 1728 1219 quem
1750 1134 1856 1202 non
1901 1152 2127 1216 possunt

535 1249 718 1304 dicere
768 1244 1078 1300 dilectorem
1133 1242 1307 1312 gentis
1359 1240 1733 1305 tenebrarum;
1776 1237 1999 1308 ideoque
2061 1235 2128 1290 ad

534 1339 653 1411 ejus
680 1337 982 1409 exemplum
1008 1350 1114 1391 non
1143 1334 1340 1390 habent
1364 1331 1813 1405 quemadmodum
1851 1331 2131 1385 hortentur

535 1442 776 1488 uteuum
797 1430 1022 1502 quisque
1065 1429 1248 1499 diligat
1276 1427 1566 1483 inimicum.
1592 1426 1775 1481 Potius
1801 1426 1943 1481 enim
1982 1424 2132 1495 genti

535 1526 637 1596 ipsi
686 1523 1026 1580 tenebrarum
1055 1521 1396 1577 dilectionem
1421 1519 1620 1575 inimici
1666 1519 1898 1574 tribuere
1939 1526 2129 1588 potue-

537 1628 683 1686 runt,
709 1632 867 1690 quam
893 1616 995 1672 deo
1022 1630 1141 1672 suo.
1173 1614 1264 1669 llla
1285 1614 1500 1685 quippe,
1545 1614 1680 1669 sicut
1726 1612 1971 1675 delirant,
2004 1611 2132 1665 vici-

535 1729 660 1769 nam
691 1711 791 1766 sibi
828 1712 999 1766 lucem
1037 1717 1195 1779 atque
1238 1707 1541 1777 contiguam
1591 1705 1914 1775 concupivit,
1957 1718 2131 1774 eaque

538 1807 643 1862 frui
693 1806 881 1873 voluit,
932 1814 1091 1875 atque
1145 1811 1205 1858 ut
1252 1802 1522 1857 frueretur
1559 1800 1808 1855 invadere
1858 1799 2128 1869 cogitavit.

536 1899 726 1969 Neque
743 1900 843 1953 ista
868 1898 1021 1967 culpa
1049 1904 1151 1963 est,
1174 1911 1295 1951 cum
1325 1910 1507 1950 verum
1529 1902 1584 1949 et
1609 1893 1911 1949 beatiﬁcum
1934 1892 2130 1947 bonum

542 1991 831 2064 appetitur.
862 1988 1014 2045 Unde
1042 1996 1098 2043 et
1135 1987 1393 2044 Dominus
1421 1986 1551 2041 dicit
1582 2004 1595 2039 :
1627 1984 1855 2056 Regnum
1895 1983 2133 2038 cwlorum

539 2086 641 2141 vim
663 2084 872 2155 patitur,
900 2091 944 2136 et
972 2082 1058 2153 qui
1083 2081 1181 2134 vim
1216 2081 1441 2152 fecerint,
1465 2079 1703 2149 diripieut
1726 2077 1855 2132 illud
1884 2079 1903 2148 (
1940 2076 2129 2131 Matth.

539 2195 615 2244 xl,
648 2177 713 2231 12
742 2174 783 2249 ).
812 2176 947 2230 Ecce
975 2190 1107 2244 gens
1129 2172 1469 2228 tenebrarum
1511 2170 1802 2227 secundum
1833 2185 2018 2225 eorum
2041 2184 2133 2222 va-

538 2271 783 2335 nitatem,
813 2268 919 2323 vim
956 2267 1131 2323 facere
1172 2280 1236 2321 ac
1261 2265 1492 2335 diripere
1538 2265 1703 2319 voluit
1746 2265 1945 2318 bonum
1990 2260 2134 2334 quod

539 2368 837 2426 amaverat,
902 2358 1018 2429 ejus
1073 2358 1314 2413 claritate
1351 2365 1407 2413 et
1452 2357 1633 2426 specie
1673 2356 1983 2412 delectata:
2033 2370 2134 2411 nec

540 2470 659 2511 eam
694 2452 932 2508 vicissim
960 2452 1097 2506 Deus
1114 2449 1321 2516 dilexit,
1349 2448 1443 2504 sed
1475 2449 1597 2505 odio
1636 2448 1909 2504 detestans
1946 2449 2045 2503 frui
2074 2464 2134 2504 se

542 2550 835 2610 volentem,
868 2546 1101 2601 funditus
1131 2543 1407 2599 eradicare
1420 2542 1636 2598 molitus
1653 2551 1755 2598 est.
1777 2542 1833 2598 Si
1861 2557 1989 2613 ergo
2010 2557 2129 2596 ma-

544 2641 581 2696 li
615 2647 796 2695 amant
815 2639 1013 2694 bonum
1043 2651 1149 2708 quo
1176 2635 1439 2702 fruantur,
1495 2634 1619 2691 boni
1669 2642 1849 2690 autem
1904 2633 2133 2688 oderunt

542 2734 741 2790 malum
768 2747 836 2788 ne
864 2731 1196 2803 polluantur;
1221 2728 1562 2799 respondete,
1582 2728 1882 2795 Manichaei,
1910 2728 2127 2797 quinam

542 2841 730 2882 eorum
758 2824 1014 2895 impleant
1037 2821 1180 2891 quod
1205 2821 1461 2876 Dominus
1503 2822 1598 2887 ait,
1646 2820 1856 2891 Diligite
1894 2820 2127 2873 inimicos

546 2928 756 2974 uestros.
781 2917 918 2971 Ecce
943 2916 987 2970 si
1016 2915 1112 2969 bas
1132 2914 1366 2983 singulas
1404 2920 1868 2983 repugnantesque
1915 2921 2135 2968 senten-

547 3014 651 3068 tias
671 3026 793 3067 esse
820 3010 1003 3073 vultis,
1035 3007 1167 3064 deus
1207 3015 1386 3063 vester
1410 3006 1537 3062 fecit
1559 3005 1702 3076 quod
1756 3006 2011 3077 scriptum
2055 3014 2175 3069 est.

547 3120 603 3159 in
625 3104 740 3177 lege
768 3102 955 3175 Moysi,
989 3099 1448 3157 Oderitiuimicum
1469 3106 1613 3153 tuum
1644 3111 1665 3163 ;
1714 3102 1769 3153 et
1810 3110 1942 3168 gens
1982 3104 2137 3152 tene-

548 3198 787 3265 brarum,
814 3196 955 3267 quod
977 3195 1231 3265 scriptum
1258 3203 1341 3249 est
1362 3194 1414 3248 in
1439 3190 1751 3261 Evangelio,
1800 3189 2013 3262 Diligite
2031 3191 2135 3245 ini-

550 3290 709 3344 micos
737 3298 942 3345 vestros.
971 3286 1283 3356 Quanquam
1338 3299 1437 3339 nec
1461 3282 1708 3353 ﬁngendo
1758 3281 1999 3338 invenire
2039 3296 2141 3352 po-

550 3383 750 3449 tuistis,
771 3397 880 3453 quo
896 3391 1051 3451 pacto
1074 3379 1338 3435 dirimatis
1359 3378 1714 3448 quaestionem
1758 3377 1900 3431 inter
1928 3389 2143 3431 muscas

550 3476 832 3548 lucipetas,
861 3473 1120 3529 etblattas
1141 3470 1401 3541 lucifugas
1433 3488 1446 3524 :
1479 3479 1759 3540 utramque
1778 3468 1920 3523 enim
1937 3467 2144 3539 prolem

551 3572 728 3644 gentis
752 3567 1095 3626 tenebrarum
1126 3580 1249 3621 esse
1291 3562 1632 3619 contenditis.
1687 3560 1838 3618 Unde
1886 3576 2015 3633 ergo
2041 3561 2145 3616 illm

552 3672 782 3721 amauta
819 3676 881 3717 se
927 3658 1156 3715 alienam
1198 3657 1393 3721 lucem,
1426 3656 1532 3711 illae
1580 3665 1760 3711 autem
1808 3655 1948 3710 banc
1990 3669 2145 3709 aver-

553 3757 724 3817 sando
762 3770 859 3811 sua
896 3753 1073 3824 potius
1118 3750 1325 3823 origine
1371 3750 1706 3805 delectantur
1730 3749 1856 3804 ‘lAn
1898 3748 2147 3803 mundius

554 3859 849 3910 nascuntur
874 3864 1073 3905 muscas
1116 3850 1171 3903 in
1212 3846 1389 3903 fetidis
1417 3845 1635 3914 cloacis,
1666 3859 1824 3917 quam
1868 3844 2048 3900 blatta:
2094 3843 2149 3900 in

555 3944 799 4001 obscuris
817 3942 1074 3997 cubiculis
1090 3941 1115 3993 ?

630 4031 857 4091 CAPUT
896 4031 1063 4087 XXV.
1089 4031 1291 4088 —Jam
1337 4046 1464 4087 vero
1487 4029 1617 4086 illud
1637 4029 1779 4101 quod
1811 4030 2044 4102 antiquis
2071 4030 2152 4086 di-

555 4135 703 4185 ctum
730 4134 833 4191 est,
866 4123 1084 4178 Oculum
1114 4139 1209 4195 pro
1252 4123 1420 4191 oculo,
1465 4124 1662 4177 dentem
1705 4140 1801 4195 pro
1824 4123 1991 4191 dente,
2020 4138 2153 4195 quo-

560 4222 722 4279 modo
749 4218 1075 4275 contrarium
1104 4218 1263 4273 habet
1282 4216 1422 4287 quod
1467 4216 1540 4272 ait
1562 4217 1838 4284 Dominus,
1895 4216 2008 4289 Ego
2056 4233 2151 4270 au-

560 4323 659 4371 tem
684 4313 797 4367 dico
825 4310 983 4377 vobis,
1021 4324 1123 4364 non
1140 4309 1368 4363 resistere
1383 4309 1540 4375 malo,
1567 4309 1655 4364 sed
1680 4310 1724 4363 si
1762 4309 1874 4379 quis
1894 4323 2150 4379 percusse—

560 4409 629 4462 rit
650 4415 696 4461 te
718 4407 771 4459 in
791 4404 1056 4460 maxillam
1087 4410 1224 4456 tuam
1246 4401 1496 4466 dextram,
1541 4402 1705 4471 prxbe
1746 4401 1825 4455 illi
1852 4410 1899 4454 et
1938 4400 2150 4453 alteram

566 4497 780 4573 (Exod.
804 4512 916 4559 XXI,
946 4494 1037 4559 ει,
1064 4502 1111 4549 et
1131 4493 1315 4548 Matth.
1340 4509 1390 4559 v,
1423 4493 1535 4561 '59).
1563 4500 1615 4548 et
1635 4502 1827 4547 caetera
1852 4491 1875 4545 ?
1902 4490 2155 4558 Quando-

563 4593 853 4664 quidemet
886 4586 1014 4643 illud
1053 4584 1327 4655 antiquum
1371 4584 1438 4638 ad
1485 4583 1850 4653 reprimendas
1911 4582 2153 4636 ﬂammas

563 4684 834 4749 odiorum,
862 4677 1300 4747 saevientiumque
1334 4674 1713 4730 immoderatos
1739 4672 1947 4728 animos
1972 4670 2149 4727 refre-

567 4776 796 4842 nandos,
824 4774 895 4828 ita
940 4777 1265 4842 praeceptum
1310 4777 1391 4823 est
1421 4770 1462 4820 ί.
1490 4768 1619 4836 Quis
1649 4768 1791 4822 enim
1823 4764 2154 4820 tantumdem

567 4868 724 4925 facile
786 4873 1069 4921 contentus
1106 4872 1189 4919 est
1236 4877 1496 4934 reponere
1553 4862 1799 4917 vindictae
1824 4862 1867 4929 ⁸,
1897 4868 2156 4930 quantum

570 4960 777 5030 accepit
801 4957 1009 5029 injuriae
1029 4960 1051 5012 ’ἐ
1074 4956 1260 5012 Nonne
1302 4956 1545 5011 videmus
1576 4953 1819 5009 homines
1853 4952 2043 5008 leviter
2061 4953 2155 5007 Ite.

570 5069 661 5110 sos
690 5052 867 5108 moliri
903 5052 1127 5116 easdem,
1153 5051 1301 5105 sitire
1332 5050 1667 5121 sanguinem,
1697 5049 1889 5117 vixque
1920 5048 2159 5103 invenire

570 5147 626 5201 in
642 5144 796 5199 malis
825 5142 1027 5197 inimici
1065 5142 1207 5197 unde
1245 5141 1546 5196 satientur?
1573 5140 1704 5207 Quis
1729 5154 1907 5210 pugno
1936 5153 2158 5209 percus-

571 5252 686 5303 sus,
704 5251 813 5291 non
827 5242 919 5289 aut
942 5231 1138 5303 judicia
1166 5232 1397 5286 concitat
1420 5233 1474 5283 in
1511 5230 1906 5287 damnationem
1934 5231 2051 5297 ejus
2071 5231 2161 5300 qui

573 5326 937 5401 percusserit;
969 5332 1095 5389 aut,
1150 5321 1195 5375 si
1240 5320 1354 5390 ipse
1390 5325 1735 5388 repercutere
1784 5318 1930 5385 velit,
1987 5323 2160 5371 totum

575 5423 875 5489 hominem,
901 5420 1075 5475 sinon
1115 5414 1275 5470 etiam
1307 5411 1414 5469 telo
1467 5413 1648 5483 aliquo
1690 5421 1924 5483 arrepto,
1972 5410 2163 5482 pugnis

574 5515 916 5583 calcibusque
948 5504 1268 5565 contundit?
1292 5502 1426 5562 Huic
1472 5502 1633 5576 igitur
1674 5504 2059 5568 immoderatus,
2103 5515 2166 5558 ae

574 5623 673 5679 per
697 5602 1035 5671 bocinjustaa
1078 5595 1285 5661 ultioni,
1340 5596 1425 5652 lex
1470 5595 1671 5665 justum
1723 5595 1938 5650 modum
1978 5593 2163 5663 ﬁgens,

576 5716 795 5777 prunam
821 5695 1032 5754 talionis
1057 5692 1306 5760 instituit,
1336 5691 1441 5747 boc
1467 5700 1570 5759 est,
1611 5700 1671 5746 ut
1696 5690 1908 5761 qualem
1938 5689 2166 5759 quisque

582 5794 762 5851 intulit
809 5788 1089 5860 injuriam,
1139 5785 1241 5840 tale
1286 5784 1602 5855 supplicium
1655 5781 1869 5853 pendat.
1910 5780 2163 5849 Proinde,

648 5908 667 5939 ί
701 5911 779 5953 Br.
800 5901 968 5965 Lugd,
991 5911 1023 5948 a
1045 5900 1285 5965 prwcepto
1306 5901 1393 5965 est.
1446 5903 1518 5965 Μ.

648 5969 671 5999 ’
705 5976 807 6017 am.
833 5956 895 6013 r5
929 5956 1629 6030 elusamque:an
1659 5956 2072 6025 Mauricum
2099 5960 2171 6009 est

584 6031 775 6093 manu
795 6036 1020 6088 reponere
1044 6017 1266 6073 vindicta:
1286 6017 1311 6073 7

1377 469 1651 533 CONTRA
1686 462 2006 528 FAUSTUM
2045 458 2493 540 MAMGHAEUM,
2533 469 2591 529 Β.
2633 467 2999 532 AUGUSTINI

3716 462 3831 536 est

2232 585 2450 641 Oculum
2475 602 2566 660 pro
2586 589 2752 656 oculo,
2802 590 2999 645 dentem
3047 603 3139 660 pro
3167 587 3330 656 dente,
3376 598 3482 647 non
3507 588 3701 661 fomes,
3726 593 3826 650 sed

2227 682 2381 736 limes
2403 681 2596 737 furoris
2623 691 2723 747 ρει,
2775 696 2880 737 non
2913 691 2967 737 ut
3007 681 3059 737 id
3094 682 3232 753 quod
3262 682 3493 755 sopitum
3518 692 3654 753 erat,
3698 685 3829 742 hinc

2229 774 2627 842 accenderetur,
2660 775 2753 831 sed
2784 791 2851 829 ne
2873 773 2924 830 id
2954 773 3093 847 quod
3132 773 3374 844 ardebat,
3405 776 3542 832 ultra
3564 778 3830 835 extende-

2226 876 2395 937 retur,
2438 869 2716 940 impositus
2745 871 2786 926 ⁸.
2820 869 2914 925 Εει
2939 869 3081 926 enim
3120 868 3361 941 quaedam
3395 870 3537 943 jusla
3567 872 3831 941 vindicta,

2226 964 2476 1036 justeque
2492 964 2714 1021 debetur
2733 964 2781 1019 ci
2821 964 2909 1036 qui
2945 964 3104 1020 fuerit
3132 978 3319 1036 passus
3358 964 3606 1035 injuriam
3638 984 3652 1021 :
3683 966 3835 1023 unde

2233 1058 2414 1127 utique
2441 1073 2561 1112 cum
2586 1059 2927 1129 ignoscimus,
2952 1058 3019 1114 de
3047 1058 3230 1113 uestro
3250 1058 3478 1129 quodam
3513 1059 3674 1115 modo
3706 1060 3834 1131 jure

2236 1150 2507 1219 largimur.
2534 1150 2683 1207 Unde
2711 1150 2869 1206 etiam
2922 1149 3099 1206 debita
3149 1148 3420 1219 dicuntur,
3474 1165 3593 1222 qua:
3628 1152 3679 1206 in
3701 1166 3832 1205 ora-

2235 1244 2379 1298 tione
2406 1243 2671 1299 dominica
2699 1243 3004 1299 humanitus
3030 1242 3300 1299 dimittere
3325 1258 3625 1311 monemur,
3654 1252 3714 1297 ut
3741 1258 3839 1297 no-

2237 1338 2319 1393 bis
2345 1348 2399 1393 et
2426 1348 2607 1393 nostra
2653 1337 2903 1393 divinitus
2950 1337 3289 1393 dimittantur
3317 1335 3336 1408 (
3367 1334 3553 1391 Matth.
3581 1352 3655 1403 vr,
3691 1335 3823 1408 12).

2238 1428 2389 1498 Quod
2419 1438 2592 1484 autem
2616 1428 2857 1497 debetur,
2886 1428 2986 1484 etsi
3024 1426 3251 1499 benigne
3280 1427 3581 1493 dimittitur,
3613 1443 3721 1483 non
3750 1436 3841 1483 ta-

2236 1538 2359 1577 men
2379 1522 2555 1593 inique
2581 1522 2836 1592 repetitur
2862 1539 2875 1576 :
2906 1520 2998 1576 sed
3021 1520 3159 1575 sicut
3187 1521 3241 1575 in
3267 1519 3518 1591 juraudo,
3555 1520 3715 1575 etiam
3737 1520 3835 1591 qui

2238 1633 2423 1672 verum
2475 1616 2637 1687 jurat,
2672 1616 2987 1687 propinquat
3024 1614 3275 1687 perjurio,
3308 1615 3449 1670 unde
3492 1614 3650 1685 longe
3676 1614 3839 1669 abest.

2236 1712 2325 1782 qui
2352 1711 2567 1764 omnino
2597 1724 2701 1764 non
2725 1710 2908 1777 jurat;
2940 1716 2992 1764 et
3019 1708 3261 1780 quamvis
3282 1723 3387 1763 non
3404 1716 3587 1778 peccet
3611 1708 3702 1778 qui
3732 1723 3835 1763 ve-

2236 1819 2353 1859 rum
2376 1802 2538 1874 jurat,
2569 1802 2825 1857 remotior
2855 1811 3031 1857 tamen
3062 1816 3092 1855 a
3121 1812 3339 1873 peccato
3368 1809 3449 1857 est
3484 1800 3573 1871 qui
3618 1799 3835 1871 nonju-

2236 1897 2519 1965 rat;unde
2562 1896 2852 1953 admonitio
2895 1913 3000 1952 non
3034 1895 3268 1968 jurandi,
3317 1895 3651 1953 conservatio
3690 1904 3772 1952 est
3801 1910 3837 1953 a

2236 1999 2458 2062 peccato
2483 1990 2735 2062 periurii:
2768 1989 2835 2045 ita
2863 2005 2985 2044 cum
3038 1996 3222 2060 peccet
3250 1987 3339 2059 qui
3371 2003 3465 2058 per
3506 1985 3836 2043 immodera-

2237 2086 2436 2141 tionem
2470 2085 2663 2155 injuste
2692 2083 2807 2139 vult
2851 2082 3131 2151 vindicari,
3158 2098 3265 2137 non
3309 2089 3493 2152 peccet
3529 2089 3709 2137 autem
3739 2080 3835 2153 qui

2240 2178 2456 2234 modum
2484 2176 2744 2232 adhibens
2768 2176 2909 2247 juste
2944 2175 3058 2231 vult
3108 2174 3395 2239 vindicari;
3424 2172 3679 2229 remotior
3704 2181 3835 2229 esta

2240 2279 2461 2344 peccato
2495 2268 2703 2340 injustas
2730 2268 2977 2323 vindictce
3002 2267 3091 2339 qui
3121 2282 3228 2321 non
3259 2265 3373 2321 vult
3404 2265 3624 2321 omnino
3652 2263 3833 2320 vindi-

2239 2368 2368 2423 cari.
2398 2366 2589 2421 Peccat
2607 2363 2749 2420 enim
2772 2363 2860 2435 qui
2902 2362 3063 2433 exigit
3102 2362 3238 2416 ultra
3262 2359 3531 2426 debitum;
3560 2374 3668 2414 non
3700 2373 3836 2429 pec-

2243 2469 2329 2518 cat
2356 2469 2532 2516 autem
2568 2461 2655 2530 qui
2676 2459 2839 2529 exigit
2892 2455 3165 2512 debitum:
3192 2450 3288 2511 sed
3342 2453 3503 2509 tutior
3553 2451 3713 2523 longe
3752 2458 3841 2508 est

2241 2572 2269 2609 a
2298 2563 2515 2625 peccato
2542 2551 2723 2623 injusti
2752 2548 3035 2613 exactoris,
3070 2547 3158 2618 qui
3184 2548 3401 2603 omnino
3430 2561 3536 2601 non
3558 2544 3723 2616 exigit
3742 2543 3841 2600 de-

2241 2647 2431 2715 bitum,
2462 2644 2755 2718 prcesertim
2787 2660 2855 2700 ne
2901 2649 3119 2713 cogatur
3169 2647 3224 2697 et
3268 2639 3383 2711 ipse
3412 2637 3636 2694 reddere
3679 2634 3840 2692 debi-

2243 2750 2353 2799 tum
2383 2742 2449 2797 ab
2474 2757 2542 2797 eo
2558 2740 2647 2813 qui
2670 2739 2872 2795 nullum
2899 2738 3059 2794 habet
3084 2736 3333 2792 debitum.
3372 2735 3590 2790 Possem
3622 2746 3753 2804 ergo
3783 2738 3842 2788 et

2243 2850 2343 2909 ego
2372 2837 2447 2891 sic
2470 2836 2571 2891 ista
2596 2848 2813 2905 ponere,
2849 2833 3057 2887 Dictum
3099 2838 3181 2887 est
3206 2827 3457 2900 antiquis,
3487 2826 3600 2882 Non
3633 2826 3839 2896 injuste

2243 2928 2574 2993 vindicabis;
2605 2942 2703 2997 ego
2738 2935 2915 2982 autem
2965 2923 3107 2993 dico,
3148 2936 3233 2979 ne.
3260 2920 3541 2977 vindicetis
3576 2918 3838 2991 quidem;

2243 3021 2551 3091 adimpletio
2572 3028 2653 3075 est
2680 3037 2693 3073 :
2725 3016 3191 3089 sicutdejurando
3209 3015 3435 3071 Faustus
3490 3015 3582 3079 ait,
3630 3012 3843 3067 Dictum

2244 3125 2339 3183 est,
2352 3134 2372 3169 ι
2400 3113 2519 3170 Non
2537 3113 2819 3186 peierabis;
2844 3130 2933 3185 ego
2945 3121 3111 3167 autent
3122 3111 3254 3179 dico,
3270 3111 3331 3164 ne
3343 3109 3524 3181 juretis
3543 3106 3784 3180 quidem;
3814 3124 3837 3159 ι

2245 3226 2385 3283 a’qtte
2409 3206 2701 3281 adimpletio
2731 3213 2820 3263 est.
2854 3205 3101 3263 Poteram
3147 3218 3275 3276 ergo
3300 3210 3355 3260 et
3390 3215 3490 3273 ego
3535 3200 3605 3255 ita
3632 3198 3840 3262 dicere,

2248 3304 2292 3359 si
2320 3304 2449 3359 mihi
2478 3319 2573 3375 per
2617 3303 2732 3357 haec
2768 3301 2975 3372 adjecta
3030 3299 3212 3364 verba,
3242 3295 3383 3369 quod
3412 3294 3540 3367 Legi
3588 3292 3777 3360 defuit,
3809 3304 3844 3347 a

2248 3396 2459 3453 Christo
2508 3395 2745 3451 additum
2795 3392 3103 3459 videretur;
3148 3406 3211 3446 ac
3257 3404 3363 3445 non
3413 3389 3586 3459 potius
3611 3386 3665 3442 id
3694 3384 3845 3456 quod

2248 3490 2358 3547 Lex
2386 3489 2599 3545 volebat
2625 3488 2858 3553 efﬁcere,
2913 3500 2981 3541 ne
3028 3483 3221 3556 injuste
3258 3498 3316 3539 se
3353 3484 3632 3552 quisquam
3659 3477 3845 3533 vindi-

2250 3581 2420 3637 cando
2472 3588 2733 3651 peccaret,
2766 3576 3069 3633 conservari
3090 3576 3250 3630 tutius
3292 3573 3337 3628 si
3387 3573 3605 3629 omnino
3630 3585 3689 3627 se
3732 3584 3845 3624 non

2250 3674 2541 3730 vindicaret
2568 3693 2579 3737 ;
2605 3673 2739 3727 sicut
2786 3670 2837 3726 id
2872 3668 3013 3741 quod
3068 3666 3277 3723 volebat
3320 3665 3553 3731 efﬁcere,
3600 3680 3666 3719 ne
3693 3664 3848 3735 quis-

2252 3783 2409 3841 quam
2438 3765 2724 3839 pejcrando
2751 3770 3014 3835 peccaret,
3071 3760 3375 3817 conservari
3429 3758 3595 3813 tutius
3633 3758 3677 3813 si
3730 3770 3842 3811 non

2248 3862 2469 3934 juraret.
2496 3859 2626 3915 Nam
2650 3858 2691 3913 si
2710 3854 3035 3912 contrarium
3052 3861 3154 3921 est,
3182 3850 3398 3907 Oculum
3424 3868 3515 3923 pro
3542 3849 3688 3903 oculo
3712 3863 3733 3913 ,'
3762 3856 3845 3918 et,

2259 3957 2365 4024 Qui
2390 3965 2435 4009 te
2459 3951 2753 4025 percusserit
2782 3950 2831 4003 in
2885 3948 3147 4002 maxillam
3172 3989 3187 4014 ,
3221 3943 3385 4017 pra'be
3404 3941 3479 3997 illi
3514 3952 3558 3997 et
3586 3941 3805 3996 alteram
3829 3954 3849 3993 :

2254 4064 2349 4106 cur
2379 4063 2485 4102 non
2508 4045 2574 4101 sit
2620 4039 2968 4107 contrarimn,
3000 4038 3199 4093 Reddes
3228 4036 3445 4090 Domino
3467 4032 3843 4106 jusjurandum

2257 4153 2427 4205 tuum;
2448 4148 2517 4205 et,
2547 4137 2670 4193 Noli
2694 4137 2865 4203 iurare
2892 4134 3094 4188 omnino
3128 4132 3145 4203 (
3170 4130 3337 4185 Exod.
3382 4145 3475 4194 xx,
3508 4128 3560 4192 7,
3579 4135 3624 4181 et
3652 4123 3846 4179 Matth.

2256 4255 2308 4302 v,
2335 4236 2498 4291 '53-'57
2526 4232 2545 4304 )
2571 4233 2594 4286 ’ἶ
2623 4231 2690 4287 Ει
2721 4239 2895 4286 tamen
2942 4227 3082 4283 illam
3122 4240 3227 4280 non
3278 4222 3717 4282 destructionem,
3747 4216 3849 4273 sed

2258 4326 2689 4399 atlimpletionem
2711 4322 2939 4378 Faustus
2954 4320 3241 4374 arbitratur
3271 4335 3283 4370 :
3315 4313 3454 4382 quod
3481 4313 3634 4369 ethic
3658 4309 3854 4367 debuit

2258 4421 2522 4477 arbitrari.
2556 4419 2687 4473 Nam
2717 4416 2783 4484 si,
2812 4414 3010 4470 Verum
3054 4412 3194 4483 jura,
3244 4408 3565 4478 adimpletur
3594 4402 3849 4469 dicendo,

2259 4512 2334 4568 Ne
2356 4514 2502 4585 jures
2534 4530 2544 4564 :
2589 4527 2681 4567 cur
2704 4525 2809 4565 non
2838 4516 2909 4574 et,
2934 4505 3083 4561 Juste
3129 4500 3355 4563 vindica,
3406 4494 3729 4564 aditnplctur
3763 4492 3852 4547 di-

2258 4606 2451 4669 cendo,
2478 4604 2554 4659 Ne
2583 4602 2819 4655 vindices
2844 4607 2867 4652 ?
2909 4596 2995 4649 Sic
3034 4605 3086 4647 et
3117 4606 3215 4662 ego
3235 4590 3255 4620 ²
3283 4590 3335 4643 in
3382 4598 3605 4657 utroque
3633 4600 3857 4641 conser-

2259 4698 2526 4755 valioucm
2558 4709 2675 4748 esse
2706 4690 2937 4746 arbitror
2958 4702 2985 4741 a
3009 4692 3247 4758 peccato,
3296 4698 3403 4753 quo
3442 4683 3520 4737 vel
3553 4680 3745 4736 falsum
3768 4680 3858 4750 ju-

2261 4801 2429 4859 ratur,
2456 4789 2541 4844 vel
2570 4786 2764 4856 injuste
2785 4780 3083 4837 vindicatur
3115 4797 3126 4831 :
3157 4791 3456 4848 quanquam
3504 4774 3605 4829 hoc
3650 4773 3719 4859 de
3758 4771 3857 4827 do-

2263 4854 2436 4932 nanda
2459 4854 2675 4927 omnino
2702 4866 2931 4922 vindicta
2947 4862 3293 4919 valeatetiam
3310 4860 3376 4915 ad
3407 4858 3555 4923 illud,
3588 4867 3644 4911 ut
3672 4854 3857 4911 dimit-

2264 4973 2424 5031 tendo
2448 4964 2749 5040 hujusmodi
2807 4960 3004 5026 debita,
3037 4959 3196 5015 etiam
3238 4954 3392 5010 nobis
3421 4953 3613 5009 dimitti
3643 4965 3863 5006 merea-

2264 5082 2403 5122 mur.
2434 5061 2539 5119 Sed
2566 5059 2701 5116 duro
2732 5053 2926 5129 populo
2956 5049 3145 5108 modus
3177 5050 3323 5119 prius
3368 5045 3698 5101 adhibendus
3728 5042 3855 5129 fuit,

2267 5168 2372 5225 quo
2426 5150 2657 5205 disceret
2706 5128 2810 5199 non
2864 5137 3043 5210 egredi
3089 5134 3323 5190 debitum
3358 5140 3455 5187 :ut
3496 5129 3726 5184 edomita
3758 5128 3859 5192 ira,

2268 5220 2385 5315 quae
2412 5243 2479 5295 ad
2500 5238 2903 5293 immoderatam
2932 5231 3219 5287 vindictam
3242 5227 3399 5298 rapit,
3423 5225 3532 5295 jam
3559 5223 3646 5292 qui
3668 5220 3861 5286 vellet,

2270 5313 2588 5406 tranquillus
2623 5328 2921 5386 altenderet
2965 5324 3091 5397 quid
3139 5325 3253 5393 ipse
3282 5318 3521 5385 deberet,
3572 5313 3713 5387 quod
3760 5313 3864 5368 sibi

2272 5426 2497 5485 relaxari
2522 5442 2549 5479 a
2571 5424 2794 5479 Domino
2817 5426 3055 5490 cuperet,
3076 5414 3255 5471 uthac
3279 5410 3709 5469 consideratione
3732 5422 3836 5460 con
3852 5435 3867 5443 -

2274 5528 2430 5581 'scrvo
2459 5521 2693 5575 debitum
2722 5516 3009 5571 relaxaret.

2344 5613 2568 5672 CAPUT
2606 5609 2797 5666 XXVI.
2821 5639 2892 5648 —
2918 5606 3048 5661 Nam
3092 5611 3147 5659 et
3175 5598 3302 5657 illud
3332 5600 3399 5655 de
3426 5606 3593 5654 uxore
3625 5610 3731 5650 non
3779 5591 3865 5646 di—

2276 5707 2533 5766 mittenda
2559 5703 2697 5775 quod
2738 5700 2994 5757 Dominus
3037 5694 3325 5768 prmeepit;
3354 5707 3477 5749 cum
3526 5686 3762 5759 antiquis
3786 5684 3875 5740 (ιι-

2278 5872 2281 5875 v
2344 5891 2360 5920 ι
2395 5890 2466 5937 Sic
2490 5894 2586 5934 Am.
2612 5891 2685 5933 Er.
2713 5888 2765 5934 et
2779 5889 2885 5933 Mss.
2901 5885 2955 5931 Αι.
2976 5885 3108 5939 Lov.,
3127 5870 3880 5931 ultraextendemtunlm

2300 5957 2371 6005 est
2392 5946 2518 6001 enim
2531 5946 2771 6009 qrtwdam.

2347 6001 2368 6047 ί
2403 6024 2501 6062 am.
2528 6001 2600 6062 tua
2628 6022 2683 6058 ac
2705 6005 2874 6071 plures
2901 6011 3031 6070 κει,
3056 6001 3181 6055 sicut
3202 6011 3308 6067 ego.
