4052 6492
227 483 326 544 365

227 609 360 655 ctum
381 596 472 664 sit,
527 594 844 668 Quicumque
883 589 1126 650 dimiserit
1161 601 1370 650 uxorem
1416 609 1583 663 suam,
1616 593 1698 648 det
1725 591 1806 648 illi

227 689 450 746 libellum
469 690 667 760 repudii
699 689 717 760 (
751 687 1071 754 Deut.xxrv,
1096 679 1211 756 i,et
1251 685 1438 742 Matth.
1459 703 1515 756 ν,
1535 685 1625 754 51,
1653 683 1805 758 52);

225 781 268 839 si
318 781 601 854 diligenter
629 782 948 848 intueamur,
979 781 1273 837 videbimus
1313 795 1420 835 non
1445 795 1566 836 esse
1591 787 1810 835 contra-

223 875 376 931 rium.
407 875 673 946 Exposuit
718 875 859 932 enim
910 874 1166 930 Dominus
1214 871 1340 945 quid
1385 871 1495 928 Lex
1537 870 1805 928 voluerit:

222 985 338 1028 cum
367 971 571 1040 passim
593 965 880 1025 dimittenti
926 979 1146 1024 uxorem
1193 965 1412 1037 jusserit
1438 963 1675 1021 libellum
1707 979 1797 1020 re-

222 1063 365 1136 podii
387 1061 542 1118 dare.
585 1061 769 1134 Neque
822 1061 962 1118 enim
1013 1061 1106 1128 ait,
1163 1060 1263 1127 Qui
1291 1057 1538 1126 voluerit,
1579 1055 1810 1113 dimittat

222 1173 438 1214 uxorem
461 1171 611 1212 suam
636 1174 651 1224 ;
679 1157 764 1211 cui
796 1166 936 1212 esset
981 1155 1308 1212 contrarium
1339 1169 1445 1210 non
1495 1153 1762 1210 dimittere
1790 1167 1805 1206 :

215 1248 312 1306 sed
341 1249 526 1320 utique
552 1249 768 1305 nolebat
788 1249 982 1304 dimitti
1022 1263 1240 1304 uxorem
1273 1263 1302 1303 a
1347 1249 1486 1316 viro,
1525 1247 1614 1318 qui
1673 1245 1810 1301 hanc

223 1342 541 1416 interposuit
563 1358 790 1412 moram,
818 1343 950 1398 utin
997 1341 1278 1398 discidium
1300 1342 1510 1396 animus
1545 1353 1807 1412 praeceps,

219 1437 382 1494 libelli
441 1437 840 1508 conscriptione
901 1437 1161 1492 refractus
1199 1433 1518 1501 absisteret,
1579 1431 1806 1502 etquid

218 1531 340 1586 mali
383 1541 536 1586 esset
574 1545 795 1586 uxorem
859 1529 1128 1586 dimittere
1187 1530 1479 1601 cogitaret:
1513 1526 1811 1599 praesertim

219 1625 358 1695 quia,
419 1634 480 1679 ut
505 1623 808 1695 perhibent,
852 1621 994 1694 apud
1047 1623 1302 1678 Hebraeos
1338 1623 1571 1679 scribere
1609 1619 1812 1676 litteras

217 1718 474 1774 Hebrazas
494 1717 626 1773 nulli
649 1707 731 1773 l‘as
743 1726 877 1784 erat,
903 1719 1004 1773 nisi
1033 1717 1230 1773 Scribis
1249 1715 1396 1784 solis,
1420 1731 1539 1772 cum
1563 1723 1616 1770 et
1639 1715 1813 1771 excel-

223 1809 508 1864 lentiorem
535 1809 918 1880 proﬁterentur
962 1807 1298 1878 sapientiam,
1331 1815 1385 1862 et
1411 1808 1455 1861 si
1509 1806 1595 1876 qui
1622 1819 1810 1862 eorum

215 1911 396 1958 essent
423 1905 684 1980 aequitate.
703 1917 766 1957 ac
793 1901 986 1974 pietate
1015 1899 1246 1972 praediti,
1271 1915 1378 1954 non
1407 1907 1613 1954 tantum
1645 1899 1812 1970 proli-

215 2003 462 2050 terentur
509 1996 850 2065 sapientiam,
893 2009 1080 2050 verum
1120 1993 1280 2048 etiam
1335 1999 1687 2048 sectarentur.
1728 1989 1810 2046 Ad

214 2088 310 2144 bos
341 2089 523 2160 igitur,
543 2104 678 2160 quos
699 2096 969 2160 Oporteret
1011 2103 1131 2143 esse
1155 2085 1440 2158 prudentes
1469 2085 1623 2156 Legis
1649 2084 1807 2140 inter-

213 2192 392 2254 pretes
415 2191 472 2238 et
491 2183 667 2254 justos
688 2179 895 2238 discidii
943 2179 1295 2246 dissuasores,
1331 2177 1442 2234 Le'x
1483 2179 1696 2233 mittere
1717 2191 1811 2232 vo—

213 2261 306 2330 luit
335 2291 660 2346 eum,quem
699 2275 858 2346 jussit
887 2273 1120 2328 libellum
1146 2269 1352 2342 repudii
1375 2269 1526 2338 dare,
1557 2271 1600 2326 si
1652 2269 1809 2325 dimi-

215 2369 370 2423 sisset
401 2383 649 2424 uxorem.
679 2367 796 2423 Non
837 2366 980 2422 enim
1025 2363 1078 2420 ei
1128 2371 1336 2434 poterat
1377 2361 1539 2419 scribi
1577 2361 1805 2429 libellus,

215 2462 314 2516 nisi
339 2459 410 2516 ab
441 2462 593 2533 ipsis,
621 2461 714 2533 qui
766 2476 863 2532 per
909 2459 1049 2514 hanc
1078 2458 1412 2514 occasionem
1460 2473 1528 2514 ex
1577 2454 1812 2512 necessi-

215 2565 318 2611 tate
337 2555 648 2612 venientem
683 2555 911 2626 quodam
954 2555 1113 2611 modo
1159 2554 1214 2609 in
1263 2569 1454 2610 manus
1487 2567 1612 2608 suas
1668 2551 1810 2608 bono

215 2651 440 2708 consilio
469 2660 742 2724 regerent,
765 2658 923 2720 atque
951 2649 1091 2705 inter
1135 2647 1308 2720 ipsum
1329 2653 1384 2704 et
1409 2661 1626 2702 uxorem
1659 2647 1808 2717 paci-

213 2743 310 2799 ﬁcc
349 2741 568 2814 agendo
616 2741 959 2798 dilectionem
1003 2739 1452 2810 concordiamque
1503 2737 1806 2794 suaderent.

211 2833 362 2902 Quod
381 2835 426 2890 si
447 2843 654 2890 tantum
683 2831 1036 2888 intercederet
1052 2831 1250 2898 odium,
1277 2839 1334 2886 ut
1353 2829 1612 2900 exstingui
1635 2843 1810 2885 emen-

211 2926 434 2997 darique
467 2941 574 2980 non
591 2933 792 2996 posset,
837 2932 962 2979 tunc
987 2923 1170 2996 utique
1199 2923 1524 2980 scriberetur
1547 2921 1757 2977 libellus
1791 2939 1806 2977 :

211 3020 330 3090 quia
349 3018 552 3074 frustra
585 3034 692 3074 non
736 3017 1047 3084 dimitteret,
1090 3034 1249 3090 quam
1276 3018 1356 3074 sic
1379 3015 1602 3084 odisset,
1652 3025 1708 3070 ut
1735 3015 1803 3072 ad

213 3103 448 3166 debitam
500 3109 748 3182 conjugio
774 3109 1089 3166 charitatcm
1118 3109 1262 3166 nulla
1310 3109 1650 3182 prudentium
1681 3123 1805 3180 per-

211 3205 460 3259 suasione
477 3213 838 3260 revocaretur.
865 3203 920 3260 Si
951 3207 1093 3260 enim
1133 3220 1239 3260 non
1271 3203 1507 3274 diligitur
1535 3218 1686 3268 uxor,
1719 3203 1802 3257 di-

211 3295 466 3350 mittenda
493 3304 597 3350 cst.
630 3295 762 3364 Quia
789 3311 914 3368 ergo
940 3293 1252 3352 dimittenda
1283 3311 1388 3350 non
1417 3303 1520 3362 est,
1575 3294 1806 3366 diligen-

209 3377 270 3440 da
293 3395 396 3442 est.
422 3385 650 3442 Dilectio
670 3398 848 3444 autem
877 3385 1144 3444 monendo
1169 3397 1328 3458 atque
1351 3385 1624 3442 suadendo
1648 3401 1798 3443 com-

209 3473 354 3548 poni,
389 3493 500 3532 non
548 3477 772 3534 invitum
807 3477 1045 3550 cogendo
1068 3477 1268 3548 imponi
1299 3487 1492 3548 potest.
1526 3477 1638 3532 lloc
1661 3475 1806 3532 face-

209 3563 268 3624 re
293 3567 482 3625 Scriba
533 3569 760 3626 debebat
807 3571 984 3642 justus
1023 3581 1078 3628 et
1121 3571 1360 3642 Sapiens,
1389 3569 1598 3641 qualem
1635 3571 1685 3625 in
1717 3569 1808 3626 illa

211 3663 551 3732 professione
597 3679 718 3719 esse
765 3663 1076 3736 oportebat:
1102 3661 1169 3718 ad
1201 3677 1359 3733 quem
1404 3672 1460 3716 ut
1504 3662 1794 3730 veniretur,

211 3751 445 3808 discordi
477 3753 672 3809 marito
689 3753 895 3810 libellus
913 3753 1332 3810 conscribendus
1359 3759 1655 3825 prmceptus
1678 3763 1760 3811 est
1789 3773 1804 3812 :

212 3861 369 3916 quem
413 3843 498 3901 vir
541 3845 713 3901 bonus
753 3845 1092 3918 prudensque
1133 3861 1237 3900 non
1289 3845 1573 3912 scriberet,
1607 3845 1709 3900 nisi
1750 3845 1805 3902 in

212 3933 392 3992 animo
421 3938 584 3994 nimis
601 3953 790 3994 averso
818 3947 976 4009 atque
1003 3953 1254 4009 perverso
1267 3937 1549 3992 consilium
1580 3951 1804 3992 concor-

213 4029 314 4086 dia:
345 4047 460 4086 non
487 4032 706 4087 valeret.
747 4031 1125 4088 Verumtamen
1153 4047 1182 4086 a
1208 4032 1358 4086 vobis
1384 4047 1451 4086 ex
1478 4031 1638 4086 vestri
1669 4045 1810 4087 erro-

210 4121 288 4178 ris
323 4123 592 4194 sacrilega
617 4123 848 4180 vanitate
873 4139 1078 4196 quaero,
1111 4139 1206 4179 cur
1251 4123 1809 4196 displiceatdimittere

213 4233 480 4284 uxorem,
531 4233 687 4288 quam
741 4234 849 4274 non
879 4217 945 4274 ad
999 4217 1325 4274 matrimonii
1381 4217 1557 4284 ﬁdem,
1605 4217 1700 4274 sed
1740 4217 1808 4274 ad

215 4311 664 4381 concupiscentia:
680 4311 882 4368 crimen
927 4309 1225 4368 habendam
1260 4325 1379 4367 esse
1400 4311 1672 4367 censetis?
1703 4311 1809 4365 Ma—

215 4405 526 4460 trimonium
556 4407 751 4476 quippe
785 4421 852 4462 ex
899 4405 1000 4462 hoc
1035 4405 1354 4477 appellatum
1383 4415 1483 4473 est,
1532 4405 1672 4476 quod
1703 4419 1809 4460 non

217 4493 280 4548 ob
313 4493 464 4548 aliud
510 4493 703 4550 debeat
734 4495 926 4551 femina
951 4495 1176 4564 nubere,
1205 4512 1364 4567 quam
1388 4505 1447 4550 ut
1481 4505 1648 4550 mater
1674 4495 1767 4551 liat
1793 4513 1806 4550 :

217 4585 354 4654 quod
385 4583 544 4640 vobis
566 4583 806 4640 odiosum
825 4597 924 4640 est.
964 4587 1043 4642 Eo
1060 4587 1216 4642 modo
1233 4588 1372 4642 enim
1401 4589 1593 4658 putatis
1606 4599 1810 4658 partem

217 4675 301 4732 dei
322 4677 515 4744 vestri,
545 4677 717 4748 gentis
741 4677 1074 4734 tenebrarum
1105 4677 1288 4748 proelio
1306 4677 1572 4734 devictam
1595 4687 1649 4734 et
1675 4681 1803 4735 sub-

221 4781 414 4838 actam,
441 4773 605 4826 etiam
634 4769 841 4826 carneis
872 4771 1489 4844 compedibus-colligari.

285 4861 523 4919 CAPUT
561 4861 775 4918 XXVII.
799 4891 869 4904 -—
897 4863 1000 4919 Sed
1019 4872 1074 4919 ut
1100 4863 1275 4935 potius
1298 4863 1436 4935 quod
1475 4881 1614 4920 nunc
1643 4865 1814 4938 agitur

223 4955 484 5026 explicem
519 4957 603 5012 :si
625 4953 890 5024 Christus,
921 4955 1010 5012 ubi
1053 4955 1370 5028 quihusdam
1416 4957 1645 5027 antiquis
1684 4973 1808 5014 sen-

225 5049 400 5104 tentiis
429 5047 719 5120 propositis
744 5045 999 5118 adjunxit,
1043 5047 1153 5118 Ego
1179 5057 1344 5102 autent
1393 5049 1506 5104 dico
1535 5049 1689 5116 vobis,
1720 5065 1814 5106 ne-

225 5157 323 5212 que
351 5144 652 5214 primorum
684 5141 956 5196 hominum
995 5141 1167 5212 legem
1205 5141 1310 5198 hoc
1354 5142 1638 5198 verborum
1663 5143 1814 5198 addi-

228 5242 464 5290 tamento
503 5231 832 5304 adimplevit,
877 5249 1048 5305 neque
1091 5233 1236 5287 illam
1279 5247 1397 5303 qua:
1453 5247 1548 5302 per
1593 5235 1812 5306 Moysen

227 5325 342 5382 data
381 5335 468 5383 est
507 5325 659 5398 quasi
703 5328 1090 5381 contrariorum
1135 5325 1471 5396 oppositione
1510 5321 1808 5392 destruxit;

228 5419 314 5472 sed
339 5420 522 5491 potius
566 5417 746 5473 omnia
772 5433 838 5473 ex
861 5415 1208 5474 Hebraeorum
1247 5415 1365 5489 lege
1398 5427 1812 5474 commemorata

229 5507 294 5564 ita
335 5509 758 5578 commendavit,
793 5519 851 5565 ut
869 5507 1124 5580 quidquid
1173 5524 1240 5564 ex
1266 5523 1494 5580 persona
1543 5525 1636 5565 sua
1665 5510 1812 5565 insu-

229 5617 320 5674 per
373 5605 708 5676 loqueretur,
754 5604 838 5660 vel
869 5604 936 5659 ad
987 5603 1372 5675 expositionem
1439 5603 1816 5675 requirendam

231 5700 450 5768 valeret,
471 5702 521 5758 si
547 5700 676 5772 quid
705 5699 792 5755 illa
844 5699 1068 5756 obscure
1116 5697 1402 5770 posuisset,
1452 5699 1534 5753 vel
1562 5699 1626 5754 ad
1651 5701 1815 5756 tutius

231 5787 664 5857 conﬁervandum
693 5797 834 5868 quod
881 5795 970 5851 illa
1023 5793 1486 5851 voluissetzvides
1539 5811 1698 5866 quam
1748 5795 1816 5851 sit

225 5871 383 5941 aliter
433 5887 861 5960 intelligendum,
912 5885 1055 5960 quod
1099 5887 1191 5952 ait,
1239 5901 1344 5942 non
1377 5899 1436 5943 se
1465 5887 1676 5942 venisse
1713 5886 1816 5943 Le-

229 5991 354 6048 gem
379 5977 608 6048 solvere,
625 5979 723 6036 sed
751 5975 1080 6050 adimplere;
1111 5979 1318 6037 scilicet
1346 5988 1404 6035 ut
1431 5993 1534 6035 non
1555 5981 1704 6051 quasi
1726 5995 1815 6036 sc-

1384 473 1591 536 LlBER
1627 467 1921 535 DECIMUS
1957 471 2197 536 NONUS.

1921 593 2152 664 miplena
2179 591 2294 653 istis
2319 587 2494 655 verbis
2531 597 2904 672 integrareutr,
2929 602 3026 660 sed
3051 611 3111 662 ut
3153 608 3295 679 quod
3324 609 3502 670 littera

1915 684 2136 756 jubentc
2155 695 2372 760 propter
2389 693 2742 762 superborum
2767 699 3234 769 praesumptionem
3261 717 3369 758 non
3396 719 3494 776 po-
3565 733 3586 746 -

1921 786 2075 847 terat,
2105 781 2362 839 suadente
2415 785 2584 855 gratia
2629 793 2848 860 propter
2889 789 3169 848 humilium
3195 793 3498 852 confessio-

1918 881 2041 926 nem
2089 871 2420 945 impleretu'r,
2470 879 2632 949 opere
2691 879 2969 950 factorum,
3039 899 3147 942 non
3197 886 3502 958 adiectione

1919 962 2222 1020 verborum.
2255 965 2412 1023 Fides
2438 969 2600 1038 enim,
2653 972 2789 1028 sicut
2821 973 3106 1045 Apostolus
3141 977 3235 1046 ait,
3259 995 3350 1048 per
3369 980 3502 1035 dite-

1919 1053 2132 1111 ctionem
2179 1061 2454 1132 operatur(
2483 1060 2652 1119 Galat.
2712 1079 2765 1132 v,
2817 1065 2919 1138 6).
2965 1067 3120 1142 Unde
3151 1069 3276 1126 item
3317 1071 3449 1128 dicit
3471 1091 3498 1129 -:

1922 1148 2020 1214 Qui
2061 1151 2195 1206 enim
2223 1153 2390 1224 diligit
2417 1153 2651 1223 alterum,
2687 1155 2868 1229 Legem
2911 1161 3134 1233 implerit
3159 1162 3179 1237 (
3202 1164 3354 1220 Rom.
3382 1181 3499 1236 xm,

1918 1239 2010 1314 8).
2035 1242 2195 1299 Istam
2225 1245 2537 1303 cbaritatem
2561 1249 2682 1319 quia
2708 1251 2927 1307 veniens
2969 1251 3232 1324 Christus,
3257 1273 3353 1329 per
3373 1255 3504 1328 Spi-

1917 1333 2076 1388 ritum
2107 1343 2346 1392 sanctum
2377 1353 2536 1408 quem
2589 1341 2908 1410 promissum
2953 1343 3117 1415 midlt,
3175 1348 3230 1403 in
3269 1349 3498 1407 manife-

1917 1425 2144 1481 statione
2165 1425 2398 1497 donavit,
2432 1445 2533 1500 qua
2563 1433 2677 1488 sola
2693 1432 3172 1506 charitatejustitla
3185 1438 3342 1512 Legis
3359 1455 3486 1512 pos-

1918 1527 2000 1573 set
2025 1519 2255 1590 impleri,
2287 1531 2566 1594 propterea
2593 1523 2727 1581 dixit
2759 1545 2772 1581 :
2805 1525 2926 1582 Non
2947 1530 3262 1587 venisolvere
3283 1531 3494 1605 Legem,

1917 1611 2004 1666 sed
2031 1613 2326 1685 adimplere.
2377 1615 2491 1673 Hoc
2539 1626 2621 1674 est
2661 1618 2866 1676 Novum
2923 1623 3343 1694 TeStamentum,
3389 1641 3502 1699 quo

1918 1703 2041 1760 huic
2064 1703 2333 1762 dilectioni
2357 1707 2640 1767 htereditas
2683 1712 2835 1785 regni
2861 1713 3120 1772 caelorum
3147 1718 3495 1788 promittitur,

1917 1797 2058 1868 quod
2105 1799 2159 1853 in
2203 1801 2380 1871 liguris
2429 1801 2636 1860 Veteris
2674 1804 3002 1864 Testamenti
3045 1823 3149 1880 pro
3193 1817 3499 1884 temporum

1917 1889 2284 1950 distributione
2315 1895 2607 1964 tegebatur.
2644 1897 2793 1956 Unde
2815 1899 2955 1956 Idem
2991 1901 3160 1958 ‘dieit:
3193 1901 3502 1961 Mandatum

1915 1989 2179 2042 novumdo
2211 1989 2363 2054 vobis,
2382 2001 2434 2043 ut
2453 2007 2538 2046 vos
2555 1993 2764 2047 lnbi‘cem
2776 1993 3002 2067 diligatis
3022 1993 3320 2068 (Joan.xm,
3347 1997 3462 2071 54).

1985 2079 2210 2138 CAPUT
2249 2081 2560 2138 XXVlll.—
2587 2083 2766 2157 Itaque
2799 2087 2883 2143 vel
2914 2089 3214 2156 omnia,vel
3229 2105 3364 2162 pene
3394 2105 3505 2147 om-

1913 2173 2022 2242 nia,
2055 2189 2173 2244 quae
2216 2176 2422 2231 monuit
2462 2187 2554 2232 seu
2584 2179 2854 2250 praecepit,
2885 2181 2974 2235 ubi
3012 2177 3354 2252 adiungebat,
3385 2181 3499 2256 Ego

1913 2274 2080 2320 autem
2092 2265 2202 2321 dico
2223 2267 2378 2334 vobis,
2401 2265 2742 2325 inveniantur
2757 2279 2810 2326 et
2829 2271 2882 2326 in
2903 2271 3006 2327 illis
3019 2273 3286 2330 veteribus
3302 2273 3496 2332 Libris.

1915 2357 1990 2412 lbi
2013 2361 2200 2413 ‘con'tra
2227 2359 2357 2414 iram
2402 2359 2600 2416 dietum
2629 2371 2731 2431 est,
2755 2357 3010 2420 Turbatus
3034 2365 3110 2420 ‘est
3139 2383 3244 2438 pra:
3263 2370 3344 2423 ira
3373 2383 3498 2423 ocu-

1914 2448 1994 2504 lus
2023 2467 2163 2505 meus
2192 2449 2362 2524 (Psal.
2395 2469 2472 2521 Vt,
2501 2453 2593 2524 8);
2619 2463 2692 2524 et,
2728 2453 2912 2511 Melior
2937 2463 3010 2512 est
3034 2459 3120 2530 ‘qui
3143 2459 3296 2514 vincit
3339 2461 3493 2532 iram,

1913 2555 2063 2613 quam
2103 2547 2190 2614 qui
2233 2545 2370 2615 capit
2407 2546 2696 2622 civitatem
2719 2546 2873 2603 Prov.
2900 2553 3013 2620 'xv't,
3036 2551 3166 2626 32).
3199 2549 3274 2608 lbi
3314 2564 3498 2612 contra

1914 2635 2135 2691 verbum
2185 2634 2402 2705 durum,
2449 2637 2618 2710 Plaga
2657 2639 2851 2712 ﬂagelli
2888 2635 3088 2697 livorem
3134 2643 3319 2714 faciet;
3346 2647 3499 2718 plaga

1912 2737 2078 2781 autem
2119 2727 2306 2800 lingua:
2348 2729 2629 2802 confringet
2669 2747 2783 2786 ossa
2822 2729 3006 2805 (Eccli.
3045 2743 3207 2791 x'xvm
3231 2779 3245 2806 ,
3286 2735 3500 2810 21).ibl

1913 2828 2096 2876 eontra
2139 2820 2423 2876 moechiam
2454 2819 2650 2892 cordis,
2684 2821 2766 2878 Ne
2790 2827 3116 2898 concupiscas
3145 2845 3352 2885 urerent
3379 2845 3500 2901 pro-

1909 2914 2037 2969 ximi
2064 2915 2136 2968 tui
2153 2914 2348 2984 (Exod.
2373 2932 2464 2982 xx,
2488 2915 2602 2990 l7).
2625 2915 2746 2973 Non
2775 2919 2915 2974 enim
2954 2919 3048 2990 ait,
3077 2919 3153 2977 Ne
3197 2921 3497 2992 adulteros;

1911 3007 2037 3076 sed;
2067 3007 2147 3062 Ne
2193 3009 2552 3082 concupiscas.
2603 3007 2756 3068 Unde
2785 3003 3074 3084 Apostolus
3105 3015 3210 3076 hoc
3249 3033 3315 3075 ex
3359 3019 3501 3091 Lege

1911 3105 2318 3168 commemorat,
2337 3101 2538 3172 dicens,
2558 3099 2695 3158 Nam
2715 3105 3171 3178 concupiscentiam
3193 3112 3493 3179 nesciebam,

1911 3193 2011 3249 nisi
2044 3193 2153 3250 Lex
2177 3195 2383 3265 diceret,
2407 3195 2527 3251 Non
2553 3197 2874 3269 concupisces
2893 3198 3069 3270 (Rom.
3097 3215 3194 3270 vn,
3221 3202 3300 3276 7).
3323 3197 3400 3260 ibi
3429 3203 3502 3262 de

1913 3283 2165 3358 patientia
2197 3303 2300 3344 non
2342 3289 2624 3346 resiStettdi
2651 3287 2899 3346 laudatur
2923 3291 3006 3347 'vir
3035 3293 3277 3364 praebens
3308 3309 3500 3366 percu—

1912 3380 2062 3436 tienti
2073 3395 2130 3436 se
2146 3381 2410 3438 maxillam
2427 3391 2479 3437 et
2493 3391 2759 3438 saturatos
2776 3379 3499 3461 opprobriis(Thren.nt,30).

1911 3471 1987 3528 lbi
2012 3473 2080 3529 de
2109 3473 2326 3530 inimico
2365 3473 2631 3546 diligendo
2660 3477 2871 3546 dicitur,
2908 3479 2968 3534 Si
2998 3481 3224 3535 esurieri‘t
3265 3481 3502 3540 inimicus

1912 3571 2048 3648 tuus,
2073 3567 2182 3620 ciba
2195 3567 2339 3621 illum
2367 3567 2448 3622 :si
2476 3567 2600 3634 silit,
2620 3578 2795 3639 potant
2821 3571 2887 3624 (la
2917 3569 2994 3626 illi
3017 3569 3200 3644 (Prov.
3225 3589 3362 3642 xxv,
3380 3573 3497 3648 21).

1913 3657 2047 3714 llinc
2095 3661 2236 3716 enim
2293 3657 2395 3716 hoc
2460 3663 2898 3718 commemoravit
2951 3665 3237 3734 ApoStolus
3272 3667 3292 3740 (
3325 3667 3498 3726 Rern.

1911 3765 2004 3816 xu,
2039 3749 2154 3822 20).
2186 3751 2254 3806 Et
2278 3751 2407 3808 illud
2433 3752 2486 3806 in
2517 3751 2750 3824 Psalmo,
2777 3751 2904 3810 Cum
2930 3755 2992 3810 iis
3020 3757 3107 3828 qui
3150 3758 3362 3815 oderant
3402 3779 3496 3832 pa-

1912 3859 2037 3910 cem,
2087 3860 2228 3898 eram
2271 3837 2720 3916 paciﬁcuslPsal.
2753 3851 2901 3912 ciux,
2931 3845 3008 3919 7):
3051 3858 3104 3904 et
3153 3851 3256 3905 alia
3307 3853 3496 3911 mutu.

1912 3935 2063 4004 Quod
2120 3943 2294 3992 autem
2345 3933 2695 4008 temperando
2735 3951 2766 3992 a
2814 3937 3086 4008 vindicta,
3132 3949 3184 3997 et
3229 3942 3500 4016 diligendo

1912 4027 2070 4082 etiam
2093 4027 2282 4096 malos,
2319 4027 2482 4084 Deum
2522 4030 2810 4098 imitemur,
2843 4031 3006 4088 habes
3037 4033 3108 4090 ibi
3145 4033 3212 4091 de
3238 4037 3351 4106 ipso
3387 4039 3500 4096 Deo

1913 4119 1965 4174 id
1994 4129 2182 4192 agente
2208 4121 2480 4192 copiosum
2511 4122 2683 4178 locum
2715 4141 2728 4177 :
2755 4121 2828 4179 ibi
2859 4129 3087 4197 namiIue
3113 4129 3366 4200 scriptum
3392 4141 3496 4202 est,

1915 4209 2137 4267 Multum
2166 4213 2298 4268 enim
2333 4213 2495 4270 ualerc
2523 4215 2609 4269 tibi
2633 4217 2729 4270 soli
2766 4221 3004 4288 superat‘
3027 4237 3241 4293 semper,
3264 4236 3308 4279 et
3329 4219 3499 4282 'cirltttt

1914 4307 2104 4360 brachii
2155 4307 2225 4360 tui
2262 4309 2374 4379 quis
2407 4319 2580 4362 contra
2607 4307 2792 4364 stabit?
2823 4311 3074 4376 Quoniam
3103 4323 3342 4386 tanquam
3386 4337 3498 4374 mo-

1915 4407 2133 4453 mentum
2157 4407 2375 4468 staterw,
2405 4401 2476 4454 sic
2501 4409 2618 4455 ante
2646 4411 2692 4456 te
2712 4410 2782 4456 est
2820 4401 2951 4458 orbis
2989 4415 3272 4476 terrarum;
3299 4421 3345 4464 et
3384 4423 3500 4468 tan-

1914 4509 2066 4564 quam
2099 4501 2241 4564 gutta
2268 4494 2397 4548 roris
2424 4492 2728 4560 antelucani,
2752 4512 2867 4568 quae
2893 4499 3141 4554 descendit
3165 4502 3217 4556 in
3261 4513 3445 4562 terram
3479 4525 3500 4566 :

1914 4583 2003 4639 sed
2043 4585 2294 4640 misereris
2335 4588 2578 4654 omnium,
2605 4589 2841 4657 quoniam
2870 4593 3042 4645 omnia
3095 4603 3232 4665 poles
3277 4609 3325 4652 et
3346 4603 3499 4656 dissi-

1917 4677 2078 4732 mulas
2133 4687 2337 4748 peccata
2377 4677 2635 4733 hominum
2680 4689 2883 4751 prapler
2924 4685 3282 4752 paenitentiam.
3313 4689 3504 4766 Diligis

1916 4770 2048 4824 enim
2069 4769 2236 4822 omnia
2262 4783 2374 4839 qua:
2392 4780 2524 4838 sunt,
2544 4779 2588 4824 et
2614 4771 2742 4826 nihil
2768 4773 2914 4829 odisti
2943 4775 3122 4833 horum
3145 4797 3258 4850 qua?
3282 4787 3448 4855 feciin
3479 4801 3500 4840 :

1917 4879 2006 4917 nec
2029 4864 2158 4916 enim
2180 4862 2294 4916 odio
2315 4861 2498 4917 habens
2519 4863 2707 4935 aliquid
2723 4868 3078 4925 constituisses.
3103 4871 3363 4940 Quomodo
3382 4889 3502 4948 ergo

1917 4967 2081 5030 posset
2109 4958 2302 5028 aliquid
2343 4976 2652 5030 permanere,
2682 4961 2779 5016 nisi
2809 4977 2858 5016 tu
2884 4964 3159 5031 voluisses;
3189 4973 3276 5021 aut
3302 4971 3442 5039 quod
3465 4987 3500 5024 α

1917 5063 1961 5108 te
2005 5061 2231 5108 vocatum
2271 5070 2372 5107 non
2419 5062 2572 5119 esset,
2617 5057 3048 5112 conservaretur?
3087 5057 3268 5114 Parcis
3329 5071 3498 5116 autem

1917 5147 2165 5214 omnibus,
2191 5145 2426 5216 quoniam
2451 5155 2536 5200 tua
2561 5155 2696 5215 sunt,
2729 5143 2964 5216 Domine,
2989 5151 3078 5220 qui
3112 5153 3306 5206 animas
3333 5173 3494 5210 (tutus.

1915 5237 2090 5292 Bonus
2116 5238 2247 5291 enim
2283 5237 2490 5306 spiritus
2521 5247 2634 5291 tuus
2660 5247 2730 5291 est
2752 5239 2804 5290 in
2828 5237 3055 5292 omnibus
3085 5257 3106 5306 ;
3133 5251 3336 5312 propter
3364 5249 3500 5318 quod

1918 5344 1998 5381 eos
2019 5327 2104 5398 qui
2141 5337 2372 5381 exet-rant
2411 5328 2636 5399 partibus
2661 5329 2893 5400 corripis,
2924 5329 3053 5385 etde
3075 5329 3256 5404 quibus
3291 5341 3500 5409 peccant

1917 5421 2213 5487 admonens,
2243 5419 2536 5492 alloqueris,
2564 5431 2619 5475 ut
2645 5421 2820 5476 relicta
2863 5419 3056 5477 malitia
3097 5427 3306 5483 credant
3347 5433 3398 5486 in
3427 5435 3492 5498 re,

1919 5511 2135 5568 Domine
2163 5512 2318 5585 (Sap.
2353 5528 2429 5578 x1,
2455 5511 2527 5568 2‘2
2551 5530 2567 5582 ;
2588 5530 2683 5580 xu,
2713 5509 2792 5587 9).
2816 5513 2896 5570 Ad
2923 5515 3060 5572 hanc
3088 5519 3370 5593 benignam
3404 5535 3497 5597 pa-

1922 5607 2159 5662 tientiam
2186 5603 2304 5673 Dei,
2336 5605 2426 5676 qui
2456 5605 2576 5660 facit
2601 5607 2768 5662 solem
2789 5622 2940 5662 suum
2969 5612 3098 5667 oriri
3143 5628 3304 5686 super
3329 5611 3499 5674 bonos

1917 5706 1976 5754 et
2001 5697 2192 5764 malos,
2221 5705 2276 5754 et
2303 5697 2436 5767 pluit
2477 5711 2640 5768 super
2673 5697 2848 5767 iustos
2875 5709 2930 5755 et
2971 5701 3220 5776 injustos,
3251 5725 3348 5765 nos
3382 5711 3506 5764 imis

1985 5863 2003 5893 ι
2039 5857 2258 5927 Nonnulli
2279 5858 2486 5927 codices,
2529 5864 2779 5927 supererat
2805 5873 2824 5911 :
2846 5867 2901 5927 ut
2929 5861 3132 5927 vulgata
3153 5865 3204 5914 in
3233 5866 3498 5927 impressis.

1922 5932 1972 5974 ιιι
1996 5923 2326 5994 manuscriptis
2355 5929 2519 5972 tamen
2555 5921 2714 5973 Bibliis
2753 5926 2931 5975 nostris
2967 5921 3163 5988 legitur,
3197 5921 3406 5994 superat.
3451 5935 3499 5982 In

1925 5999 2101 6052 grtt‘co,
2126 5991 2351 6049 pareslta.
