4028 6494
591 455 696 512 367

588 570 803 627 tandam
847 568 1089 625 Christus
1115 564 1356 622 hortatur
1387 586 1400 622 :
1433 575 1493 622 ut
1540 566 1815 623 vindicare
1841 572 2051 621 nostras
2079 563 2165 617 in-

581 664 749 734 jurias
806 663 1145 731 negligamus,
1180 669 1233 715 et
1263 658 1655 714 benefaciamns
1681 662 1764 712 nis
1793 658 1881 728 qui
1911 673 2008 712 nos
2034 656 2166 711 ode-

584 765 731 820 runt,
764 766 817 806 ut
864 755 1028 807 simus
1062 752 1299 822 perfemi.
1334 751 1470 805 sicut
1514 752 1672 805 Pater
1702 759 1884 804 noster
1932 749 2167 804 caelestis

582 848 850 917 perfectus
898 855 977 898 est
1008 844 1219 913 (Manli.
1252 860 1300 908 v,
1332 840 1538 912 4448).
1574 840 1761 896 Valere
1795 848 1971 895 autem
2013 839 2167 894 nobis

581 947 637 995 et
663 938 726 992 ad
761 936 1075 993 remittenda
1103 936 1276 990 debita
1314 943 1651 1004 peccatorum
1676 943 2002 999 nostrorum,
2024 930 2167 1002 quod

579 1032 700 1088 aliis
742 1033 840 1086 ista
890 1031 1143 1083 ultionum
1187 1028 1362 1082 debita
1406 1027 1725 1092 relaxamus,
1772 1035 1827 1081 et
1872 1023 2163 1080 cavendum

580 1138 720 1188 esse,
754 1139 820 1176 ne
844 1135 888 1175 sn
936 1123 1035 1176 hoc
1064 1136 1169 1173 non
1214 1118 1515 1181 fecerimus,
1550 1133 1648 1173 nec
1688 1116 1842 1172 nobis
1870 1116 2166 1187 deprecan-

579 1217 719 1271 tibus
768 1216 966 1285 peccati
1012 1213 1267 1283 obligatio
1314 1213 1633 1279 remittatur,
1665 1210 1817 1265 sicin
1846 1210 1947 1265 illis
1989 1208 2166 1263 Libris

577 1307 849 1362 veteribus
892 1306 1148 1375 scriptum
1204 1315 1286 1359 est
1318 1322 1331 1357 :
1364 1304 1462 1371 Qui
1502 1302 1746 1356 vindicari
1786 1302 1912 1369 vult,
1953 1301 2165 1355 inveniet

575 1398 845 1452 vindictam
866 1415 897 1451 a
921 1397 1046 1464 Deo,
1077 1408 1121 1451 et
1152 1406 1355 1465 peccata
1388 1396 1527 1451 illius
1551 1396 1858 1464 conﬁrmans
1886 1394 2162 1463 confirma-

574 1492 662 1545 bit.
694 1493 937 1563 Relinque
965 1490 1194 1562 proximo
1221 1500 1307 1543 tuo
1324 1490 1528 1557 nocenti
1556 1498 1623 1555 te,
1650 1497 1696 1543 et
1720 1504 1855 1541 nunc
1875 1487 2163 1559 deprecanti

574 1585 663 1638 tibi
683 1594 886 1653 peccata
922 1584 1196 1637 solventur.
1236 1580 1404 1635 Homo
1432 1580 2033 1643 Itominireservatiram,
2066 1588 2163 1633 eta

571 1675 793 1730 Domino
819 1675 996 1745 quierit
1045 1674 1289 1727 medelam
1333 1672 1539 1726 carnis?
1557 1670 1626 1726 In
1652 1672 1903 1725 hominem
1947 1670 2161 1724 similem

570 1766 664 1820 sibi
689 1782 789 1819 non
815 1765 961 1819 liabet
985 1764 1403 1829 misericordiam,
1426 1771 1474 1816 et
1494 1778 1586 1833 pro
1613 1762 1827 1832 peccatis
1846 1761 1951 1815 suis
1980 1760 2162 1829 depre-

570 1864 716 1909 catur
748 1854 1057 1907 Dominum?
1089 1862 1135 1908 et
1162 1854 1270 1922 ipse
1298 1852 1417 1905 dum
1447 1868 1566 1906 caro
1586 1852 1670 1918 sit,
1699 1860 1914 1905 reservat
1934 1851 2085 1915 iram,
2112 1860 2160 1902 et

567 1948 1030 2018 repmpitiationem
1082 1946 1254 2017 petita
1281 1942 1545 1997 Domino?
1572 1951 1616 1996 et
1650 1943 1760 2012 quis
1802 1941 2025 1996 exorabit
2067 1956 2158 2009 pro

574 2042 791 2113 peccatis
814 2040 953 2093 illius
972 2036 1159 2111 (Eccli.
1183 2052 1372 2104 xxvnt,
1405 2035 1563 2107 1-5)?

636 2133 863 2189 CAPUT
880 2129 1263 2186 XXIX.—Jam
1286 2145 1415 2185 vero
1431 2130 1497 2184 de
1514 2143 1678 2184 uxore
1694 2143 1801 2183 non
1818 2127 2149 2195 dimittenda,

563 2226 691 2299 quid
720 2225 862 2280 aliud
883 2267 898 2291 ,
924 2224 1007 2279 vel
1033 2224 1158 2295 quid
1180 2224 1532 2294 Opportunius
1557 2238 1625 2278 ex
1664 2223 1769 2277 illis
1804 2220 1979 2277 Libris
2001 2237 2152 2277 com-

563 2332 882 2383 memorem,
908 2330 1066 2387 quam
1092 2314 1145 2369 id
1183 2314 1322 2369 unde
1364 2313 1564 2369 Judaeis
1590 2313 1658 2369 de
1683 2313 1783 2369 hac
1810 2330 1870 2369 re
1913 2314 2147 2369 interro-

561 2408 805 2479 gantibus
819 2407 1074 2461 Dominus
1096 2404 1208 2476 ipse
1225 2403 1527 2474 respondit?
1545 2403 1675 2459 Cum
1694 2404 1838 2459 enim
1856 2411 2155 2473 quaererent

558 2507 735 2554 utrum
763 2498 945 2552 liceret
985 2509 1319 2566 quacumque
1346 2509 1412 2549 ex
1438 2508 1599 2548 causa
1617 2492 1883 2548 dimittere
1906 2508 2148 2561 uxorem,

556 2591 634 2645 ait
661 2589 765 2644 illis
797 2607 811 2644 :
839 2587 960 2642 Non
986 2587 1173 2659 legistis
1196 2587 1315 2657 quia
1354 2586 1438 2654 qui
1472 2585 1588 2656 fecit
1615 2583 1677 2637 ab
1717 2584 1861 2638 initio
1882 2585 1925 2646 ί,
1946 2600 2150 2638 mascu-

558 2685 665 2739 lum
693 2692 739 2737 et
773 2683 1012 2754 feminam
1052 2681 1168 2753 fecit
1195 2696 1298 2747 eos,
1322 2689 1367 2733 et
1389 2679 1537 2744 dixit,
1559 2675 1781 2748 Propter
1815 2677 1909 2732 hoc
1939 2677 2152 2733 dimittet

556 2776 707 2829 homo
749 2783 944 2845 patrem
983 2782 1027 2826 et
1066 2781 1299 2837 matrem,
1338 2778 1385 2824 et
1426 2770 1701 2824 adhaerebit
1744 2770 1894 2823 uxori
1937 2785 2075 2835 suae;
2103 2778 2151 2825 et

557 2875 701 2921 erunt
730 2866 833 2919 duo
862 2867 915 2919 in
937 2880 1088 2918 carne
1132 2880 1256 2918 una.
1288 2861 1472 2932 Itaque
1490 2863 1607 2932 jam
1635 2878 1737 2915 non
1756 2870 1873 2914 sunt
1911 2860 2033 2928 duo,
2060 2860 2150 2914 sed

560 2974 668 3013 una
689 2974 828 3012 caro.
862 2956 1008 3023 Quod
1033 2972 1151 3028 ergo
1176 2954 1316 3009 Deus
1338 2954 1622 3025 conjunxit,
1642 2953 1791 3007 homo
1812 2969 1912 3006 non
1929 2961 2145 3025 separet.

553 3049 735 3107 Ecch
742 3049 875 3103 udaei
893 3063 957 3103 ex
971 3047 1121 3102 libris
1139 3046 1308 3117 Moysi
1333 3045 1721 3099 convincuntur
1742 3058 1847 3098 non
1874 3058 1995 3098 esse
2017 3058 2151 3098 uxo-

553 3158 672 3199 rem
718 3140 1124 3207 dimittendam,
1169 3139 1262 3209 qui
1306 3136 1597 3192 secundum
1643 3136 1969 3191 voluntatem
2015 3136 2148 3207 legis

550 3232 722 3306 Moysi
764 3231 1158 3286 arbitrabantur
1181 3244 1240 3284 se
1267 3228 1464 3297 facere,
1491 3242 1615 3283 cum
1662 3227 2012 3283 dimitterent.
2056 3227 2145 3283 Si-

552 3328 670 3384 mul
697 3336 753 3383 et
798 3324 927 3380 illud
974 3324 1081 3392 hic,
1114 3324 1231 3392 ipso
1273 3320 1487 3376 Christo
1529 3329 1838 3386 attestante,
1871 3320 2149 3392 cognosci-

556 3437 700 3490 mus,
730 3420 901 3475 Deum
927 3416 1121 3473 fecisse
1150 3425 1205 3472 et
1228 3414 1571 3485 coniunxisse
1601 3414 1892 3469 masculum
1912 3423 1967 3469 et
1996 3412 2148 3468 femi-

559 3530 687 3571 nam
722 3511 908 3583 :quod
952 3509 1228 3567 Manichaei
1266 3508 1510 3580 negando
1549 3508 1856 3575 damnant’,
1888 3522 1993 3562 non
2032 3507 2143 3577 iam

549 3605 799 3678 Moyseos
826 3603 984 3671 libro,
1000 3602 1094 3657 sed
1120 3599 1318 3657 Christi
1346 3599 1637 3670 Evangelia
1660 3600 1989 3655 resistentes.
2016 3599 2147 3654 Por-

552 3717 617 3759 ro
667 3711 847 3757 autem
894 3699 939 3754 si
986 3695 1130 3768 quod
1172 3690 1305 3766 ipsi
1350 3696 1636 3765 opinantur
1690 3704 1746 3749 et
1812 3693 2142 3764 praedicant,

552 3810 740 3852 verum
783 3800 888 3860 est,
936 3790 1209 3846 diabolum
1255 3786 1451 3844 fecisse
1479 3796 1637 3857 atque
1662 3786 1901 3856 iunxisse
1931 3802 2144 3843 mascu-

552 3888 665 3943 lum
710 3893 765 3941 et
804 3884 1055 3940 feminam
1089 3901 1103 3937 :
1136 3898 1240 3953 qua
1281 3880 1572 3937 calliditate
1613 3880 1872 3936 diabolica
1917 3879 2144 3937 Faustus

554 3975 901 4049 reprehendit
946 3973 1164 4045 Moysen
1214 3982 1464 4043 tanquam
1510 3971 1757 4042 coniugia
1805 3972 2144 4028 dirimentem

553 4086 652 4144 per
684 4068 921 4125 libellum
962 4065 1209 4137 repudii,
1255 4073 1309 4119 et
1354 4063 1537 4118 laudat
1579 4062 1849 4118 Christum
1891 4072 2143 4135 tanquam

554 4163 689 4222 illud
716 4160 978 4234 eiusmodi
1018 4159 1288 4215 vinculum
1320 4158 1724 4211 confirmantem
1773 4173 1838 4211 cx
1877 4167 2145 4227 praecepto

552 4258 859 4328 Evangelii;
887 4270 1008 4310 cum
1038 4253 1220 4321 utique
1234 4249 1526 4309 secundum
1555 4263 1701 4303 suam
1733 4250 1945 4303 stultam
1978 4249 2145 4303 sacri-

550 4352 831 4422 legamque
869 4345 1189 4403 sententiam
1213 4342 1431 4414 Moysen
1465 4340 1683 4395 laudare
1712 4339 1953 4395 debuerit
1991 4355 2145 4411 sepa-

552 4451 771 4499 rantem
825 4438 966 4509 quod
1016 4436 1217 4491 fecerat
1255 4443 1310 4490 et
1357 4433 1711 4502 coniunxerat
1758 4431 2033 4498 diabolus,
2091 4440 2146 4488 et

551 4533 824 4590 Christum
863 4531 1169 4598 vituperare
1208 4524 1404 4579 diaboli
1448 4524 1757 4593 figmentum
1798 4532 1852 4577 ct
1882 4523 2141 4593 ligamen-

549 4634 664 4681 tum
690 4618 1050 4679 solidantem?
1079 4618 1197 4674 Jam
1241 4616 1366 4671 illud
1395 4616 1663 4686 quomodo
1684 4617 1853 4686 aperit
1899 4617 2147 4688 Magister

551 4717 747 4785 bonus,
779 4731 875 4771 cur
904 4715 1017 4784 ipse
1046 4710 1277 4781 Moyses,
1306 4724 1372 4765 ex
1401 4708 1552 4779 cujus
1578 4708 1714 4763 libro
1742 4709 1941 4779 prolata
1972 4719 2053 4764 est
2078 4710 2145 4766 de

549 4813 722 4885 prima
756 4808 1134 4880 coniunctione
1178 4803 1399 4859 masculi
1432 4812 1484 4857 et
1519 4802 1731 4857 femina:
1756 4810 1862 4856 tam
1887 4812 2067 4856 sancta
2092 4811 2146 4858 et

550 4906 697 4962 nulla
723 4902 1058 4972 separatione
1091 4896 1337 4953 violanda
1367 4894 1583 4950 castitas
1610 4894 1925 4964 coniugalis,
1961 4903 2141 4963 postea

548 5000 855 5071 permiserit
879 4995 1149 5051 dimittere
1174 4982 1432 5046 uxorem?
1458 4988 1589 5043 Nam
1643 5003 1763 5043 cum
1792 4988 1865 5043 illi
1919 5003 2143 5058 respon-

550 5091 773 5155 disserit,
784 5089 919 5153 Quid
933 5103 1048 5157 ergo
1066 5084 1269 5155 Moyses
1284 5081 1539 5135 mandavit
1556 5080 1669 5133 dari
1683 5079 1904 5134 libellum
1920 5080 2139 5150 repudii,

549 5194 596 5239 et
618 5182 892 5237 dimittere?
912 5178 985 5231 ait
1002 5174 1384 5240 illis,Quoniam
1405 5171 1609 5243 Moyses
1627 5172 1693 5224 ad
1715 5172 1957 5225 duritiam
1976 5173 2145 5225 cordis

548 5279 700 5331 vestri
717 5272 938 5346 permisit
954 5268 1093 5323 vobis
1119 5266 1366 5319 dimittere
1385 5280 1565 5317 uxores
1587 5273 1780 5316 vestras
1797 5262 2008 5332 (Matth.
2025 5280 2141 5327 XIX,

549 5367 693 5435 4-8).
716 5366 825 5419 Hoc
839 5372 921 5419 est
945 5360 1083 5432 quod
1100 5356 1254 5430 paulo
1279 5365 1402 5411 ante
1431 5354 1771 5425 exposuimus
1787 5352 2003 5426 (Supra,
2022 5371 2137 5424 cap.

551 5460 665 5532 26).
696 5458 903 5525 Quanta
946 5456 1089 5510 enim
1130 5451 1325 5507 duritia
1374 5456 1508 5515 erat,
1560 5462 1678 5518 quae
1719 5462 1819 5501 nec
1847 5462 1939 5517 per
1976 5447 2146 5502 libelli

552 5549 1034 5619 interpositionem,
1068 5544 1156 5600 ubi
1184 5540 1525 5597 dissuadendi
1564 5540 1711 5594 locus
1734 5537 1891 5608 iustis
1932 5547 1986 5593 et
2014 5554 2142 5608 pru-

535 5712 541 5719 ~
616 5706 635 5737 ι
670 5710 804 5761 Lm“,
827 5699 910 5763 qui
932 5696 1044 5765 fecit
1066 5695 1304 5765 hominem
1320 5693 1379 5765 ab
1577 5694 1698 5765 Editi
1721 5706 1841 5744 vero
1864 5694 1944 5743 alii
1970 5702 2021 5746 et
2033 5702 2141 5765 Mss.
2226 5729 2229 5733 ›

553 5756 942 5819 consentientes
960 5772 1121 5824 graeco
1139 5772 1273 5824 _non__
1289 5759 1487 5824 habent
1498 5756 1778 5824 nominem;
1802 5770 1911 5824 qua:
1954 5772 2060 5824 vpr
2082 5761 2145 5809 ab

553 5817 767 5902 antiquis
802 5827 949 5902 etiam
961 5817 1356 5872 'corbeieusibus
1394 5820 1554 5870 Bibliis
1586 5817 1801 5884 Vulgatze
1819 5817 1943 5871 'sive
1983 5821 2145 5873 latinae

554 5888 782 5944 editionis
803 5888 961 5937 abest.

618 5955 641 5987 ⁸
671 5960 724 6003 tn
743 5957 852 6002 Mss.
876 5956 929 6001 et
950 5946 1077 6010 apud
1099 5953 1220 6007 Am.,
1244 5942 1552 5998 damnantur.

1410 448 1683 508 CONTRA
1719 444 2044 508 FAUSTUM
2082 440 2529 515 MANICHIEUM,
2571 446 2630 503 S.
2671 441 3036 529 AUGUSTINI

3752 443 3853 502 368

2276 562 2522 619 dentibus
2547 564 2895 631 tribuebatur,
2912 562 3044 620 solvi
3058 569 3111 617 et
3121 560 3263 619 flecti
3282 566 3467 634 posset
3497 556 3566 617 ad
3590 561 3857 634 recipien-

2276 656 2396 711 dam
2413 658 2493 711 vel
2516 658 2867 713 revocandam
2883 657 3110 727 coniugii
3127 656 3438 712 charitatem
3452 657 3475 710 ?
3491 654 3565 711 Ita
3581 648 3865 727 Dominus,

2276 748 2400 819 quid
2439 749 2547 804 Lex
2588 759 2641 804 et
2685 750 2841 804 bonis
2881 749 3213 820 prmciperet,
3243 748 3480 803 et.duris
3504 748 3854 818 permitteret,

2277 839 2514 909 ejusdem
2558 841 2713 909 Legis
2760 842 3066 896 testimonio
3108 840 3431 906 declaravit;
3481 854 3603 896 cum
3650 850 3705 897 et
3752 855 3859 897 non

2275 933 2641 989 dimittendam
2678 950 2901 990 uxorem
2926 950 2991 989 ex
3017 934 3202 990 eadem
3232 933 3506 1004 Scriptura
3534 949 3860 990 commemo-

2276 1034 2387 1079 rata
2433 1025 2806 1096 coniunctione
2848 1025 3071 1082 masculi
3100 1033 3154 1081 et
3196 1025 3407 1081 femina:
3450 1026 3677 1092 monuit,
3721 1025 3861 1080 divi-

2273 1135 2500 1190 namque
2529 1121 2895 1175 auctoritatem
2921 1118 3159 1190 eiusdem
3183 1118 3573 1189 coniunctionis
3591 1119 3859 1187 exposuit,

2273 1221 2327 1268 ct
2377 1212 2608 1267 dandum
2659 1213 2891 1268 libellum
2953 1211 3161 1283 repudii
3204 1219 3423 1281 propter
3487 1210 3736 1265 duritiam
3779 1210 3861 1264 vel

2272 1304 2521 1360 domandi
2551 1305 2634 1359 vel
2663 1305 2906 1359 indomiti
2934 1305 3113 1360 cordis
3138 1304 3393 1360 ostendit.

2341 1398 2567 1454 CAPUT
2584 1397 3187 1469 XXX.——Quapr0pter,
3210 1415 3332 1454 cum
3352 1399 3529 1454 omnia
3555 1398 3645 1455 illa
3674 1398 3860 1454 excel-

2271 1489 2433 1545 lentia
2462 1500 2727 1560 praecepta
2767 1489 2998 1558 Domini,
3032 1506 3151 1560 quae
3189 1490 3458 1546 veteribus
3505 1488 3858 1545 Hebraeorum

2268 1580 2443 1637 Libris
2469 1583 2733 1637 contraria
2762 1582 2993 1637 Faustus
3020 1582 3233 1637 volebat
3260 1582 3629 1649 ostendere,in
3652 1584 3860 1639 eisdem

2268 1688 2479 1743 quoque
2520 1673 2692 1728 Libris
2746 1673 3133 1739 inveniantur;
3184 1673 3327 1729 unde
3393 1675 3538 1730 venit
3600 1674 3863 1729 Dominus

2266 1761 2463 1833 Legem
2501 1778 2607 1818 non
2638 1764 2865 1831 solvere,
2904 1764 2998 1820 sed
3024 1765 3340 1835 adimplere,
3368 1766 3471 1820 nisi
3500 1774 3556 1820 ut
3583 1769 3859 1835 exceptis‘

2267 1856 2647 1924 promissorum
2679 1857 2885 1928 ﬁguris,
2914 1873 3032 1928 quae
3068 1856 3273 1913 reddita
3300 1859 3524 1913 veritate
3554 1859 3864 1930 adimplcta:

2266 1953 2422 2015 atque
2434 1947 2655 2003 sublatae
2669 1957 2813 2016 sunt,
2830 1950 2946 2019 ipsa
2960 1963 3169 2018 quoque
3184 1959 3465 2019 praecepta,
3487 1965 3583 2019 per
3602 1966 3719 2021 quas
3748 1951 3864 2007 Lex

2264 2038 2351 2092 illa
2370 2049 2549 2094 sancta
2567 2048 2621 2095 et
2634 2040 2777 2110 iusta
2808 2050 2863 2096 et
2886 2041 3024 2096 bona
3054 2048 3135 2096 est
3164 2040 3457 2115 (Rom.vn,
3481 2040 3592 2115 12),
3626 2059 3732 2099 non
3770 2060 3864 2115 per

2263 2142 2580 2188 vetustatem
2598 2134 2785 2189 littera:
2793 2134 3051 2203 iubentis,
3072 2134 3326 2190 etdelicta
3340 2136 3690 2205 superborum
3706 2146 3863 2193 reatu

2261 2226 2423 2280 etiam
2459 2226 2904 2295 prmvaricationis
2949 2228 3233 2297 augentis,
3288 2228 3382 2282 sed
3424 2243 3520 2298 per
3566 2230 3863 2287 novitatem

2261 2319 2476 2388 spiritus
2515 2319 2813 2389 adiuvantis
2835 2362 2850 2388 ,
2883 2328 2935 2375 et
2980 2319 3258 2374 humilium
3290 2319 3681 2377 confessionem
3710 2323 3863 2379 salu-

2261 2413 2331 2469 tis
2357 2414 2523 2485 gratia
2557 2414 2851 2480 liberantis,
2870 2414 3222 2485 implerentur
3246 2415 3299 2470 in
3329 2414 3520 2469 nobis?
3544 2415 3677 2483 Quia
3704 2432 3867 2473 reve-

2258 2519 2338 2572 ra,
2354 2505 2490 2561 sicut
2504 2508 2681 2561 omnia
2702 2507 2801 2561 ista
2821 2514 3083 2576 praecepta
3099 2506 3344 2561 sublimia
3361 2521 3461 2563 nec
3478 2506 3531 2561 in
3548 2507 3653 2562 illis
3682 2507 3865 2564 Libris

2262 2600 2529 2657 veteribus
2543 2599 2768 2667 desunt;
2798 2600 2868 2654 ita
2891 2600 3000 2655 illic
3024 2600 3145 2655 finis
3169 2614 3276 2670 quo
3294 2599 3594 2656 referantur
3614 2602 3867 2657 occultus

2258 2695 2647 2765 est:qnamvis
2704 2694 2999 2751 secundum
3049 2709 3171 2749 eum
3214 2694 3457 2751 viverent
3507 2696 3716 2762 sancti,
3771 2695 3864 2766 qui

2257 2784 2486 2841 futuram
2517 2786 2632 2857 eius
2670 2787 3049 2842 revelationem
3090 2785 3364 2866 videbant,
3407 2795 3461 2841 et
3501 2792 3600 2857 pro
3642 2795 3867 2859 tempo-

2256 2894 2376 2933 rum
2402 2879 2728 2949 proprietate
2754 2881 2841 2935 vel
2880 2879 3189 2950 prophetice
3217 2878 3482 2951 tegebant,
3513 2879 3598 2936 vel
3623 2880 3868 2951 prophe-

2256 2970 2362 3026 tice
2392 2978 2590 3026 tectum
2616 2974 2887 3039 sapienter
2917 2971 3311 3042 intelligebant.

2323 3063 2546 3120 CAPUT
2567 3064 3243 3135 XXXl.—Denique,quod
3260 3080 3366 3120 non
3383 3072 3586 3121 temere
3601 3063 3867 3134 dixerim,

2256 3158 2439 3212 nescio
2483 3164 2658 3211 utrum
2687 3158 2967 3227 quisquam
3002 3158 3054 3211 in
3085 3156 3192 3211 illis
3231 3155 3405 3212 Libris
3432 3155 3632 3212 invenit
3654 3171 3867 3213 nomen

2254 3251 2406 3319 regni
2433 3251 2711 3316 cmlorum,
2744 3250 2885 3321 quod
2914 3258 3020 3304 tam
3059 3250 3252 3306 crebro
3296 3253 3539 3306 nominat
3568 3251 3866 3308 Dominus.

2254 3342 2460 3397 Dicitur
2483 3342 2697 3413 quidem
2725 3342 2797 3397 ibi
2826 3361 2839 3397 :
2867 3341 3079 3414 Diligite
3105 3345 3426 3414 sapientiam,
3449 3354 3504 3398 ut
3530 3346 3583 3399 in
3597 3355 3867 3401 aeternum

2253 3434 2471 3505 regnetis
2494 3433 2647 3503 (Sap.
2678 3450 2749 3500 vi,
2778 3434 2891 3505 2‘2).
2926 3434 2994 3488 Et
3016 3435 3130 3504 ipsa
3160 3434 3265 3489 vita
3315 3444 3515 3491 aeterna
3542 3436 3584 3490 si
3612 3451 3725 3491 non
3752 3437 3872 3492 illic

2254 3527 2307 3581 in
2336 3527 2615 3582 manifesto
2641 3526 3159 3597 prmdicareturmon
3188 3527 3393 3583 diceret
3415 3529 3668 3584 Dominus
3686 3530 3871 3585 etiam

2253 3620 2409 3675 malis
2446 3618 2645 3675 Iudicis
2677 3638 2690 3674 :
2722 3619 3033 3674 Scrutantini
3059 3620 3375 3689 Seripturas,
3405 3620 3459 3674 in
3497 3620 3675 3692 quibus
3705 3631 3873 3692 puta-

2254 3713 2317 3766 tis
2342 3728 2428 3766 vos
2449 3712 2603 3765 vitam
2643 3721 2881 3766 trternam
2906 3713 3123 3779 habere;
3149 3713 3276 3784 ipsa:
3310 3714 3645 3768 testimonium
3672 3716 3871 3786 perhi-

2253 3805 2368 3859 bent
2393 3805 2456 3859 de
2484 3821 2562 3859 me
2589 3803 2767 3876 (Joan.
2797 3821 2853 3871 v,
2887 3803 2998 3875 '59).
3032 3804 3148 3873 Quo
3188 3805 3329 3860 enim
3360 3806 3460 3861 nisi
3486 3806 3553 3860 ad
3590 3804 3697 3861 hoc
3733 3823 3871 3878 per-

2253 3898 2406 3966 tinet,
2452 3898 2594 3968 quod
2622 3898 2691 3953 ibi
2723 3899 2977 3968 scriptum
3021 3907 3124 3964 est,
3156 3898 3277 3954 Non
3308 3901 3517 3967 moriar,
3550 3900 3638 3956 sed
3660 3902 3869 3968 vivam,

2252 4001 2298 4046 et
2328 3992 2571 4046 enarrabo
2601 4008 2754 4062 opera
2793 3990 2998 4045 Domini
3026 3990 3196 4064 (Psal.
3230 4008 3393 4059 cxvn,
3437 3990 3564 4065 l7);
3597 4001 3669 4059 et,
3716 3993 3874 4049 Illu-

2254 4087 2389 4139 mina
2401 4085 2573 4139 oculos
2590 4101 2746 4151 meos,
2766 4101 2829 4139 ne
2853 4101 3073 4155 unquam
3095 4084 3403 4139 obdormiam
3425 4087 3479 4139 in
3501 4095 3658 4141 morte
3673 4087 3872 4159 (Psal.

2254 4194 2348 4246 xtl,
2376 4179 2461 4247 4);
2494 4186 2567 4242 et,
2598 4176 2863 4231 Justorum
2901 4179 3085 4232 anima:
3111 4178 3164 4231 in
3190 4195 3346 4233 manu
3370 4177 3467 4232 Dei
3508 4188 3645 4246 sunt,
3674 4191 3731 4234 et
3760 4198 3880 4237 non

2255 4280 2422 4340 tanget
2462 4270 2577 4323 illos
2604 4278 2946 4323 tormentum:
2975 4278 3028 4325 et
3060 4270 3217 4339 paulo
3247 4280 3386 4341 post,
3420 4270 3511 4325 Illi
3535 4281 3709 4325 autem
3744 4282 3881 4329 sunt

2252 4361 2305 4414 in
2333 4376 2484 4431 pace;
2509 4370 2555 4412 et
2579 4360 2622 4413 si
2650 4376 2821 4413 coram
2836 4360 3121 4414 hominibus
3146 4370 3391 4415 tormenta
3413 4362 3550 4432 passi
3576 4372 3727 4430 sunt,
3746 4380 3882 4434 spes

2252 4453 2455 4507 illorum
2470 4451 2848 4505 immortalitate
2863 4452 3011 4521 plena
3025 4461 3119 4519 est;
3132 4462 3177 4506 et
3190 4453 3241 4505 in
3258 4453 3433 4523 paucis
3449 4452 3633 4517 vexati,
3652 4453 3717 4507 in
3738 4454 3885 4508 muf-

2255 4546 2316 4600 tis
2333 4545 2452 4600 bene
2479 4545 2809 4615 disponentur
2834 4544 2985 4616 (Sap.
3005 4561 3083 4612 Ill,
3106 4544 3211 4615 1-5)
3241 4561 3255 4599 :
3289 4545 3407 4599 etin
3425 4544 3532 4597 alio
3554 4544 3703 4611 loco,
3722 4543 3763 4597 J’
3772 4547 3887 4601 usti

2254 4649 2419 4693 autem
2438 4640 2490 4692 in
2512 4646 2807 4709 perpetuum
2828 4637 3009 4702 vivent,
3023 4646 3071 4687 et
3090 4633 3231 4704 apud
3262 4632 3537 4688 Dominum
3562 4645 3636 4689 est
3659 4654 3887 4694 merces

2254 4752 2445 4800 eorum,
2477 4742 2521 4787 et
2548 4731 2782 4803 cogitatio
2813 4745 2983 4783 eorum
3033 4729 3171 4798 apud
3191 4727 3509 4782 Altissimum
3527 4746 3547 4794 ;
3572 4730 3692 4783 ideo
3727 4733 3892 4787 acci-

2254 4828 2389 4896 pient
2434 4841 2642 4896 regnum
2682 4821 2877 4877 decoris
2899 4831 2945 4874 et
2971 4820 3206 4875 diadema
3242 4822 3428 4892 speciei
3465 4822 3527 4875 de
3554 4839 3724 4878 manu
3762 4826 3891 4880 Do-

2253 4917 2570 4987 mini(1d.v,
2601 4912 2838 4986 46,17)?
2865 4912 2989 4968 [iam
3006 4922 3059 4967 et
3078 4913 3181 4968 alia
3206 4914 3526 4980 multa,sive
3560 4918 3893 4986 apertissi-

2254 5025 2339 5064 ma
2359 5010 2469 5064 sive
2490 5008 2839 5073 subobscura,
2866 5005 3209 5060 inveniuntur
3235 5005 3342 5060 illic
3388 5007 3699 5062 testimonia
3741 5011 3894 5066 vita:

2254 5111 2489 5157 arternre.
2504 5100 2571 5155 Et
2597 5099 2663 5155 de
2682 5100 2793 5167 ipsa
2816 5112 3099 5167 corporum
3123 5099 3519 5154 resurrectione
3537 5115 3641 5154 non
3668 5108 3897 5159 tacue-

2253 5203 2378 5250 runt
2404 5192 2712 5263 Prophctzc.
2732 5190 2885 5246 Unde
2926 5189 3179 5245 Pharismi
3206 5191 3490 5246 adversum
3523 5190 3899 5252 Sadducaeos

2253 5302 2371 5339 eam
2410 5302 2516 5337 nun
2539 5284 2839 5350 credentes,
2866 5284 3127 5339 acerrime
3147 5285 3504 5355 confligebant
3530 5304 3543 5340 :
3568 5288 3724 5355 quod
3762 5305 3899 5347 non

2253 5376 2426 5432 solum
2452 5374 2505 5429 in
2526 5374 2744 5429 Actibus
2759 5374 3141 5444 Apostolorum
3164 5377 3453 5441 canonicis,
3471 5392 3605 5448 quos
3629 5378 3731 5433 isti
3766 5399 3884 5448 non

2254 5468 2540 5537 accipiunt,
2575 5482 2643 5521 ne
2682 5465 2749 5521 de
2778 5464 3011 5520 adventu
3053 5466 3163 5520 veri
3209 5466 3491 5534 Paraclcti,
3527 5483 3693 5537 quem
3736 5488 3901 5542 pro-

2254 5560 2399 5615 misit
2420 5558 2694 5623 Dominus,
2729 5558 3132 5625 convincantur,
3151 5558 3431 5615 evidenter
3461 5568 3693 5633 apparet
3724 5564 3901 5635 (Act.

2255 5666 2406 5716 χχιιι,
2436 5649 2580 5720 6-9);
2604 5664 2789 5705 verum
2830 5651 2989 5704 etiam
3018 5650 3071 5703 in
3101 5650 3413 5722 Evangelio,
3444 5650 3538 5707 ubi
3564 5652 3611 5707 ei
3638 5667 3909 5728 prono-

2256 5751 2389 5799 nunt
2417 5741 2694 5797 Sadduczci
2724 5742 3074 5811 qutestionem
3104 5741 3171 5798 de
3198 5744 3442 5809 muliere,
3472 5758 3593 5813 quae
3630 5758 3904 5818 septem

2254 5836 2504 5894 fratribus
2524 5834 2828 5905 singillatim
2847 5846 3118 5906 nupserat,
3140 5852 3260 5891 cum
3297 5836 3487 5907 ineius
3515 5839 3913 5906 connubium

2322 5942 2339 5974 ι
2379 5947 2500 6002 Am.,
2523 5936 2619 5991 nisi
2641 5940 2691 5989 ut
2713 5948 2776 5990 ex
2792 5936 3063 6004 prwceptis.
3087 5942 3183 6002 Er.,
3206 5936 3301 5990 nisi
3322 5945 3376 5991 ut
3395 5934 3653 6004 perceptis.

3830 6040 3913 6080 Κ
3964 6086 3979 6095 ι.
