4052 6462
255 524 385 580 alter
410 518 567 576 alteri
593 515 842 575 morienti
889 513 1228 580 succederet,
1259 513 1533 583 cujusnam
1571 527 1754 568 eorum
1785 513 1838 568 in

257 603 644 674 resurrectione
673 627 807 667 uxor
840 617 983 666 esset
1013 607 1187 664 futura
1214 606 1425 678 (Matth.
1450 621 1591 670 χχιι,
1617 603 1833 679 25-28).

257 709 484 768 Proinde
527 705 848 764 testimoniis
899 704 1020 759 vitae
1077 712 1290 757 :eternae
1339 709 1394 757 et
1431 699 1840 756 resurrectionis

256 810 590 859 mortuorum
633 797 866 853 abundat
906 796 993 852 illa
1018 795 1291 865 Scriptura
1319 812 1332 847 :
1364 793 1460 849 sed
1488 791 1592 848 hoc
1620 807 1837 860 nomen,

256 893 305 948 id
330 901 413 948 est
441 904 670 959 regnum
699 888 978 953 caelorum,
1009 887 1076 940 de
1106 885 1251 940 nullo
1280 883 1403 939 inde
1433 884 1553 938 loco
1593 884 1723 939 mihi
1749 898 1839 938 oc-

257 983 453 1044 currit;
483 981 589 1036 hoc
639 980 784 1034 enim
827 977 1040 1049 proprie
1083 976 1315 1048 pertinet
1357 975 1424 1030 ad
1465 975 1842 1030 revelatiouem

256 1073 383 1131 Novi
405 1072 570 1129 Testa
578 1071 764 1138 menti,
779 1071 900 1142 quia
914 1085 975 1125 ea
988 1083 1210 1139 corpora
1228 1083 1348 1139 quae
1375 1077 1584 1123 terrena
1603 1065 1831 1132 fuerant,

259 1163 554 1220 mutatione
583 1163 671 1217 illa
711 1177 868 1234 quam
918 1160 1112 1216 Paulus
1162 1159 1396 1231 apertius
1433 1164 1840 1224 commemorat,

261 1237 310 1312 in
336 1256 733 1311 resurrectione
772 1255 900 1310 fient
935 1253 1231 1325 spiritualia
1260 1253 1311 1325 (ι
1344 1251 1460 1308 Cor.
1485 1267 1582 1318 xv,
1607 1247 1841 1322 4244),

260 1364 322 1406 ac
346 1363 443 1419 per
485 1347 591 1404 hoc
625 1347 884 1414 cmlestia,
919 1347 975 1401 in
999 1345 1192 1417 quibus
1219 1345 1587 1416 possideamus
1615 1358 1843 1415 regnum

262 1441 537 1502 malorum.
567 1439 722 1509 Quod
747 1441 827 1496 ori
857 1439 972 1511 ejus
997 1439 1158 1495 etiam
1185 1437 1570 1494 nominandum
1595 1435 1844 1493 servaba-

1571 395 1776 455 LIBER
1815 396 2094 456 VIGESIM
2105 397 2209 458 US.

3421 418 3532 477 370

1949 522 2070 583 tur,
2112 529 2269 585 quem
2319 530 2500 589 regem
2543 519 2610 575 ad
2656 520 2957 593 regendos,
2987 531 3042 581 et
3085 527 3418 588 sacerdotem
3465 534 3535 590 ad

1947 608 2352 665 sanctificandos
2391 610 2572 667 fideles
2617 628 2743 669 suos
2782 615 3061 674 universus
3114 619 3201 676 ille
3250 633 3537 694 apparatus

1945 703 2141 758 veteris
2184 703 2527 760 lnstrumenti
2579 705 2632 760 in
2658 709 3113 779 generationibus,
3137 710 3310 782 factis,
3343 714 3524 784 dictis,

1949 794 2248 861 sacrificiis,
2265 795 2742 868 observationibus,
2767 801 3158 874 festivitatibus,
3175 809 3530 882 omnibusque

1947 887 2277 958 eloquiorum
2305 891 2605 958 praeconiis,
2635 902 2688 948 et
2713 895 2872 951 rebus
2900 899 3086 968 gestis,
3114 907 3170 955 et
3194 915 3371 956 rerum
3401 902 3538 974 figu-

1949 979 2024 1034 ris
2052 979 2380 1050 parturiebat
2412 996 2532 1037 esse
2561 993 2843 1041 venturum
2877 1005 2890 1041 :
2921 989 3011 1060 qui
3049 990 3236 1060 plenus
3277 995 3448 1062 gratia
3477 1004 3532 1050 et

1950 1069 2174 1126 veritate
2203 1069 2386 1142 (Joan.
2416 1087 2450 1138 ι,
2488 1071 2618 1146 14),
2649 1084 2702 1129 et
2721 1076 2787 1131 ad
2810 1089 3076 1151 prteeepta
3113 1080 3354 1139 facienda
3380 1085 3538 1156 adju-

1950 1161 2124 1216 vando
2154 1177 2248 1232 per
2271 1163 2590 1234 gratiam,et
2617 1166 2684 1222 ad
2711 1171 2974 1237 promissa
3007 1173 3273 1245 implenda
3299 1179 3539 1234 curando

1954 1267 2048 1322 per
2076 1255 2377 1324 veritatem,
2409 1258 2556 1313 venit
2594 1258 2794 1332 Legem
2836 1277 2946 1319 non
2968 1265 3197 1336 solvere,
3229 1269 3325 1326 sed
3357 1271 3536 1330 adim-

1951 1344 2124 1415 plere.

269 1565 3540 1602 W—M

1157 1648 1640 1757 LIBER
1712 1643 2392 1754 VIGESIJVI
2401 1649 2607 1761 US.

323 1924 556 1983 CAPUT
585 1923 868 1982 PRIMUM.
911 1953 984 1966 —
1035 1924 1280 1981 Faus'rus
1331 1923 1497 1978 dixit:
1529 1923 1637 1978 Cur
1679 1923 1845 1979 solem

255 2021 445 2087 colitis,
477 2019 580 2074 nisi
623 2018 747 2090 quia
789 2018 918 2073 estis
965 2017 1158 2088 Pagani
1202 2026 1257 2073 et
1297 2015 1545 2073 Gentium
1591 2016 1843 2082 schisma,

255 2129 357 2168 non
387 2120 539 2168 secta
557 2111 584 2166 τ
627 2109 789 2181 Igitur
815 2125 923 2165 non
952 2110 1018 2165 ab
1042 2103 1113 2165 re
1131 2108 1292 2165 fuerit
1317 2119 1369 2166 et
1390 2109 1489 2164 hoc
1518 2109 1688 2179 ipsum
1711 2125 1847 2180 qure-

256 2221 392 2272 rere,
420 2220 533 2276 quo
571 2204 902 2260 manifestius
931 2203 1118 2258 videre
1147 2204 1432 2274 possimus,
1459 2213 1576 2260 uter
1606 2212 1845 2259 nostrum

253 2297 351 2352 hoc
381 2297 606 2352 nomine
631 2296 823 2352 debeat
849 2295 1120 2367 appellari.
1150 2296 1217 2350 Et
1245 2296 1459 2366 quidem
1487 2296 1531 2351 si
1561 2295 1656 2351 tibi
1685 2295 1844 2350 fidem

254 2405 427 2446 meam
471 2405 616 2445 nunc
640 2389 970 2460 simpliciter,
1002 2398 1061 2444 ut
1090 2389 1143 2444 in
1169 2389 1353 2444 amicis
1383 2387 1632 2456 referam,
1662 2390 1846 2446 videar

251 2483 481 2538 fortasse
495 2483 855 2538 excusationis
874 2497 1034 2536 causa
1062 2481 1114 2537 id
1146 2482 1368 2552 tingere,
1399 2489 1492 2536 aut
1519 2481 1842 2550 divinorum,

250 2575 390 2646 quod
433 2575 595 2643 absit,
653 2575 910 2631 luminum
961 2574 1275 2630 erubescere
1317 2574 1601 2628 culturam.
1640 2573 1744 2630 Sed
1791 2583 1845 2630 tu

250 2667 467 2738 quidem
496 2677 784 2738 utcumque
810 2667 1040 2722 volueris
1068 2667 1249 2736 accipe
1275 2684 1288 2720 :
1322 2681 1409 2722 me
1438 2674 1619 2720 tamen
1647 2665 1844 2722 dixisse

252 2773 354 2815 non
407 2759 724 2830 paenitebit,
775 2759 860 2815 vel
897 2770 1114 2831 propter
1159 2759 1402 2830 aliquos,
1451 2758 1541 2828 qui
1585 2757 1844 2814 hactenus

250 2850 386 2904 scire
407 2850 707 2919 habebunt,
741 2851 1052 2922 religionem
1073 2859 1312 2907 nostram
1343 2850 1478 2908 nihil
1502 2863 1627 2905 cum
1653 2848 1842 2907 Genti-

250 2942 347 2998 bus
377 2944 582 3000 habere
609 2959 909 3001 commune.

316 3033 549 3091 CAPUT
578 3035 640 3090 ll.
670 3066 743 3078 —-
766 3037 930 3108 Igitur
954 3050 1050 3091 nos
1079 3036 1249 3091 Patris
1273 3035 1486 3107 quidem
1531 3036 1627 3094 Dei
1670 3037 1845 3093 omni-

251 3128 503 3195 potentis,
538 3139 594 3184 et
616 3129 814 3186 Christi
836 3131 955 3185 Filii
986 3130 1118 3200 ejus,
1151 3139 1203 3184 et
1223 3129 1454 3200 Spiritus
1481 3131 1649 3186 sancti
1677 3146 1840 3186 unum

251 3219 502 3290 idemque
553 3221 654 3276 sub
690 3221 883 3292 triplici
928 3221 1282 3292 appellatione
1325 3221 1549 3276 colimus
1597 3238 1835 3278 numen:

249 3309 340 3363 sed
377 3310 596 3367 Patrem
633 3312 844 3382 quidem
880 3312 1053 3382 ipsum
1095 3313 1267 3366 lucem
1317 3312 1547 3367 incolere
1575 3313 1841 3369 credimus

247 3416 515 3458 summam
538 3418 603 3460 ac
624 3404 990 3474 principalem,
1022 3420 1178 3474 quam
1220 3404 1410 3459 Paulus
1441 3404 1572 3461 alias
1602 3406 1846 3481 inacces-_

248 3494 460 3550 sibilent
488 3505 645 3551 vocat
666 3495 706 3568 (1
735 3495 868 3550 Tim.
897 3512 968 3563 vt,
1016 3496 1101 3567 l6)
1136 3515 1148 3550 :
1180 3495 1370 3551 Filium
1395 3513 1522 3552 vero
1551 3498 1602 3552 in
1635 3498 1736 3555 hac
1757 3515 1843 3556 sc-

249 3586 422 3639 cunda
462 3601 528 3641 ae
556 3585 747 3641 visibili
785 3586 902 3642 luce
941 3587 1263 3652 consistere;
1296 3587 1385 3657 qui
1415 3589 1662 3658 quoniam
1693 3591 1760 3644 sit
1787 3597 1844 3646 et

249 3676 363 3747 ipse
401 3677 650 3746 geminus
670 3719 684 3745 ,
714 3685 771 3732 ut
797 3692 918 3732 eum
946 3678 1231 3746 Apostolus
1261 3678 1426 3745 novit,
1449 3678 1717 3734 Christum
1762 3679 1845 3735 di-

249 3783 379 3824 cens
399 3784 525 3824 esse
555 3769 647 3824 Dei
677 3768 922 3824 virtutem
949 3776 1003 3822 et
1028 3767 1120 3824 Dei
1142 3769 1454 3838 sapientiam
1478 3770 1651 3841 (lCor.
1679 3766 1852 3842 1,24);-

249 3863 504 3919 virtutem
527 3864 739 3935 quidem
771 3864 886 3935 ejus
915 3865 966 3918 in
999 3863 1111 3920 sole
1151 3863 1391 3919 habitare
1432 3863 1721 3930 credimus,
1751 3865 1854 3920 sa-'

248 3959 511 4028 pientiam
537 3973 664 4014 vero
692 3959 742 4012 in
773 3959 893 4013 luna
919 3974 934 4013 :
969 3973 1174 4013 necnon
1207 3966 1261 4012 et
1287 3957 1516 4026 Spiritus
1537 3959 1726 4024 sancti,
1750 3958 1841 4029 qui

244 4061 335 4108 est
366 4053 617 4120 maiestas
634 4054 808 4116 tertia,
831 4052 970 4107 aeris
990 4051 1130 4106 hunc
1150 4065 1364 4106 omnem
1385 4052 1639 4107 ambitum
1658 4053 1840 4108 sedem

246 4145 487 4201 fatemur
509 4160 572 4201 ac
599 4147 986 4214 diversorium;
1011 4146 1163 4217 cujus
1183 4161 1254 4202 ex
1278 4146 1480 4202 viribus
1501 4161 1562 4201 ac
1583 4147 1841 4216 spirituali

247 4237 603 4309 profusione,
660 4247 853 4294 terram
908 4252 1118 4308 quoque
1154 4238 1576 4308 concipientem,
1628 4238 1842 4308 gignere

248 4330 524 4399 patibilem
549 4329 750 4393 Iesum,
779 4329 868 4399 qui
889 4336 970 4383 est
990 4330 1097 4383 vita
1125 4343 1188 4383 ac
1207 4329 1350 4384 salus
1374 4328 1667 4396 hominum,
1697 4329 1840 4384 omni

248 4433 546 4490 suspensus
587 4436 654 4474 ex
700 4420 865 4488 ligno.
897 4420 1232 4490 Quapropter
1258 4429 1312 4474 et
1351 4420 1502 4476 nobis
1546 4422 1686 4475 circa
1725 4420 1842 4475 uni-

248 4527 423 4579 versa,
474 4520 534 4567 et
560 4512 711 4567 vobis
739 4512 984 4567 similiter
1021 4526 1146 4582 erga
1192 4526 1384 4581 panem
1411 4521 1466 4566 et
1499 4512 1717 4566 calicem
1747 4528 1842 4582 par

248 4606 438 4676 religio
457 4613 565 4672 est,
585 4604 827 4675 quamvis
847 4620 1032 4660 eorum
1049 4605 1308 4660 acerrime
1325 4603 1547 4659 oderitis
1572 4614 1836 4661 auctores.

250 4695 374 4751 Haec
423 4706 611 4751 nostra
663 4696 792 4752 fides
841 4705 919 4752 est
955 4696 1062 4751 :de
1108 4711 1211 4766 qua
1252 4696 1295 4750 si
1325 4695 1669 4766 quaerendum
1711 4697 1841 4752 alias

251 4790 546 4860 putaveris,
575 4788 794 4855 audies;
821 4791 1065 4860 quamvis
1108 4804 1205 4844 nec
1233 4788 1360 4845 illud
1387 4789 1452 4844 ad
1486 4804 1720 4858 praesens
1742 4790 1840 4844 mi-

250 4898 345 4938 nus
376 4881 594 4938 firmum
623 4881 692 4936 sit
715 4891 1104 4952 argumentum,
1137 4880 1278 4951 quod
1301 4880 1380 4935 vel
1407 4890 1480 4949 tu,
1513 4883 1594 4937 vel
1621 4881 1841 4952 quilibet

248 4975 379 5030 alius
428 4983 668 5044 rogatus,
717 4973 933 5028 ubinam
962 4973 1130 5027 Deum
1162 4987 1315 5026 suum
1358 4971 1541 5029 credat
1578 4971 1835 5037 habitare,

247 5065 579 5135 respondere
613 5079 716 5120 non
741 5063 1023 5130 dubitabit,
1059 5063 1114 5118 lu
1159 5063 1359 5118 lumine
1386 5082 1399 5117 :
1425 5079 1488 5117 ex
1521 5079 1626 5133 quo
1665 5065 1838 5120 cultus

247 5158 328 5214 hic
350 5175 506 5213 meus
535 5159 770 5213 omnium
797 5173 929 5227 pene
950 5156 1251 5211 testimonio
1272 5156 1635 5211 confirmatur.

303 5251 539 5308 CAPUT
571 5251 658 5306 lll.
686 5281 760 5292 -—
782 5251 886 5307 Sed
915 5265 1055 5304 nunc
1082 5250 1148 5303 ad
1174 5249 1325 5315 illud,
1353 5251 1477 5319 quia
1505 5263 1604 5304 nos
1625 5264 1730 5304 non
1752 5265 1839 5305 se-

248 5351 409 5409 ctam,
471 5341 570 5399 sed
620 5343 851 5397 schisma
889 5340 1136 5397 Gentium
1183 5340 1518 5410 nuncupasti.
1572 5339 1833 5409 Schisma,

248 5437 346 5490 nisi
376 5436 558 5502 fallor,
605 5444 689 5490 est
721 5434 908 5490 eadem
955 5433 1262 5503 opinantem
1299 5439 1459 5502 atque
1512 5432 1698 5488 eodem
1730 5433 1834 5490 ritu

248 5530 515 5584 colentem
545 5541 654 5598 quo
693 5526 896 5592 caeteri,
947 5526 1063 5579 solo
1109 5524 1537 5594 congregationis
1581 5523 1835 5581 delectari

249 5619 491 5676 discidio.
545 5619 702 5675 Secta
730 5633 857 5673 vero
899 5625 981 5671 est
1019 5616 1172 5685 longe
1216 5617 1316 5670 alia
1345 5616 1648 5684 opinantem
1677 5631 1836 5687 quam

249 5715 449 5780 caueri,
479 5714 587 5768 alio
617 5712 775 5767 etiam
825 5710 922 5765 sibi
955 5723 1017 5763 ac
1046 5709 1200 5778 longe
1226 5709 1467 5764 dissimili
1509 5709 1612 5763 ritu
1641 5710 1833 5765 divini-

249 5809 368 5860 tatis
397 5805 696 5860 instituisse
725 5803 1006 5859 culturam.
1037 5801 1164 5868 Quae
1213 5801 1258 5854 si
1289 5802 1360 5855 ita
1390 5809 1535 5868 sunt,
1585 5817 1702 5856 mea
1749 5803 1833 5858 in-
1871 5809 1876 5838 -'

252 5897 406 5956 terim
436 5907 489 5955 et
512 5896 694 5968 opinio
725 5904 780 5954 et
815 5894 991 5952 cultus
1017 5892 1172 5964 longe
1196 5893 1296 5952 alia
1338 5901 1460 5950 sunt
1487 5906 1644 5965 quam
1663 5893 1833 5967 Paga-

1951 1939 2164 1981 norum.
2213 1927 2292 1984 De
2345 1931 2450 1986 tuis
2498 1941 2679 2003 postea
2720 1935 3039 1996 videbimus.
3087 1941 3286 2015 Pagani
3318 1943 3456 2000 bona
3485 1955 3540 2002 et

1952 2017 2112 2084 tnala,
2139 2028 2271 2074 tetra
2301 2030 2356 2076 et
2392 2023 2687 2094 splendida,
2717 2039 2970 2098 perpetua
3007 2040 3066 2087 et
3108 2033 3326 2100 caduca,
3367 2044 3540 2091 muta—

1951 2109 2074 2165 bilia
2103 2119 2154 2164 et
2178 2121 2343 2180 certa,
2375 2119 2671 2185 corporalia
2697 2130 2749 2174 et
2779 2120 2955 2177 divina
2983 2139 3143 2180 unum
3170 2125 3367 2182 habere
3394 2129 3540 2197 prin-

1950 2201 2144 2270 eipium
2173 2202 2549 2280 dogmatizant.
2581 2207 2674 2262 His
2715 2225 2817 2280 ego
2857 2212 3009 2269 valde
3037 2217 3300 2272 contraria
3340 2217 3535 2284 sentio,

1949 2295 2041 2364 qui
2072 2295 2224 2350 bonis
2267 2298 2515 2353 omnibus
2540 2300 2857 2372 principium
2903 2304 3074 2361 fateor
3094 2306 3261 2362 Deum
3281 2349 3298 2376 ,
3327 2319 3539 2364 eontra-

1949 2386 2044 2441 riis
2065 2401 2191 2441 vero
2213 2387 2383 2460 Hylen
2411 2407 2424 2442 :
2454 2390 2531 2445 sic
2555 2393 2697 2446 enim
2719 2395 2843 2448 mali
2871 2395 3185 2468 principium
3203 2416 3265 2455 ac
3289 2411 3533 2457 naturam

1951 2477 2232 2550 theologus
2255 2489 2436 2536 noster
2453 2485 2701 2553 appellat.
2730 2485 2859 2542 Item
2886 2489 3101 2560 Pagani,
3130 2494 3256 2559 aris,
3276 2495 3534 2563 delubris,

1951 2570 2269 2640 simulacris,
2307 2573 2553 2641 victimis,
2594 2587 2752 2648 atque
2797 2579 3018 2637 incenso
3057 2584 3222 2640 Deum
3254 2587 3536 2642 colendum

1951 2672 2155 2734 putant.
2186 2665 2296 2734 Ego
2343 2666 2410 2721 ab
2458 2667 2542 2723 his
2572 2670 2624 2724 in
2669 2669 2771 2726 hoc
2797 2687 3007 2744 quoque
3045 2678 3266 2732 multum
3294 2679 3538 2736 diversus

1951 2754 2158 2822 incedo,
2193 2757 2282 2826 qui
2313 2757 2486 2826 ipsum
2512 2775 2617 2824 me,
2652 2761 2699 2816 si
2736 2763 2895 2818 modo
2919 2766 3019 2820 sim
3063 2766 3273 2837 dignus,
3306 2771 3538 2826 rationa-

1949 2845 2056 2900 bile
2084 2847 2174 2902 Dei
2200 2849 2452 2918 templum
2485 2859 2612 2919 puto
2641 2869 2654 2906 :
2681 2853 2859 2909 vivum
2885 2857 3018 2911 viva:
3044 2859 3336 2928 majestatis
3366 2862 3537 2918 simu-

1949 2935 2152 2992 lacrum
2197 2937 2467 2994 Christum
2497 2941 2692 2998 Filium
2731 2945 2848 3015 ejus
2891 2949 3136 3019 accipio:
3171 2967 3338 3020 aram,
3381 2970 3538 3010 men-

1949 3039 2055 3086 tem
2100 3032 2254 3087 bonis
2301 3034 2504 3090 artibus
2533 3044 2589 3091 et
2625 3037 2921 3108 disciplinis
2969 3043 3250 3112 imbutam,
3297 3045 3535 3104 honores

1948 3138 2158 3194 quoque
2185 3123 2394 3180 divinos
2443 3140 2506 3182 ac
2550 3127 2808 3186 sacrificia
2854 3131 2907 3186 in
2946 3133 3074 3188 solis
3110 3136 3437 3193 orationibus
3479 3147 3535 3194 et

1948 3212 2080 3285 ipsis
2105 3215 2249 3285 puris
2272 3231 2335 3270 ac
2361 3216 2692 3287 simplicibus
2718 3235 2856 3291 pono
2887 3239 2899 3275 :
2931 3226 3199 3294 quomodo
3223 3243 3352 3299 ergo
3385 3227 3534 3285 schi-

1948 3321 2060 3363 sma
2089 3325 2206 3365 sum
2237 3311 2605 3380 Paganorum?

2021 3402 2247 3458 CAPUT
2287 3403 2376 3460 ιν.
2403 3436 2474 3446 —
2498 3405 2767 3462 Hactenus
2817 3410 2959 3464 enim
3006 3420 3060 3465 et
3096 3412 3404 3469 Judtcorum
3447 3431 3536 3472 me

1947 3504 2160 3566 poteras
2183 3495 2360 3552 dicere
2385 3497 2618 3553 schisma
2643 3541 2658 3566 ,
2691 3500 2814 3568 quia
2841 3510 2897 3555 et
2918 3505 3335 3573 omnipotentem
3367 3506 3538 3564 Deum

1949 3587 2140 3656 colam,
2175 3589 2314 3658 quod
2343 3589 2443 3644 sibi
2469 3599 2524 3646 et
2546 3590 2762 3647 Juda'us
2785 3595 2959 3649 omnis
2987 3596 3260 3652 audaciter
3287 3599 3534 3666 assumit,

1947 3694 2068 3734 cum
2096 3695 2203 3734 non
2223 3681 2594 3736 considerares
2623 3683 2818 3739 rituum
2843 3684 3230 3756 diversitatem,
3258 3705 3359 3758 qua
3389 3705 3419 3743 a
3445 3704 3535 3745 me

1947 3770 2211 3825 coleretur
2235 3770 2604 3842 Omnipotens,
2636 3782 2690 3829 et
2726 3790 2757 3830 a
2801 3775 3034 3842 ludar-is;
3064 3778 3106 3831 si
3141 3788 3312 3833 tamen
3352 3778 3536 3835 Omni-

1947 3871 2214 3933 potentem
2233 3862 2400 3918 Juda'i
2441 3865 2642 3919 colunt.
2672 3866 2777 3920 Sed
2809 3867 3019 3922 interim
3045 3869 3111 3922 de
3149 3870 3400 3939 opinione
3431 3883 3537 3925 tra-

1947 3963 2171 4016 ctamus,
2202 3970 2322 4024 quae
2352 3955 2429 4010 sie
2474 3965 2526 4010 et
2571 3956 2813 4027 Paganos
2839 3957 2906 4013 de
2933 3959 3062 4013 solis
3089 3961 3296 4015 cultura
3326 3961 3531 4030 fefellit,

1948 4055 2005 4101 ut
2025 4046 2094 4101 de
2121 4045 2510 4118 Omnipotentis
2532 4048 2767 4105 Judteos.
2794 4050 2898 4106 Sed
2930 4067 3027 4107 nec
3053 4066 3284 4109 VBSll‘lllll
3317 4056 3537 4125 quidem

1945 4138 2177 4195 schisma
2207 4140 2251 4194 si
2280 4156 2365 4196 me
2384 4140 2621 4209 dixeris,
2644 4159 2826 4197 verum
2853 4154 2951 4208 est,
2995 4147 3237 4215 quamvis
3263 4146 3538 4204 Christum

1952 4247 2176 4289 venerer
2195 4242 2249 4289 et
2267 4234 2438 4289 colam
2469 4253 2481 4290 :
2509 4235 2633 4304 quia
2657 4236 2760 4290 alio
2788 4252 2912 4292 eum
2943 4238 3044 4292 ritu
3074 4239 3193 4294 colo
3214 4248 3266 4295 et
3299 4242 3399 4295 alia
3433 4240 3538 4295 fide

1946 4339 2103 4394 quam
2134 4339 2250 4378 vos.
2284 4324 2526 4380 Schisma
2555 4341 2681 4380 vero
2708 4336 2798 4381 aut
2823 4327 2955 4381 nihil
2975 4329 3258 4385 immutare
3283 4331 3440 4385 debet
3468 4331 3537 4385 ab

1946 4430 2012 4470 eo
2038 4415 2178 4470 unde
2208 4415 2402 4471 factum
2433 4425 2535 4482 est,
2583 4427 2674 4471 aut
2720 4434 2824 4472 non
2859 4420 3080 4474 multum
3117 4439 3130 4474 :
3167 4433 3222 4476 ut
3263 4434 3386 4492 puta
3417 4438 3534 4489 vos,

1945 4508 2036 4578 qui
2080 4508 2439 4563 desciscentes
2469 4524 2499 4562 a
2529 4508 2788 4565 Gentibus
2811 4551 2824 4575 ,
2855 4515 3180 4568 monarehiae
3227 4517 3536 4586 opinionem

1946 4598 2120 4668 primo
2147 4599 2416 4653 vobiscum
2438 4599 2749 4668 divulsistis,
2781 4602 2831 4656 id
2879 4614 2981 4670 est,
3008 4613 3068 4660 ut
3092 4607 3267 4662 omnia
3303 4609 3537 4665 credatis

1945 4707 2012 4746 ex
2044 4692 2154 4745 Deo
2184 4708 2195 4744 :
2229 4691 2486 4746 sacrificia
2535 4707 2663 4748 vero
2710 4708 2895 4748 eorum
2935 4699 3169 4751 vertistis
3210 4700 3261 4752 in
3315 4715 3530 4769 agapes,

1945 4783 2087 4840 idola
2121 4786 2170 4838 in
2198 4793 2494 4855 martyres,
2543 4801 2674 4855 quos
2717 4789 2856 4842 votis
2893 4789 3156 4844 similibus
3184 4792 3358 4846 colitis
3393 4809 3405 4843 :
3436 4791 3534 4846 de-

1944 4875 2244 4932 functorum
2274 4878 2490 4932 umbras
2510 4879 2632 4932 vino
2660 4879 2880 4948 placatis
2905 4892 2956 4937 et
2984 4882 3239 4952 dapibus;
3267 4885 3536 4940 solemnes

1945 4970 2192 5027 Gentium
2223 4971 2338 5027 dies
2385 4986 2504 5026 cum
2553 4971 2681 5042 ipsis
2710 4973 3028 5040 celebratis,
3077 4985 3132 5029 ut
3169 4975 3436 5040 calendas,
3480 4985 3535 5031 et

1943 5063 2300 5120 solstitiazde
2355 5065 2462 5118 vita
2513 5076 2660 5119 certe
2705 5068 2951 5121 mutastis
3002 5068 3169 5131 nihil;
3219 5067 3344 5121 estis
3402 5083 3536 5124 sane

1943 5155 2201 5222 schisma,
2244 5172 2275 5210 a
2320 5157 2540 5212 matrice
2567 5173 2660 5212 sua
2691 5157 2960 5213 diversum
3009 5158 3137 5212 nihil
3191 5158 3391 5213 habens
3429 5159 3534 5217 nisi

1942 5255 2285 5302 conventum.
2307 5247 2524 5303 Necnon
2552 5257 2605 5304 et
2634 5249 2836 5319 priores
2868 5249 3234 5316 vestriJudtei,
3262 5251 3532 5322 segregati

1944 5342 2102 5398 etiam
2131 5341 2229 5410 ipsi
2256 5356 2286 5395 a
2313 5327 2574 5396 Gentibus
2614 5331 2915 5410 sculpturas
2958 5340 3131 5394 solum
3169 5341 3529 5398 dimiserunt:

1945 5433 2140 5503 templa
2172 5447 2318 5499 vero,
2339 5441 2392 5486 et
2430 5432 2841 5497 immolationes,
2871 5440 2926 5486 et
2951 5445 3092 5496 aras,
3125 5439 3179 5486 et
3205 5418 3528 5502 sacerdotia,

1941 5531 2100 5594 atque
2129 5538 2289 5578 omne
2327 5538 2599 5578 sacrorum
2628 5522 2983 5578 ministerium
3009 5523 3197 5578 eodem
3228 5526 3331 5579 ritu
3371 5540 3530 5581 exer-

1940 5625 2182 5683 cuerunt,
2233 5630 2298 5671 ac
2341 5616 2508 5671 multo
2557 5615 2976 5685 superstltiosius
3012 5632 3169 5687 quam
3200 5618 3420 5674 Gentes.
3450 5617 3530 5674 De

1940 5708 2192 5778 opinione
2212 5721 2344 5762 vero
2367 5705 2691 5761 monarebiae
2720 5707 2774 5762 in
2807 5707 2954 5761 nullo
2977 5707 3136 5762 etiam
3178 5709 3279 5779 ipsi
3317 5709 3527 5762 dissen-

1941 5798 2080 5854 tiunt
2122 5813 2152 5852 a
2197 5798 2421 5868 Paganis
2453 5816 2468 5850 :
2500 5813 2664 5868 quare
2712 5806 2920 5854 constat
2954 5814 3049 5854 vos
3097 5809 3258 5869 atque
3309 5798 3526 5853 Iudaeos

1938 5891 2226 5952 schismata
2262 5904 2382 5950 esse
2420 5889 2775 5963 Gentilitatis;
2805 5895 2957 5966 cujus
3004 5892 3168 5953 fidem
3199 5899 3442 5952 tenentes
3468 5896 3528 5949 et
