4052 6440
538 372 638 439 371

537 488 691 554 ritus,
723 484 933 543 modice
958 484 1201 556 quamvis
1226 482 1565 544 immutatos,
1608 477 1677 534 de
1713 476 1828 532 sola
1877 488 2110 530 conven-

537 588 688 638 tuum
716 579 979 637 divisione
1002 579 1198 650 putatis
1225 590 1318 632 vos
1338 588 1457 630 esse
1499 581 1691 627 sectas.
1739 570 1907 626 Porro
1936 577 2115 625 autem

535 684 708 733 sectas
733 673 780 731 si
808 688 1040 747 quaeras,
1067 688 1175 728 non
1203 671 1322 741 plus
1350 675 1508 723 erunt
1538 682 1697 737 quam
1731 664 1870 732 duae,
1917 663 1969 718 id
2009 672 2110 728 est,

533 769 807 836 Gentium,
840 776 894 825 et
922 775 1125 831 nostra,
1158 763 1248 833 qui
1274 762 1353 817 eis
1378 760 1535 831 longe
1582 759 1791 815 diversa
1833 758 2109 813 sentimus.

530 861 609 917 lta
633 860 850 931 quidem
876 858 1104 929 oppositi
1131 856 1357 910 invicem
1398 853 1570 919 nobis,
1617 861 1674 908 ut
1721 862 1804 908 est
1847 850 2041 906 veritas
2062 857 2115 905 et

531 954 888 1021 mendacium,
918 961 976 1007 ιιι
1016 951 1130 1007 dies
1165 958 1220 1005 et
1262 964 1387 1017 nox,
1429 956 1488 1004 ut
1512 954 1721 1018 egestas
1760 953 1816 1001 et
1852 945 2024 1014 copia,
2058 950 2114 998 ut

531 1045 750 1100 morbus
779 1052 834 1099 et
874 1042 1094 1099 sanitas.
1128 1041 1233 1096 Vos
1258 1055 1388 1097 vero
1416 1054 1517 1095 nec
1544 1038 1742 1094 erroris
1769 1044 1914 1118 secta
1945 1035 2074 1090 estis
2092 1073 2109 1101 ,

527 1152 633 1194 nec
656 1136 894 1192 veritatis
928 1152 943 1189 :
971 1136 1073 1203 sed
1095 1135 1327 1191 schisma
1354 1142 1592 1199 tantum;
1636 1146 1736 1188 nec
1764 1131 1937 1201 ipsum
1969 1129 2110 1185 veri-

532 1229 659 1285 tatis
685 1229 894 1293 saltem,
916 1227 1012 1293 sed
1034 1229 1251 1285 erroris.

597 1320 824 1378 CAPUT
855 1322 920 1378 ν.
941 1353 1014 1364 -
1039 1322 1372 1378 Aucus'rinus
1422 1318 1698 1389 respondit
1730 1317 1817 1374 :0
1866 1317 2110 1387 imperita

527 1415 713 1485 pestis,
741 1425 796 1472 et
822 1416 1028 1472 vanitas
1050 1415 1376 1487 versipellis!
1406 1412 1588 1484 utquid
1610 1413 1705 1468 tibi
1732 1411 1941 1482 objicis,
1964 1410 2109 1482 quod

524 1506 571 1579 Si
596 1507 715 1579 (Illis
744 1507 835 1575 libi
862 1507 1065 1577 ObliCit.
1092 1508 1261 1567 nescit
1280 1522 1402 1563 cum
1429 1520 1534 1575 quo
1568 1514 1686 1576 agat
1706 1504 1729 1559 ?
1752 1504 1935 1576 Neque
1965 1504 2109 1559 enim

525 1611 623 1652 vos
668 1598 910 1669 Paganos
934 1598 1179 1663 dicimus,
1225 1607 1316 1652 aut
1359 1596 1590 1661 schisma
1618 1597 1980 1668 Paganorum;
2014 1595 2109 1651 sed

524 1687 725 1745 habere
776 1706 898 1745 cum
941 1692 1020 1746 eis
1063 1690 1349 1761 quamdam
1399 1689 1823 1754 similitudinem,
1869 1703 1934 1744 eo
1967 1687 2108 1761 quod

524 1781 722 1835 multos
752 1781 938 1836 colatis
969 1781 1118 1837 deos.
1154 1780 1352 1837 Verum
1380 1796 1476 1836 vos
1504 1780 1583 1835 eis
1611 1795 1728 1835 esse
1768 1780 1927 1852 longe
1962 1780 2111 1836 dete-

524 1872 721 1940 riores,
748 1873 889 1944 quod
913 1873 987 1929 illi
1023 1888 1086 1928 ea
1111 1874 1295 1929 colunt
1317 1890 1436 1944 quae
1466 1882 1609 1937 sunt,
1640 1873 1732 1929 sed
1765 1888 1860 1945 pro
1890 1873 1991 1930 diis
2017 1889 2109 1930 co-

519 1963 679 2020 lenda
707 1980 809 2019 non
838 1974 963 2019 sunt
993 1982 1005 2019 :
1032 1974 1153 2020 sunt
1183 1965 1325 2020 enim
1363 1974 1417 2020 et
1448 1963 1587 2021 idola
1606 2006 1621 2032 ,
1653 1966 1747 2021 sed
1789 1965 1856 2020 ad
1884 1966 2106 2021 salutem

520 2056 653 2112 nihil
680 2064 822 2111 sunt.
857 2056 925 2111 Et
944 2056 1032 2127 qui
1060 2056 1188 2112 colit
1211 2057 1482 2124 arborem,
1516 2072 1619 2112 non
1647 2057 1860 2128 quidem
1882 2058 2102 2127 arando,

518 2148 616 2205 sed
662 2149 951 2218 adorando,
983 2150 1173 2207 nonid
1222 2151 1347 2208 colit
1392 2151 1532 2223 quod
1561 2166 1822 2223 nusquam
1869 2162 1972 2220 est,
2011 2153 2105 2209 sed

520 2243 664 2314 quod
713 2244 784 2299 ita
813 2245 1095 2309 colendum
1137 2262 1247 2302 non
1294 2255 1396 2302 est.
1445 2246 1561 2316 Ipsa
1616 2248 1774 2303 etiam
1818 2247 2101 2313 daemonia,

517 2336 660 2392 unde
688 2336 817 2393 dicit
846 2339 1157 2409 Apostolus,
1191 2339 1315 2406 Qua:
1358 2340 1619 2394 immolant
1663 2338 1843 2395 Gentes
1863 2381 1878 2405 ,
1910 2339 2103 2395 damo-

518 2428 617 2483 niis
645 2428 929 2499 immolant,
957 2440 1006 2486 et
1030 2447 1129 2486 non
1155 2430 1258 2485 Deo
1284 2431 1324 2504 (Ι
1358 2429 1475 2487 Cor.
1507 2449 1561 2499 κ,
1592 2430 1664 2489 ‘20
1684 2429 1741 2503 );
1776 2431 1956 2502 utique
1981 2441 2104 2488 sunt

515 2519 708 2591 quibus
725 2520 846 2577 illos
875 2521 1153 2580 immolare
1176 2522 1323 2590 dicit,
1356 2532 1410 2581 et
1425 2538 1651 2595 quorum
1673 2538 1770 2578 nos
1793 2524 1969 2580 socios
1983 2538 2104 2581 esse

515 2625 624 2666 non
647 2613 779 2668 vult.
802 2613 919 2669 Jam
950 2630 1078 2670 vero
1106 2614 1299 2679 ccelum
1327 2623 1381 2672 et
1412 2624 1573 2680 terra,
1602 2630 1750 2670 mare
1777 2621 1833 2671 et
1873 2630 1984 2681 aer,
2020 2615 2103 2671 sol

515 2712 571 2759 et
597 2703 742 2773 luna,
767 2714 821 2762 et
840 2715 1033 2764 cretera
1063 2707 1258 2776 sidera,
1290 2708 1468 2767 omnia
1492 2708 1612 2769 haec
1629 2710 1913 2767 manifesta
1933 2710 2103 2768 oculis

514 2806 794 2867 apparent,
822 2808 980 2871 atque
1004 2801 1133 2872 ipsis
1158 2802 1403 2867 sensibus
1427 2813 1621 2875 μηδιο
1650 2814 1789 2860 sunt.
1822 2805 1953 2874 Quae
1978 2821 2101 2862 cum

515 2887 713 2961 Pagani
758 2899 1006 2963 tanquam
1062 2894 1192 2950 deos
1235 2895 1438 2962 colunt,
1481 2896 1565 2951 vel
1622 2904 1871 2967 tanquam
1922 2906 2101 2968 partes

512 2981 673 3036 unius
703 2983 878 3053 magni
914 2984 1029 3051 dei;
1072 3000 1195 3041 nam
1230 2987 1537 3043 universum
1582 2988 1836 3043 mundum
1858 2990 2099 3060 'quidam

513 3089 703 3131 eorum
731 3085 920 3150 putant
954 3079 1240 3135 maximum
1268 3080 1431 3136 deum
1461 3098 1473 3134 :
1503 3098 1564 3137 ea
1589 3083 1769 3139 colunt
1805 3099 1925 3153 quae
1953 3092 2096 3140 sunt.

514 3166 649 3223 Cum
681 3169 872 3240 quibus
903 3170 1114 3241 quando
1143 3172 1368 3242 agimus,
1396 3182 1456 3228 ut
1499 3188 1561 3229 ea
1610 3189 1713 3229 non
1764 3174 1961 3240 colant,
1991 3190 2099 3231 non

513 3260 596 3314 eis
624 3259 851 3315 dicimus
879 3261 1019 3332 quod
1063 3264 1207 3317 nulla
1255 3263 1382 3330 sint,
1414 3264 1509 3319 sed
1536 3263 1676 3334 quod
1719 3264 1942 3321 colenda
1989 3281 2098 3321 non

511 3349 661 3405 sint:
693 3351 876 3423 eisque
923 3352 1203 3408 colendum
1250 3353 1441 3408 horum
1484 3355 1721 3417 omnium
1764 3356 2097 3413 conditorem

514 3440 683 3499 Deum
717 3443 1035 3500 invisibilem
1071 3445 1386 3514 suademus,
1419 3446 1572 3517 cujus
1616 3448 1783 3505 solius
1818 3450 2101 3520 participa-

513 3531 659 3589 tione
704 3533 890 3591 beatus
931 3534 1094 3591 homo
1138 3536 1255 3594 ﬁeri
1296 3546 1507 3608 potest;
1550 3538 1694 3610 quod
1738 3554 1927 3598 omnes
1964 3542 2101 3599 velle

512 3639 671 3681 nemo
704 3628 941 3700 ambigit.
975 3628 1078 3685 Sed
1115 3631 1237 3701 quia
1277 3632 1519 3687 nonnulli
1557 3648 1740 3689 eorum
1779 3634 2098 3690 invisibilem

511 3726 567 3772 et
593 3717 961 3788 incorpoream
985 3729 1285 3777 creaturam
1315 3723 1525 3790 colunt,
1558 3723 1701 3794 quod
1730 3733 1812 3779 est
1840 3733 1894 3780 et
1922 3726 2099 3782 anima

420 3802 425 3805 ”
509 3823 771 3882 mensque
798 3812 1050 3882 humana;
1084 3826 1260 3877 tamen
1288 3816 1413 3887 quia
1434 3832 1533 3873 nec
1555 3817 1816 3888 ejusmodi
1841 3828 2099 3875 creatum

510 3903 920 3974 participatione
948 3906 1006 3960 fit
1024 3906 1183 3963 homo
1213 3907 1433 3976 beatus;
1463 3909 1557 3965 ille
1578 3925 1683 3965 non
1715 3911 1885 3965 solum
1911 3910 2097 3966 invisi-

509 3991 657 4063 bilis,
681 4010 867 4051 verum
889 3998 1520 4061 etiamincommutabilis
1552 4002 1710 4067 Deus,
1740 4002 1793 4058 id
1818 4010 1921 4069 est,
1960 4002 2099 4058 Deus

511 4100 673 4142 verus
701 4088 958 4145 colendus
983 4098 1099 4145 est:
1136 4092 1255 4161 quia
1287 4092 1431 4148 solus
1460 4092 1549 4149 ille
1578 4093 1831 4150 colendus
1862 4103 1960 4159 est,
1992 4110 2098 4164 quo

508 4178 629 4233 solo
668 4177 848 4234 fruens
870 4222 884 4247 ,
915 4180 1101 4236 beatus
1145 4181 1201 4236 ﬁt
1230 4182 1404 4238 cultor
1428 4184 1573 4254 ejus;
1617 4194 1799 4256 etquo
1846 4188 1960 4243 solo
1990 4203 2095 4242 non

510 4271 718 4339 fruens,
748 4273 921 4329 omnis
947 4289 1101 4330 mens
1127 4275 1318 4332 misera
1346 4285 1444 4343 est,
1475 4278 1711 4348 qualibet
1735 4293 1793 4333 re
1833 4279 1935 4332 alia
1978 4296 2097 4348 per-

510 4360 739 4420 fruatur.
766 4363 875 4421 Vos
916 4376 1093 4423 autem
1138 4384 1261 4424 cum
1292 4385 1353 4427 ea
1384 4370 1571 4426 colatis
1596 4387 1714 4442 quae
1740 4372 1959 4426 omnino
1990 4387 2097 4426 non

511 4464 658 4523 sunt,
687 4457 780 4512 sed
806 4466 1099 4515 vestrarum
1123 4460 1387 4517 fallacium
1415 4461 1710 4517 fabularum
1730 4466 1960 4519 vanitate
1990 4464 2093 4517 fin-

513 4554 734 4616 guntur,
756 4548 1159 4620 propinquiores
1178 4552 1366 4609 essetis
1396 4568 1532 4608 verae
1550 4553 1727 4623 pietati
1748 4569 1810 4608 ac
1827 4554 2089 4625 religioni,

512 4644 559 4696 si
590 4642 780 4698 saltem
824 4643 1022 4717 Pagani
1071 4645 1280 4714 essetis,
1327 4647 1411 4703 vel
1442 4646 1496 4702 in
1538 4663 1722 4703 eorum
1766 4663 1961 4717 genere
2005 4648 2096 4719 qui

512 4748 734 4805 corpora
763 4736 963 4805 colunt,
1007 4737 1107 4792 etsi
1153 4753 1260 4794 non
1304 4738 1547 4806 colenda,
1588 4740 1681 4796 sed
1728 4749 1905 4794 tamen
1950 4754 2092 4795 vera.

513 4825 666 4882 Unde
693 4842 787 4883 vos
812 4829 988 4885 verius
1014 4828 1238 4886 dixerim
1270 4846 1370 4886 nec
1399 4830 1568 4886 solem
1595 4831 1755 4886 istum
1797 4831 1995 4898 colere,
2027 4830 2094 4885 ad

511 4921 665 4992 cujus
688 4932 879 4993 gyrum
904 4908 1077 4979 vestra
1101 4923 1271 4980 oratio
1288 4923 1739 4979 circumvolvitur.

583 5013 807 5069 CAPUT
837 5012 922 5067 Vl.
955 5013 1174 5069 ——Nam
1201 5023 1255 5070 et
1280 5014 1348 5070 de
1398 5014 1512 5083 ipso
1553 5023 1657 5067 tam
1698 5013 1849 5077 falsa,
1894 5020 1949 5068 et
1989 5021 2093 5066 tam

513 5102 825 5159 detestanda
846 5104 1079 5174 jactatis,
1102 5113 1160 5159 ut
1180 5105 1223 5160 si
1251 5119 1373 5160 suas
1398 5103 1693 5160 vindicaret
1721 5104 1959 5173 injurias,
1986 5104 2094 5172 jam

513 5194 742 5251 ﬂammis
764 5198 879 5265 ejus
921 5197 1026 5251 vivi
1050 5197 1329 5252 arderetis.
1380 5196 1510 5251 Nam
1547 5197 1868 5266 primoeum
1917 5198 2094 5250 navim

514 5290 799 5358 quamdam
830 5306 949 5345 esse
992 5290 1166 5347 dicitis
1199 5306 1213 5342 :
1247 5290 1319 5344 ita
1348 5306 1451 5345 non
1496 5298 1734 5360 tantum,
1775 5301 1834 5346 ut
1862 5291 2089 5356 dicitur,

512 5391 626 5437 toto
651 5384 787 5440 coelo
814 5385 1020 5449 erratis,
1046 5382 1138 5440 sed
1161 5391 1213 5439 et
1234 5384 1446 5439 natatis.
1479 5384 1677 5441 Deinde
1705 5401 1826 5440 cum
1857 5387 2093 5441 omnium

513 5475 683 5530 oculis
734 5476 990 5532 rotundus
1032 5473 1297 5546 effulgent,
1345 5491 1512 5548 eaque
1561 5478 1637 5532 illi
1670 5476 1833 5548 ﬁgura
1880 5494 1974 5548 pro
2014 5478 2094 5533 sui

512 5567 714 5625 ordinis
757 5568 1020 5639 positione
1067 5568 1297 5637 perfecta
1339 5571 1434 5636 sit;
1484 5586 1579 5625 vos
1604 5587 1727 5628 eum
1775 5573 2094 5643 triangultlm

512 5660 822 5730 perhibetis,
853 5660 905 5714 id
943 5667 1043 5727 est,
1079 5676 1175 5733 per
1202 5662 1485 5733 quamdam
1526 5664 1836 5734 triangulam
1864 5665 1985 5720 coeli
2016 5664 2093 5720 fe-

514 5766 748 5810 nestram
775 5754 947 5809 lucem
967 5753 1123 5808 istam
1149 5755 1350 5813 mundo
1378 5757 1639 5826 terrisque
1679 5756 1904 5812 radiare.
1936 5756 2009 5811 Ita
2038 5757 2094 5812 fit

513 5857 575 5917 ut
598 5845 662 5901 ad
686 5846 851 5902 istum
874 5844 1085 5917 quidem
1129 5846 1293 5904 solem
1328 5848 1547 5904 dorsum
1574 5850 1942 5919 cervicemque
1968 5863 2062 5904 cur
2088 5884 2091 5891 -

1350 361 1616 420 CONTRA
1656 353 1976 416 FAUSTUM
2014 349 2463 428 MANICIUEUM,
2503 359 2560 417 S.
2603 362 2963 422 AUGUSTINI

3692 372 3806 428 372

2223 474 2391 543 vctis;
2421 492 2525 533 non
2552 488 2729 534 autem
2755 481 2927 550 ipsum
2949 488 3055 537 tam
3076 482 3222 538 clara
3249 483 3571 540 rotunditate
3590 490 3813 557 conspi-

2220 581 2399 637 cuum,
2434 572 2527 627 sed
2556 574 2737 629 nescio
2777 590 2935 645 quam
2965 578 3139 632 navim
3183 592 3278 649 per
3301 578 3539 635 foramen
3562 582 3806 653 triangu-

2220 660 2327 717 lum
2357 663 2640 720 micantem
2669 676 2825 738 atque
2853 668 3149 739 lucentem,
3176 687 3335 743 quam
3354 674 3637 729 conﬁctam
3663 677 3812 745 cogia

2221 755 2364 821 tatis,
2393 756 2642 813 adoretis.
2677 759 2845 826 Quam
2884 760 3122 832 profecto
3149 762 3297 819 faber
3327 765 3414 820 ille
3444 782 3547 820 non
3579 766 3805 834 faceret,

2218 844 2263 899 si
2303 848 2747 916 quemadmodum
2790 863 3041 908 emuntur
3066 855 3223 925 ligna,
3254 857 3445 927 quibus
3473 858 3806 929 navigiorum

2220 938 2411 995 tabulm
2432 943 2859 1015 compinguntur,
2889 946 2965 1002 sic
2992 954 3295 1004 emerentur
3319 959 3373 1005 et
3397 952 3577 1019 verba,
3611 953 3805 1022 quibus

2217 1030 2587 1090 hazreticorum
2616 1036 2805 1092 fabulae
2826 1039 3215 1111 conﬁnguntur.
3243 1041 3436 1097 Verum
3469 1045 3581 1097 hac
3607 1045 3778 1099 tolera

2216 1125 2372 1181 bilius
2400 1129 2482 1183 vel
2530 1129 2771 1186 ridentur
2794 1132 2879 1188 vel
2908 1132 3101 1189 flentur
3129 1135 3181 1189 in
3212 1135 3401 1191 vobis:
3435 1136 3561 1191 illud
3591 1147 3673 1192 cst
3718 1138 3802 1191 in-

2216 1218 2566 1277 tolerabiliter
2604 1223 2947 1290 sceleratum,
2990 1226 3131 1296 quod
3167 1226 3235 1281 de
3284 1227 3396 1296 ipsa
3431 1229 3549 1283 navi
3594 1230 3800 1299 puellas

2216 1309 2464 1379 pulchras
2492 1320 2547 1367 et
2572 1328 2765 1382 pueros
2795 1317 3016 1385 proponi
3044 1316 3237 1384 dicitis,
3269 1333 3491 1388 quorum
3519 1317 3803 1375 formosis-

2216 1403 2365 1460 simis
2402 1408 2714 1475 corporibus
2753 1409 3088 1465 inardeseant
3126 1412 3391 1482 principes
3434 1413 3798 1481 tenebrarum,

2213 1496 2280 1551 ad
2309 1495 2537 1553 feminas
2561 1500 2803 1567 masculi,
2831 1508 2886 1554 et
2932 1500 2999 1555 ad
3049 1503 3313 1559 masculos
3360 1504 3603 1570 feminae;
3646 1514 3701 1558 ut
3744 1505 3799 1559 in

2213 1587 2326 1658 ipsa
2372 1588 2616 1663 flagranti
2661 1591 2879 1659 libidine
2925 1601 2979 1647 et
3015 1592 3235 1649 inhianti
3274 1597 3703 1666 concupiscentia
3731 1596 3802 1651 de

2212 1681 2465 1737 membris
2508 1698 2692 1738 eorum
2738 1692 2984 1754 tanquam
3015 1686 3082 1741 de
3109 1686 3256 1741 tetris
3286 1687 3617 1759 sordidisque
3643 1703 3799 1745 com-

2212 1774 2435 1846 pedibus
2474 1775 2559 1831 dei
2600 1776 2765 1831 vestri
2794 1778 3033 1833 membra
3064 1780 3358 1834 solvantur.
3387 1779 3456 1834 Et
3482 1782 3565 1835 his
3588 1781 3800 1837 obscae-

2210 1867 2447 1923 uissimis
2472 1869 2659 1938 pannis
2682 1870 2872 1927 vestris
2911 1871 3179 1926 conamini
3222 1886 3443 1929 assuere
3476 1873 3799 1929 ineﬂ‘abilem

2210 1961 2543 2029 Trinitatem,
2576 1962 2815 2018 dicentes
2841 1964 3055 2020 Patrem
3098 1966 3150 2020 in
3199 1975 3411 2023 secreto
3453 1968 3682 2038 quodam
3712 1969 3799 2024 lu-

2210 2055 2353 2111 mine
2392 2055 2658 2121 habitare;
2689 2056 2806 2112 Filii
2834 2066 3011 2115 autem
3052 2059 3105 2114 in
3141 2060 3255 2116 sole
3297 2061 3564 2130 virtutem,
3596 2062 3649 2117 in
3670 2063 3799 2118 luna

2209 2147 2554 2218 sapientiam;
2585 2150 2838 2218 Spiritum
2867 2166 2993 2205 vero
3022 2161 3262 2208 sanctum
3291 2152 3342 2207 in
3372 2156 3528 2210 aere!

2281 2238 2506 2296 CAPUT
2538 2239 2644 2295 VII.
2676 2271 2748 2281 —
2776 2240 2831 2295 in
2858 2258 2966 2313 qua
3002 2243 3260 2312 tripertita
3286 2254 3482 2311 vestra,
3506 2246 3591 2301 vel.
3619 2248 3799 2316 potius

2208 2329 2315 2401 jam
2345 2330 2726 2401 quadripartita
2755 2332 2953 2401 fabula,
2995 2334 3062 2389 de
3112 2336 3284 2393 Patris
3330 2338 3545 2408 quidem
3586 2349 3799 2395 secreto

2209 2421 2430 2490 lumine,
2459 2424 2586 2493 quid
2619 2425 2769 2480 vobis
2809 2426 3002 2492 dicam,
3036 2428 3137 2483 nisi
3168 2429 3290 2498 quia
3334 2430 3514 2486 lumen
3555 2432 3799 2502 cogitare

2208 2529 2317 2569 non
2345 2517 2589 2586 potestis,
2619 2516 2724 2573 nisi
2752 2518 2907 2587 quale
2946 2518 3124 2575 videre
3154 2522 3486 2577 consuestis?
3515 2523 3625 2578 Hoc
3649 2523 3797 2583 enim

2206 2609 2550 2678 conspicuum
2572 2618 2627 2666 et
2646 2611 2790 2665 omni
2815 2612 2982 2679 carni,
3014 2627 3119 2667 non
3150 2622 3353 2670 tantum
3383 2616 3678 2684 hominum,
3703 2633 3799 2672 ve-

2206 2715 2326 2756 rum
2369 2702 2530 2759 etiam
2573 2703 2864 2759 bestiarum
2893 2714 2948 2760 et
2990 2707 3404 2763 vermiculorum
3456 2709 3797 2765 notissimum

2205 2792 2387 2851 lumen
2414 2795 2700 2864 intuentes,
2728 2812 2794 2853 ex
2816 2798 2905 2853 illo
2921 2810 3231 2869 conceptam
3260 2801 3423 2857 corde
3454 2803 3790 2872 phantasiam

2205 2885 2260 2941 in
2287 2887 2602 2943 immensum
2625 2890 2809 2945 soletis
2829 2903 3043 2961 augere,
3073 2901 3128 2946 et
3153 2907 3269 2947 eam
3294 2894 3463 2950 lucem
3489 2896 3668 2951 dicere
3702 2896 3794 2951 ubi

2206 2978 2348 3034 Deus
2367 2978 2526 3037 Pater
2551 2980 2755 3037 habitat
2790 2997 2912 3038 cum
2934 2984 3216 3054 regnicolis
3246 2986 3375 3041 suis.
3399 2987 3624 3055 Quando
3646 2989 3791 3043 enim

2204 3068 2527 3129 discrevistis
2553 3072 2727 3128 lucem
2752 3087 2858 3144 qua
2882 3076 3173 3143 cernimus,
3209 3076 3283 3131 ab‘
3305 3091 3367 3132 ea
3406 3078 3522 3133 luce
3570 3094 3671 3149 qua
3703 3080 3794 3135 in-

2204 3164 2515 3234 telligimus,
2543 3179 2665 3221 cum
2696 3166 2838 3222 aliud
2869 3168 3001 3222 nihil
3031 3184 3262 3240 unquam
3314 3173 3624 3240 putaveritis
3668 3188 3793 3229 esse

2202 3255 2501 3328 intelligere
2526 3258 2824 3324 veritatem,
2856 3259 2957 3314 nisi
2987 3259 3183 3315 formas
3219 3276 3508 3331 corporeas
3532 3266 3788 3334 cogitare,

2201 3350 2315 3405 sive
2341 3351 2539 3418 ﬁnitas,
2568 3351 2681 3406 sive
2709 3366 2776 3407 ex
2797 3351 3060 3422 aliquibus
3092 3354 3327 3423 partibus
3366 3354 3634 3421 inﬁnitas;
3666 3372 3793 3427 quae

2203 3441 2380 3497 inania
2409 3445 2779 3514 phantasmata
2809 3460 2929 3500 esse
2970 3446 3222 3501 nescitis?
3250 3446 3483 3503 Proinde
3504 3464 3625 3504 eum
3672 3460 3794 3503 tan-

2201 3541 2313 3589 tum
2340 3535 2548 3591 intersit
2572 3536 2711 3591 inter
2738 3538 3113 3607 cogitationem
3144 3555 3244 3608 qua
3274 3541 3454 3610 cogito
3483 3549 3677 3596 terram
3705 3541 3795 3596 lu-

2201 3628 2360 3683 minis
2389 3638 2620 3684 vestram
2647 3645 2766 3700 quae
2794 3631 3013 3685 omnino
3060 3647 3320 3701 nusquam
3346 3642 3450 3701 est,
3499 3641 3554 3688 et
3586 3635 3794 3704 cogita-

2201 3720 2402 3775 tionem
2430 3735 2535 3791 qua
2561 3721 2737 3791 cogito
2762 3722 3135 3778 Alexandriam
3156 3739 3315 3794 quam
3354 3740 3624 3796 nunquam
3653 3727 3787 3792 vidi,

2200 3811 2295 3867 sed
2322 3820 2499 3869 tamen
2524 3821 2637 3878 est;
2667 3829 2959 3884 rursusque
2983 3822 3187 3870 tantum
3223 3817 3433 3879 intersit
3459 3818 3599 3874 inter
3627 3819 3788 3874 istam
3868 3870 3871 3871 ν

2201 3918 2301 3977 qua
2329 3904 2502 3975 cogito
2530 3905 2906 3963 Alexandriam
2932 3907 3275 3978 incognitam,
3307 3919 3363 3964 et
3386 3926 3505 3966 eam
3558 3926 3658 3981 qua
3691 3926 3789 3967 co-

2198 3994 2312 4065 gito
2334 3994 2708 4066 Carthaginem
2754 3998 3018 4068 cognitam
3052 4016 3065 4051 :
3097 4000 3164 4054 ab
3207 4001 3304 4057 hac
3345 4017 3554 4073 quoque
3583 4004 3790 4074 cogita-

2201 4087 2345 4143 tione
2371 4103 2473 4158 qua
2496 4098 2641 4144 certa
2671 4097 2725 4144 et
2761 4099 2883 4144 nota
2929 4106 3152 4161 corpora
3180 4094 3374 4163 cogito,
3402 4094 3559 4164 longe
3580 4096 3784 4150 incom-

2202 4179 2507 4247 parabiliter
2529 4179 2689 4234 distat
2712 4181 2961 4251 cogitatio
2982 4198 3083 4252 qua
3111 4184 3347 4254 intelligo
3381 4186 3658 4255 justitiam,
3689 4203 3786 4242 ca-

2200 4270 2456 4337 stitatem,
2491 4270 2668 4337 fidem,
2702 4273 2999 4340 veritatem,
3028 4275 3364 4341 charitatem,
3393 4276 3704 4343 bonitatem,
3734 4289 3791 4333 et

2198 4360 2455 4431 quidquid
2484 4362 2745 4431 ejusmodi
2776 4374 2857 4419 est
2889 4381 3046 4435 :qute
3070 4368 3320 4437 cogitatio
3365 4368 3546 4435 dicite,
3591 4369 3635 4424 si
3682 4384 3787 4439 po-

2200 4453 2371 4518 testis,
2396 4454 2552 4525 quale
2589 4454 2765 4511 lumen
2793 4456 2877 4524 sit,
2927 4472 3035 4528 quo
3077 4458 3165 4513 illa
3194 4462 3372 4514 omnia
3396 4476 3514 4529 quae
3542 4460 3644 4515 hoc
3674 4477 3786 4517 non

2199 4558 2342 4615 sunt,
2374 4558 2428 4604 et
2454 4550 2590 4605 inter
2616 4565 2674 4605 se
2692 4550 3083 4619 discernuntur,
3112 4561 3166 4607 et
3189 4564 3443 4623 quantum
3473 4555 3540 4609 ab
3569 4554 3672 4608 hoc
3698 4555 3789 4610 di—

2199 4649 2369 4707 stent,
2432 4642 2534 4697 ﬁda
2581 4642 3003 4699 manifestatione
3072 4646 3411 4715 cognoscitur
3454 4657 3553 4703 :et
3606 4657 3789 4702 tamen

2199 4734 2359 4789 etiam
2388 4734 2489 4793 hoc
2518 4734 2715 4800 lumen,
2746 4744 2955 4791 nonest
2981 4736 3159 4792 lumen
3187 4737 3314 4793 illud
3342 4739 3480 4807 quod
3502 4739 3640 4795 Dens
3663 4749 3783 4803 est;

2200 4823 2303 4880 hoc
2326 4825 2467 4891 enim
2508 4836 2749 4880 creatura
2798 4836 2899 4893 est,
2927 4827 3146 4883 Creator
3166 4836 3248 4884 est
3284 4830 3406 4895 ille;
3430 4829 3531 4886 hoc
3560 4830 3785 4896 factum,

2200 4916 2288 4972 ille
2309 4918 2397 4986 qui
2423 4917 2586 4984 fecit;
2619 4918 2720 4974 hoc
2748 4918 2979 4990 denique
3008 4922 3279 4987 mutabile,
3306 4922 3433 4977 dum
3480 4923 3593 4977 vult
3642 4924 3789 4993 quod

2199 5008 2433 5075 nolebat,
2463 5018 2517 5065 et
2544 5012 2645 5065 scit
2671 5011 2813 5081 quod
2841 5012 3132 5079 nesciebat,
3159 5025 3214 5068 et
3254 5014 3613 5069 reminiscitur
3641 5015 3786 5084 quod

2198 5102 2420 5156 oblitum
2444 5112 2579 5170 erat,
2621 5104 2749 5158 illud
2790 5092 2970 5159 autem
3027 5106 3442 5160 incommutabili
3492 5106 3785 5170 voluntate,

2198 5194 2439 5260 veritate,
2472 5195 2767 5249 aeternitate
2810 5197 3082 5265 persistit;
3114 5205 3167 5251 et
3224 5196 3345 5250 inde
3382 5196 3535 5251 nobis
3574 5206 3659 5252 est
3700 5198 3789 5251 in-

2200 5289 2351 5343 itium
2379 5288 2660 5353 existcndi,
2694 5289 2831 5344 ratio
2858 5290 3232 5359 cognoscendi,
3276 5290 3360 5345 lex
3387 5289 3617 5352 amandi;
3660 5290 3789 5345 inde

2199 5382 2443 5441 omnibus
2470 5393 2522 5438 et
2550 5382 2939 5438 irrationalibus
2966 5383 3324 5439 animantibus
3354 5393 3539 5438 natura
3569 5398 3672 5453 qua
3701 5385 3790 5436 vi-

2198 5486 2348 5542 vunt,
2379 5478 2527 5548 vigor
2548 5493 2654 5548 quo
2696 5479 2953 5545 sentiunt,
2988 5486 3165 5533 motus
3199 5492 3306 5548 quo
3347 5485 3631 5547 appetunt;
3662 5477 3793 5531 inde

2200 5570 2360 5626 etiam
2391 5570 2638 5625 omnibus
2658 5572 2973 5641 corporibus
2993 5582 3243 5626 mensura
3270 5578 3325 5625 ut
3345 5571 3657 5637 subsistant,
3685 5587 3791 5624 nu-

2200 5678 2379 5719 merus
2409 5672 2463 5717 ut
2488 5672 2762 5731 ornentur,
2795 5664 3001 5733 pondus
3029 5673 3087 5718 ut
3110 5663 3445 5718 ordinentur.
3472 5662 3652 5732 itaque
3698 5662 3790 5716 lu-

2198 5772 2323 5813 men
2344 5756 2473 5811 illud
2494 5757 2727 5812 Trinitas
2755 5757 3144 5827 inseparabilis,
3175 5772 3314 5812 unus
3342 5757 3483 5812 Deus
3502 5765 3604 5817 est,
3628 5756 3786 5825 cujus

2201 5865 2299 5908 vos
2321 5851 2464 5908 nullo
2490 5866 2715 5922 corpore
2754 5851 3021 5921 adjuncto,
3065 5866 3159 5923 per
3208 5865 3268 5908 se
3317 5851 3487 5922 ipsam
3527 5848 3780 5920 incorpo—
