4052 6450
246 372 360 434 δ’ὶὸ

241 503 418 556 ream,
439 483 798 556 spiritualem,
850 483 1450 556 incommutabilemque
1483 483 1834 540 substantiam

245 582 408 636 etiam
451 578 590 634 locis
635 576 889 632 diriditis.
935 575 1046 634 Nec
1075 576 1265 632 saltem
1296 576 1540 634 Trinitati
1597 577 1711 634 loca
1740 576 1842 634 tria

247 671 406 736 datis,
431 669 532 724 sed
556 678 786 740 quatuor
815 686 827 722 :
855 668 1000 724 Patri
1023 684 1206 734 unum,
1259 669 1308 724 id
1332 676 1432 736 est,
1479 670 1656 726 lumen
1697 669 1842 724 inac-

245 759 520 826 cessibile,
547 759 690 832 quod
717 773 938 830 prorsus
963 773 1070 824 non
1097 759 1410 832 intelligitis,
1429 760 1568 816 Filio
1597 759 1722 828 duo,
1753 775 1839 816 so-

245 853 347 908 lem
368 853 576 908 scilicet
597 860 758 924 atque
782 851 984 918 lunam;
1005 850 1224 922 Spiritui
1241 861 1426 908 sancto
1448 866 1631 906 rursus
1651 867 1836 918 unum,

245 945 298 1000 id
327 953 434 1012 est,
465 946 612 1002 aeris
647 944 790 1002 hunc
825 958 1039 1014 omnem
1082 943 1361 1000 ambitum.
1409 943 1484 1000 De
1513 943 1685 998 Patris
1712 958 1840 1014 ergo

245 1037 604 1096 imocessibili
646 1037 870 1106 lumine,
917 1036 1042 1108 quia
1094 1052 1276 1094 veram
1325 1036 1488 1092 ﬁdem
1538 1036 1840 1093 tenentibus

243 1147 352 1186 non
397 1130 528 1188 inde
569 1139 851 1202 separatur
885 1129 1052 1186 Filius
1078 1139 1134 1186 et
1183 1129 1412 1202 Spiritus
1453 1139 1692 1198 sanctus,
1719 1131 1838 1186 hac-

247 1235 422 1284 tenus.
447 1223 508 1276 in
535 1222 818 1293 praesentia
833 1223 1085 1284 dixerim.

311 1312 546 1370 CAPUT
575 1313 786 1370 VllL—
805 1315 1004 1370 Vestrae
1036 1323 1213 1372 autem
1242 1315 1462 1370 vanitati
1489 1315 1612 1385 quid
1644 1315 1839 1386 placuit

246 1405 296 1460 in
321 1406 440 1462 sole
473 1421 676 1476 ponere
703 1406 952 1464 virtutem
977 1405 1118 1474 Filii,
1145 1415 1200 1461 et
1221 1407 1276 1464 in
1329 1407 1452 1462 luna
1487 1407 1837 1476 sapientiam?

245 1496 378 1554 Cum
405 1500 556 1558 enim
582 1500 638 1556 in
665 1500 784 1572 ipso
823 1499 984 1556 Patre
1015 1499 1180 1556 Filius
1205 1499 1576 1572 inseparabilis
1601 1509 1836 1568 maneat,

245 1589 524 1660 quomodo
543 1600 724 1662 potest
747 1591 1012 1662 sapientia
1056 1590 1173 1662 ejus
1211 1591 1278 1648 ab
1307 1591 1423 1662 ejus
1467 1592 1660 1646 virtute
1683 1607 1838 1662 sepa-

245 1682 370 1748 rari,
401 1690 464 1738 ut
491 1682 582 1744 illa
603 1684 672 1748 sit
715 1686 772 1740 in
795 1681 930 1751 sole,
961 1682 1077 1740 haec
1119 1684 1174 1738 in
1204 1683 1364 1750 luna;
1413 1699 1532 1748 cum
1567 1699 1660 1756 per
1697 1683 1838 1755 ejus-

243 1773 390 1830 modi
435 1774 596 1838 locos
635 1776 738 1836 nisi
763 1790 988 1848 corpora
1014 1775 1178 1840 dividi
1205 1775 1546 1848 separarique
1574 1792 1680 1832 non
1711 1792 1836 1848 pos-

244 1867 386 1924 sint?
427 1867 588 1936 Quod
627 1869 676 1926 si
716 1869 958 1936 sciretis,
999 1884 1270 1940 nunquam
1313 1868 1476 1924 stulto
1543 1869 1840 1940 insanoque.

244 1957 624 2028 phantasmate
647 1969 822 2018 tantas
879 1961 1081 2018 fabulas
1126 1960 1403 2016 texeretis.
1435 1961 1504 2014 At
1541 1961 1592 2016 in
1619 1975 1682 2016 ea
1723 1961 1837 2030 ipsa

245 2050 482 2108 falsitate
507 2061 668 2124 atque
693 2051 922 2120 fallacia,
949 2067 1108 2124 quam
1153 2053 1466 2122 incongrue,
1507 2066 1666 2122 quam
1707 2067 1834 2122 per-

243 2155 396 2200 verse
419 2143 610 2200 sedem
627 2143 902 2214 sapientiae
929 2145 1105 2216 minus
1129 2143 1310 2200 lucere
1341 2143 1536 2210 dicitis,
1565 2157 1722 2214 quam
1750 2157 1833 2197 se-

245 2233 364 2292 dem
395 2235 648 2302 virtutis;
696 2251 818 2290 eum
873 2234 942 2290 ad
989 2237 1236 2292 virtutem
1295 2235 1564 2306 pertinere
1598 2234 1838 2290 videatur

243 2328 458 2397 operari
511 2337 570 2384 et
616 2327 854 2394 allicere,
901 2326 972 2382 ad
1008 2327 1327 2398 sapientiam
1377 2341 1503 2382 vero
1548 2325 1746 2382 docere
1784 2333 1838 2382 et

246 2421 534 2478 ostendere
564 2439 580 2476 :
605 2437 672 2478 ac
711 2436 805 2492 per
835 2420 938 2488 hoc
963 2422 1010 2488 si
1052 2423 1199 2478 calor
1235 2421 1288 2476 in
1341 2420 1472 2484 sole,
1521 2420 1608 2474 lux
1659 2428 1835 2473 autem

245 2515 590 2585 praepolleret
629 2515 684 2570 in
724 2515 868 2582 luna,
916 2523 1201 2584 utcumque
1243 2511 1569 2568 invenissent
1616 2511 1712 2566 ista
1743 2509 1838 2582 ﬁg-

243 2616 422 2676 menta
455 2605 942 2676 uerisimilitudinis
969 2605 1236 2670 nebulam,
1295 2603 1602 2658 hominibus
1644 2617 1835 2658 carna-

243 2699 380 2758 libus
403 2707 464 2754 et
481 2699 806 2764 animalibus
832 2697 1178 2770 decipiendis,
1213 2696 1304 2768 qui
1325 2695 1454 2754 nihil
1481 2705 1668 2768 putant
1693 2710 1834 2764 esse,

243 2791 344 2848 nisi
367 2790 518 2862 quod
543 2791 826 2862 corporale
871 2790 1252 2862 cogitaverim;
1300 2789 1496 2844 caloris
1524 2787 1666 2843 enim
1723 2789 1835 2843 vio-

243 2882 384 2940 lenta
413 2885 664 2956 operatio
691 2893 776 2942 est
803 2881 874 2940 ad
910 2882 1234 2946 movendum
1265 2882 1306 2948 ί,
1354 2881 1494 2938 unde
1542 2879 1724 2962 virtuti
1745 2880 1838 2935 tri-

243 2977 534 3050 ignoretur;
593 2977 730 3046 lueis
781 2985 960 3036 autem
1026 2976 1204 3032 clarus
1245 2973 1443 3046 fulgor,
1498 2973 1566 3030 ad
1615 2975 1838 3030 demon-

241 3069 550 3140 strandum,
579 3069 724 3128 unde
747 3071 880 3128 hanc
899 3067 1174 3140 sapientiae
1192 3066 1385 3122 darent
1407 3083 1420 3119 :
1447 3081 1568 3122 cum
1597 3081 1722 3124 vero
1742 3065 1838 3120 lux

245 3161 404 3233 longe
431 3163 488 3218 in
507 3162 628 3218 sole
651 3160 943 3232 praecellat,
975 3158 1242 3230 quomodo
1281 3158 1356 3214 ibi
1387 3158 1574 3222 virtus,
1618 3157 1704 3212 hic
1743 3172 1838 3214 au-

245 3262 350 3312 tem
371 3253 524 3324 quod
551 3261 700 3318 tanto
725 3253 901 3308 minus
931 3252 1092 3318 lucet,
1136 3251 1400 3324 sapientia
1444 3250 1565 3306 est?
1595 3247 1639 3305 Ο
1668 3249 1836 3314 sacri-

245 3344 358 3416 lega
389 3345 632 3418 ineptia!
658 3353 714 3402 et
737 3360 864 3402 cum
888 3346 960 3400 sit
989 3359 1128 3398 unus
1155 3343 1420 3408 Christus,
1453 3341 1550 3396 Dei
1585 3337 1761 3398 Virtus
1784 3349 1839 3396 et

247 3436 344 3504 Dei
365 3419 648 3510 Sapientia
701 3435 880 3508 (lCor.
912 3451 950 3502 ι,
981 3434 1100 3506 24),
1131 3434 1360 3506 Spiritus
1399 3441 1576 3488 autem
1625 3439 1837 3487 sanctus

244 3544 348 3588 non
377 3531 498 3600 ipse
537 3529 612 3584 sit
650 3527 894 3586 Christus
921 3543 936 3596 ;
969 3525 1238 3598 quomodo
1284 3532 1560 3596 separatur
1582 3539 1614 3577 a
1641 3523 1837 3593 seipse

243 3623 516 3694 Christus,
545 3639 668 3682 cum
688 3622 756 3680 ab
783 3637 850 3678 eo
887 3636 993 3678 non
1020 3628 1300 3692 separetur
1326 3617 1554 3687 Spiritus
1581 3615 1836 3672 sanctus?

243 3719 448 3776 Aerem
475 3718 694 3788 quippe,
723 3731 880 3788 quem
901 3714 1082 3772 sedem
1107 3713 1334 3784 Spiritui
1357 3721 1541 3767 sancto
1561 3717 1732 3764 vestra
1761 3709 1836 3763 fa-

245 3810 374 3868 bula
401 3811 614 3874 tribuit,
645 3817 810 3866 totam
833 3805 1016 3864 mundi
1041 3805 1296 3872 fabricam
1323 3803 1548 3874 implere
1585 3799 1837 3872 perhibes

245 3903 334 3958 tis.
363 3901 528 3960 Unde
552 3899 636 3958 sol
661 3908 720 3956 et
754 3899 880 3954 luna
907 3896 1161 3952 circuitus
1190 3908 1317 3950 suos
1345 3899 1678 3964 peragentes,
1705 3903 1837 3944 sem-

245 4009 350 4066 per
383 4009 508 4050 cum
534 3993 618 4050 illo
645 3999 790 4048 sunt.
816 3991 862 4044 A
885 3989 1000 4046 sole
1021 3996 1204 4042 autem
1245 3987 1370 4040 luna
1423 3982 1643 4052 recedit,
1691 3989 1743 4037 et
1769 3979 1836 4035 ad

243 4086 428 4142 solem
457 4099 636 4142 rursus
681 4081 930 4154 accedit:
961 4081 1036 4138 ita
1063 4079 1216 4136 vobis
1259 4075 1583 4143 auctoribus,
1614 4075 1696 4129 vel
1743 4087 1838 4144 po-

245 4178 358 4234 tius
381 4174 782 4248 deceptorihus,
809 4189 906 4248 per
947 4171 1224 4244 dimidiam
1261 4179 1470 4242 partem
1490 4165 1669 4223 circuli
1699 4180 1838 4222 recc-

245 4267 378 4324 dita
406 4267 604 4326 virtute
627 4265 912 4344 sapientia,
936 4272 991 4320 et
1008 4249 1230 4322 ad-eam‘
1247 4276 1342 4334 per
1380 4261 1535 4328 aliam
1561 4257 1836 4314 dimidiam

245 4373 440 4418 rursus
479 4360 724 4424 accedit:
749 4367 808 4416 et
854 4373 978 4416 cum
1030 4357 1186 4427 plena
1235 4363 1338 4424 est,
1371 4364 1482 4410 tum
1506 4354 1662 4424 longe
1698 4360 1780 4408 est
1805 4365 1832 4404 a

246 4455 452 4512 virtute
481 4454 781 4522 sapientia;
815 4461 942 4512 tunc
969 4450 1112 4508 enim
1140 4458 1246 4504 tam
1291 4447 1450 4518 longe
1485 4445 1764 4502 intervallo
1805 4457 1836 4498 a

245 4563 308 4606 se
327 4547 604 4616 disjuncta
627 4555 750 4602 sunt
775 4544 892 4600 haec
917 4543 1024 4600 duo
1044 4542 1262 4608 lumina,
1295 4549 1378 4596 ut.
1400 4553 1518 4593 cum
1560 4537 1640 4592 sol
1666 4535 1838 4606 vergit

245 4638 312 4694 ad
337 4638 700 4704 occidentem,
730 4619 856 4692 tunc
883 4636 1008 4692 luna
1036 4631 1302 4704 surgatab
1336 4630 1542 4686 oriente
1567 4647 1580 4684 :
1609 4644 1678 4682 ex
1730 4643 1836 4698 quo

247 4730 324 4796 ﬁt,
353 4739 416 4788 ut
438 4730 700 4801 quoniam
735 4728 1070 4784 inﬁrmantur
1098 4723 1276 4780 omnia
1308 4739 1426 4794 quae
1469 4723 1662 4776 virtute
1682 4720 1836 4776 dese-

245 4831 462 4887 runtur,
491 4835 560 4878 eo
603 4819 866 4891 sapientia
895 4820 965 4874 sit
1008 4817 1290 4883 inﬁrmior,
1318 4830 1422 4888 quo
1455 4823 1544 4870 est
1571 4813 1695 4868 luna
1726 4813 1836 4884 ple-

245 4913 384 4970 nior.
409 4911 470 4970 Si
495 4919 696 4974 autem,
723 4911 862 4982 quod
900 4908 1098 4966 veritas
1125 4908 1308 4970 habet,
1350 4915 1404 4962 et
1433 4904 1692 4976 sapientia
1737 4903 1836 4958 Dei

247 5019 462 5074 semper
491 5001 822 5068 tantumdem
858 5001 1018 5066 valet,
1051 5008 1106 5054 et
1131 4999 1300 5052 virtus
1341 4997 1432 5052 Dei
1477 5011 1690 5068 semper
1721 5003 1837 5050 tan-

245 5097 492 5154 tumdem
514 5095 671 5165 sapit;
699 5110 796 5150 cur
826 5093 940 5148 hcec
969 5093 1047 5146 sic
1072 5091 1178 5148 duo
1207 5089 1404 5157 dicitis,
1437 5097 1494 5143 ut
1517 5105 1580 5146 ea
1599 5090 1836 5144 locorum

247 5190 468 5246 sedibus
497 5186 896 5256 intervallisque
918 5183 1204 5254 separetis,
1249 5197 1370 5236 cum
1411 5189 1464 5236 et
1500 5181 1644 5252 ipsas
1683 5177 1835 5234 sedes

249 5283 494 5354 ejusdem
521 5280 835 5340 substantiae
861 5277 1070 5344 dicatis,
1101 5275 1344 5330 homines
1371 5287 1510 5330 caeca
1559 5281 1614 5328 et
1653 5273 1836 5327 insana

251 5381 432 5430 mente
457 5388 568 5430 non
605 5369 917 5428 recedentes
959 5383 990 5424 a
1037 5367 1406 5440 phantasmate
1438 5379 1743 5434 corporum,
1785 5371 1838 5418 et

249 5466 452 5524 vir-tute
469 5479 536 5520 ac
559 5462 821 5536 sapientia
845 5461 916 5516 ita
940 5466 1205 5526 carentes,
1231 5465 1407 5512 utnec
1435 5469 1624 5526 sapere
1667 5455 1839 5524 possi-

251 5559 324 5616 tis
349 5555 554 5629 aliquid
575 5555 808 5624 fortiter,
839 5569 940 5612 nec
959 5553 1140 5608 valere
1167 5551 1474 5622 sapienter?
1499 5549 1646 5605 Itane
1685 5563 1834 5618 vero,

253 5648 570 5708 detestanda
595 5656 654 5706 et
678 5643 1067 5704 anathemanda
1088 5643 1334 5710 stultitia,
1367 5643 1608 5698 Christus
1639 5656 1732 5712 per
1753 5655 1840 5697 so-

317 5781 336 5812 ¹
369 5781 446 5831 sic
463 5785 574 5828 Mss.
599 5787 655 5830 At
675 5778 794 5840 editi
813 5775 1136 5840 vulgominus
1146 5773 1300 5838 bene,
1323 5771 1498 5826 caloris
1517 5771 1648 5828 enim
1665 5770 1839 5825 violen-

253 5841 342 5904 tia,
363 5841 581 5906 operatio
599 5847 668 5896 est
688 5838 758 5892 ad
777 5837 1074 5892 mendum.

1579 365 1784 426 LIBER
1823 367 2206 436 VICESIMUS.

3419 391 3526 454 5Ἱό

1947 485 2050 544 lem
2090 490 2372 568 lunamque
2421 493 2713 566 distentus;
2762 497 2850 556 hic
2886 500 3078 558 virtute
3125 501 3388 578 habitans,
3429 507 3518 564 hic

1945 581 2230 652 sapientia,
2261 601 2362 642 nec
2391 587 2476 644 hic
2523 590 2787 662 perfectus
2815 601 2868 649 et
2911 594 3118 664 plenus,
3163 613 3265 654 nec
3311 581 3520 656 in'sole

1945 674 2176 744 sapiens,
2205 694 2306 734 nec
2331 679 2382 734 in
2413 681 2536 736 luna
2585 695 2904 756 praepotens,
2947 687 3224 760 utrobique
3267 690 3516 762 pulchros

1947 779 2139 834 pueros
2169 769 2424 836 subornat
2469 769 2922 848 concupiscendos
2965 777 3172 834 feminis
3193 782 3520 856 principibus

1947 859 2306 930 tenebrarum,
2361 873 2417 918 et
2457 869 2708 936 masculis
2733 871 2972 940 puellas?
3017 872 3140 928 llaec
3177 874 3370 946 legitis,
3403 875 3520 932 haec

1945 949 2181 1016 creditis,
2215 952 2330 1010 hmo
2355 954 2559 1011 docetis
2589 976 2599 1011 :
2625 975 2694 1016 ex
2729 961 2826 1016 hac
2855 963 2958 1020 ﬁde
2987 963 3336 1038 doctrinaque
3379 967 3520 1022 vivi-

1948 1039 2042 1107 tis;
2073 1051 2126 1098 et
2153 1043 2416 1102 miramini
2444 1048 2564 1120 quia
2587 1049 2664 1110 sic
2688 1051 3102 1111 abominamini!

2015 1131 2240 1200 CAPUT
2270 1137 2358 1192 IX.
2388 1169 2458 1180 —
2487 1140 2684 1197 Verum
2716 1143 2832 1199 siin
2860 1147 2973 1204 istis
3016 1155 3122 1204 tam
3166 1151 3524 1214 eminentibus

1945 1227 2342 1302 notissimisque
2386 1232 2674 1290 luminibus
2723 1235 2801 1292 sic
2845 1241 3056 1310 erratis,
3111 1244 3242 1298 utin
3296 1245 3374 1300 eis
3417 1261 3524 1300 non

1945 1319 2084 1388 quod
2111 1331 2254 1388 sunt,
2285 1321 2380 1378 sed
2411 1323 2553 1394 quod
2585 1327 2736 1398 vobis
2761 1327 3159 1388 dementissime
3178 1335 3370 1406 ﬁngitis
3393 1336 3523 1390 ado-

1944 1412 2096 1478 retis,
2126 1412 2250 1483 quid
2314 1413 2380 1470 de
2419 1418 2626 1473 caeteris
2678 1422 2870 1476 vestris
2909 1421 3100 1478 fabulis
3139 1425 3352 1480 dicam?
3395 1426 3524 1493 Quis

1945 1502 2085 1556 enim
2117 1503 2513 1572 splenditencns
2533 1511 2806 1580 suspendit
2838 1513 3112 1577 mundum,
3146 1524 3200 1570 et
3226 1517 3344 1586 quis
3371 1517 3523 1572 Atlas

1944 1606 2065 1648 cum
2093 1593 2186 1672 illo
2209 1599 2522 1668 supportat?
2545 1601 2668 1656 llaec
2698 1613 2752 1656 et
2777 1604 3196 1670 innumerabilia,
3220 1623 3336 1678 quae
3378 1609 3525 1662 simi-

1944 1685 2067 1742 liter
2101 1687 2360 1756 deliratis,
2393 1693 2611 1747 omnino
2637 1710 2743 1748 non
2783 1705 2926 1764 sunt,
2951 1706 3004 1751 et
3049 1698 3223 1753 colitis
3256 1713 3338 1754 ea.
3389 1699 3524 1754 Hinc

1941 1792 2040 1832 vos
2067 1777 2290 1849 Paganis
2315 1780 2538 1838 dicimus
2562 1783 2877 1854 deteriores,
2932 1803 2997 1842 eo
3056 1799 3256 1842 tantum
3297 1790 3519 1856 similes,

1943 1870 2086 1942 quod
2114 1871 2308 1928 multos
2334 1873 2463 1928 deos
2496 1877 2668 1931 colitis
2693 1895 2704 1930 :
2736 1892 2801 1932 eo
2827 1895 2954 1934 vero
2981 1880 3032 1933 in
3055 1880 3292 1952 pejorcm
3317 1891 3524 1952 partem

1943 1964 2254 2034 dissimiles,
2283 1968 2424 2038 quod
2453 1967 2526 2022 illi
2559 1985 2654 2040 pro
2675 1969 2777 2026 diis
2808 1987 2872 2026 ea
2895 1973 3076 2026 colunt
3108 1989 3228 2042 qua:
3255 1983 3398 2040 sunt,
3429 1973 3524 2028 sed

1943 2053 2020 2110 dii
2046 2073 2153 2112 non
2183 2068 2332 2124 sunt;
2361 2075 2454 2114 vos
2476 2069 2651 2116 autem
2699 2064 2871 2116 colitis
2894 2079 2954 2118 ea
2995 2081 3111 2134 quae
3153 2081 3251 2120 nec
3280 2065 3374 2133 dii,
3426 2081 3526 2120 nec

1943 2148 2144 2218 aliquid
2181 2159 2320 2214 sunt,
2373 2153 2620 2222 quoniam
2671 2170 2888 2226 prorsus
2931 2157 3075 2211 nulla
3128 2167 3268 2212 sunt.
3315 2159 3524 2214 Habent

1944 2239 2155 2310 quidem
2208 2251 2262 2296 ct
2288 2243 2362 2296 illi
2410 2243 2652 2314 quaedam
2695 2245 2931 2302 fabulosa
2957 2247 3223 2318 ﬁgmenta,
3271 2249 3362 2304 sed
3402 2265 3523 2305 esse

1945 2321 2062 2379 illas
2091 2325 2292 2381 fabulas
2320 2337 2541 2394 norunt;
2571 2338 2623 2384 et
2651 2331 2785 2385 vela
2810 2331 2981 2401 poetis
3009 2331 3305 2387 delectandi
3347 2348 3506 2388 causa

1945 2413 2095 2470 ﬁctas
2124 2431 2243 2472 esse
2273 2429 2542 2487 asserunt,
2573 2421 2656 2475 vel
2682 2435 2773 2476 eas
2815 2421 2880 2476 ad
2927 2431 3168 2477 naturam
3214 2439 3390 2478 rerum
3435 2423 3523 2477 vel

1944 2524 2122 2564 mores
2143 2509 2414 2566 hominum
2443 2513 2778 2584 interpretari
2802 2523 3064 2570 conantur
3089 2531 3104 2568 :
3135 2517 3274 2572 sicut
3315 2515 3520 2590 Vulca-

1945 2615 2074 2654 num
2095 2601 2361 2666 claudum,
2387 2604 2508 2674 quia
2539 2605 2672 2675 ignis
2703 2607 2898 2662 terreni
2915 2615 3091 2663 motus
3114 2607 3374 2679 ejusmodi
3401 2615 3520 2674 est;

1945 2703 2000 2748 et
2029 2693 2313 2749 Fortunam
2353 2711 2570 2763 czecam,
2603 2698 2742 2768 quod
2769 2713 2836 2754 ex
2863 2700 3064 2754 incerto
3104 2699 3360 2762 accidant,
3403 2715 3524 2772 quae

1944 2783 2158 2840 fortuita
2187 2785 2466 2854 dicuntur;
2492 2797 2547 2844 et
2567 2789 2664 2844 tria
2695 2789 2824 2846 Fata
2855 2791 2907 2844 in
2937 2791 3060 2847 colo
3101 2800 3154 2847 et
3179 2792 3296 2847 fuso
3321 2791 3528 2862 digitis-

1946 2893 2050 2947 que
2110 2878 2254 2932 ﬁlum
2295 2895 2360 2934 ex
2401 2879 2519 2934 lana
2551 2883 2952 2951 torquentibus,
2999 2893 3218 2954 propter
3254 2893 3353 2938 tria
3383 2891 3522 2937 tem-

1945 2985 2095 3042 pora,
2129 2974 2451 3042 prmioritum
2483 2975 2623 3046 quod
2654 2975 2705 3030 in
2751 2977 2866 3031 fuso
2891 2977 3002 3046 jam
3041 2987 3223 3032 netum
3259 2985 3416 3048 atque
3439 2977 3524 3030 in-

1946 3063 2181 3118 volutum
2216 3076 2319 3132 eSt,
2347 3079 2584 3134 przusens
2609 3067 2749 3136 quod
2773 3067 2914 3122 inter
2942 3067 3133 3138 digitos
3163 3069 3338 3122 uentis
3369 3067 3524 3136 traji-

1944 3155 2101 3222 citur,
2126 3156 2360 3211 futurum
2399 3157 2452 3212 in
2473 3158 2610 3224 lana,
2644 3175 2760 3229 qua:
2789 3160 2909 3214 colo
2937 3160 3202 3229 implicata
3235 3167 3337 3225 est,
3382 3157 3526 3230 quod

1944 3244 2116 3300 adhuc
2140 3261 2234 3316 per
2260 3245 2450 3318 digitos
2477 3249 2650 3303 uentis
2677 3249 2742 3303 ad
2771 3249 2964 3314 fusum,
2991 3259 3236 3320 tanquam
3267 3265 3362 3319 per
3387 3264 3524 3318 prte-

1943 3351 2068 3392 sens
2116 3337 2182 3392 ad
2230 3341 2554 3408 prmteritum
2599 3341 2964 3410 trajiciendnm
3013 3351 3127 3409 est;
3183 3353 3236 3398 et
3263 3343 3522 3398 Venerem

1943 3427 2166 3482 Vulcani
2195 3444 2413 3484 uxorem
2437 3473 2451 3496 ,
2476 3433 2596 3500 quia
2618 3447 2684 3486 ex
2729 3433 2906 3488 calore
2933 3435 3176 3504 voluptas
3218 3433 3526 3488 naturaliter

1945 3519 2180 3574 nascitur
2209 3521 2248 3586 ⁸,
2278 3529 2332 3574 et
2365 3519 2548 3577 Martis
2577 3523 2898 3590 adulteram,
2926 3525 3048 3594 quia
3094 3525 3524 3595 belligerantibus

1944 3613 2228 3684 incongrua
2261 3623 2378 3679 est;
2408 3623 2460 3669 et
2497 3614 2806 3686 Cupidinem
2839 3632 3058 3686 puerum
3107 3617 3412 3672 volitantem
3459 3631 3524 3672 ac

1943 3705 2300 3775 sagittantem,
2352 3705 2496 3775 quod
2539 3706 2920 3762 irrationabilis
2971 3715 3026 3762 et
3069 3707 3333 3762 instabilis
3371 3720 3522 3762 amor

1943 3795 2102 3850 corda
2132 3796 2374 3851 vulneret
2403 3795 2720 3851 miserorum
2747 3815 2762 3850 :
2792 3805 2846 3852 et
2873 3797 2974 3851 alia
3008 3797 3268 3866 permulta
3301 3798 3356 3852 in
3377 3797 3520 3852 hunc

1941 3885 2176 3942 modum.
2209 3886 2470 3952 Quocirca
2503 3887 2604 3942 hoc
2627 3887 2680 3941 in
2709 3887 2788 3942 eis
2821 3886 3125 3956 irridemus,
3175 3889 3317 3958 quod
3360 3889 3526 3943 inter-

1941 3987 2148 4050 pretata
2197 3980 2276 4036 sic
2315 3979 2571 4047 adorant,
2622 3995 2740 4052 quae
2785 3997 2892 4037 non
2943 3983 3234 4050 intellecta,
3283 3983 3525 4054 quamvis

1942 4069 2331 4140 damnabiliter,
2391 4081 2570 4126 tamen
2627 4073 2991 4128 excusabilius
3041 4073 3348 4130 adorarent.
3390 4073 3524 4146 Ipsis

1941 4161 2138 4232 quippe
2167 4162 2696 4233 interpretationibus
2720 4165 3130 4232 convincuntur,
3155 4179 3262 4221 non
3289 4181 3349 4222 se
3370 4166 3523 4222 illum

1941 4253 2107 4310 Deum
2129 4255 2327 4324 colere,
2357 4257 2510 4328 cujus
2541 4257 2708 4314 solius
2747 4259 3154 4330 participatione
3179 4275 3334 4316 mens
3369 4261 3525 4318 beata

1941 4347 2019 4413 ﬁt,
2050 4349 2144 4404 sed
2175 4347 2242 4406 ab
2271 4349 2364 4405 illo
2393 4349 2666 4405 conditam
2712 4335 3054 4406 creaturam}
3083 4366 3186 4408 nec
3237 4353 3382 4408 solas
3419 4353 3528 4408 vir-

1942 4445 2084 4494 tutes
2109 4439 2278 4510 ipsius
2304 4447 2587 4508 creaturae,
2616 4441 2754 4496 sicut
2777 4442 3090 4510 Minervam,
3109 4443 3264 4514 cujus
3288 4443 3519 4500 fabulam

1941 4529 2082 4599 quod
2111 4529 2178 4584 de
2207 4529 2353 4585 Jovis
2374 4531 2546 4600 capite
2567 4541 2692 4586 nata
2735 4533 2824 4599 sit,
2856 4532 2922 4588 ad
2966 4533 3302 4602 prudentiam
3347 4536 3528 4590 consi-

1939 4619 2132 4675 liorutn
2165 4622 2597 4694 interpretantur,
2627 4638 2746 4694 qua:
2787 4624 3011 4679 rationis
3039 4634 3120 4680 est
3157 4626 3390 4696 propria,
3438 4627 3524 4682 cui

1941 4713 2124 4769 sedem
2151 4713 2341 4786 capitis
2372 4715 2532 4770 etiam
2563 4715 2714 4769 Plato
2740 4715 2916 4782 dedit;
2946 4716 3040 4772 sed
3070 4718 3230 4772 etiam
3251 4717 3395 4780 vitia,
3415 4717 3522 4772 sic-

1941 4813 2000 4860 ut
2040 4805 2107 4861 de
2159 4805 2414 4876 Cupidine
2458 4806 2708 4862 diximus.
2759 4805 2912 4863 Unde
2955 4807 3167 4878 quidam
3192 4822 3374 4864 eorum
3411 4815 3523 4861 tra-

1941 4897 2088 4970 gicus
2117 4897 2190 4952 ait
2217 4915 2230 4952 :

2095 5061 2250 5129 neum
2407 5067 2638 5116 amorem,
2657 5055 2814 5118 turpis
2835 5059 2890 5106 et
2903 5055 3022 5106 vitio
3043 5052 3214 5104 favens

2093 5118 2249 5166 Finxit
2273 5116 2436 5190 libido.
2739 5116 2756 5118 ‘

2065 5177 2262 5242 (Seneca
2279 5191 2332 5230 tn
2347 5176 2618 5244 mppofyto,
2643 5183 2738 5230 act.
2765 5178 2810 5240 1,
2829 5189 2958 5228 scen.
2979 5175 3026 5237 2,
3044 5187 3169 5226 vers.
3195 5173 3304 5235 194,
3328 5173 3461 5236 195.)

1941 5303 2074 5360 Nam
2098 5311 2152 5359 et
2178 5281 2530 5376 corporalium
2555 5304 2800 5360 vitiorum
2825 5302 3109 5358 simulacra
3143 5301 3368 5358 Romani
3397 5316 3527 5358 con-

1943 5404 2304 5464 secraverunt,
2337 5397 2474 5452 sicut
2501 5395 2727 5452 Palloris
2765 5403 2821 5452 et
2845 5393 3052 5450 Febris.
3093 5392 3165 5451 Ut
3191 5407 3318 5466 ergo
3365 5394 3526 5450 omit-

1943 5497 2052 5546 tam
2081 5490 2221 5562 quod
2249 5491 2652 5546 simulacrorum
2675 5489 2984 5544 adoratores
3021 5486 3166 5544 circa
3207 5487 3350 5558 ipsas
3399 5501 3522 5542 cor-

1945 5600 2134 5656 porum
2183 5585 2376 5656 ﬁguras
2422 5583 2620 5638 habent
2661 5581 2924 5648 alfectum,
2959 5589 3016 5637 ut
3043 5596 3136 5638 eas
3158 5582 3298 5653 ipsas
3325 5579 3525 5636 formas

1945 5679 1999 5734 in
2051 5677 2182 5733 locis
2239 5675 2634 5732 honorabilibus
2681 5675 3016 5744 sublimalas,
3079 5676 3270 5747 quibus
3320 5682 3526 5730 tantum

2009 5836 2012 5838 ‘
2069 5839 2164 5882 sm.
2185 5837 2258 5881 Er.
2285 5837 2336 5882 et
2355 5829 2466 5882 fere
2484 5841 2658 5882 omnes
2679 5837 2806 5890 uss,
2831 5827 3114 5882 naturaliter
