4052 6472
517 398 627 461 375

518 514 837 587 obsequium
865 511 1113 571 exhiberi
1139 511 1341 582 vident,
1393 521 1643 582 tanquam
1680 510 1810 567 deos
1853 510 2104 577 timeant;

518 610 627 669 illae
680 610 811 681 ipsa:
864 606 1352 678 interpretationes,
1409 592 1627 675 quibus
1656 603 1771 660 haec
1832 613 1999 669 muta,
2053 610 2108 658 et

518 702 704 771 surda,
727 711 782 759 et
805 716 967 770 caeca,
997 708 1051 757 et
1074 698 1319 755 exanima
1345 696 1727 765 defenduntur,
1756 696 1969 768 dignius
2013 709 2109 751 ac-

517 805 777 851 cusantur
805 812 819 849 :
849 802 1214 851 verumtamen
1266 801 1321 849 et
1347 794 1450 848 ista
1497 806 1711 864 quoquo
1754 790 1917 848 modo
1961 797 2105 856 sunt,

516 887 782 959 quamvis,
812 896 869 943 ut
887 886 999 958 jam
1028 886 1158 951 dixi,
1188 883 1257 939 ad
1306 883 1532 941 salutem
1559 883 1644 940 vel
1689 883 1922 954 aliquam
1961 880 2108 937 utili-

516 990 683 1038 tatem
710 982 839 1037 nihil
866 982 989 1049 sint,
1022 990 1077 1037 et
1100 996 1219 1051 quae
1243 996 1310 1037 ex
1330 980 1415 1037 his
1438 980 1875 1050 interpretantur,
1922 977 1975 1034 in
2024 992 2109 1033 re-

514 1074 617 1131 bus
645 1076 1002 1131 inveniuntur.
1031 1072 1142 1130 Vos
1170 1083 1349 1129 autem
1396 1072 1627 1144 primum
1675 1070 1947 1137 hominem
1984 1083 2107 1123 cum

517 1156 764 1239 quinque’
779 1168 1060 1224 elementis
1088 1166 1529 1239 belligerantem;
1557 1172 1612 1221 et
1644 1164 1889 1235 spiritum
1915 1169 2106 1233 poten-

519 1269 626 1316 tem
655 1259 723 1315 de
774 1259 999 1329 captivis
1046 1258 1361 1329 corporibus
1397 1256 1574 1328 gentis
1606 1255 1971 1321 tenebrarum,
2014 1260 2107 1308 aut

515 1355 692 1428 potius
722 1354 735 1387 '-
764 1354 832 1409 de
857 1352 1111 1409 membris
1150 1352 1236 1408 dei
1260 1351 1424 1407 vestri
1467 1350 1620 1405 victis
1646 1358 1805 1420 atque
1828 1347 2102 1418 subjectis,

514 1446 773 1503 mundum
800 1445 1177 1510 fahrieantem;
1222 1451 1277 1499 ct
1311 1440 1812 1513 splenditenentem,
1856 1437 2105 1509 reliquias

515 1539 826 1597 eorumdem
854 1536 1218 1593 membrorum
1234 1534 1320 1592 dei
1342 1535 1507 1590 vestri
1535 1532 1820 1588 habentem
1844 1532 1899 1586 in
1919 1546 2103 1597 manu,

514 1638 570 1686 et
597 1638 789 1686 caetera
814 1629 992 1685 omnia
1020 1636 1195 1699 capta,
1224 1640 1500 1698 oppressa,
1542 1625 1813 1695 inquinata
1844 1623 2103 1694 plangen-

516 1720 656 1787 tem';
690 1730 745 1776 et
767 1721 1036 1775 Atlantem
1061 1719 1349 1773 maximum
1373 1716 1555 1772 subter
1580 1715 1819 1770 humeris
1847 1714 1961 1769 suis
1981 1729 2123 1793 cum

516 1830 583 1871 eo
613 1815 894 1881 ferentem,
938 1829 1008 1869 ne
1049 1821 1219 1867 totum
1248 1812 1337 1868 ille
1363 1810 1610 1881 fatigatus
1657 1808 1894 1878 abjiciat,
1921 1816 2103 1890 atque

514 1909 588 1964 ita
617 1908 792 1963 fabula
841 1916 1017 1964 vestra
1044 1908 1066 1939 ²
1100 1905 1245 1962 velut
1282 1905 1335 1960 in
1368 1912 1541 1975 tapete
1566 1902 1827 1958 theatrico
1865 1900 1933 1956 ad
1963 1900 2105 1956 illius

517 2001 694 2056 ultimi
723 2001 863 2071 globi
888 1997 1223 2055 eatastolium
1244 1997 1525 2068 pervenire
1552 2010 1657 2050 non
1678 1995 1847 2066 possit
1880 2010 1894 2046 :
1923 2001 1978 2049 et
1999 1992 2104 2048 alia

515 2092 922 2148 innumerabilia
951 2091 1150 2161 pariter
1171 2091 1346 2159 inepta
1376 2096 1431 2144 et
1454 2088 1661 2152 insana,
1692 2100 1791 2141 nec
1825 2083 2095 2156 pingendo

514 2194 609 2240 aut
657 2184 970 2254 sculpendo,
1019 2198 1122 2239 nec
1163 2181 1565 2253 interpretando
1597 2177 1974 2237 demonstratis
2006 2184 2105 2234 :et

513 2293 600 2343 ea,
640 2292 761 2332 cum
817 2276 1035 2332 omnino
1074 2275 1220 2331 nulla
1272 2276 1398 2339 sint,
1456 2274 1670 2330 creditis
1712 2281 1767 2329 et
1792 2272 2002 2338 colitis;
2050 2278 2106 2327 et

514 2371 740 2442 insuper
766 2370 1084 2426 Christianis
1109 2369 1214 2426 ﬁde
1252 2384 1359 2424 non
1387 2370 1508 2424 ficta
1542 2368 1658 2439 pias
1699 2376 1908 2424 mentes
1942 2382 2100 2423 mun-

511 2462 762 2519 dantibus
790 2473 1041 2534 tanquam
1058 2471 1263 2518 temere
1288 2460 1520 2517 credulis
1541 2459 1831 2515 insultatis.
1857 2458 1927 2515 Ut
1954 2458 2099 2515 enim

508 2557 677 2613 multa
705 2571 809 2611 non
850 2571 1108 2627 quieram,
1135 2555 1328 2627 quibus
1360 2555 1477 2610 hare
1503 2554 1854 2610 ostendantur
1880 2553 2102 2610 omnino

510 2665 619 2705 non
651 2665 792 2718 esse,
848 2650 971 2721 quia
1029 2649 1275 2705 subtilius
1327 2649 1713 2719 sublimiusque
1760 2656 1987 2704 tractare
2033 2648 2102 2704 de

506 2744 693 2799 mundi
721 2742 941 2807 fabrica,
975 2742 1076 2797 etsi
1096 2741 1227 2796 mihi
1261 2740 1480 2797 difﬁcile
1505 2754 1612 2795 non
1635 2748 1808 2803 esset,
1840 2748 1985 2795 certe
2019 2738 2103 2793 ni-

509 2833 617 2888 mis
642 2834 857 2904 longum
879 2840 991 2899 est;
1024 2832 1125 2887 hoc
1149 2831 1270 2887 dico
1300 2849 1313 2886 :
1337 2832 1383 2887 si
1408 2832 1506 2886 ista
1533 2846 1658 2885 vera
1678 2840 1822 2898 sunt,
1852 2829 1945 2884 Dei
1967 2830 2097 2885 sub-

508 2926 707 2981 stantia
733 2926 1126 2983 commutabilis
1164 2933 1267 2994 est,
1307 2925 1688 2996 corruptibilis,
1735 2924 2100 2995 coinquinabi-

508 3019 597 3075 lis.
630 3019 741 3075 Hoc
781 3029 958 3075 autem
984 3018 1225 3085 credere,
1262 3018 1482 3088 plenum
1522 3026 1605 3073 est
1646 3016 1917 3086 sacrilegae
1958 3016 2102 3071 insa-

509 3112 633 3167 niae.
664 3111 756 3167 Illa
786 3112 946 3183 igitur
990 3110 1167 3166 omnia
1194 3126 1328 3165 vana
1377 3118 1522 3176 sunt,
1585 3106 1720 3164 falsa
1757 3116 1900 3173 sunt,
1952 3108 2099 3164 nulla

513 3212 658 3259 sunt.
688 3203 917 3260 Proinde
946 3218 1042 3258 vos
1070 3203 1292 3274 Paganis
1321 3202 1459 3267 istis,
1485 3202 1575 3271 qui
1598 3200 1759 3271 vulgo
1805 3199 1917 3255 noti
1952 3207 2095 3267 sunt,

506 3305 561 3351 et
586 3297 874 3366 antiquitus
918 3294 1151 3361 fuerhnt,
1182 3301 1237 3349 et
1266 3294 1319 3347 in
1362 3292 1597 3361 reliquiis
1645 3291 1756 3346 suis
1793 3290 1906 3361 jam
1948 3305 2094 3347 nunc

505 3388 847 3452 erubescunt,
874 3401 1095 3458 prorsus
1124 3384 1420 3441 deteriores
1447 3382 1599 3450 estis,
1632 3381 1773 3453 quod
1806 3381 1884 3437 illi
1912 3381 2099 3438 colunt

506 3491 570 3531 ea
596 3493 714 3547 qua:
766 3475 839 3532 dii
892 3492 999 3533 non
1051 3485 1196 3544 sunt,
1228 3490 1326 3531 vos
1372 3483 1551 3531 autem
1585 3474 1804 3530 omnino
1845 3488 1965 3546 qua:
1987 3488 2096 3531 non

503 3580 647 3626 sunt.

576 3657 803 3719 CAPUT
843 3662 912 3719 Χ.
952 3692 1026 3704 ——
1056 3662 1277 3734 Itaque,
1324 3662 1373 3718 si
1437 3668 1716 3733 propterea
1757 3675 1854 3717 vos
1899 3662 2098 3732 putatis

507 3766 688 3813 tenere
722 3759 999 3815 veritatem
1027 3799 1041 3825 ,
1084 3758 1207 3828 quia
1248 3765 1302 3813 et
1346 3757 1516 3811 errori
1559 3755 1893 3826 Paganorum
1942 3756 2097 3825 longe

506 3849 791 3904 dissimiles
815 3849 983 3916 estis,
1028 3865 1127 3905 nos
1152 3857 1328 3904 autem
1356 3856 1635 3919 propterea
1656 3862 1777 3903 esse
1800 3848 1851 3903 in
1872 3863 2055 3904 errore
2078 3887 2094 3915 ,

505 3940 631 4008 quia
658 3939 863 4010 longius
887 3954 917 3993 a
942 3940 1092 3997 vobis
1115 3982 1130 4006 ,
1153 3955 1313 4011 quam
1338 3955 1369 3994 a
1392 3939 1616 4011 Paganis
1640 3938 1776 3995 forte
1796 3938 2054 3996 distamus
2078 3957 2091 3995 :

505 4030 714 4085 dicatur
742 4038 796 4084 et
822 4039 1060 4085 mortuus
1088 4030 1207 4085 ideo
1232 4046 1393 4087 sanus
1416 4071 1432 4097 ,
1456 4031 1579 4101 quia
1604 4029 1716 4100 jam
1738 4045 1836 4086 nec
1866 4040 2096 4102 aegrotus

507 4128 631 4185 est;
661 4130 715 4174 et
740 4120 860 4176 ideo
886 4120 1307 4191 reprehendatur
1328 4122 1419 4191 qui
1445 4135 1606 4176 sanus
1637 4132 1720 4177 est
1740 4163 1754 4187 ,
1797 4122 1924 4193 quia
1961 4122 2095 4178 vici-

505 4212 628 4268 nior
647 4220 730 4268 est
748 4222 947 4283 aegroto
973 4228 1130 4284 quam
1154 4221 1381 4268 mortuo.
1408 4213 1513 4268 Aut
1535 4212 1581 4267 si
1609 4213 1848 4284 plerique
1874 4214 2092 4285 Pagani;

507 4318 615 4359 non
659 4305 804 4359 velut
838 4305 1127 4376 aegri;sed
1166 4306 1311 4361 velut
1360 4306 1554 4361 mortui
1605 4304 1891 4377 deputandi
1937 4315 2092 4373 sunt;

508 4393 753 4450 laudetur
778 4396 828 4450 in
851 4397 1100 4465 sepulcro
1120 4397 1254 4452 cinis
1274 4395 1514 4451 informis
1537 4438 1552 4462 ,
1575 4398 1698 4468 quia
1721 4398 1832 4468 jam
1858 4413 1957 4454 nec
1980 4397 2095 4454 for-

512 4502 653 4542 mam
694 4488 970 4543 cadaveris
1015 4497 1197 4553 tenet;
1246 4498 1301 4544 et
1344 4489 1580 4545 membra
1613 4489 1732 4544 viva
1773 4489 2092 4560 culpentur,

507 4580 632 4650 quia
657 4580 904 4636 cadaveri
932 4592 1055 4635 sunt
1084 4581 1338 4637 similiora
1362 4623 1377 4650 ,
1407 4597 1564 4652 quam
1592 4582 1778 4637 cineri.
1807 4581 1896 4639 Sic
1918 4590 1973 4638 et
1997 4597 2095 4637 nos

508 4672 629 4728 ideo
653 4672 673 4705 ⁸
711 4674 796 4728 isti
831 4674 1120 4745 culpandus
1144 4684 1367 4745 putant,
1397 4676 1517 4746 quia
1545 4690 1645 4731 nos
1668 4675 1950 4732 similiores
1974 4690 2095 4732 esse

502 4764 693 4820 dicunt
715 4764 886 4823 funeri
911 4767 1241 4837 Paganorum
1266 4810 1281 4835 ,
1324 4782 1484 4838 quam
1523 4767 1689 4824 cineri
1713 4767 1735 4798 ’⁸
1772 4767 2094 4824 Manichaeo-

508 4872 647 4911 rum.
682 4858 989 4929 Quanquam
1018 4874 1112 4927 per
1146 4860 1337 4915 multas
1380 4858 1704 4913 ditl‘erentias
1742 4857 1901 4913 aliter
1934 4865 2095 4929 atque

506 4946 664 5001 aliter
690 4963 913 5018 qumque
937 4963 1023 5003 res
1046 4948 1111 5003 ad
1138 4948 1549 5005 discernendum
1576 4946 1742 5003 dividi
1767 4948 2011 5016 soleant,
2036 4957 2095 5004 ut

505 5040 648 5109 quod
682 5041 732 5095 in
760 5040 858 5096 hac
883 5051 1172 5112 eratparte
1196 5084 1209 5108 ,
1241 5057 1336 5112 per
1363 5042 1493 5096 alias
1527 5040 1853 5096 differentias
1896 5040 1951 5096 in
1990 5041 2092 5096 alia

572 5157 588 5220 ξ
624 5162 768 5220 tua,
789 5168 852 5220 an
1076 5155 1223 5219 Lugd.
1253 5162 1304 5206 et
1330 5155 1622 5220 Lov.‘s_ec_uti
1643 5167 1829 5205 sumus.
1897 5158 1952 5220 tt.

570 5217 591 5247 ⁸
624 5217 761 5277 Edili,
786 5214 945 5267 tabula
968 5214 1169 5278 υεέςινα.⁷
1185 5225 1240 5267 At
1272 5225 1396 5275 Mss.,
1424 5214 1590 5278 fabula
1618 5214 1971 5278 uestra._Paulo

504 5278 603 5327 duo
624 5285 730 5346 Mss.
759 5279 861 5329 loco
884 5277 1198 5346 eatastolium,
1222 5280 1406 5346 habent
1425 5276 1746 5346 'castatotium.
1769 5276 1896 5346 {llius
1916 5276 2090 5339 codex,

503 5339 806 5390 catustolum.
832 5350 864 5390 Α
885 5343 1037 5391 verbo
1060 5338 1305 5391 catastélto
1348 5338 1401 5388 fit
1421 5339 1664 5399 eatastolé,
1688 5338 1923 5398 amictus;
1950 5348 2001 5389 et
2015 5353 2096 5389 ca-

509 5402 765 5466 tostolium,
786 5403 913 5466 quod
938 5404 1069 5466 idem
1087 5410 1174 5466 est
1190 5399 1624 5466 accoopertorium,
1637 5408 1693 5466 ut
1704 5407 1900 5466 vocatur
1912 5400 2097 5466 inlibro

505 5464 571 5513 de
595 5462 885 5525 Hieresib'us,
916 5478 1020 5527 cap.
1046 5463 1125 5523 46,
1164 5465 1213 5512 in
1232 5462 1353 5521 line,
1369 5470 1529 5527 atque
1572 5462 1726 5527 ultimi
1769 5462 1901 5527 globi
1939 5463 2099 5524 (juxta

507 5527 809 5589 Manichteos)
835 5525 1084 5578 tectorium
1112 5538 1176 5589 ex
1215 5525 1461 5589 animabus
1486 5533 1673 5589 natura_
1696 5525 1836 5589 bonis
1867 5536 1977 5585 quae
2000 5536 2100 5573 non

508 5584 805 5649 potuerinta
841 5596 1025 5637 natume
1047 5584 1186 5636 mala:
1220 5588 1506 5650 contagione
1529 5585 1779 5650 mundari;
1810 5584 1922 5650 quo
1943 5592 2099 5650 tecto-

510 5648 583 5697 rio
610 5658 714 5711 post
732 5650 898 5699 saeculi
922 5650 1068 5713 ﬁnem
1110 5657 1336 5713 tanquam
1356 5648 1555 5700 carcere
1578 5649 1878 5711 sempiterno
1913 5648 2097 5698 inclusa

512 5713 608 5761 erit
629 5714 897 5761 substantia
922 5711 1051 5760 mali.

574 5774 594 5804 ³
628 5780 677 5821 tn
699 5780 826 5831 Mss,
844 5772 967 5822 sicut
987 5785 1071 5823 nos
1092 5771 1217 5823 ideo.

572 5834 595 5865 δ
629 5844 741 5900 Δίῃ..
755 5840 825 5900 Er,
849 5842 901 5886 et
922 5833 1104 5900 aliquot
1126 5843 1255 5898 Mss,
1277 5846 1425 5898 quam
1445 5832 1639 5899 fuvitke.
1655 5834 1741 5886 Alii
1762 5841 1866 5885 Mss.
1885 5832 2098 5899 quidam,

510 5908 655 5959 quam
672 5893 877 5961 fabella.

1355 397 1631 457 CONTRA
1669 393 1991 457 FAUSTUM
2025 392 2476 470 ΜΛΝΙΟΗΕΠΜ,
2517 402 2577 461 S.
2617 403 2984 465 AUGUSTINI

3687 411 3795 469 576

2215 523 2367 584 parte
2392 516 2687 576 inveniatur
2713 520 2803 577 ubi
2827 530 2951 579 ante
2981 536 3086 579 non
3112 532 3246 581 erat.
3276 523 3468 591 Velut,
3497 525 3645 582 verbi
3672 542 3798 593 αγα-

2214 607 2285 663 tia
2307 651 2321 674 ,
2355 610 2400 665 si
2426 612 2544 683 quis
2567 627 2778 669 omnem
2804 630 3018 671 carnem
3044 616 3242 673 dividat
3264 618 3317 673 in
3345 620 3574 676 volatilia
3599 663 3615 689 ,
3647 630 3703 677 ct
3730 638 3795 678 ca

2212 714 2331 770 qua:
2359 701 2542 759 volare
2565 720 2672 759 non
2702 714 2961 776 possunt;
2993 722 3089 779 per
3113 707 3249 764 hanc
3278 708 3625 766 diﬂ'erentiam
3653 728 3795 783 qua-

2211 790 2467 863 drupedia
2514 794 2818 855 hominibus
2858 808 2984 854 sunt
3027 800 3279 858 similiora
3304 842 3321 869 ,
3365 818 3526 873 quam
3561 804 3797 869 avibus;

2212 887 2409 955 pariter
2431 888 2573 943 enim
2596 889 2776 946 volare
2800 905 2907 946 non
2935 902 3175 962 possunt.
3208 894 3416 951 Rursus
3450 895 3496 950 si
3534 896 3654 967 quis
3698 913 3798 965 per

2209 976 2369 1033 aliam
2397 977 2746 1037 ditl'erentiam
2772 981 3013 1053 dividat,
3037 992 3095 1040 ut
3118 984 3258 1041 dicat
3283 985 3386 1041 alia
3411 1000 3530 1043 esse
3554 988 3797 1042 rationa-

2211 1066 2280 1123 lia
2302 1111 2317 1135 ,
2346 1069 2448 1126 alia
2487 1071 2849 1140 irrationalia;
2886 1076 2998 1146 jam
3036 1076 3405 1149 quadrupedes
3440 1078 3626 1135 avibus
3667 1089 3797 1134 sunt

2208 1158 2496 1218 similiores
2518 1203 2533 1229 ,
2557 1178 2714 1233 quam
2743 1164 3043 1223 hominibus
3066 1183 3082 1233 ;
3106 1169 3304 1238 pariter
3321 1168 3462 1224 enim
3483 1179 3608 1225 sunt
3627 1172 3797 1225 ratio.

2208 1252 2292 1308 nis
2320 1264 2585 1325 expertes.
2617 1256 2730 1312 Hoc
2756 1257 2985 1315 Faustus
3010 1274 3118 1317 non
3145 1260 3387 1331 cogitans
3406 1301 3423 1328 ,
3467 1262 3578 1317 ait:
3622 1261 3796 1316 Porro

2208 1354 2375 1399 autem
2402 1356 2563 1401 sectas
2590 1349 2633 1402 si
2659 1364 2858 1417 qua-ras
2880 1391 2896 1419 ,
2927 1367 3029 1406 non
3056 1352 3170 1422 plus
3197 1362 3342 1407 erunt
3365 1369 3514 1424 quam
3539 1354 3695 1419 duae;
3739 1355 3796 1408 ia

2206 1448 2279 1493 est
2303 1478 2318 1505 ,
2348 1438 2617 1507 Gentium,
2641 1451 2689 1497 et
2711 1453 2883 1497 nostra
2902 1485 2916 1511 ,
2940 1446 3026 1514 qui
3048 1446 3119 1501 eis
3140 1446 3286 1517 longe
3308 1446 3502 1502 diversa
3527 1448 3793 1503 sentimus.

2209 1530 2470 1588 Videlicet
2498 1535 2744 1605 quoniam
2771 1536 2978 1593 dixerat
3002 1553 3067 1593 eo
3094 1540 3324 1595 maxime
3364 1539 3562 1596 distare
3591 1540 3795 1597 Gentes

2207 1640 2239 1680 a
2263 1626 2568 1685 Manichzeis
2589 1672 2604 1696 ,
2634 1630 2776 1702 quod
2803 1631 2871 1687 ab
2893 1648 2998 1687 uno
3024 1633 3284 1705 principio
3312 1634 3496 1691 dicunt
3530 1650 3650 1692 esse
3668 1650 3794 1692 om-

2208 1719 2333 1785 nia,
2380 1720 2521 1791 quod
2565 1720 2841 1779 Manichmi
2885 1732 3117 1795 negant,
3168 1724 3425 1782 addentes
3471 1727 3795 1798 principium

2204 1813 2379 1883 gentis
2405 1814 2762 1872 tenebrarum.
2812 1816 2871 1873 In
2919 1816 3021 1873 hac
3068 1817 3409 1888 differentia,
3434 1821 3573 1892 quod
3619 1821 3794 1877 faten-

2205 1902 2334 1961 dum
2370 1915 2489 1974 est,
2536 1907 2771 1980 plerique
2813 1908 3012 1981 Pagani
3053 1910 3330 1967 nobiscum
3367 1913 3643 1969 sentiunt:
3692 1913 3793 1969 sed

2208 2010 2313 2051 non
2340 1996 2469 2052 vidit
2488 1998 2607 2067 quia
2631 1999 2755 2055 item
2781 2001 2826 2055 si
2853 2001 2973 2071 quis
2998 2001 3069 2056 ita
3090 2001 3291 2057 dividat
3315 2042 3331 2069 ,
3356 2012 3415 2058 ut
3438 2002 3577 2059 dicat
3601 2019 3793 2060 eorum

2205 2088 2296 2159 qui
2337 2090 2508 2161 aliqua
2551 2092 2808 2163 religione
2840 2093 3182 2162 detinentur,
3220 2097 3338 2151 aliis
3372 2096 3583 2167 placere
3624 2113 3792 2153 unum

2207 2178 2373 2235 Deum
2399 2182 2680 2238 colendum
2705 2224 2721 2251 ,
2754 2184 2873 2239 aliis
2902 2186 3097 2242 multos
3121 2203 3137 2252 ;
3166 2202 3259 2258 per
3279 2187 3415 2243 hanc
3434 2188 3791 2245 ditl'erentiam

2206 2278 2260 2325 et
2286 2270 2480 2342 Pagani
2506 2288 2537 2327 a
2566 2274 2719 2329 nobis
2746 2277 2937 2333 remoti
2982 2287 3141 2345 sunt,
3182 2287 3236 2335 et
3274 2279 3360 2335 isti
3397 2294 3518 2335 cum
3562 2281 3793 2352 Paganis

2205 2363 2525 2435 deputantur
2545 2407 2561 2433 ,
2590 2381 2687 2423 nos
2716 2377 2893 2425 autem
2916 2384 3036 2425 cum
3062 2370 3281 2428 Judmis.
3306 2371 3488 2429 Potest
3522 2387 3653 2445 ergo
3690 2374 3793 2429 ali-

2204 2457 2326 2529 quis
2366 2458 2659 2516 secundum
2702 2462 2839 2518 hanc
2871 2462 3227 2521 differentiam
3272 2465 3375 2522 hoc
3420 2466 3581 2522 etiam
3627 2468 3794 2524 modo

2204 2550 2337 2607 duas
2360 2553 2502 2608 solas
2527 2563 2698 2610 sectas
2726 2564 2932 2627 putare.
2977 2557 3075 2614 Hic
3114 2558 3250 2616 forte
3286 2556 3474 2615 dicatis
3509 2560 3651 2631 quod
3692 2576 3792 2618 vos

2204 2644 2401 2700 multos
2438 2646 2568 2700 deos
2613 2657 2822 2703 vestros
2860 2662 2925 2703 ex
2969 2664 3075 2704 una
3116 2650 3408 2705 substantia
3448 2651 3790 2721 perhibetis:

2205 2736 2353 2806 quasi
2379 2735 2574 2807 Pagani
2602 2738 2795 2793 multos
2820 2753 2945 2795 suos
2964 2755 3067 2795 non
3090 2756 3157 2797 ex
3177 2757 3279 2797 una
3300 2751 3539 2797 asserant
3560 2759 3575 2808 ;
3602 2757 3795 2815 quam-

2205 2825 2285 2880 vis
2310 2825 2517 2882 diversa
2544 2828 2648 2882 illis
2682 2827 2857 2884 officia
2896 2840 2952 2886 et
2996 2846 3158 2901 opera
3198 2839 3254 2887 et
3300 2842 3587 2904 potestates
3630 2834 3793 2889 attri-

2204 2914 2402 2970 buant:
2433 2918 2571 2973 sicut
2597 2919 2757 2974 etiam
2792 2921 2932 2991 apud
2964 2938 3061 2979 vos
3098 2924 3235 2978 alius
3273 2935 3540 2995 expugnat
3572 2934 3792 2997 gentem

2206 3007 2543 3062 tenebrarum
2569 3051 2584 3075 ,
2629 3009 2763 3065 alius
2807 3026 2872 3067 ex
2919 3027 2981 3068 ea
3026 3020 3179 3083 capta
3224 3013 3446 3071 fabricat
3489 3016 3788 3084 mundum;

2204 3097 2340 3153 alius
2373 3098 2607 3170 desuper
2645 3102 2961 3173 suspendit,
2996 3104 3131 3160 alius
3168 3106 3352 3162 subter
3398 3116 3606 3175 portat;
3650 3108 3791 3165 alius

2202 3200 2348 3247 rotas
2378 3192 2575 3262 ignium
2600 3236 2615 3263 ,
2644 3203 2922 3252 ventorum
2947 3239 2961 3263 ,
2992 3206 3047 3254 et
3070 3213 3326 3269 aquarum
3351 3200 3403 3255 in
3433 3201 3541 3256 imo
3564 3209 3787 3269 versat,

2202 3284 2337 3338 alius
2366 3286 2417 3339 in
2447 3287 2583 3342 caelo
2610 3288 2929 3345 circumiens
2956 3291 3118 3347 radiis
3141 3293 3252 3348 suis
3275 3334 3291 3361 ,
3316 3293 3476 3348 etiam
3495 3292 3562 3347 de
3583 3293 3789 3350 cloacis

2204 3380 2440 3434 membra
2471 3380 2557 3437 dei
2594 3383 2756 3438 vestri
2802 3384 3021 3456 colligit.
3062 3384 3131 3440 Et
3169 3386 3287 3456 quis
3324 3396 3566 3444 numeret
3606 3387 3790 3443 omnia

2204 3469 2427 3527 deorum
2484 3485 2784 3532 vestrorum
2823 3476 2996 3533 officia
3045 3478 3282 3535 fabulosa
3313 3522 3326 3546 ,
3376 3479 3518 3535 nulla
3558 3480 3792 3537 veritate

2200 3567 2519 3632 manifesta,
2566 3567 2726 3624 nullis
2767 3570 3135 3640 :enigmatibus
3180 3570 3445 3641 ﬁgurata?
3488 3571 3692 3636 Porro,
3742 3571 3791 3627 si

2200 3660 2335 3716 alius
2365 3661 2434 3715 ita
2460 3659 2661 3715 dividat
2686 3676 2872 3717 omnes
2902 3661 3144 3719 homines
3168 3703 3184 3729 ,
3220 3672 3278 3718 ut
3316 3664 3451 3720 alios
3486 3678 3607 3720 esse
3642 3664 3790 3720 dicat

2201 3753 2289 3824 qui
2316 3753 2543 3808 credunt
2570 3753 2738 3809 Deum
2767 3755 2993 3809 humana
3020 3770 3210 3811 curare
3238 3798 3252 3822 ,
3280 3756 3413 3811 alios
3441 3757 3530 3827 qui
3574 3756 3626 3811 id
3668 3771 3793 3812 om-

2200 3846 2329 3903 nino
2354 3861 2458 3901 non
2488 3846 2747 3902 credunt:
2776 3847 2829 3902 in
2856 3847 2956 3902 hac
2985 3858 3134 3918 parte
3174 3857 3228 3902 et
3266 3847 3463 3918 Pagani
3503 3848 3787 3903 nobiscum

2199 3938 2435 3993 sentiunt
2472 3946 2525 3993 et
2561 3928 2771 4005 Judaei,
2817 3947 2871 3993 et
2907 3953 3003 3994 vos
3048 3950 3101 3994 et
3137 3955 3324 3995 omnes
3373 3938 3605 3995 hzeretici
3629 3981 3645 4004 ,
3692 3939 3788 4010 qui

2200 4042 2413 4099 quoquo
2463 4027 2623 4084 modo
2664 4028 2951 4085 Christiani
3000 4030 3371 4101 appellantur;
3428 4030 3485 4086 in
3529 4031 3618 4086 illa
3654 4046 3788 4088 vero

2200 4119 2447 4190 Epicurei
2474 4120 2807 4191 reperiuntur
2831 4163 2847 4187 ,
2875 4130 2929 4177 et
2956 4122 3001 4176 si
3020 4122 3109 4193 qui
3130 4122 3218 4177 alii
3239 4130 3363 4178 sunt
3381 4123 3471 4193 qui
3498 4122 3568 4178 ita
3594 4137 3785 4178 sense-

2200 4221 2346 4269 runt.
2377 4214 2621 4270 Parvane
2651 4215 2751 4269 ista
2779 4213 3075 4272 ditl'erentia
3104 4215 3223 4271 est?
3265 4214 3375 4271 Cur
3415 4230 3543 4287 ergo
3582 4230 3687 4271 non
3731 4223 3790 4271 et

2200 4305 2490 4361 secundum
2522 4306 2675 4361 istam
2705 4305 2824 4361 duae
2848 4306 2976 4361 sola:
3000 4315 3160 4362 secta:
3186 4321 3307 4362 esse
3330 4304 3574 4362 dicantur
3594 4347 3609 4371 ,
3643 4316 3699 4360 ut
3730 4306 3786 4361 in

2200 4414 2303 4453 una
2333 4413 2515 4454 earum
2543 4398 2818 4454 nobiscum
2843 4398 3002 4455 sitis?
3024 4400 3108 4454 An
3132 4397 3395 4455 audebitis
3420 4398 3473 4453 in
3502 4399 3603 4453 hac
3625 4398 3787 4454 diﬂ'c-

2199 4492 2370 4545 rentia
2399 4489 2675 4546 discedere
2700 4506 2731 4545 a
2756 4489 2907 4546 nobis
2928 4530 2945 4557 ,
2973 4492 3062 4560 qui
3088 4490 3256 4545 Deum
3294 4488 3641 4560 praedicamus
3677 4487 3787 4543 hu-

2201 4597 2357 4636 mana
2376 4596 2564 4637 curare
2586 4597 2602 4647 ;
2623 4590 2679 4637 et
2696 4596 2817 4637 esse
2837 4596 2959 4636 cum
2979 4580 3257 4651 Epicureis
3277 4622 3292 4647 ,
3314 4580 3407 4652 qui
3428 4580 3529 4636 hoc
3548 4581 3787 4649 negant!

2199 4673 2299 4731 Hic
2326 4674 2561 4745 profecto
2586 4674 2707 4729 illos
2733 4672 3072 4744 repudiantes
3096 4672 3163 4729 ad
3189 4687 3287 4728 nos
3309 4672 3541 4727 curritis.
3573 4669 3662 4728 Sic
3688 4686 3789 4742 per

2198 4765 2330 4821 alias
2354 4775 2407 4821 et
2434 4766 2564 4820 alias
2589 4764 2914 4822 differentias
2936 4806 2953 4833 ,
2985 4779 3125 4820 nunc
3151 4764 3238 4821 hic
3261 4805 3277 4832 ,
3309 4780 3450 4820 nunc
3483 4764 3590 4819 illic
3626 4778 3790 4834 repe-

2198 4859 2409 4915 riuntur
2432 4901 2447 4927 ,
2478 4858 2691 4915 aliunde
2713 4859 2881 4929 juncti
2908 4902 2924 4926 ,
2965 4858 3177 4915 aliunde
3213 4857 3463 4929 disjuncti
3486 4897 3504 4925 ,
3546 4856 3787 4913 vicissim

2198 4969 2385 5011 omnes
2413 4954 2689 5011 nobiscum
2718 4994 2733 5020 ,
2778 4962 2833 5009 et
2876 4967 2973 5009 nos
3018 4967 3139 5009 cum
3181 4952 3426 5008 omnibus
3453 4992 3470 5018 ,
3501 4960 3555 5007 et
3594 4964 3788 5006 rursus

2199 5049 2329 5105 nulli
2355 5062 2541 5104 eorum
2570 5048 2843 5104 nobiscum
2867 5088 2881 5113 ,
2908 5061 3007 5103 nec
3034 5061 3131 5101 nos
3150 5060 3271 5101 cum
3290 5044 3554 5116 aliquibus
3570 5059 3785 5100 eorum.

2200 5141 2351 5210 Quod
2382 5143 2424 5197 si
2456 5142 2682 5198 Faustus
2703 5141 2996 5213 cogitaret,
3018 5146 3126 5195 non
3149 5148 3255 5195 tam
3280 5138 3479 5195 diserte
3506 5138 3785 5196 deliraret.

2270 5233 2499 5290 CAPUT
2534 5232 2623 5288 XI.
2652 5261 2721 5272 —
2744 5230 2880 5298 Quid
2905 5240 3082 5286 autem
3112 5230 3231 5285 hinc
3255 5230 3426 5285 dicam
3452 5270 3469 5297 ,
3496 5227 3638 5301 quod
3667 5228 3785 5295 ait,

2201 5343 2264 5383 ea:
2280 5326 2465 5381 viribus
2485 5328 2643 5380 sancti
2671 5325 2894 5395 Spiritus
2913 5338 2973 5377 ac
2999 5322 3252 5393 spirituali
3274 5321 3568 5393 profusione
3596 5328 3788 5373 terram

2201 5436 2393 5492 quoque
2422 5419 2779 5489 concipientem
2799 5458 2815 5485 ,
2844 5418 3048 5489 gignere
3073 5415 3326 5487 patibilem
3353 5412 3532 5469 Iesum
3555 5454 3570 5480 ,
3595 5412 3684 5481 qui
3713 5419 3793 5465 est

2202 5518 2303 5567 vita
2322 5528 2382 5567 ac
2422 5512 2559 5568 salus
2601 5510 2898 5574 hominum,
2939 5508 3076 5562 omni
3112 5522 3384 5577 suspensus
3430 5521 3491 5559 ea:
3533 5504 3718 5576 ligno?
3743 5501 3791 5557 0

2202 5605 2423 5662 demens
2447 5645 2462 5671 ,
2494 5612 2553 5658 ut
2582 5602 2793 5658 interim
2817 5616 2923 5657 non
2951 5599 3229 5655 discutiam
3254 5598 3322 5653 de
3366 5598 3465 5652 hac
3507 5609 3565 5650 re
3610 5602 3794 5650 vestra

2203 5695 2500 5765 vaniloqnia
2519 5736 2532 5756 .
2557 5702 2802 5764 potestne
2819 5701 2960 5749 terra
2984 5691 3053 5748 de
3074 5690 3272 5759 Spiritu
3297 5695 3483 5745 sancto
3502 5686 3795 5754 concipere
3858 5762 3867 5768 .

2204 5787 2473 5858 patibilem
2500 5786 2680 5842 Jesum
2706 5827 2720 5852 ,
2746 5793 2798 5841 et
2836 5785 2999 5840 Maria
3038 5785 3188 5853 virgo
3231 5798 3338 5837 non
3386 5776 3598 5851 potuit?
3626 5775 3796 5830 Com-

2207 5893 2335 5957 para
2360 5922 2375 5955 ,
2404 5881 2449 5939 si
2474 5878 2637 5942 audes
2659 5918 2674 5946 ,
2702 5875 2978 5957 virginalia
3005 5876 3207 5954 viscera
3236 5881 3380 5946 tanta
3401 5868 3643 5929 castitate
3667 5878 3796 5923 saa-
