4052 6428
227 396 330 456 37⁸1

229 509 451 568 cuneata
474 544 492 574 ,
521 518 646 561 cum
670 502 917 562 omnibus
942 509 1101 560 terrae
1127 501 1260 558 locis
1282 540 1300 568 ,
1329 499 1419 558 ubi
1443 501 1661 556 arbores
1686 499 1813 556 her-

231 602 413 672 haeque
446 598 756 670 gignuntur.
791 596 936 651 Itane
976 595 1030 649 in
1070 594 1159 650 illa
1202 592 1396 649 femina
1434 591 1807 660 exhorrescis,

229 703 317 751 aut
341 693 660 748 horrescere
686 697 737 745 te
765 688 917 759 ﬁngis
945 696 1155 743 uterum
1176 685 1442 757 pudicitia:
1466 685 1769 742 dedicatum
1792 724 1807 749 ,

228 795 279 844 et
305 786 360 841 in
389 784 564 840 hortis
589 782 838 839 omnibus
855 781 1055 837 circum
1076 793 1313 850 quasque
1340 778 1499 835 urbes
1526 792 1594 834 ex
1617 778 1813 834 cloaci-

228 881 307 937 nis
333 880 492 949 aquis
519 877 703 933 Jesum
741 877 883 947 gignl
920 889 1027 929 non
1070 872 1450 929 exhorrescis'.’
1494 871 1625 939 Quis
1670 872 1813 927 enim

228 970 519 1043 quamlibet
546 966 882 1024 etenulentus
904 964 1098 1022 humor
1124 979 1231 1021 non
1256 964 1662 1021 innumerabilia
1687 978 1812 1035 ger-

227 1062 368 1119 mina
395 1060 508 1116 edit
534 1066 590 1115 et
626 1059 834 1114 nutrit?
873 1057 963 1113 Sic
1002 1056 1306 1129 prmdicatis
1347 1056 1497 1113 nasci
1542 1055 1814 1126 patibilem

227 1153 408 1210 Jesum
432 1193 449 1220 ,
482 1166 643 1223 quem
667 1149 888 1207 credere
914 1157 1097 1205 natum
1118 1164 1238 1205 esse
1263 1148 1332 1205 de
1352 1149 1553 1221 virgine
1576 1148 1816 1205 clamatis

229 1245 529 1316 indignum.
565 1243 622 1300 Si
651 1257 871 1299 carnem
894 1242 1093 1316 putatis
1119 1236 1443 1298 immundam
1468 1283 1485 1312 ,
1526 1257 1622 1298 cur
1664 1242 1817 1299 vobis

229 1355 331 1396 non
361 1338 578 1394 videtur
596 1335 921 1392 immundius
942 1377 958 1403 ,
981 1335 1123 1406 quod
1149 1350 1179 1389 a
1199 1349 1310 1390 suae
1338 1334 1525 1391 salutis
1549 1344 1816 1406 tempera-

230 1440 408 1488 mento
431 1432 550 1502 ipsa
578 1438 768 1486 natura
785 1427 961 1484 carnis
976 1428 1271 1498 expurgat?
1294 1428 1376 1482 An
1398 1442 1523 1482 caro
1543 1427 1816 1483 immunda

228 1530 305 1580 est
329 1564 345 1588 ,
394 1530 457 1578 et
507 1522 665 1577 ﬁmus
703 1522 793 1592 qui
825 1535 986 1576 carne
1028 1520 1260 1589 egeritur
1299 1520 1529 1575 mundus
1553 1519 1818 1576 esthon

227 1630 351 1686 ergo
374 1614 661 1670 attenditis
683 1654 699 1680 ,
730 1627 839 1668 non
866 1612 1061 1669 videtis
1087 1613 1408 1668 stercoribus
1430 1612 1596 1668 laetari
1620 1627 1774 1684 agros
1796 1655 1814 1680 ,

226 1723 328 1779 quo
355 1705 593 1761 fertilius
621 1706 971 1762 fecundentur
991 1705 1014 1758 ?
1038 1703 1240 1775 Nempe
1264 1704 1331 1760 ad
1370 1705 1423 1760 id
1462 1705 1599 1761 redit
1641 1713 1817 1761 vestra

226 1798 497 1855 dementia
521 1839 537 1863 ,
569 1807 625 1851 ut
648 1796 717 1852 de
741 1796 943 1866 Spiritu
972 1804 1156 1851 sancto
1181 1836 1194 1861 ,
1225 1810 1382 1866 quem
1402 1810 1618 1851 carnem
1637 1795 1817 1851 Maria:

224 1890 401 1946 dicitis
427 1889 774 1960 dedignatum
798 1931 814 1956 ,
838 1896 986 1943 tanto
1007 1887 1222 1943 uberius
1243 1897 1297 1944 et
1320 1888 1494 1943 lzetius
1520 1897 1658 1943 terra
1687 1902 1817 1943 con-

224 1983 425 2054 cipiat,
475 1990 678 2053 quanto
719 1981 1010 2037 studiosius
1054 1979 1216 2034 fuerit
1259 1981 1435 2035 carnis
1471 1980 1718 2037 sordibus
1763 1989 1819 2036 ct

225 2075 569 2147 squaloribus
596 2073 955 2146 pinguefacta.
983 2074 1069 2129 An
1095 2082 1153 2127 ut
1179 2071 1281 2128 hoc
1304 2072 1603 2129 defendatis
1626 2114 1643 2140 ,
1672 2073 1819 2129 dice-

226 2168 292 2222 tis
317 2166 584 2236 Spiritum
613 2175 855 2246 sanctum
886 2163 1336 2220 incontaminabiii
1380 2163 1577 2235 ubique
1614 2165 1817 2235 pollere

220 2258 557 2330 praesentia?
581 2255 955 2326 Respondetur
979 2255 1170 2311 vobis:
1216 2254 1324 2310 Cur
1366 2269 1473 2310 non
1518 2269 1647 2325 ergo
1683 2265 1738 2310 et
1763 2256 1819 2312 in

220 2359 373 2406 utero
402 2348 697 2420 virginali?
742 2348 851 2404 Sed
900 2357 958 2403 ut
1002 2347 1070 2403 de
1115 2355 1376 2418 conceptu
1414 2347 1527 2419 jam
1572 2356 1772 2404 taceam
1800 2346 1825 2416 ,‘

222 2451 437 2516 partum
468 2442 647 2512 ipsum
669 2440 861 2496 deinde
883 2439 1152 2511 respicite.
1176 2437 1575 2510 Concipientem
1602 2439 1669 2495 de
1694 2440 1818 2512 Spi-

221 2538 327 2593 ritu
354 2545 551 2592 sancto
575 2534 754 2590 dicitis
794 2542 996 2589 terram
1042 2533 1264 2603 gignere
1300 2532 1569 2603 patibilem
1594 2531 1775 2587 Jesum
1799 2573 1815 2599 ,

220 2645 381 2701 quem
414 2639 596 2684 tamen
622 2628 693 2683 ita
713 2624 1130 2682 contaminatum
1153 2624 1301 2680 omni
1328 2638 1393 2679 ex
1420 2623 1564 2694 ligno
1586 2623 1819 2694 pendere

221 2723 525 2796 perhibetis
550 2722 603 2777 in
629 2719 869 2791 frugibus
896 2728 951 2775 et
974 2718 1147 2789 pomis
1169 2758 1186 2785 ,
1237 2724 1293 2772 ut
1338 2716 1819 2773 innumerabilibus

224 2816 549 2873 animalibus
568 2817 587 2847 ί
616 2814 928 2869 animalium
952 2810 1289 2868 vescentium
1316 2810 1567 2866 carnibus
1590 2810 1819 2880 amplius

229 2908 633 2965 eontaminetur
657 2947 672 2973 ,
702 2920 770 2961 ex
793 2920 857 2961 ea
883 2904 995 2960 sola
1026 2913 1178 2974 parte
1204 2901 1511 2974 purgandus
1537 2900 1624 2957 cui
1651 2900 1820 2957 fames

227 3010 407 3056 vestra
432 2998 765 3055 subvenerit.
798 2997 979 3067 Itaque
1005 3010 1104 3051 nos
1129 2993 1403 3050 Christum
1440 2991 1633 3048 Filium
1678 2991 1772 3047 Dei
1800 3031 1816 3058 ,

225 3092 465 3149 Verbum
521 3091 661 3159 Dei,
719 3087 1255 3145 incontaminabiliter
1310 3099 1471 3141 carne
1531 3083 1817 3150 indutum,

225 3186 391 3244 corde
416 3184 690 3242 credimus
712 3224 729 3251 ,
758 3198 853 3239 ore
880 3180 1235 3245 conﬁtemur;
1265 3180 1388 3250 quia
1413 3177 1506 3233 illa
1526 3177 1820 3233 substantia

226 3279 588 3337 contaminari
614 3292 717 3333 nec
740 3291 903 3332 carne
929 3281 1144 3346 potest,
1173 3288 1293 3344 qua:
1316 3271 1463 3327 nulla
1497 3285 1559 3326 re
1606 3276 1816 3339 potest:

225 3387 321 3429 vos
372 3380 559 3427 autem
606 3368 901 3426 secundum
945 3375 1176 3423 vestram
1224 3364 1453 3419 fabulam
1478 3404 1494 3431 ,
1545 3361 1718 3418 adimo
1764 3362 1819 3417 in

226 3464 423 3520 arbore
449 3461 779 3534 pendentem
812 3460 993 3517 Jesum
1016 3458 1127 3529 jam
1156 3456 1572 3513 contaminatum
1602 3454 1777 3510 dicitis
1800 3495 1819 3522 ,

224 3564 520 3627 antequam
570 3566 790 3609 carnem
846 3549 1174 3621 ingrediatur
1218 3547 1474 3617 cujusque
1512 3543 1817 3601 vescentis:

225 3654 319 3702 aut
345 3646 393 3701 si
422 3659 531 3700 non
559 3651 644 3699 est
661 3642 1053 3699 contaminatus
1077 3678 1091 3705 ,
1120 3637 1389 3710 quomodo
1409 3650 1507 3692 vos
1527 3651 1648 3692 eum
1672 3649 1822 3688 man-

226 3736 476 3792 ducando
504 3734 785 3806 purgatis?
816 3731 1017 3788 Deinde
1043 3745 1164 3785 cum
1209 3742 1395 3784 omnes
1438 3726 1658 3782 arbores
1694 3740 1821 3781 cru-

225 3843 348 3885 cem
376 3828 548 3897 ipsius
577 3840 699 3882 esse
723 3824 951 3890 dicatis,
999 3822 1142 3878 unde
1184 3836 1216 3875 a
1263 3820 1462 3876 Fausto
1505 3817 1822 3890 praedicatur

226 3921 371 3976 ontni
396 3935 669 3990 suspensus
695 3916 1072 3989 exfigno;cur
1116 3929 1222 3969 non
1266 3913 1402 3967 sicut
1444 3911 1591 3967 illum
1635 3924 1823 3965 verum

226 4013 427 4073 Jesum
449 4054 467 4082 ,
492 4012 686 4068 bonum
714 4027 850 4083 opus
874 4009 1075 4066 faciens
1095 4006 1297 4078 Joseph
1321 4001 1412 4062 ille
1434 4006 1501 4061 ab
1526 4004 1823 4060 Arimathia

225 4106 304 4163 de
328 4120 500 4161 cruce
524 4104 806 4175 deposuit,
833 4111 890 4158 ut
918 4101 1171 4171 sepeliret
1201 4101 1218 4170 (
1246 4097 1402 4153 Joan.
1430 4112 1522 4151 χιχ
1545 4138 1561 4165 ,
1593 4096 1662 4151 58
1683 4095 1726 4167 ),
1751 4096 1823 4152 ita

226 4208 283 4255 et
310 4211 413 4253 vos
442 4211 602 4267 poma
629 4194 915 4265 decerpitis
938 4235 953 4261 ,
989 4202 1045 4247 ut
1082 4191 1263 4247 Jesum
1305 4189 1374 4245 de
1418 4188 1547 4259 ligni
1592 4201 1822 4258 suspen-

230 4290 384 4344 sione
415 4287 721 4357 depositum
749 4293 932 4341 vestro
959 4293 1147 4338 ventre
1174 4280 1485 4352 sepeliatis?
1531 4279 1637 4335 Aut
1682 4276 1824 4334 unde

228 4379 376 4452 pium
402 4387 489 4433 est
512 4416 530 4443 ,
552 4375 823 4431 Christum
842 4373 1089 4446 sepulcro
1108 4371 1342 4428 condere
1361 4411 1377 4438 ,
1401 4370 1620 4441 impium
1645 4377 1823 4425 autem

228 4469 293 4525 de
319 4470 470 4540 ligno
495 4466 809 4538 deponere?
834 4466 917 4521 An
943 4506 958 4531 ,
985 4473 1045 4520 ut
1072 4464 1140 4520 de
1164 4463 1315 4520 vobis
1340 4463 1500 4517 etiam
1525 4461 1773 4517 concinat
1800 4500 1817 4528 ,

228 4560 374 4632 quod
403 4560 476 4615 de
507 4558 767 4630 propheta
794 4557 944 4629 ponit
968 4555 1256 4626 Apostolus
1278 4596 1294 4622 ,
1323 4552 1627 4624 Sepulcrum
1652 4559 1824 4621 patens

226 4664 300 4709 est
325 4662 515 4727 guttur
550 4668 724 4709 eorum
774 4652 796 4721 (
822 4649 970 4706 Psal.
998 4665 1030 4704 v
1053 4690 1070 4716 ,
1101 4649 1160 4703 ll
1184 4664 1199 4713 ;
1228 4647 1381 4703 Rom.
1412 4661 1506 4711 ιιι,
1535 4642 1643 4715 15)
1668 4660 1683 4709 ;
1727 4656 1826 4698 ore

228 4755 419 4818 aperto
462 4743 789 4814 exspectatis
827 4742 947 4813 quis
993 4738 1190 4796 inferat
1231 4738 1503 4795 Christum
1528 4778 1544 4804 ,
1571 4744 1824 4806 tanquam

226 4840 451 4910 optima:
480 4837 771 4909 sepulturae
794 4876 809 4901 ,
842 4832 1082 4889 faucibus
1112 4830 1345 4887 vestris?
1385 4829 1665 4884 Postremo
1690 4867 1706 4894 ,
1737 4826 1822 4881 di-

227 4932 331 4987 cite
363 4929 531 4985 nobis
586 4934 719 4998 quot
768 4925 999 4981 cbristos
1044 4937 1165 4980 esse
1216 4920 1424 4977 dicatis.
1479 4919 1700 4973 Aliusne
1744 4925 1827 4973 est

226 5038 390 5094 quem
422 5019 495 5075 de
536 5017 743 5089 Spiritu
786 5024 972 5072 sancto
1017 5013 1325 5083 concipiens
1368 5018 1511 5065 terra
1556 5008 1825 5079 patibilem

225 5115 442 5185 gignit,
490 5112 640 5166 omni
691 5124 799 5164 non
842 5107 1016 5163 solum
1066 5117 1356 5174 suspensus
1406 5116 1472 5156 ex
1515 5100 1696 5171 ligno,
1728 5098 1826 5156 sed

227 5206 395 5260 etiam
417 5202 615 5272 jacens
643 5200 696 5254 in
725 5198 890 5254 herba
918 5213 933 5263 ;
966 5205 1021 5252 et
1048 5195 1185 5249 alius
1211 5193 1302 5247 ille
1328 5206 1484 5261 quem
1507 5189 1676 5245 Judmi
1704 5204 1827 5244 cru-

228 5295 525 5349 cifixerunt
549 5291 649 5346 sub
676 5289 865 5344 Pontio
891 5287 1099 5352 Pilato;
1129 5293 1183 5340 et
1208 5284 1394 5339 tertius
1420 5281 1510 5337 ille
1537 5296 1632 5351 per
1656 5281 1825 5337 solem

229 5385 529 5454 lunamque
553 5380 860 5437 distentus?
896 5380 980 5434 An
1003 5392 1140 5431 unus
1169 5384 1328 5445 atque
1356 5372 1496 5428 idem
1524 5412 1539 5439 ,
1584 5387 1649 5426 ex
1698 5386 1829 5442 qua-

228 5478 355 5535 dam
383 5477 471 5534 sui
499 5483 650 5546 parte
675 5474 867 5544 ligatus
892 5473 947 5527 in
972 5467 1250 5525 arboribus
1272 5507 1288 5534 ,
1324 5480 1391 5521 ex
1430 5465 1657 5535 quadam
1698 5478 1827 5519 vero

229 5572 373 5627 liber
400 5611 417 5636 ,
450 5568 632 5625 eidem
658 5566 831 5637 ligatae
858 5571 1133 5635 captaeque
1173 5555 1536 5615 subveniens?
1581 5555 1733 5624 Quod
1781 5554 1827 5610 si

296 5703 315 5733 ί
351 5708 476 5757 vox,
504 5695 809 5756 mirantibus,
832 5696 1006 5746 deerat
1042 5696 1092 5757 in
1118 5693 1315 5757 excusis
1339 5704 1361 5757 :_
1395 5690 1483 5741 sed
1521 5689 1745 5757 omnibus
1777 5690 1829 5739 iu

231 5750 639 5827 Iss._r_eperitur.
664 5766 783 5827 ξιτεδ
796 5750 1177 5827 'ex_his‘eodices
1197 5756 1267 5803 sic
1287 5754 1470 5803 habent
1495 5756 1584 5827 ιλιι
1607 5750 1828 5824 illmth-

233 5812 473 5875 rabilibus
496 5820 782 5871 ornantibus
803 5817 1085 5871 aninmliwn
1103 5829 1301 5871 carnem
1331 5812 1639 5874 vexantibus,
1663 5812 1827 5867 carni-

238 5884 327 5939 bus
348 5883 561 5950 amplius
583 5879 945 5936 contaminatur.

1513 383 1716 444 LIBER
1750 379 2136 444 VlGESlMUS.

3394 394 3502 456 378

1921 499 1993 555 ita
2020 507 2139 568 est,
2169 498 2256 556 ille
2279 513 2439 572 quem
2461 499 2561 559 sub
2586 500 2776 560 Pontio
2796 503 2968 562 Pilato
2984 517 3204 577 passum
3226 519 3347 566 esse
3368 524 3504 568 con-

1918 594 2105 650 ceditis
2128 637 2142 660 ,
2174 610 2292 651 cum
2318 610 2437 651 eum
2462 595 2579 652 sine
2603 611 2763 653 carne
2786 597 2951 655 fuisse
2973 602 3199 657 narretis
3219 642 3235 668 ,
3258 603 3499 661 nondum

1918 687 2038 745 dico
2059 688 2502 760 quemadmodum
2528 691 2689 746 talem
2716 701 2943 747 mortem
2965 693 3084 749 sine
3104 708 3266 750 carne
3287 696 3503 766 perpeti

1918 781 2189 849 potuerit;
2219 780 2313 835 sed
2355 796 2537 851 quaero
2585 782 2673 837 cui
2722 797 2885 839 naves
2933 783 3052 840 illas
3094 785 3408 856 reliquerit,
3442 794 3504 843 ut

1918 870 2043 928 inde
2070 872 2400 928 descendens
2423 873 2543 928 talia
2566 882 2835 945 pateretur
2860 916 2875 943 ,
2899 877 3074 947 qualia
3101 877 3218 934 sine
3237 893 3501 947 quocum-

1917 980 2023 1037 que
2049 980 2271 1037 corpore
2294 966 2409 1022 fieri
2438 981 2546 1022 non
2568 979 2804 1038 possent.
2831 968 3132 1026 Secundum
3158 972 3498 1041 prmsentiam

1919 1060 2115 1133 quippe
2141 1059 2471 1131 Spiritualcm
2501 1060 2645 1117 nullo
2673 1062 2833 1118 modo
2858 1062 2947 1118 illa
2989 1065 3098 1134 pati
3143 1073 3326 1135 posset
3354 1083 3367 1119 :
3413 1080 3505 1121 se-

1919 1151 2153 1208 cundum
2194 1152 2530 1221 praesentiam
2578 1167 2708 1208 vero
2754 1155 3086 1224 corporalem
3136 1155 3309 1211 simul‘
3343 1164 3398 1211 et
3443 1156 3500 1212 in

1919 1246 2035 1302 sole
2062 1287 2077 1312 ,
2102 1254 2157 1302 ct
2179 1246 2233 1301 in
2261 1246 2384 1301 luna
2401 1287 2417 1313 ,
2446 1254 2499 1301 et
2522 1246 2576 1301 in
2601 1260 2760 1303 cruce
2781 1261 2902 1303 esse
2923 1262 3028 1302 non
3046 1255 3247 1317 posset.
3267 1248 3507 1305 Proinde

1922 1339 1969 1394 si
1997 1353 2191 1409 corpus
2219 1352 2325 1394 non
2355 1338 2541 1394 habuit
2566 1380 2581 1405 ,
2604 1338 2717 1394 non
2743 1348 2826 1395 est
2848 1339 3134 1395 crucifixus
3164 1357 3178 1394 :
3230 1340 3277 1395 si
3321 1347 3506 1397 autem

1921 1433 2106 1490 habuit
2132 1475 2147 1501 ,
2179 1448 2361 1504 quaero
2388 1433 2528 1489 unde
2554 1432 2838 1501 habuerit,
2862 1422 3006 1489 cum
3050 1434 3229 1489 omnia
3276 1447 3506 1503 corpora

1921 1541 1986 1583 ex
2017 1526 2357 1582 tenebrarum
2384 1534 2542 1598 gente
2570 1540 2690 1583 esse
2718 1525 2907 1582 dicatis
2933 1567 2947 1593 ,
2989 1527 3230 1599 quamvis
3257 1527 3508 1583 substan-

1922 1619 2052 1675 tiam
2078 1619 2313 1674 divinam
2345 1621 2580 1689 cogitarc
2606 1619 2709 1674 nisi
2752 1633 3065 1689 corpoream
3115 1634 3382 1689 nunquam
3409 1633 3509 1674 va-

1926 1711 2156 1769 lueritis.
2185 1710 2341 1768 Unde
2365 1711 2615 1783 cogimini
2641 1720 2731 1767 aut
2758 1712 2875 1768 sine
2902 1725 3128 1781 corpore
3165 1712 3344 1768 dicere
3386 1726 3508 1767 cru-

1922 1803 2136 1859 ciﬁxum
2162 1845 2176 1869 ,
2208 1818 2314 1874 quo
2339 1803 2622 1859 absurdius
2644 1811 2698 1859 et
2741 1803 3042 1859 dementius
3086 1802 3191 1858 dici
3236 1803 3368 1856 nihil
3406 1816 3506 1872 p0-

1924 1903 2186 1951 test:aut
2234 1896 2290 1951 in
2337 1896 2707 1966 phantasmate
2748 1894 2924 1966 potius
2968 1909 3125 1965 quam
3179 1894 3234 1948 in
3280 1894 3505 1949 veritate
3596 1910 3599 1913 ·

1922 1988 2097 2045 visum
2142 1988 2309 2045 fuisse
2352 1988 2629 2060 crucifigi;
2679 2002 2783 2059 qua
2830 2002 3016 2043 rursus
3061 1987 3334 2059 impietate
3380 1984 3509 2056 quid

1923 2082 2076 2151 pejus
2099 2091 2184 2136 est
2203 2080 2227 2135 τ
2246 2090 2341 2135 aut
2368 2096 2476 2135 non
2497 2080 2674 2135 omnia
2696 2093 2919 2149 corpora
2939 2078 3007 2133 de
3034 2087 3191 2148 gente
3212 2091 3331 2132 esse
3361 2085 3512 2132 tene-

1923 2176 2142 2229 brarum
2175 2216 2189 2240 ,
2223 2174 2317 2230 sed
2343 2188 2463 2230 esse
2490 2174 2652 2229 etiam
2692 2188 2886 2243 corpus
2923 2172 3116 2227 divinae
3153 2171 3466 2226 substantiae
3490 2211 3509 2238 ,

1921 2268 2067 2341 quod
2090 2278 2268 2323 tamen
2294 2267 2593 2323 immortale
2620 2280 2725 2321 non
2753 2266 2853 2332 sit,
2888 2264 2980 2320 sed
3009 2265 3178 2335 possit
3204 2263 3347 2334 ligno
3368 2262 3511 2333 affigi

1924 2371 1978 2417 et
2003 2360 2175 2416 occidi
2201 2376 2216 2426 ;
2249 2360 2392 2431 quod
2421 2358 2769 2414 nihilominus
2811 2357 3028 2428 plenum
3062 2364 3146 2411 est
3178 2354 3464 2413 dementiae
3493 2371 3510 2410 :

1923 2461 2015 2508 aut
2052 2466 2118 2507 ex
2157 2458 2315 2523 gente
2354 2450 2695 2507 tenebrarum
2748 2449 2977 2505 mortale
3027 2462 3221 2519 corpus
3260 2445 3512 2502 habuisse

1922 2543 2193 2601 Christum
2220 2585 2235 2609 ,
2267 2552 2426 2614 atque
2464 2545 2538 2598 ita
2575 2547 2666 2614 qut
2702 2542 2821 2613 ejus
2857 2542 3097 2612 corporis
3133 2549 3364 2597 matrem
3395 2539 3512 2594 Ma-

1923 2641 2058 2693 riam
2097 2638 2358 2708 virginem
2395 2635 2617 2691 credere
2656 2634 2893 2699 timetis,
2946 2641 3161 2704 gentem
3210 2631 3514 2687 daemonum

1923 2745 2030 2785 non
2070 2729 2285 2784 timetis.
2328 2728 2606 2783 Postremo
2632 2768 2649 2795 ,
2692 2741 2815 2782 cum
2852 2724 3145 2781 secundum
3185 2721 3511 2780 sententiam

1924 2819 2109 2875 Fausti
2135 2861 2152 2889 ,
2174 2834 2331 2890 quam
2356 2817 2571 2890 quidem
2595 2833 2661 2875 ex
2687 2817 2779 2873 illa
2802 2815 3109 2886 longissima
3132 2812 3310 2870 fabula
3336 2820 3515 2869 vestra

1923 2911 2229 2981 decerptam
2259 2951 2273 2975 ,
2315 2917 2512 2980 quanta
2550 2909 2721 2979 potuit
2756 2907 3019 2964 brevitate
3058 2904 3413 2976 perstrinxit,
3453 2902 3516 2958 dc

1925 3003 2125 3074 Spiritu
2154 3011 2329 3057 sancto
2358 3011 2493 3056 terra
2521 3000 2805 3070 concipiens
2828 2999 3000 3071 gignat
3021 2997 3279 3068 patibilem
3303 2994 3511 3060 Jesum,

1923 3096 2010 3165 qui
2036 3103 2107 3150 est
2134 3095 2237 3147 vita
2271 3101 2319 3147 et
2348 3092 2488 3147 salus
2525 3090 2788 3146 hominum
2815 3132 2831 3157 ,
2873 3088 3009 3144 omni
3045 3102 3316 3158 suspensus
3352 3100 3419 3140 ea:
3453 3085 3516 3138 li-

1923 3203 2066 3258 gno;
2094 3202 2191 3243 cur
2220 3186 2310 3241 ille
2338 3186 2584 3242 Salvator
2611 3183 2866 3256 pendenti
2902 3180 3184 3253 peudendo
3226 3178 3471 3251 congruit
3496 3218 3515 3246 ,

1925 3289 1978 3336 et
2004 3279 2245 3335 nascenti
2275 3277 2542 3334 nascendo
2569 3292 2678 3332 non
2702 3276 2981 3346 congruit?
2993 3273 3051 3329 Si
3073 3281 3253 3329 autem
3280 3280 3517 3344 propter-

1924 3386 1988 3427 ea
2037 3370 2218 3426 Jesum
2256 3369 2433 3425 dicitis
2458 3383 2578 3424 esse
2607 3368 2659 3423 in
2691 3367 2971 3423 arboribus
2995 3408 3010 3433 ,
3048 3374 3104 3421 et
3128 3364 3313 3422 Jesum
3340 3365 3517 3421 cruci—

1925 3463 2089 3519 ﬁxum
2117 3463 2215 3519 sub
2240 3463 2429 3518 Pontio
2454 3462 2624 3517 Pilato
2650 3502 2665 3529 ,
2693 3468 2749 3516 et
2769 3459 2952 3516 Jesum
2982 3474 3078 3530 per
3102 3458 3272 3515 solem
3299 3458 3516 3513 lunam-

1925 3570 2032 3626 que
2060 3554 2349 3609 distentum
2378 3595 2394 3621 ,
2420 3553 2542 3624 quia
2590 3562 2759 3607 totum
2809 3552 2912 3606 hoc
2958 3566 3025 3605 ex
3074 3565 3178 3605 una
3223 3548 3517 3619 eademque

1926 3647 2222 3705 substantia
2260 3657 2381 3712 est;
2421 3661 2520 3701 cur
2556 3659 2665 3700 non
2704 3652 2759 3700 et
2794 3651 2991 3699 cmtera
3032 3642 3197 3697 millia
3235 3644 3515 3696 numinum

1926 3748 2227 3796 vestrorum
2263 3737 2365 3792 hac
2401 3736 2757 3809 appellatione
2793 3732 3152 3790 coneluditis?
3211 3731 3320 3788 Cur
3372 3731 3516 3787 enim

1927 3848 2035 3889 non
2060 3833 2130 3888 sit
2156 3831 2313 3886 Jesus
2339 3838 2395 3885 et
2419 3830 2508 3885 ille
2536 3828 2937 3898 splenditenens
2962 3866 2978 3893 ,
3007 3833 3062 3880 et
3111 3823 3202 3880 ille
3243 3824 3392 3879 Atlas
3415 3863 3431 3891 ,
3462 3829 3517 3878 et

1926 3927 2019 3983 ille
2045 3941 2141 3981 rex
2170 3922 2388 3980 honoris
2413 3963 2431 3991 ,
2460 3930 2514 3978 et
2542 3921 2633 3977 ille
2658 3921 2879 3992 spiritus
2908 3926 3098 3990 potens
3122 3958 3139 3985 ,
3182 3924 3238 3971 et
3274 3915 3365 3971 ille
3404 3914 3517 3985 pri-

1927 4034 2049 4075 mus
2088 4017 2251 4073 homo
2280 4057 2295 4083 ,
2342 4023 2397 4070 et
2443 4012 2699 4084 quidquid
2742 4011 2886 4067 aliud
2931 4008 3386 4066 innumerabiliter
3421 4020 3519 4078 per

1927 4109 2141 4165 diversa
2171 4097 2386 4163 nomina
2417 4113 2474 4162 et
2500 4106 2711 4161 diversa
2741 4103 2916 4159 officia
2941 4100 3291 4173 prmdicatis?

1996 4197 2222 4255 CAPUT
2260 4196 2377 4252 ΧΠ.
2408 4223 2479 4235 --
2502 4194 2619 4265 Ipse
2644 4194 2873 4264 denique
2902 4192 3128 4263 Spiritus
3167 4199 3383 4246 sanctus
3408 4204 3510 4245 cur

1927 4293 1985 4350 in
2000 4292 2153 4348 tertia
2174 4303 2402 4361 persona
2423 4289 2659 4359 ponitur,
2679 4301 2800 4342 cum
2821 4286 2891 4342 sit
2910 4284 3047 4341 inter
3065 4282 3517 4342 innumerabiles?

1926 4390 2021 4439 aut
2044 4398 2142 4438 cur
2170 4396 2275 4437 non
2304 4381 2373 4435 sit
2419 4379 2577 4435 etiam
2624 4377 2736 4447 ipse
2764 4376 2963 4433 Jesus?
2992 4374 3061 4429 Et
3101 4374 3229 4445 quid
3269 4373 3366 4429 sibi
3403 4373 3513 4443 jam

1928 4476 2040 4532 vult
2066 4476 2083 4508 ί
2116 4477 2170 4531 in
2191 4472 2402 4543 scriptis
2426 4468 2609 4527 Fausti
2655 4469 2810 4524 fallax
2842 4476 3046 4524 textura
3075 4465 3362 4521 verborum
3382 4506 3399 4532 ,
3426 4462 3517 4519 ubi

1927 4576 2150 4625 conatus
2175 4565 2320 4620 velut
2361 4575 2657 4633 congruere
2700 4561 2844 4615 veris
2883 4557 3198 4616 Christianis
3219 4599 3233 4623 ,
3267 4571 3296 4609 a
3326 4556 3517 4626 quibus

1929 4659 2086 4729 longe
2126 4656 2458 4725 nimiumque
2495 4652 2811 4718 secluditur,
2842 4650 2916 4706 ait
2966 4667 2979 4706 :
3025 4648 3193 4720 Igitur
3213 4663 3305 4703 nos
3345 4646 3517 4700 Patris

1927 4749 2130 4824 quidem
2147 4747 2242 4802 Dei
2262 4744 2636 4815 omnipotentis,
2679 4751 2726 4797 et
2755 4741 2944 4797 Christi
2964 4740 3092 4796 Filii
3115 4742 3225 4811 ejus
3244 4781 3259 4807 ,
3282 4747 3328 4793 et
3348 4737 3518 4807 Spiri-

1928 4852 2010 4899 tus
2034 4841 2217 4903 sancti,
2249 4855 2409 4893 unum
2434 4837 2664 4906 idemque
2684 4835 2773 4891 sub
2814 4836 3001 4906 triplici
3027 4833 3366 4906 appellatione
3392 4830 3518 4885 coli-

1928 4951 2040 4991 mus
2068 4931 2296 4987 numen?
2324 4930 2431 4985 Cur
2457 4929 2601 4984 enim
2627 4928 2726 4984 sub
2748 4927 2958 4997 triplici,
2991 4941 3055 4981 ac
3084 4941 3189 4981 non
3216 4924 3390 4993 potius
3417 4922 3516 4977 sub

1929 5024 2230 5096 multiplici,
2252 5038 2359 5079 non
2389 5020 2744 5092 appellatione
2772 5028 2973 5074 tantum
2997 5058 3013 5083 ,
3046 5015 3141 5071 sed
3169 5014 3327 5070 etiam
3353 5028 3435 5079 re,
3464 5012 3513 5070 si

1930 5125 2059 5189 quot
2086 5115 2321 5179 nomina,
2350 5120 2430 5167 tot
2458 5125 2700 5182 persona:
2729 5110 2895 5164 sunt?
2920 5107 3103 5175 Neque
3131 5104 3274 5160 enim
3296 5102 3432 5157 sicut
3462 5104 3515 5158 in

1930 5209 2094 5262 armis
2118 5219 2221 5260 una
2245 5218 2333 5259 res
2358 5211 2439 5258 est
2464 5201 2564 5257 sub
2588 5198 2782 5270 triplici
2808 5197 3179 5267 appellatione,
3206 5194 3370 5258 ensis,
3396 5208 3518 5249 mu.

1931 5312 2043 5362 cro,
2075 5294 2298 5367 gladius,
2328 5293 2464 5348 sicut
2491 5304 2649 5345 unam
2670 5304 2785 5345 rem
2814 5287 3008 5353 dicitis,
3033 5293 3087 5340 et
3114 5284 3315 5352 lunam,
3337 5292 3391 5339 et
3418 5299 3516 5339 na-

1929 5406 2050 5447 vem
2082 5389 2340 5444 minorem
2373 5394 2427 5440 et
2451 5383 2824 5440 luminatorem
2851 5387 3167 5435 nocturnum
3188 5419 3204 5446 ,
3233 5386 3286 5432 et
3311 5377 3355 5431 si
3394 5375 3519 5447 quid

1931 5481 2078 5539 aliud
2106 5477 2347 5534 vocabuli
2366 5475 2538 5532 eidem
2586 5473 2663 5527 rei
2693 5469 2963 5536 tribuitis;
2993 5469 3065 5524 ita
3095 5468 3316 5540 potestis
3338 5466 3519 5523 dicere
3570 5464 3579 5540 ᾖ

1933 5572 2178 5630 eumdem
2208 5568 2436 5640 primum
2458 5563 2749 5630 hominem,
2778 5576 2935 5632 quem
2952 5561 3196 5632 spiritum
3225 5567 3514 5631 potentem,

1934 5675 1989 5723 et
2026 5679 2184 5735 quem
2209 5659 2708 5733 splenditenentem,
2753 5663 2809 5710 et
2831 5669 2988 5727 quem
3039 5653 3309 5709 Atlantem
3346 5650 3520 5705 maxi-

1933 5774 2081 5818 mum
2109 5773 2122 5811 :
2154 5754 2249 5811 sed
2276 5753 2410 5809 alius
2434 5759 2516 5808 est
2542 5750 2631 5806 ille
2651 5791 2667 5819 ,
2694 5750 2831 5805 alius
2859 5756 3018 5820 atque
3045 5747 3179 5805 alius
3206 5745 3298 5804 ille
3323 5751 3378 5802 et
3399 5741 3516 5811 ille,

2000 5876 2018 5906 ι
2055 5869 2243 5934 Aliquot
2262 5874 2388 5918 Mssa
2418 5868 2472 5917 ει
2490 5862 2722 5930 quidnam
2737 5860 2827 5917 sibi
2848 5859 2963 5915 uult.

3526 5888 3540 5923 τι
