4028 6440
531 353 643 419 ιτς)

532 478 588 529 et
1139 466 1407 531 Cbnistum
1420 464 1599 521 dicere
1623 461 1825 517 soletis.
1849 460 1954 513 Aut
1973 472 2108 527 quo-

531 561 692 627 modo
719 576 880 619 unum
906 576 1119 625 numen,
1149 560 1194 615 si
1221 558 1426 621 diversa
1468 554 1671 627 Opera?
1718 554 1823 608 Aut
1863 566 1958 607 cur
2007 565 2112 605 non

532 664 705 713 totum
726 656 882 711 simul
902 659 917 687 ι
948 670 1081 711 unus
1104 653 1365 719 Christus,
1389 653 1432 707 si
1455 658 1670 723 propter
1686 664 1842 705 unam
1866 648 2113 711 substan-

532 748 657 809 tiam
685 757 739 805 et
778 748 830 801 in
855 747 1131 811 arboribus
1161 746 1401 802 Christus
1425 787 1440 811 ,
1466 744 1594 799 etin
1626 742 1993 815 persecutione
2012 740 2113 811 Ju-

532 841 771 898 dzeorum
792 839 1052 904 Christus,
1082 850 1137 897 et
1161 840 1212 894 in
1243 840 1358 897 sole
1380 854 1441 894 ac
1465 838 1589 894 luna
1609 836 1885 895 Christus?
1906 835 2109 907 Nempe

530 931 642 987 vias
667 946 854 989 omnes
879 939 1049 987 vestra
1090 930 1459 1001 phantasmata
1505 928 1845 999 perdiderunt
1876 944 1888 981 :
1918 940 2113 997 nempe

531 1023 663 1079 nihil
693 1022 834 1079 aliud
860 1031 999 1090 sunt,
1028 1038 1187 1094 quam
1209 1023 1319 1079 visa
1345 1020 1650 1077 furentium.

604 1114 827 1172 CAPUT
857 1113 993 1171 Xlll.
1022 1145 1095 1163 -ν-
1116 1113 1223 1171 Cur
1250 1124 1426 1181 autem
1454 1113 1739 1171 arbitretur
1764 1112 1990 1168 Faustus
2017 1125 2108 1181 pa-

530 1222 642 1264 rem
689 1207 841 1262 nobis
882 1222 1001 1265 esse
1043 1208 1351 1277 religionem
1388 1206 1528 1264 circa
1568 1220 1756 1277 panem
1795 1213 1847 1260 et
1891 1204 2115 1269 calicem

533 1301 736 1367 nescio,
778 1316 897 1356 cum
929 1300 1231 1357 Manicbmis
1275 1300 1454 1361 viuum
1504 1310 1711 1373 gustare
1759 1312 1863 1354 non
1902 1297 2107 1369 religio,

533 1393 623 1457 sed
668 1393 999 1464 sacrilegium
1047 1394 1134 1459 sit.
1176 1394 1233 1463 In
1275 1407 1373 1448 uva
1411 1392 1552 1448 enim
1604 1399 1896 1464 agnoscunt
1949 1390 2108 1449 deum

528 1495 703 1550 suum,
735 1484 788 1540 in
813 1498 947 1553 cupa
975 1484 1181 1551 nolunt,
1208 1483 1365 1555 quasi
1405 1481 1601 1553 aliquid
1641 1497 1733 1539 eos
1777 1482 2008 1538 calcatus
2057 1490 2112 1538 et

532 1574 767 1631 inclusus
798 1575 1098 1631 olfenderit.
1128 1574 1319 1632 Noster
1344 1584 1521 1631 autem
1543 1573 1695 1647 panis
1724 1583 1777 1630 et
1800 1574 1934 1633 calix
1960 1616 1973 1639 ,
2002 1589 2121 1633 non

532 1665 755 1734 quilibet
789 1666 972 1738 (quasi
1010 1676 1225 1738 propter
1247 1666 1516 1723 Christum
1562 1668 1613 1721 in
1644 1666 1803 1738 spicis
1828 1676 1881 1722 et
1908 1665 1961 1720 in
1990 1680 2109 1729 sar-

532 1757 726 1812 mentis
756 1756 990 1828 ligatum,
1028 1759 1165 1815 sicut
1190 1758 1265 1815 illi
1292 1757 1595 1829 desipiunt)
1623 1798 1639 1825 ,
1670 1757 1764 1815 sed
1793 1766 1939 1815 certa
1976 1772 2107 1815 con-

532 1849 831 1905 secratione
868 1852 888 1881 ¹
956 1850 1215 1923 mysticus
1269 1851 1329 1907 ﬁt
1392 1852 1627 1919 nobis',
1693 1867 1799 1907 non
1850 1850 2106 1909 nascitur.

531 1944 760 2001 Proinde
778 1945 922 2016 quod
944 1962 1047 2003 non
1078 1948 1147 2004 ita
1173 1947 1231 2002 ﬁt
1252 1989 1269 2015 ,
1300 1948 1540 2019 quamvis
1581 1947 1654 2003 sit
1679 1948 1829 2019 panis
1858 1956 1912 2004 et
1950 1946 2107 2012 calix,

529 2034 840 2092 alimentum
868 2044 951 2092 est
975 2035 1299 2105 refectionis,
1339 2052 1446 2093 non
1472 2046 1860 2095 sacramentum
1890 2037 2107 2108 religio-

529 2125 614 2181 nis
647 2145 660 2181 :
699 2127 797 2187 nisi
827 2128 967 2197 quod
997 2128 1393 2195 benedicimus,
1437 2130 1738 2201 gratiasque
1760 2128 1965 2199 agimus
2005 2129 2110 2183 Do-

528 2220 675 2274 mino
699 2218 753 2273 in
774 2219 918 2277 omni
938 2219 1053 2289 ejus
1079 2236 1318 2287 munere,
1346 2236 1452 2277 non
1483 2220 1654 2277 solum
1690 2220 1946 2292 spirituali
1970 2263 1984 2289 ,
2016 2236 2109 2276 ve-

527 2324 646 2366 rum
661 2311 820 2369 etiam
835 2313 1118 2382 corporali.
1148 2313 1307 2369 Vobis
1332 2321 1507 2370 autem
1519 2329 1614 2384 per
1636 2312 1863 2368 fabulam
1879 2321 2108 2368 vestram

530 2400 587 2459 in
621 2401 761 2460 escis
790 2404 1035 2465 omnibus
1078 2404 1322 2461 Christus
1367 2406 1557 2475 ligatus
1593 2405 1892 2475 apponitur,
1937 2404 2110 2461 adhuc

528 2494 774 2565 ligandus
801 2497 993 2553 vestris
1021 2498 1334 2565 visceribus,
1376 2497 1766 2567 solvendusque
1793 2495 2111 2553 ructatibus.

524 2586 658 2651 Nam
678 2598 874 2646 etcum
902 2590 1251 2657 manducetis,
1279 2591 1365 2647 dei
1389 2592 1551 2647 vestri
1576 2590 1871 2647 defectione
1899 2605 1993 2645 vos
2019 2605 2107 2646 re-

527 2681 710 2747 ﬁcitis;
741 2691 933 2743 etcum
960 2683 1218 2755 digeritis,
1243 2683 1381 2741 illius
1405 2682 1693 2739 refectione
1712 2682 1955 2738 deiicitis.
1974 2681 2113 2747 Cum

526 2772 667 2833 enim
695 2787 792 2829 vos
814 2774 998 2842 plenos
1022 2773 1216 2841 reddit,
1243 2774 1537 2845 resumptio
1566 2783 1742 2837 vestra
1768 2773 1940 2843 ipsum
1982 2788 2106 2844 pre-

527 2861 643 2916 mit.
673 2861 825 2931 Quod
861 2865 1077 2935 quidem
1107 2865 1484 2922 misericordiae
1508 2865 1869 2936 deputaretur,
1898 2864 2108 2937 quando

526 2952 725 3023 aliquid
756 2971 851 3025 pro
870 2956 1020 3015 vobis
1050 2958 1246 3028 patitur
1275 2958 1329 3012 in
1351 2957 1518 3024 vobis,
1551 2958 1652 3014 nisi
1672 2972 1767 3014 vos
1791 2972 1974 3013 rursus
1996 2957 2109 3012 ina-

524 3052 631 3107 nes
651 3046 1006 3117 relinqueret,
1036 3056 1096 3103 ut
1122 3064 1154 3104 a
1182 3048 1334 3105 vobis
1362 3048 1616 3105 liberatus
1652 3048 1924 3120 effugeret.
1965 3047 2108 3117 Quo-

526 3137 689 3195 modo
726 3154 854 3209 ergo
907 3156 1184 3211 comparas
1221 3156 1412 3212 panem
1456 3150 1510 3199 et
1560 3141 1779 3200 calicem
1828 3152 2104 3210 nostrum,

524 3236 581 3282 et
624 3243 804 3297 parem
846 3230 1157 3301 religionem
1211 3232 1344 3288 dicis
1372 3248 1609 3291 errorem
1636 3235 1795 3304 longe
1828 3249 1859 3288 a
1883 3234 2106 3291 veritate

522 3315 841 3391 discretum;
890 3322 1039 3392 pejus
1076 3323 1345 3394 desipiens
1371 3340 1528 3396 quam
1568 3325 1843 3391 nonnulli,
1878 3326 1965 3396 qui
2008 3342 2107 3384 nos

522 3418 739 3482 pr0pter
764 3428 950 3483 panem
980 3424 1034 3471 et
1051 3416 1268 3473 calicem
1286 3414 1535 3472 Cererem
1564 3431 1625 3473 ac
1646 3417 1900 3483 Liberum
1927 3419 2105 3476 colere

522 3501 865 3565 existimant?
894 3504 1047 3577 Quod
1086 3506 1205 3563 ideo
1234 3508 1760 3567 commemorandum
1805 3510 2003 3579 putavi,
2049 3519 2107 3579 ut

519 3592 805 3654 advertatis
833 3612 897 3655 ex
926 3613 1027 3669 qua
1054 3599 1287 3655 vanitate
1313 3601 1489 3656 veniat
1510 3601 1667 3656 etiam
1694 3600 1823 3659 illud
1846 3610 2102 3673 vestrum,

521 3688 664 3759 quod
698 3699 913 3762 propter
933 3691 1209 3749 sabbatum
1234 3692 1465 3749 Saturno
1501 3692 1705 3748 dicatos
1736 3693 1899 3750 fuisse
1926 3704 2105 3765 patres

518 3787 732 3834 nostros
756 3781 968 3849 putatis.
997 3781 1303 3841 Sicutenim
1342 3800 1373 3840 a
1407 3784 1601 3842 Cerere
1637 3792 1691 3841 et
1718 3784 1910 3843 Libero
1935 3786 2103 3860 Paga-

516 3883 710 3926 norum
738 3872 841 3927 diis
883 3873 1042 3945 longe
1072 3876 1328 3935 absumus
1348 3918 1364 3944 ,
1394 3879 1639 3949 quamvis
1670 3881 1820 3951 panis
1846 3890 1900 3938 et
1924 3882 2105 3941 calicis

514 3970 930 4028 sacramentum,
955 3965 1094 4033 quod
1124 3966 1194 4021 ita
1222 3966 1494 4031 laudastis,
1516 3977 1572 4023 ut
1594 3969 1647 4023 in
1673 3985 1738 4024 eo
1760 3972 1914 4027 nobis
1943 3987 2100 4042 pares

516 4064 638 4106 esse
666 4051 960 4118 volueritis,
990 4063 1174 4111 nostro
1212 4057 1316 4111 ritu
1362 4059 1783 4128 amplectamur;
1826 4062 1897 4117 ita
1927 4072 2102 4133 patres

515 4145 688 4203 nostri
715 4145 871 4215 longe
896 4145 1109 4202 fuerunt
1145 4163 1177 4204 a
1221 4146 1547 4205 Saturniacis
1585 4152 1808 4218 catenis,
1858 4155 2101 4225 quamvis

514 4247 615 4307 pro
644 4242 885 4310 tempore
923 4238 1214 4309 prophetia:
1251 4238 1456 4295 sabbati
1484 4241 1815 4311 vacationem
1842 4244 2099 4303 observa-

516 4326 713 4381 verint.
1972 4390 2009 4415 Ἤ

586 4419 810 4489 CAPUT
842 4412 981 4479 XIV.
1001 4453 1072 4465 -—
1090 4422 1194 4481 Sed
1224 4439 1321 4497 cur
1345 4440 1452 4483 non
1473 4426 1633 4493 etiam
1662 4439 1879 4502 propter
1903 4412 2094 4503 Hylen,

514 4522 635 4580 quae
656 4511 709 4566 in
735 4513 1004 4569 nonnullis
1030 4514 1176 4571 libris
1202 4515 1535 4587 Paganorum
1566 4518 1931 4592 frequentatur
1952 4566 1967 4591 ,
1999 4538 2095 4596 pas

510 4615 627 4655 rem
679 4617 772 4657 vos
817 4618 936 4658 cum
979 4604 1203 4678 Paganis
1248 4608 1556 4680 religionem
1611 4611 1809 4671 habere
1848 4614 2098 4685 dixistis?

511 4690 761 4760 Quinimo
787 4704 1001 4765 propter
1041 4696 1143 4753 hoc
1186 4698 1443 4775 imparem
1483 4701 1743 4775 longeque
1785 4704 2096 4767 dissimilem

512 4784 759 4842 voluistis
777 4786 997 4861 intelligi
1021 4829 1037 4857 ,
1066 4790 1187 4860 quia
1215 4789 1317 4847 hoc
1359 4794 1575 4850 nomine
1617 4796 1741 4850 mali
1780 4798 2095 4869 principium

508 4890 573 4932 ac
594 4885 836 4936 naturam
869 4880 1149 4954 theologus
1171 4893 1347 4941 vester
1375 4886 1624 4957 appellat.
1669 4887 1725 4943 ln
1750 4904 1855 4960 quo
1884 4890 2097 4962 quidem

507 4967 772 5041 imperitia
793 4982 965 5029 vestra
995 4990 1181 5046 magna
1203 4975 1617 5046 deprehenditur
1649 4981 1804 5052 :quia
1846 4997 1944 5047 nec
1972 4985 2097 5054 quid

507 5061 577 5117 sit
603 5063 735 5135 ller
759 5066 925 5131 scitis,
973 5075 1027 5123 et
1071 5068 1172 5123 hoc
1220 5070 1298 5126 rei
1350 5073 1629 5139 vocabulo,
1677 5090 1837 5147 quam
1886 5078 2096 5147 penitus

506 5155 781 5227 ignoratis,
824 5161 983 5217 etiam
1026 5162 1198 5218 inflari
1237 5165 1379 5221 velut
1427 5165 1568 5222 docti
1594 5168 1874 5226 all‘ectatis.
1921 5171 2093 5243 Hylen

510 5264 743 5321 namque
765 5252 958 5320 Graeci,
996 5270 1119 5315 cum
1149 5256 1216 5315 de
1261 5267 1443 5315 natura
1484 5259 1772 5329 disserunt,
1819 5265 2092 5321 materiem

506 5343 789 5412 quamdam
835 5362 1014 5405 rerum
1052 5348 1330 5417 definiunt,
1370 5351 1516 5409 nullo
1544 5368 1761 5422 prorsus
1804 5355 1961 5411 modo
1990 5356 2097 5412 for-

506 5442 726 5501 matam,
753 5437 849 5493 sed
870 5440 1105 5498 omnium
1124 5443 1478 5513 corporalium
1500 5445 1790 5502 formarum
1804 5462 2052 5517 capacem
2079 5467 2093 5503 :

570 5613 589 5685 ξ
623 5611 846 5685 Plerique
862 5623 993 5685 Mss,
1019 5616 1142 5681 loco,
1166 5617 1333 5685 simul,
1351 5621 1551 5685 habent,
1576 5621 1739 5674 semel.

570 5677 591 5749 ξ
622 5677 839 5749 Quinque
861 5677 986 5749 Mss,
1014 5677 1563 5749 certﬁuconsjderntioné.
1598 5685 1732 5736 male.

498 5808 535 5847 ι
930 5737 1042 5793 Iov.
1065 5743 1253 5797 additur
1276 5745 1367 5797 hoc
1384 5746 1505 5810 loco,
1533 5760 1707 5814 corpus
1729 5747 1907 5801 Christi
1924 5761 1944 5813 ,'
1962 5749 2095 5813 quod

1332 348 1607 408 CONTRA
1642 342 1967 404 FAUSTUM
2001 339 2453 410 MANlCllAEUM,
2494 342 2553 399 S.
2592 342 2955 402 AUGUSTINI

3690 347 3809 409 380.

2218 474 2335 529 qua:
2372 457 2583 529 quidem
2611 458 2661 511 in
2687 473 2966 528 corporum
3008 457 3357 523 mutabilitate
3386 467 3671 531 utcumque
3701 475 3801 518 co-

2217 550 2518 620 gnoscitur;
2551 566 2671 605 nam
2703 566 2798 620 per
2821 565 2878 605 se
2900 549 3067 621 ipsam
3108 566 3207 607 nec
3230 551 3412 606 sentiri
3446 568 3541 607 nec
3571 552 3801 624 intelligi

2216 634 2609 715 potest.Verum
2649 645 2702 702 in
2725 646 2827 703 hoc
2855 654 3035 703 errant
3059 646 3272 718 quidam
3305 645 3611 712 Gentilium,
3652 647 3800 718 quod

2217 752 2337 794 eam
2361 747 2608 810 tanquam
2632 747 2949 794 comternam
2977 738 3089 794 Deo
3113 738 3470 810 conjungunt;
3495 748 3555 811 ut
3584 740 3698 796 haec
3728 740 3800 795 ab

2216 828 2308 885 illo
2333 846 2437 886 non
2468 830 2556 897 sit,
2586 830 2825 900 quamvis
2853 830 2920 884 ab
2948 829 3038 885 illo
3060 828 3317 885 formetur
3344 848 3356 883 :
3381 818 3524 901 quod
3553 829 3797 886 alienum

2216 936 2336 980 esse
2363 936 2394 977 a
2420 921 2643 979 veritate
2666 965 2679 989 ,
2714 924 2825 993 ipsa
2855 922 3050 979 veritas
3079 921 3253 977 docet.
3288 922 3425 977 Ecce
3470 931 3646 977 tamen
3677 923 3803 992 qui-

2214 1015 2313 1073 bus
2343 1016 2568 1088 Paganis
2594 1017 2659 1073 de
2688 1016 2787 1074 hac
2810 1017 2923 1088 ipsa
2958 1015 3090 1086 llyle
3125 1016 3428 1072 iuvenimini
3472 1031 3592 1071 esse
3619 1014 3805 1069 consi-

2215 1109 2391 1176 miles,
2420 1108 2560 1179 quod
2582 1124 2698 1165 eam
2720 1124 2811 1165 vos
2834 1124 3045 1181 quoque
3066 1124 3219 1165 suum
3244 1107 3441 1164 habere
3458 1107 3806 1181 principium,

2215 1218 2315 1260 nec
2354 1219 2420 1260 ex
2463 1203 2575 1265 Deo
2603 1220 2721 1260 esse
2760 1206 3088 1276 perhibetis:
3118 1214 3173 1261 et
3200 1204 3250 1260 in
3280 1203 3383 1261 hoc
3423 1219 3516 1261 vos
3559 1203 3810 1273 dispares

2214 1309 2333 1351 esse
2358 1294 2612 1351 dicebatis
2637 1337 2650 1360 ,
2696 1296 2994 1352 nescientes
3022 1295 3147 1366 quid
3173 1295 3379 1352 dicatis.
3424 1294 3479 1350 In
3511 1295 3601 1349 illo
3642 1310 3795 1360 vero,

2215 1384 2354 1455 quod
2383 1386 2527 1440 nulla
2548 1395 2629 1443 est
2658 1386 2780 1441 huic
2818 1386 2969 1459 Hyla:
2998 1386 3167 1443 forma
3212 1387 3439 1458 propria,
3492 1402 3590 1441 nec
3641 1387 3745 1442 nisi
3773 1403 3813 1457 ac

2216 1476 2327 1532 Deo
2357 1476 2571 1541 formari
2604 1488 2817 1550 potest,
2846 1486 3042 1534 nostrae
3070 1479 3145 1534 illi
3187 1480 3393 1534 veritati
3416 1480 3763 1535 consentiunt
3789 1496 3802 1533 :

2214 1580 2438 1625 avestra
2481 1580 2655 1626 autem
2694 1571 2919 1628 falsitate
2960 1572 3314 1639 dissentiunt;
3364 1573 3454 1647 qui
3500 1572 3807 1630 nescientes

2214 1662 2340 1733 quid
2368 1664 2436 1718 sit
2462 1662 2613 1735 llyle,
2639 1662 2691 1719 id
2713 1672 2797 1721 est
2821 1664 2945 1734 quid
2969 1665 3038 1719 sit
3060 1680 3241 1721 rerum
3261 1664 3509 1721 materies
3531 1706 3547 1731 ,
3579 1674 3805 1736 gentem

2215 1754 2554 1810 tenebrarum
2596 1770 2713 1809 eam
2756 1755 2953 1821 dicitis,
3001 1755 3090 1810 ubi
3143 1770 3248 1811 non
3296 1756 3468 1812 solum
3521 1756 3809 1813 distinctas

2214 1846 2449 1917 quinque
2475 1846 2759 1918 generibus
2805 1847 3219 1915 innumerabiles
3249 1862 3531 1919 corporum
3576 1840 3819 1913 formas,

2213 1951 2397 1993 verum
2442 1938 2600 1997 etiam
2649 1947 2881 1995 mentem
2924 1939 3242 1995 constituitis
3295 1938 3483 1996 horum
3513 1954 3807 2010 corporum

2215 2030 2610 2097 formatricem;
2634 2040 2708 2101 et,
2750 2031 2891 2103 quod
2927 2040 3009 2089 est
3037 2033 3353 2103 imperitius,
3384 2033 3465 2089 vel
3493 2034 3669 2104 potius
3710 2033 3807 2088 de-

2213 2122 2462 2188 mentius,
2498 2122 2666 2192 ipsam
2709 2123 2875 2194 magis
2902 2133 3136 2179 mentem
3187 2123 3360 2179 dicitis
3403 2123 3589 2196 Hylen,
3640 2140 3811 2196 quam,

2214 2232 2321 2283 non
2349 2216 2585 2285 formari,
2613 2217 2705 2274 sed
2733 2216 2963 2274 formare
2990 2218 3301 2288 perhibetis.
3328 2216 3460 2272 Nam
3483 2217 3527 2272 si
3554 2227 3700 2274 esset
3730 2217 3808 2273 ibi

2213 2324 2367 2365 mens
2395 2309 2636 2379 quaedam
2673 2310 2928 2378 formans,
2978 2318 3031 2366 et
3078 2310 3340 2367 elementa
3378 2324 3634 2381 corporea
3681 2326 3808 2381 quae

2213 2398 2588 2467 formarentur,
2635 2400 2725 2455 illa
2772 2401 3037 2458 elementa
3078 2402 3302 2459 dicenda
3341 2413 3519 2458 essent
3562 2402 3718 2474 Hyle,
3753 2402 3811 2467 id,

2213 2502 2315 2561 est,
2346 2493 2595 2550 materies
2612 2508 2768 2564 quam
2792 2492 3044 2549 formaret
3065 2494 3251 2551 eadem
3272 2510 3444 2563 mens,
3472 2510 3628 2567 quam
3652 2512 3811 2550 men-

2215 2592 2322 2641 tem
2350 2584 2668 2655 principium
2688 2585 2814 2640 mali
2839 2601 2957 2642 esse
2981 2586 3160 2642 vultis.
3192 2586 3304 2641 Hoc
3330 2587 3373 2641 si
3396 2586 3662 2651 diceretis,
3695 2603 3807 2642 non

2212 2675 2427 2747 quidem
2455 2676 2679 2732 multum
2717 2678 2968 2733 erraretis
2999 2679 3050 2732 in
3099 2694 3164 2734 eo
3193 2679 3334 2750 quod
3374 2689 3455 2735 est
3503 2680 3654 2751 llyle,
3703 2681 3811 2735 nisi

2212 2768 2357 2839 quod
2390 2769 2501 2840 ipsa
2532 2784 2742 2840 quoque
2769 2769 3029 2835 elementa
3051 2813 3065 2839 ,
3094 2773 3337 2845 quamvis
3364 2772 3414 2828 in
3444 2773 3575 2829 alias
3604 2772 3810 2830 formas

2212 2858 2511 2929 formanda,
2536 2870 2713 2918 tamen
2738 2863 2862 2933 quia
2886 2862 2999 2932 jam
3029 2850 3298 2935 elementa
3334 2874 3513 2923 essent
3532 2907 3553 2934 ι
3580 2876 3634 2922 et
3679 2882 3809 2937 5pc-

2212 2952 2396 3008 ciebus
2452 2952 2679 3023 propriis
2718 2952 3202 3026 distinguerentur,
3260 2955 3393 3028 iler
3448 2971 3551 3013 non
3599 2967 3809 3031 essent,

2212 3043 2336 3117 quia
2359 3044 2446 3101 illa
2465 3053 2547 3103 est
2573 3060 2791 3116 prorsus
2822 3045 3098 3114 informis;
3120 3056 3487 3104 verumtamen
3510 3048 3811 3107 tolerabilis

2211 3144 2352 3195 esset
2379 3135 2637 3206 imperitia
2665 3146 2863 3205 vestra,
2890 3138 3009 3209 quia
3031 3154 3149 3195 eam
3171 3155 3288 3210 quae
3314 3138 3650 3207 formaretur,
3691 3157 3809 3197 non

2211 3239 2330 3281 eam
2391 3241 2510 3299 qua:
2549 3226 2840 3295 formaret,
2876 3227 3045 3299 Hylen
3098 3218 3406 3285 diceretis:
3470 3230 3565 3286 sed
3622 3240 3809 3286 tamen

2212 3317 2371 3379 etiam
2427 3318 2504 3375 sic
2532 3333 2597 3374 eo
2641 3320 2959 3375 teneremini
3007 3320 3127 3379 vani
3158 3330 3315 3392 atque
3364 3322 3627 3394 sacrilegi,
3676 3324 3809 3393 quia

2211 3409 2514 3466 nescientes
2558 3424 2770 3467 omnem
2816 3410 3029 3467 modum
3059 3422 3369 3469 naturarum
3414 3430 3813 3488 numerumque

2211 3496 2498 3555 formarum
2521 3509 2575 3556 et
2599 3501 2838 3557 ordinem
2866 3502 3160 3572 ponderum
3188 3520 3293 3577 non
3325 3521 3444 3561 esse
3472 3521 3624 3577 posse
3642 3549 3656 3573 ,
3696 3507 3811 3563 nisi

2210 3604 2241 3645 a
2270 3591 2425 3647 Patre
2447 3600 2500 3648 et
2526 3592 2659 3648 Filio
2688 3603 2742 3649 et
2765 3593 2965 3664 Spiritu
2986 3604 3194 3664 saneto,
3229 3574 3486 3668 principio
3526 3598 3649 3652 mali
3675 3607 3809 3663 tan-

2212 3690 2323 3739 tum
2350 3684 2543 3743 bonum
2589 3684 2913 3742 tribucretis.
2950 3684 3101 3742 Nunc
3131 3702 3258 3745 vero
3296 3704 3415 3744 cum
3456 3699 3510 3746 et
3551 3689 3677 3763 quid
3731 3693 3813 3749 sit

2211 3776 2364 3847 llyle,
2388 3786 2441 3833 et
2468 3777 2597 3851 quid
2625 3780 2692 3836 sit
2719 3780 2916 3835 malum
2947 3780 3201 3852 ignoretis
3224 3823 3239 3848 ,
3273 3797 3305 3837 o
3339 3783 3381 3837 si
3410 3798 3621 3854 possem
3644 3785 3812 3842 vobis

2210 3870 2549 3940 persuadere,
2576 3880 2687 3928 uta
2708 3872 3027 3930 seducendis
3052 3873 3468 3947 imperitioribus
3508 3892 3603 3933 vos
3642 3892 3811 3934 com-

2209 3962 2493 4039 pesceretis
2510 3963 2522 4017 !

2279 4051 2502 4111 CAPUT
2536 4053 2650 4111 XV.
2684 4086 2751 4095 —
2788 4056 2905 4112 Jam
2957 4072 3087 4114 vero
3136 4057 3277 4129 quod
3324 4059 3482 4116 etiam
3530 4059 3652 4117 inde
3703 4077 3812 4119 vos

2208 4141 2436 4215 Paganis
2462 4145 2621 4201 vultis
2647 4162 2765 4202 esse
2794 4147 3065 4214 meliores,
3096 4149 3237 4222 quod
3266 4150 3340 4205 illi
3371 4151 3501 4220 aris,
3528 4151 3807 4224 delubris,

2206 4235 2526 4301 simulacris,
2575 4237 2802 4293 victimis
2842 4247 2999 4310 atque
3048 4244 3265 4298 incenso
3305 4243 3469 4299 Deum
3513 4243 3813 4303 colendum

2206 4337 2409 4399 putant,
2440 4344 2533 4384 vos
2558 4338 2735 4385 autem
2778 4330 2906 4386 nihil
2939 4331 3127 4389 horum
3160 4334 3365 4403 facitis,
3396 4338 3513 4408 quis
3539 4353 3644 4393 non
3672 4338 3811 4396 irri-

2206 4418 2365 4474 deat?
2393 4420 2552 4488 Quasi
2579 4436 2704 4477 vero
2729 4437 2837 4479 non
2856 4424 3023 4479 satius
3050 4425 3117 4480 sit
3140 4426 3225 4481 vel
3250 4428 3431 4498 lapidi,
3465 4430 3553 4499 qui
3579 4446 3813 4503 quoquo

2205 4512 2366 4567 modo
2416 4522 2519 4581 est,
2571 4528 2719 4571 aram
2768 4516 3112 4585 constituere,
3160 4526 3213 4575 et
3265 4519 3535 4578 victimam
3577 4522 3811 4594 offerre,

2203 4618 2361 4675 quam
2389 4603 2440 4658 id
2466 4604 2608 4674 quod
2638 4606 2857 4677 omnino
2885 4622 2987 4662 non
3013 4616 3094 4663 est
3113 4650 3126 4676 ,
3156 4608 3209 4664 in
3235 4608 3589 4667 deliramento
3621 4612 3812 4683 phan-

2204 4695 2446 4751 tasmatis
2463 4694 2723 4751 adorare?
2752 4696 2946 4753 Verum
2973 4705 3049 4765 tu,
3074 4699 3162 4771 qui
3188 4701 3504 4757 rationabile
3532 4703 3624 4759 Dei
3657 4714 3812 4761 temo

2202 4786 2350 4856 plum
2380 4796 2431 4842 te
2457 4802 2575 4843 esse
2605 4787 2823 4855 dixisti,
2870 4792 3141 4862 quomodo
3172 4792 3274 4849 hoc
3313 4795 3644 4865 explicabis?
3678 4797 3817 4856 Pla-

2202 4886 2356 4933 cetne
2410 4878 2501 4933 tibi
2532 4888 2589 4933 ut
2619 4880 2873 4951 templum
2922 4882 3062 4940 Deus
3102 4883 3327 4955 habeat,
3369 4887 3520 4956 cujus
3561 4888 3817 4960 aliquam

2203 4977 2406 5041 partem
2438 4969 2680 5026 diabolus
2720 4970 3093 5029 fabricaverit?
3119 4974 3199 5031 An
3241 4992 3336 5033 vos
3369 4992 3475 5032 non
3503 4979 3631 5033 estis
3657 5020 3674 5047 ,
3711 4983 3819 5052 qui

2200 5059 2377 5116 dicitis
2401 5061 2577 5118 omnia
2607 5064 2844 5119 membra
2873 5076 3047 5122 vestra
3067 5108 3081 5132 ,
3107 5075 3378 5139 totumque
3400 5084 3592 5140 corpus
3614 5086 3644 5125 a
3680 5088 3780 5127 ma
3801 5104 3821 5117 ο

2201 5150 2342 5223 ligna
2371 5162 2570 5221 mente,
2599 5170 2757 5225 quam
2789 5156 2956 5229 Hylen
2983 5157 3177 5225 dicitis,
3208 5160 3542 5229 fabricatum,
3568 5164 3821 5237 ejusque

2200 5243 2367 5315 ipsius
2396 5242 2746 5303 fabricatrieis
2796 5257 3001 5319 partem
3042 5250 3150 5305 illic
3194 5253 3435 5308 habitare
3474 5255 3629 5310 simul
3670 5272 3816 5316 cum

2200 5346 2353 5408 parte
2380 5338 2465 5395 dei
2487 5341 2685 5396 vestri?
2712 5341 2839 5411 Qua:
2860 5357 2980 5399 cum
3001 5344 3073 5399 ibi
3098 5352 3363 5417 teneatur,
3393 5358 3449 5404 ut
3473 5348 3815 5423 perhibetis,

2200 5438 2546 5486 concatenata
2574 5440 2629 5487 et
2656 5433 2878 5503 inclusa,
2912 5444 3087 5492 utrum
3118 5436 3214 5492 Dei
3263 5440 3517 5509 templum
3540 5481 3554 5506 ,
3595 5456 3663 5496 an
3703 5444 3817 5502 Dei

2199 5537 2467 5580 carcerem
2533 5534 2585 5581 te
2640 5526 2821 5584 dicere
2878 5528 3145 5586 debuisti?
3202 5530 3313 5587 Nisi
3367 5534 3499 5593 forte
3555 5535 3816 5594 animam

2200 5625 2343 5673 tuam
2375 5620 2629 5688 templum
2658 5622 2749 5675 Dei
2779 5622 2929 5687 dicis,
2980 5640 3137 5695 quam
3167 5643 3232 5681 ex
3271 5636 3406 5682 terra
3448 5628 3666 5684 luminis
3694 5635 3816 5687 ha-

2199 5709 2316 5767 bes.
2346 5713 2415 5766 At
2442 5711 2584 5766 illam
2623 5722 2825 5783 partem
2858 5715 2986 5783 Dei,
3018 5716 3100 5773 vel
3145 5718 3442 5774 membrum
3472 5719 3566 5774 Dei
3604 5722 3819 5781 soletis

2203 5803 2416 5875 dicere,
2457 5819 2561 5861 non
2593 5808 2850 5879 templum
2895 5808 3009 5866 Dei.
3041 5809 3227 5868 Restat
3270 5826 3400 5883 ergo
3432 5820 3488 5869 ut
3530 5813 3819 5884 templum
