4052 6468
263 415 356 472 581

261 529 354 588 Dei
381 542 490 586 non
520 532 578 592 te
602 524 806 582 dixeris
823 565 840 592 ,
897 523 1002 581 nisi
1027 537 1096 582 ex
1115 536 1364 594 corpore,
1383 523 1528 595 quod
1549 522 1844 580 secundum

259 634 307 680 tc
361 621 620 677 diabolus
686 619 982 676 fabricavit.
1008 618 1151 674 Ecce
1177 618 1444 689 quomodo
1469 619 1722 690 templum
1753 618 1848 674 Dei

255 715 661 788 blaSphematis,
694 722 754 770 ut
772 729 879 770 non
903 712 1076 770 solum
1097 721 1337 769 sanctum
1359 728 1463 768 non
1492 727 1611 768 esse
1634 711 1840 778 dicatis,

251 825 428 867 verum
459 810 623 865 etiam
650 807 1128 870 machinamentum
1153 806 1347 862 diaboli
1373 848 1388 873 ,
1413 814 1467 863 et
1511 804 1835 874 ergastulum

251 902 360 958 Dei.
402 903 475 958 At
500 916 634 958 vero
659 900 968 972 Apostolus,
1005 899 1281 971 Templum
1307 901 1439 955 enim
1477 899 1570 955 Dei
1613 907 1840 953 sanctum

247 1005 334 1059 est,
365 994 555 1066 inquit,
583 992 718 1064 quod
745 993 860 1050 estis
881 1008 965 1048 vos
989 1008 1008 1047 :
1031 1001 1086 1048 et
1110 1007 1178 1047 ne
1199 999 1350 1062 putes
1378 989 1743 1046 tantummodo
1771 989 1838 1045 ad

255 1087 486 1150 animam
514 1085 806 1158 pertinere,
827 1084 965 1156 quod
986 1083 1186 1140 dictum
1212 1093 1292 1140 est
1317 1101 1332 1150 ;
1355 1083 1480 1138 audi
1507 1082 1835 1156 expressius,

254 1178 498 1246 Nescitis,
528 1178 719 1250 inquit,
743 1179 863 1250 quia
889 1194 1104 1249 corpora
1140 1187 1302 1232 vestra
1323 1177 1565 1247 templum
1592 1186 1664 1231 est
1680 1177 1731 1231 in
1754 1191 1840 1232 uo-

245 1270 316 1324 bis
351 1270 584 1339 Spiritus
604 1271 790 1339 sancti,
811 1287 962 1342 quem
987 1270 1179 1325 habetis
1202 1287 1235 1323 a
1257 1269 1366 1326 Deo
1383 1269 1441 1342 (1
1476 1269 1594 1326 Cor.
1623 1286 1677 1325 ιιι
1701 1310 1718 1338 ,
1747 1270 1834 1337 l7,

245 1376 289 1418 et
325 1381 397 1430 vi,
433 1364 504 1419 19
527 1364 593 1435 )?
628 1364 734 1418 Vos
757 1373 933 1420 autem
966 1364 1218 1420 lubricam
1243 1364 1548 1420 daemonum
1580 1363 1676 1419 Dei
1703 1371 1838 1420 tem-

245 1457 386 1528 plum
416 1457 620 1524 dicitis,
658 1464 715 1513 et
766 1455 838 1520 ibi
888 1457 1072 1522 vivum,
1118 1456 1256 1512 sicut
1299 1455 1524 1532 Faustus
1575 1455 1670 1521 ait,
1715 1455 1838 1510 uivte

244 1549 527 1616 maiestatis
553 1547 880 1604 simulacrum
913 1544 1171 1606 Christum
1195 1545 1390 1602 Filium
1414 1546 1512 1602 Dei
1537 1547 1832 1602 collocatis.

241 1638 403 1694 Plane
451 1639 699 1698 Christus
726 1648 905 1704 vester
936 1639 1388 1710 phantasmaticus
1419 1640 1617 1696 habitet
1644 1640 1696 1696 in
1743 1641 1833 1697 tali

242 1733 437 1802 templo
489 1734 764 1805 sacrilegas
798 1732 1064 1790 vanitatis.
1114 1732 1209 1789 1116
1250 1733 1444 1804 quippe
1488 1749 1593 1790 non
1623 1749 1656 1789 a
1690 1735 1837 1790 simi-

241 1823 481 1892 litudine,
539 1827 638 1884 sed
676 1841 708 1883 a
751 1827 1090 1884 simulatione
1132 1827 1474 1884 simulacrum
1513 1829 1694 1886 vocari
1740 1843 1834 1900 po-

241 1924 361 1972 tast.

310 2007 542 2066 CAPUT
571 2007 712 2078 XVI.
741 2007 818 2051 -’
837 2009 911 2067 Ita
937 2019 993 2066 et
1018 2019 1252 2068 mentem
1284 2019 1428 2068 tuam
1454 2029 1600 2068 aram
1632 2014 1826 2086 fecisti,

240 2097 332 2156 sed
357 2099 482 2155 vide
521 2101 695 2170 cujus.
728 2101 808 2157 Ex
851 2102 980 2173 ipsis
1007 2093 1153 2158 Enim
1188 2104 1392 2160 artibus
1431 2116 1489 2160 et
1536 2106 1832 2176 disciplinis

237 2190 338 2246 tuis
361 2200 621 2261 apparet,
651 2193 844 2262 quibus
871 2205 989 2254 eam
1035 2193 1288 2249 imbutam
1331 2209 1450 2252 esse
1493 2195 1692 2252 dixisti.
1720 2196 1831 2253 Illae

235 2291 373 2337 artes
419 2290 477 2339 et
519 2282 818 2353 disciplina:
857 2292 1036 2341 vetant
1074 2301 1270 2357 panem
1308 2288 1582 2358 porrigere
1626 2289 1832 2345 mendi—

233 2374 370 2429 canti
399 2374 630 2442 homini,
663 2384 720 2430 ut
745 2376 798 2432 in
826 2391 917 2432 ara
943 2386 1120 2433 vestra
1151 2393 1272 2433 cum
1299 2379 1565 2435 sacriﬁcio
1586 2380 1822 2436 crudelis

235 2465 355 2520 tatis
382 2465 620 2522 ardeatis
650 2484 664 2520 :
698 2466 854 2522 talem
897 2483 1044 2524 aram
1086 2469 1312 2524 Domino
1356 2469 1683 2537 destruente,
1737 2473 1829 2543 qui

231 2569 294 2609 ex
325 2554 473 2626 Lege
521 2567 908 2614 commemorat
948 2559 1087 2630 quali
1132 2559 1296 2616 odore
1339 2560 1634 2618 delectatur
1660 2563 1824 2629 Deus,

234 2644 440 2711 dicens,
467 2645 873 2704 Misericordiam
902 2651 1014 2705 volo
1054 2667 1203 2722 quam
1224 2652 1529 2721 sacri/icium
1555 2652 1723 2724 (Osee.
1751 2670 1824 2724 v1,

236 2735 317 2810 6).
343 2738 448 2795 Ubi
472 2749 653 2796 autem
683 2745 785 2797 hoc
819 2742 1071 2804 Dominus
1092 2746 1612 2813 commemoraverit,
1653 2755 1827 2806 atten-

232 2828 340 2886 dite
366 2848 380 2884 :
411 2845 536 2886 cum
565 2832 770 2889 scilicet
801 2835 1047 2891 transiret
1102 2850 1198 2906 per
1216 2845 1471 2907 segetem,
1503 2845 1558 2892 et
1581 2838 1827 2894 esurien-

235 2933 314 2984 tes
341 2925 593 2994 discipuli
640 2927 756 2996 ejus
785 2928 1041 2984 vellerent
1070 2928 1242 2998 spicas
1265 2971 1278 2997 ,
1307 2930 1451 3000 quod
1481 2930 1823 2988 homicidium

231 3029 353 3072 esse
379 3032 480 3073 vos
523 3017 702 3074 dicitis
740 3033 807 3074 ex
849 3019 1129 3090 disciplina
1171 3029 1372 3087 vestra,
1403 3036 1505 3092 qua
1563 3021 1824 3080 imbuistis

232 3118 467 3164 mentem
488 3121 756 3176 vestram;
780 3127 926 3166 aram
955 3127 1108 3178 sane,
1134 3128 1240 3169 non
1274 3113 1387 3178 Dei,
1413 3113 1507 3170 sed
1532 3113 1826 3172 daemonio-

230 3215 346 3256 rum
383 3201 937 3271 mendaciloquorum,
971 3217 1037 3258 ex
1082 3218 1308 3274 quorum
1343 3203 1602 3260 doctrinis
1644 3205 1818 3262 inusta

228 3293 559 3354 canteriatur
602 3295 834 3366 maligna
872 3294 1197 3352 conscientia
1223 3295 1265 3368 (l
1294 3295 1428 3351 Tim.
1477 3313 1550 3364 IV,
1581 3296 1618 3352 2
1639 3297 1658 3369 )
1680 3339 1694 3364 ,
1725 3297 1824 3353 bo-

227 3386 502 3448 micidium
526 3388 820 3458 appellans,
848 3403 1006 3462 quam
1028 3388 1241 3445 Veritas
1281 3389 1639 3446 innocentiam
1667 3391 1818 3448 dicit.

225 3476 301 3536 lta
325 3479 472 3534 enim
501 3478 532 3540 ,1
540 3479 705 3536 udacis
734 3480 826 3546 ait,
859 3480 949 3536 ubi
985 3495 1083 3538 vos
1107 3495 1318 3552 quoque
1364 3480 1571 3538 futuros
1600 3498 1821 3554 percus-

224 3571 291 3625 sit
315 3580 478 3642 atque
505 3571 772 3628 destruxit
801 3589 813 3626 :
845 3571 906 3628 Si
929 3571 1119 3627 sciretis
1145 3571 1267 3643 quid
1287 3573 1370 3638 sit,
1403 3570 1810 3632 Misericordiam

226 3662 335 3716 colo
365 3679 522 3731 quam
562 3663 890 3732 sacrificium,
936 3679 1191 3734 nunquam
1223 3663 1646 3720 condemnassetis
1675 3665 1823 3720 inno-

224 3764 390 3810 centes
421 3754 641 3820 (Matth.
672 3769 764 3820 xu,
790 3753 872 3824 7)..

293 3843 528 3900 CAPUT
572 3843 736 3899 XVII.
790 3875 860 3884 ——
901 3844 1045 3914 Quas
1097 3853 1274 3900 autem
1315 3843 1515 3902 habere
1553 3846 1822 3917 simplices

221 3943 275 3990 et
326 3950 496 4006 puras
550 3935 849 4002 orationes,
899 3944 1147 4005 tanquam
1200 3933 1408 3992 divinos
1475 3936 1704 3994 honores
1756 3954 1819 3996 ac

222 4025 499 4082 sacriﬁcia
542 4028 815 4097 poteritis,
861 4044 980 4084 cum
1035 4027 1101 4084 de
1138 4029 1248 4102 ipsa
1276 4040 1460 4084 natura
1501 4038 1660 4100 atque
1699 4032 1825 4090 sub-

222 4120 429 4176 stantia
488 4118 659 4174 divina
717 4129 862 4175 tanta
932 4120 1146 4192 indigna
1210 4128 1264 4175 et
1311 4121 1486 4192 turpia
1539 4121 1817 4190 sentiatis,

227 4220 284 4265 ut
334 4226 446 4264 non
506 4210 677 4265 solum
726 4210 917 4265 vestris
965 4209 1242 4265 sacriﬁciis
1304 4211 1444 4266 Deus
1507 4226 1663 4266 verus
1717 4227 1822 4267 non

225 4293 590 4372 propitietur,
633 4299 725 4356 sed
767 4301 821 4358 in
856 4301 1130 4356 sacriﬁciis
1174 4299 1506 4374 Paganorum
1555 4302 1685 4358 deus
1725 4317 1822 4359 ve-

225 4403 336 4449 ster
393 4392 764 4449 immoletur?
822 4392 1008 4464 Neque
1077 4394 1218 4449 enim
1282 4394 1334 4448 in
1401 4393 1557 4468 lignis
1613 4395 1820 4463 solum,

227 4486 359 4541 etin
393 4485 624 4552 herbis,
673 4493 764 4539 aut
810 4485 864 4539 in
911 4484 1165 4541 membris
1207 4485 1483 4551 humanis,
1529 4486 1622 4541 sed
1663 4487 1823 4542 etiam

227 4577 282 4632 in
325 4592 593 4648 pecorum
635 4576 882 4633 carnibus
925 4591 1046 4632 cum
1089 4576 1571 4631 contaminantibus
1607 4585 1662 4632 ct
1705 4576 1824 4647 pol-

231 4667 508 4726 luentibus
566 4668 790 4724 vinculis
847 4667 1148 4740 colligatum
1211 4683 1331 4725 esse
1387 4669 1635 4723 censetis.
1708 4667 1824 4740 lpsa

226 4774 352 4816 vero
383 4761 571 4816 anima
600 4769 808 4828 vestra,
835 4759 918 4815 cui
946 4760 1055 4815 Deo
1082 4758 1292 4815 laudem
1323 4759 1494 4827 dicat,
1525 4758 1676 4830 cujus
1704 4775 1826 4830 par-

229 4851 448 4907 ticulam
478 4866 541 4906 se
566 4851 735 4924 ipsam
766 4851 818 4906 in
844 4849 1186 4907 tenebrarum
1226 4857 1384 4921 gente
1412 4859 1620 4921 captam
1657 4850 1823 4905 teneri

228 4927 618 5012 conclamans,
648 4942 773 5014 quid
795 4942 936 4998 aliud
962 4958 1119 5015 quam
1147 4943 1412 5012 vituperat
1436 4940 1602 4997 Deum
1620 4984 1637 5010 ,
1665 4957 1823 5012 quem

225 5037 321 5094 sibi
359 5038 475 5094 alio
514 5045 670 5108 pacto
708 5037 962 5092 adversus
1004 5037 1185 5091 hostes
1228 5050 1354 5091 suos
1396 5035 1674 5091 consulere
1719 5051 1823 5091 non

227 5132 473 5202 potuisse
503 5138 730 5187 testatur
750 5173 764 5198 ,
792 5130 893 5185 nisi
917 5129 1150 5201 partium
1178 5143 1392 5183 suarum
1442 5136 1589 5182 tanta
1637 5143 1823 5183 corru-

226 5224 442 5295 ptione,
472 5230 532 5278 et
568 5231 674 5277 tam
717 5222 858 5292 turpi
902 5219 1249 5292 captivitate?
1275 5218 1428 5275 Unde
1449 5228 1638 5274 vestra:
1665 5219 1824 5274 etiam

226 5329 420 5387 preces
447 5315 519 5370 ad
545 5315 703 5370 deum
728 5324 966 5369 vestrum
993 5329 1099 5368 non
1125 5319 1345 5383 possent
1373 5326 1493 5367 esse
1521 5299 1822 5382 religiosae,

225 5409 318 5464 sed
346 5409 654 5464 invidiosa).
680 5407 816 5476 Quid
847 5406 988 5462 enim
1020 5405 1143 5460 mali
1180 5403 1318 5476 apud
1351 5403 1498 5459 illum
1538 5404 1824 5459 commise-

223 5501 356 5556 ratis
381 5543 398 5568 ,
433 5509 491 5555 ut
521 5498 572 5554 in
602 5513 757 5569 poena
789 5498 886 5553 ista
915 5512 1054 5552 nunc
1091 5496 1157 5551 ad
1196 5511 1316 5551 eum
1363 5493 1588 5566 gematis
1611 5535 1624 5559 ,
1666 5509 1826 5564 quem

175 5583 178 5587 ’
227 5607 333 5648 non
355 5591 578 5663 propria
596 5590 869 5646 voluntate
891 5588 1159 5660 peccando
1179 5588 1508 5652 deseruistis,
1532 5586 1626 5642 sed
1647 5586 1714 5642 ab
1735 5587 1828 5641 illo

229 5685 332 5741 dati
361 5685 498 5741 estis
529 5684 770 5740 hostibus
795 5683 958 5754 ipsius
983 5726 997 5750 ,
1025 5691 1083 5737 ut
1135 5697 1240 5753 pax
1273 5695 1439 5754 regno
1468 5680 1583 5750 ejus
1613 5695 1829 5752 compa-

233 5775 486 5832 raretur?
516 5776 627 5831 Nec
655 5775 841 5830 saltem
872 5774 1008 5828 sicut
1031 5773 1244 5829 obsides
1286 5771 1403 5827 dari
1448 5771 1662 5840 solent,
1702 5787 1824 5827 cum

233 5870 442 5930 honore
483 5868 818 5928 custodiendi
851 5887 863 5924 :
896 5883 995 5925 nec
1035 5868 1170 5926 sicut
1204 5875 1386 5939 pastor
1411 5865 1480 5923 ad
1505 5865 1816 5938 capiendam

1563 403 1765 462 LIBER
1805 403 2182 470 γιθεειιιιιε.

1949 523 2172 579 bestiam
2202 524 2369 600 tendit
2405 525 2621 584 insidias
2651 546 2664 585 :
2693 543 2854 600 pecus
2889 530 3031 586 enim
3071 545 3226 588 suum
3268 533 3406 589 solet
3430 549 3528 605 po»

1950 634 2076 674 nere
2101 619 2151 674 in
2184 619 2271 674 illa
2297 622 2535 692 captoria
2563 623 2851 691 tendicula,
2881 639 2987 679 non
3018 625 3314 681 membrum
3342 641 3525 694 suum;

1947 719 2000 766 et
2021 712 2329 784 plerumque
2351 715 2442 782 ita,
2475 724 2531 770 ut
2557 725 2677 772 ante
2707 717 2872 772 bestia
2899 718 3156 789 capiatur,
3181 735 3342 789 quam
3365 733 3528 790 pecus

1948 804 2189 860 laedatur.
2224 805 2330 862 Vos
2356 817 2532 863 autem
2563 811 2799 866 membra
2829 811 2914 866 dei
2951 810 3059 866 dati
3087 813 3216 869 estis
3245 812 3486 870 hostibus
3509 853 3526 882 ,

1946 910 2054 952 non
2081 898 2318 954 valentes
2347 913 2531 955 eorum
2571 918 2601 956 a
2631 903 2730 960 deo
2760 914 2938 960 vestro
2962 920 3305 976 compescere
3343 907 3527 964 ferita-

1949 998 2054 1046 tem
2080 1032 2094 1056 ,
2122 992 2222 1048 nisi
2247 1007 2432 1049 eorum
2461 997 2803 1052 contaminati
2831 997 3069 1056 foeditate
3090 1041 3106 1067 ,
3136 1014 3243 1056 non
3269 999 3527 1058 habentes

1945 1093 2221 1152 peccatum
2264 1087 2574 1158 proprium,
2629 1087 2724 1144 sed
2768 1089 2949 1146 hostili
2999 1106 3207 1148 veneno
3256 1092 3523 1150 tabefacti.

1947 1173 2098 1232 Unde
2125 1191 2228 1232 non
2262 1159 2483 1247 potestis
2523 1177 2702 1234 dicere
2752 1181 2803 1234 in
2843 1182 3090 1249 precibus
3129 1183 3322 1238 vestris
3346 1224 3363 1251 ,
3387 1181 3522 1239 Pro-

1946 1276 2054 1336 pter
2081 1269 2295 1338 gloriam
2315 1269 2530 1324 uominis
2553 1271 2644 1335 tui,
2669 1270 2904 1336 Domine,
2931 1271 3087 1328 libera
3106 1290 3196 1329 nos
3217 1290 3237 1339 ,'
3273 1284 3321 1330 et
3349 1275 3525 1347 propi-

1945 1357 2045 1412 tius
2088 1370 2190 1415 esto
2233 1361 2448 1430 peccatis
2487 1363 2672 1415 nostris
2713 1374 2917 1432 propter
2954 1381 3132 1419 nomen
3172 1373 3310 1420 tuum
3353 1349 3522 1438 (Psal.

1943 1463 2161 1514 Lxxvm,
2187 1450 2240 1520 9)
2275 1468 2287 1503 :
2320 1450 2417 1506 sed
2440 1451 2614 1507 dicitis
2632 1493 2648 1520 ,
2677 1453 2865 1510 Libera
2897 1469 2996 1510 nos
3020 1464 3134 1512 arte
3162 1464 3250 1512 tua
3272 1498 3288 1525 ,
3315 1459 3436 1528 quia
3465 1465 3525 1514 ut

1941 1539 2103 1594 modo
2129 1541 2184 1594 in
2210 1556 2374 1612 regno
2399 1550 2489 1598 tuo
2513 1558 2733 1599 securus
2755 1544 2955 1615 lugeas,
2981 1560 3079 1602 nos
3102 1547 3186 1603 hic
3207 1550 3520 1619 premimur,

1939 1629 2260 1688 dilaniamur
2285 1673 2299 1700 ,
2328 1635 2683 1705 inquinamur.
2729 1637 2854 1692 llaec
2893 1653 2994 1693 vox
3032 1643 3361 1698 accusatoria
3397 1653 3519 1709 est,

1941 1738 2051 1779 non
2089 1723 2478 1796 deprecatoria.
2525 1727 2634 1784 Nec
2676 1729 2808 1784 illud
2855 1731 3075 1799 potestis
3119 1731 3334 1800 dicere,
3381 1735 3522 1804 quod

1937 1813 2186 1887 Magister
2211 1818 2452 1874 veritatis
2481 1818 2662 1875 docuit
2693 1839 2707 1875 :
2739 1820 2950 1877 Dimitte
2970 1823 3110 1878 nobis
3131 1824 3300 1879 debita
3316 1836 3486 1880 nostra
3503 1868 3520 1895 ,

1938 1908 2070 1964 sicut
2097 1919 2142 1964 et
2181 1927 2272 1965 nos
2303 1911 2601 1970 dimittimus
2641 1913 2946 1970 debitoribus
2980 1917 3164 1971 nostris
3191 1916 3403 1987 (Matth.
3433 1934 3520 1986 γι,

1940 1996 2052 2071 12).
2085 1999 2184 2067 Qui
2212 2007 2338 2056 sunt
2365 2002 2508 2057 enim
2535 2002 2808 2060 debitores
2834 2005 3030 2072 vestri,
3063 2007 3152 2076 qui
3181 2007 3232 2062 in
3266 2023 3363 2063 vos
3399 2025 3523 2078 pec-

1937 2093 2239 2148 caverunt?
2264 2094 2318 2150 Si
2349 2111 2480 2165 gens
2506 2095 2844 2152 tenebrarum
2863 2139 2876 2162 ,
2907 2098 3162 2169 numquid
3187 2100 3236 2155 ei
3259 2099 3522 2157 dimittitis

1937 2185 2115 2240 debita
2137 2227 2152 2252 ,
2182 2202 2336 2256 quam
2365 2201 2536 2257 usque
2562 2188 2614 2242 in
2647 2188 2805 2244 ﬁnem
2834 2189 3151 2245 eradicatam
3179 2202 3380 2248 aeterno
3405 2207 3521 2248 car-

1936 2292 2059 2334 cere
2091 2277 2404 2333 includitis?
2433 2278 2563 2345 Quaa
2597 2288 2772 2335 autem
2814 2279 2992 2336 debita
3035 2281 3184 2336 vobis
3221 2291 3395 2351 potest
3431 2281 3520 2338 ille

1937 2367 2227 2434 dimittere,
2258 2369 2469 2440 quando
2497 2370 2586 2425 ille
2614 2372 2792 2438 potius
2815 2371 2868 2426 in
2898 2386 2994 2427 vos
3023 2373 3279 2441 peccavit,
3306 2388 3426 2429 cum
3451 2373 3518 2430 ad

1935 2462 2036 2517 ista
2064 2476 2159 2517 vos
2185 2462 2349 2527 misit,
2376 2478 2533 2535 quam
2556 2479 2650 2520 vos
2675 2464 2730 2520 in
2753 2464 2922 2532 illum,
2946 2465 3036 2536 qui
3063 2466 3292 2522 mittenti
3314 2466 3520 2524 obtem-

1933 2556 2204 2625 perastis?
2230 2556 2336 2611 Aut
2360 2556 2404 2610 si
2435 2567 2716 2627 propterea
2746 2558 2836 2614 ille
2859 2573 2970 2616 non
2993 2560 3249 2629 peccavit,
3274 2560 3396 2631 quia
3416 2559 3518 2616 hoc

1933 2648 2251 2704 necessitate
2273 2647 2435 2713 fecit;
2467 2649 2640 2720 major
2679 2659 2761 2706 est
2805 2659 2980 2708 vestra
3025 2653 3316 2712 necessitas
3339 2693 3358 2720 ,
3395 2669 3518 2712 cum

1927 2738 2038 2810 jam
2069 2739 2120 2794 in
2150 2754 2322 2810 pugna
2351 2741 2604 2810 prostrati
2625 2741 2868 2811 jacentis,
2895 2759 3050 2814 quam
3080 2744 3176 2800 fuit
3205 2744 3347 2800 illius
3369 2754 3520 2802 ante-

1933 2848 2092 2902 quam
2116 2834 2441 2903 pugnaretis.
2465 2833 2583 2889 Jam
2605 2836 2750 2890 enim
2778 2851 2876 2892 vos
2904 2836 3143 2905 patimini
3171 2837 3516 2894 commixtum

1934 2925 2155 2991 malum,
2183 2925 2313 2980 nihil
2339 2927 2441 2982 tale
2468 2927 2558 2982 ille
2585 2927 2905 2998 patiebatur,
2930 2943 3050 2986 cum
3079 2937 3254 2986 tamen
3282 2930 3516 2986 necessi-

1931 3024 2096 3072 tatem
2123 3059 2137 3084 ,
2186 3025 2246 3071 ut
2288 3031 2384 3073 vos
2424 3019 2676 3087 mittere,
2716 3028 3007 3090 pateretur.
3050 3019 3234 3090 Itaque
3275 3029 3364 3076 aut
3403 3021 3518 3091 ipse

1929 3109 2110 3179 potius
2139 3110 2289 3165 vobis
2315 3109 2494 3179 debet,
2525 3111 2669 3182 quod
2693 3112 2744 3168 ci
2769 3112 3048 3170 dimittatis
3071 3129 3088 3180 ;
3109 3122 3201 3170 aut
3222 3114 3267 3168 si
3286 3129 3384 3170 nec
3403 3113 3516 3184 ipse

1934 3203 2104 3270 vobis,
2139 3204 2307 3259 multo
2333 3205 2499 3274 magis
2527 3221 2627 3262 nec
2656 3221 2756 3262 vos
2784 3205 2881 3264 illi.
2911 3205 3013 3262 Ubi
3041 3217 3167 3262 sunt
3193 3221 3321 3277 ergo
3348 3206 3517 3262 sacri-

1929 3295 2049 3349 ﬁcia
2079 3304 2277 3362 vestra,
2310 3296 2584 3366 simplices
2606 3310 2669 3351 ac
2695 3313 2841 3366 purae
2868 3298 3140 3355 orationes
3161 3307 3370 3362 vestrae,
3395 3314 3516 3354 cum

1927 3385 2036 3441 sint
2060 3386 2282 3444 fallaces
2307 3396 2364 3443 et
2385 3387 2606 3458 impura:
2636 3387 3020 3460 blasphemiae?

2000 3477 2228 3534 CAPUT
2257 3477 2445 3534 XVII].
2465 3509 2536 3520 --
2558 3479 2625 3534 Et
2653 3487 2830 3535 tamen
2855 3480 2976 3536 volo
2997 3481 3125 3536 mihi
3146 3481 3352 3548 dicatis,
3375 3479 3516 3538 unde

1927 3569 2029 3626 ista
2057 3570 2232 3624 omnia
2264 3587 2383 3640 quae
2414 3571 2640 3626 laudatis
2675 3573 2728 3628 in
2755 3573 2905 3628 vobis
2925 3616 2940 3640 ,
2980 3575 3061 3629 his
3089 3575 3390 3632 nominibus
3416 3591 3513 3644 ap-

1926 3661 2140 3734 pelletis
2164 3701 2178 3727 ,
2209 3670 2266 3716 ut
2301 3662 2490 3720 dieatis
2533 3665 2787 3734 templum
2815 3706 2831 3734 ,
2861 3680 3012 3721 aram
3041 3708 3054 3731 ,
3089 3667 3426 3724 sacriﬁcium.
3457 3669 3515 3724 Si

1927 3753 2071 3810 enim
2101 3767 2229 3809 vero
2258 3753 2366 3809 Deo
2398 3753 2498 3810 ista
2524 3770 2650 3811 vera
2680 3771 2787 3811 non
2818 3756 3114 3823 debentur,
3148 3774 3245 3814 cur
3275 3759 3515 3815 laudabi-

1927 3844 2051 3901 liter
2092 3845 2146 3900 in
2186 3861 2312 3900 vera
2354 3847 2607 3917 religione
2648 3840 3046 3920 prtedicantur?
3084 3849 3144 3908 Si
3187 3861 3360 3908 autem
3404 3853 3514 3909 Deo

1927 3949 2056 3992 vero
2085 3951 2270 3993 verum
2298 3938 2613 3993 sacriﬁcium
2644 3939 2745 3994 rite
2772 3939 2996 3996 debetur
3015 3983 3031 4008 ,
3062 3941 3202 3998 unde
3241 3944 3400 3999 etiam
3430 3944 3514 3999 di-

1928 4026 2041 4081 vini
2072 4025 2305 4084 honores
2334 4035 2478 4083 recte
2501 4029 2834 4098 appellantur
2855 4074 2867 4094 ,
2900 4039 3092 4086 caetera
3122 4048 3243 4102 quae
3267 4033 3517 4091 dicuntur

1927 4117 2184 4172 sacriﬁcia
2215 4118 2279 4174 ad
2309 4118 2706 4176 similitudinem
2739 4119 2869 4176 ﬁunt
2897 4122 3172 4190 cujusdam
3202 4125 3314 4180 veri
3351 4127 3516 4182 sacri-

1927 4208 2054 4263 ﬁcii.
2083 4210 2209 4266 llaec
2233 4219 2414 4266 autem
2438 4211 2632 4282 partim
2658 4221 2783 4269 sunt
2821 4213 3150 4270 imitamenta
3176 4214 3434 4272 falsorum
3462 4228 3516 4273 et

1928 4299 2194 4358 fallaciam
2224 4302 2466 4368 deorum,
2491 4300 2593 4358 hoc
2620 4313 2704 4359 est
2732 4303 3136 4373 dtemoniorum,
3163 4308 3392 4378 superbe
3413 4308 3515 4368 sibi

1928 4392 1996 4448 ab
2026 4393 2104 4450 eis
2129 4406 2262 4464 quos
2287 4392 2630 4464 deceperint,
2663 4393 2870 4450 divinos
2901 4395 3128 4453 honores
3155 4398 3477 4469 exigentium
3498 4441 3512 4466 ,

1928 4483 2068 4539 sicut
2091 4493 2214 4539 sunt
2243 4484 2328 4538 vel
2355 4493 2509 4539 erant
2536 4485 2712 4542 omnia
2756 4486 2810 4541 in
2839 4487 3051 4557 templis
3083 4488 3342 4561 idolisque
3370 4490 3515 4554 Gen:

1907 4573 2095 4626 tilium
2123 4591 2135 4639 ;
2168 4573 2355 4643 partim
2393 4573 2801 4643 prredicamcnta
2830 4577 3040 4631 venturi
3067 4579 3222 4634 unius
3250 4580 3515 4658 verissimi

1930 4663 2174 4722 sacriﬁcii
2197 4662 2337 4735 quod
2359 4679 2456 4734 pro
2476 4665 2705 4734 peccatis
2723 4667 2964 4722 omnium
2984 4669 3314 4726 credentium
3336 4671 3516 4734 oll‘erri

1932 4747 2240 4826 oporteret,
2285 4756 2459 4826 qualia
2502 4765 2654 4812 erant
2694 4767 2962 4828 prrecepta
3004 4760 3254 4818 divinitus
3286 4763 3515 4831 antiquis

1931 4848 2170 4920 patribus
2202 4847 2397 4903 nostris
2421 4889 2440 4914 ,
2467 4847 2554 4903 ubi
2591 4856 2706 4903 erat
2742 4856 2796 4903 et
2833 4849 2921 4904 illa
2961 4853 3180 4924 mystica
3207 4851 3382 4909 unctio
3411 4867 3514 4923 qua

1931 4941 2172 4996 Christus
2225 4938 2700 5009 prteﬁgurabatur,
2751 4939 2894 4997 unde
2937 4949 2992 4997 et.
3035 4943 3205 5013 ipsum
3245 4958 3438 5000 nomen
3486 4959 3517 5000 a

1931 5033 2221 5088 chrismate
2248 5030 2479 5088 ducitur.
2521 5031 2750 5090 Proinde
2777 5048 2961 5088 verum
2991 5033 3304 5090 sacriﬁcium
3327 5077 3342 5102 ,
3373 5036 3516 5106 quod

1931 5124 2020 5180 uni
2058 5139 2186 5178 vero
2211 5122 2437 5178 debetur
2465 5123 2599 5190 Deo,
2629 5138 2735 5193 quo
2760 5124 2876 5194 ejus
2905 5124 3073 5182 altare
3101 5125 3246 5181 solus
3275 5125 3516 5184 Christus

1931 5215 2208 5286 implevit,
2237 5215 2292 5270 in
2322 5216 2548 5272 victimis
2580 5229 2832 5286 pecorum
2874 5217 3076 5272 imitata
3117 5217 3377 5274 datmonia
3413 5221 3517 5278 sibi

1930 5319 2240 5380 arroganter
2284 5317 2597 5380 exposcunt.
2644 5308 2797 5368 Unde
2843 5308 2973 5365 dicit
3015 5310 3338 5380 Apostolus,
3392 5315 3518 5381 Quae

1931 5404 2194 5460 immolant
2216 5403 2415 5471 Gentes,
2431 5405 2694 5460 dwmoniis
2714 5403 2990 5469 immolant,
3010 5412 3056 5459 et
3073 5420 3174 5459 non
3196 5404 3303 5462 Deo
3319 5405 3376 5480 (1
3397 5407 3516 5463 Cor.

1933 5513 1969 5552 ι
1993 5538 2008 5563 ,
2039 5494 2132 5569 9.0)
2160 5515 2172 5550 :
2202 5511 2307 5552 non
2339 5496 2481 5568 quod
2505 5495 2827 5558 offerebatur
2855 5493 3109 5566 culpans,
3139 5496 3232 5552 sed
3263 5498 3384 5568 quia
3416 5499 3520 5555 illis

1932 5586 2275 5647 offerebatur.
2306 5586 2516 5642 Hebraei
2540 5595 2715 5642 autem
2746 5585 2798 5639 in
2829 5585 3060 5643 victimis
3091 5603 3364 5660 pecorum,
3391 5606 3522 5661 quas

1932 5679 2226 5734 offerebant
2256 5679 2382 5742 Deo,
2414 5678 2595 5732 multis
2624 5686 2676 5733 et
2701 5677 2862 5733 variis
2891 5679 3094 5747 modis,
3125 5682 3261 5736 sicut
3290 5698 3347 5736 rc
3378 5690 3520 5734 tanta

1932 5769 2149 5844 dignum
2172 5778 2306 5837 erat,
2330 5769 2666 5840 prophetiam
2693 5769 3034 5829 celebrabant
3055 5771 3246 5830 futura:
3263 5773 3516 5839 victimae,

1933 5879 2094 5937 quam
2125 5863 2368 5921 Christus
2391 5862 2602 5921 obtulit.
2635 5862 2786 5921 Unde
2821 5863 2931 5936 jam
2969 5864 3287 5937 Christiani,
3317 5863 3518 5937 peracti
