4028 6436
555 519 793 591 ejusdem
824 517 1070 576 sacriﬁcii
1100 518 1411 575 memoriam
1449 516 1755 583 celebrant,
1800 518 2141 570 sacrosancta

557 615 825 670 oblatione
853 622 908 668 et
929 613 1333 683 participatione
1356 612 1592 681 corporis
1616 620 1668 667 et
1694 610 1966 681 sanguinis
1987 607 2144 663 Chri-

558 706 645 761 sti.
678 705 953 761 Manichari
982 720 1108 759 vero
1137 704 1434 758 nescientes
1464 702 1587 772 quid
1613 701 1972 756 damnandum
1995 700 2062 755 sit
2087 699 2140 753 in

559 795 834 849 sacriﬁciis
858 796 1090 865 gentium
1117 836 1132 862 ,
1162 803 1217 849 et
1256 792 1379 863 quid
1410 791 1807 863 intelligendum
1849 792 1900 846 in
1937 790 2141 846 sacriﬁ-

559 887 657 942 ciis
681 886 1023 941 Hebrazorum
1049 928 1063 950 ,
1092 895 1145 940 et
1171 885 1295 956 quid
1322 885 1606 941 tenendum
1636 886 1719 940 vel
1749 883 2140 940 observandum

563 974 618 1030 in
647 976 908 1032 sacriﬁcio
934 964 1353 1032 Christianorum
1379 994 1393 1042 ;
1432 977 1715 1031 vanitatem
1753 991 1901 1031 suam
1933 989 2143 1030 sacrum

566 1070 797 1127 offerunt
826 1071 1038 1126 diabolo
1058 1112 1072 1135 ,
1101 1072 1188 1141 qui
1219 1086 1314 1127 eos
1343 1071 1585 1141 decepit,
1615 1070 1925 1125 recedentes
1957 1086 1988 1124 a
2020 1068 2141 1136 ﬁde,

564 1162 901 1217 intendentes
930 1162 1201 1231 spiritibus
1228 1161 1595 1220 seductoribus
1616 1204 1629 1228 ,
1674 1170 1728 1217 et
1754 1161 2008 1217 doctrinis
2038 1160 2147 1215 dae-

558 1253 857 1307 moniorum
889 1253 940 1307 in
971 1252 1236 1325 hypocrisi
1264 1253 1811 1324 mendaciloquorum.

631 1344 858 1400 CAPUT
884 1344 1027 1400 XIX.
1054 1375 1127 1386 --
1150 1346 1330 1401 Discat
1374 1362 1500 1417 ergo
1543 1346 1769 1402 Faustus
1791 1387 1806 1413 ,
1852 1346 1939 1402 vel
1970 1346 2146 1416 potius

560 1434 635 1490 illi
663 1436 753 1505 qui
785 1436 900 1504 ejus
942 1436 1134 1492 litteris
1171 1437 1504 1493 delectantur
1527 1481 1541 1504 ,
1575 1437 1902 1494 monarchizc
1932 1438 2146 1507 opinio-

562 1542 688 1582 nem
733 1542 840 1583 non
884 1543 948 1583 ex
994 1528 1252 1585 Gentibus
1297 1546 1393 1585 nos
1430 1530 1666 1597 habere;
1699 1531 1794 1587 sed
1817 1530 2014 1587 Gentes
2040 1546 2147 1587 non

562 1634 733 1689 usque
753 1620 886 1676 adeo
907 1620 971 1676 ad
994 1621 1153 1676 falsos
1178 1622 1306 1678 deos
1333 1638 1453 1679 esse
1478 1623 1744 1693 delapsas,
1767 1632 1825 1678 ut
1844 1624 2147 1694 opinionem

566 1711 875 1765 amitterent
901 1711 1055 1767 unius
1081 1713 1190 1767 veri
1223 1713 1355 1780 Dei,
1387 1730 1453 1768 ex
1486 1730 1591 1785 quo
1629 1710 1712 1769 est
1736 1714 1909 1769 omnis
1948 1714 2148 1785 qualis-

565 1816 796 1873 cumque
824 1812 1032 1859 natura.
1074 1804 1353 1875 Sapientes
1380 1807 1521 1861 enim
1551 1822 1734 1862 eorum
1776 1806 1938 1878 (quia
1958 1849 1973 1875 ,
2014 1808 2151 1863 sicut

563 1892 695 1947 dicit
720 1893 1025 1965 Apostolus,
1060 1894 1342 1951 Invisibilia
1368 1897 1461 1951 Dei
1481 1940 1495 1964 ,
1524 1914 1554 1950 a
1579 1898 1928 1952 constitutione
1951 1899 2147 1966 mundi,

567 2003 658 2057 per
687 2004 744 2041 ea
773 2003 885 2058 qua:
911 1992 1048 2060 facta
1067 1999 1216 2055 sunt,
1247 1991 1497 2044 intellecta
1526 1991 2146 2062 conspiciuntur;sempi-

565 2088 708 2132 terna
735 2097 931 2150 quoque
960 2083 1113 2136 virtus
1142 2085 1250 2153 ejus
1274 2100 1335 2135 ac
1365 2084 1601 2138 divinitas
1626 2126 1640 2151 ,
1673 2093 1727 2137 ut
1754 2086 1852 2139 sint
1885 2086 2151 2139 inexcusa-

564 2168 728 2243 biles)
780 2183 1133 2242 cognoscentes
1178 2173 1378 2240 Deum,
1424 2192 1525 2229 non
1570 2177 1696 2230 sicut
1737 2176 1901 2231 Deum
1945 2177 2151 2232 honori-

566 2262 880 2332 ﬁcaverunt,
938 2274 1027 2319 aut
1071 2267 1263 2335 gratias
1309 2276 1551 2337 egerunt;
1595 2267 1683 2321 sed
1741 2279 2043 2323 evanuerunt
2096 2271 2149 2324 in

567 2356 953 2425 cogitationibus
980 2357 1087 2412 suis
1106 2399 1119 2424 ,
1146 2367 1191 2413 et
1217 2358 1538 2413 obscuratum
1565 2369 1635 2413 est
1664 2359 1904 2429 insipiens
1943 2376 2028 2412 cor
2060 2377 2148 2414 eo-

562 2461 679 2500 rum
705 2463 725 2501 :
750 2446 967 2502 dicentes
1005 2450 1137 2502 enim
1174 2467 1225 2505 se
1254 2467 1360 2505 esse
1386 2451 1634 2520 sapientes
1658 2493 1672 2515 ,
1701 2449 1841 2504 stulti
1868 2452 1988 2521 facti
2009 2458 2145 2519 sunt,

562 2547 611 2594 et
629 2540 1018 2595 immutaverunt
1044 2542 1258 2613 gloriam
1295 2541 1693 2613 incorruptibilis
1720 2540 1815 2596 Dei
1838 2542 1890 2596 in
1911 2542 2147 2597 similitu-

562 2628 733 2686 dinem
772 2632 1007 2704 imaginis
1045 2634 1387 2705 corruptibilis
1417 2635 1633 2689 hominis
1657 2676 1673 2701 ,
1704 2643 1752 2689 et
1775 2634 2035 2690 volucrum
2058 2674 2073 2701 ,
2102 2643 2149 2688 et

564 2722 994 2793 quadrupedium,
1018 2732 1064 2777 et
1088 2725 1543 2795 serpentium.lla:c
1560 2733 1683 2779 sunt
1702 2726 1842 2779 enim
1867 2724 2149 2779 simulacra

558 2809 828 2879 Gentium,
861 2814 915 2869 in
936 2814 1127 2884 quibus
1147 2816 1563 2886 interpretandis
1580 2833 1683 2871 non
1708 2817 2142 2884 habentexitum,

560 2901 660 2957 nisi
716 2902 784 2958 ad
824 2914 1125 2960 creaturam
1151 2922 1309 2976 quam
1350 2908 1588 2963 condidit
1631 2909 1802 2974 Deus;
1836 2918 1893 2962 ut
1937 2910 1991 2963 in
2035 2909 2149 2979 ipsa

558 3008 771 3064 quoque
794 2995 1232 3067 interpretatione
1254 2998 1683 3065 simulacrorum,
1709 2997 1777 3053 de
1801 3014 1902 3068 qua
1925 3013 1983 3053 se
2008 2999 2150 3067 peri-

556 3084 723 3141 tiores
745 3101 930 3142 eorum
948 3088 1153 3156 jactare
1182 3097 1343 3159 atque
1374 3089 1560 3145 inflare
1588 3098 2001 3155 consueverunt,
2046 3089 2149 3145 hoc

557 3175 611 3232 in
634 3178 715 3233 eis
739 3180 830 3234 ﬁat
857 3180 998 3251 quod
1027 3182 1183 3251 paulo
1211 3191 1331 3252 post
1356 3182 1500 3238 idem
1526 3184 1799 3253 apostolus
1840 3184 1966 3239 dicit
2000 3202 2013 3239 :
2045 3183 2146 3239 Co-

557 3267 759 3323 luerunt
779 3280 827 3325 et
852 3273 1125 3327 servierunt
1153 3283 1394 3329 creatura:
1422 3276 1587 3346 potius
1616 3292 1767 3345 quam
1792 3274 2038 3344 Creatori,
2061 3277 2148 3332 aui

557 3372 628 3419 est
654 3363 938 3421 benedictus
958 3368 1009 3420 in
1032 3367 1221 3423 saecula
1246 3367 1419 3439 (Rom.
1444 3384 1481 3434 ι,
1512 3369 1730 3438 20-25).
1760 3368 1870 3425 Vos
1897 3380 2072 3425 autem
2092 3378 2149 3425 et

561 3453 615 3508 in
646 3469 712 3509 eo
735 3455 877 3525 quod
908 3457 985 3511 eis
1032 3456 1320 3514 dissimiles
1362 3460 1511 3527 estis,
1544 3461 1665 3516 vani
1694 3462 1854 3524 estis;
1895 3472 1949 3517 et
1993 3463 2044 3516 in
2080 3478 2146 3517 eo

555 3547 699 3617 quod
729 3548 807 3603 cis
842 3549 1044 3606 similes
1068 3552 1219 3618 estis,
1253 3553 1462 3624 pejores
1491 3554 1620 3610 estis
1649 3557 1689 3609 ί.
1734 3555 1815 3611 Ad
1858 3555 1960 3611 hoc
1999 3557 2141 3611 enim

553 3653 664 3693 non
688 3654 811 3695 cum
854 3640 983 3712 ipsis
1012 3643 1231 3701 creditis
1260 3647 1643 3713 monarchiam,
1670 3648 1811 3718 quod
1852 3649 1925 3704 illi
1953 3666 2143 3707 verum

552 3728 800 3797 credunt,
830 3740 889 3787 ut
915 3733 1081 3803 ipsius
1102 3736 1259 3791 unius
1291 3736 1387 3792 Dei
1435 3738 1783 3794 substantiam
1813 3740 2142 3809 expugnabi-

552 3820 660 3879 lem
697 3828 1204 3900 corruptibilemque
1231 3830 1497 3898 credatis;
1526 3832 1669 3902 quod
1715 3840 1799 3886 est
1844 3833 2019 3901 impiae
2043 3849 2140 3887 va-

552 3916 736 3972 nitatis
765 3936 777 3972 :
803 3919 855 3973 in
884 3920 1127 3990 pluribus
1151 3933 1329 3978 autem
1372 3924 1475 3979 diis
1501 3924 1741 3979 colendis
1766 3924 2007 3980 doctrina
2033 3925 2142 3981 dae-

552 4008 856 4064 moniorum
909 4012 1437 4083 mendaciloquorum
1501 4015 1606 4070 illis
1663 4018 1928 4087 persuasit
1976 4018 2142 4075 multa

551 4099 716 4166 idola,
743 4103 895 4159 vobis
916 4105 1084 4160 multa
1105 4105 1497 4175 phantasmata.

623 4191 849 4249 CAPUT
882 4194 1003 4250 XX.
1030 4226 1103 4235 —
1125 4196 1234 4253 Nec
1263 4198 1522 4253 sacrificia
1564 4214 1749 4255 eorum
1786 4202 2046 4258 vertimus
2084 4204 2140 4260 in

550 4298 747 4355 agapes
778 4302 794 4340 :
819 4286 914 4342 sed
940 4288 1260 4344 sacriﬁcium
1279 4289 1406 4344 illud
1431 4290 1571 4361 quod
1596 4292 1752 4361 paulo
1767 4301 1890 4347 ante
1912 4309 2140 4352 comme-

550 4381 755 4436 moravi
800 4382 1177 4448 intelleximus,
1206 4385 1419 4440 dicente
1452 4386 1701 4453 Domino,
1732 4387 2139 4445 Misericordiam

548 4470 662 4525 volo
686 4488 836 4542 quam
877 4475 1205 4544 sacriﬁcium.
1232 4478 1443 4548 Agapes
1482 4477 1624 4534 enim
1656 4492 1852 4535 nosme
1877 4495 2138 4550 pauperes

550 4572 795 4631 pascunt,
825 4564 936 4621 sive
982 4566 1242 4637 frugibus,
1266 4568 1381 4624 sive
1405 4570 1675 4625 carnibus.
1713 4572 1955 4627 Pascitur
1993 4574 2135 4629 enim

548 4664 794 4713 creatura
827 4657 915 4713 Dei
945 4658 1010 4713 de
1041 4667 1283 4714 creatura
1333 4661 1450 4729 Dei,
1483 4678 1601 4732 qu:e
1631 4662 1879 4718 humanis
1911 4664 2137 4734 dapibus

548 4763 783 4819 congrua
826 4758 928 4805 est.
962 4749 1125 4807 Vobis
1166 4759 1343 4808 autem
1387 4754 1510 4823 quia
1555 4753 1818 4810 dazmonia
1861 4754 2137 4810 mendaci-

547 4840 704 4911 loqua
738 4854 1135 4912 persuaserunt,
1160 4860 1265 4899 non
1292 4846 1357 4901 ad
1382 4846 1668 4917 regendam
1687 4863 1923 4915 carnem,
1955 4849 2049 4904 sed
2070 4850 2136 4904 ad

547 4933 900 4989 exercendam
929 4933 1335 5004 blasphemiam,
1360 4937 1605 4993 abstinere
1635 4956 1666 4993 a
1695 4940 1836 5006 cibis,
1854 4956 1977 5011 quos
1999 4940 2136 4995 Deus

546 5026 729 5079 creavit
754 5026 822 5078 ad
847 5026 1226 5095 percipiendum
1268 5045 1384 5081 cum
1426 5031 1706 5099 gratiarum
1734 5031 1928 5085 actione
1967 5030 2136 5101 fideli-

545 5114 658 5181 bus,
689 5126 736 5171 et
765 5118 843 5171 liis
871 5118 960 5187 qui
1000 5128 1336 5191 cognoverunt
1381 5122 1668 5187 veritatem;
1693 5124 1931 5195 quoniam
1974 5124 2135 5178 omnis

545 5218 776 5262 creatura
808 5208 905 5264 Dei
931 5209 1060 5264 bona
1088 5219 1179 5274 est,
1213 5220 1260 5264 et
1291 5210 1418 5264 nihil
1451 5212 1807 5283 abjicicndum,
1857 5214 1993 5285 quod
2021 5231 2135 5267 cum

545 5300 828 5366 gratiarum
857 5303 1053 5355 actione
1091 5302 1367 5373 percipitur
1393 5301 1445 5373 (Ι
1473 5301 1607 5356 Tim.
1638 5318 1714 5368 tv,
1744 5304 1874 5374 2-4)
1899 5322 1910 5357 :
1942 5305 2134 5375 ingrati

545 5386 806 5455 Creatori,
838 5400 891 5445 et
912 5408 1008 5461 pro
1031 5392 1192 5463 largis
1222 5393 1337 5463 ejus
1364 5393 1636 5449 beneﬁciis
1657 5396 1943 5466 sacrilegas
1968 5399 2099 5453 rctri
2118 5425 2133 5441 -

545 5478 769 5536 bucntes
814 5484 1056 5553 injurias,
1100 5487 1352 5557 quoniam
1406 5488 1724 5562 plerumque
1774 5490 1829 5546 in
1874 5491 2131 5561 agapibus

545 5574 702 5628 etiam
753 5588 941 5630 carnes
995 5580 1312 5648 pauperibus
1360 5590 1665 5652 erogantur,
1714 5582 2130 5640 misericordiam

607 5752 628 5824 ξ
660 5752 733 5801 sic
750 5758 849 5824 Am.
873 5759 948 5803 Er.
976 5762 1027 5824 et
1047 5754 1353 5824 aliquotMss.
1380 5765 1433 5807 At
1456 5765 1584 5824 Lov_.,
1610 5764 1657 5824 et
1689 5759 1810 5824 ineo
1826 5759 1952 5824 quod
1969 5759 2039 5811 eis
2061 5761 2129 5824 si-

540 5810 855 5940 ρηξξῗωεὲτξε,
882 5816 991 5868 vani
1028 5810 1175 5882 estis;
1198 5826 1244 5872 et
1286 5819 1337 5872 in
1359 5834 1415 5872 eo
1430 5821 1557 5885 quod
1572 5810 1647 5873 eis
1680 5810 1857 5876 similes
1880 5835 1975 5876 non
1997 5810 2128 5890 estis,

592 5888 619 5938 J
773 5892 795 5928 δ
816 5890 873 5930 is.

1387 397 1658 459 CONTRA
1688 394 2011 455 FAUSTUM
2045 391 2494 463 MANICIIEUM,
2536 393 2595 452 S.
2634 395 3000 457 AUGUSTINI

3729 418 3839 479 584

2250 511 2672 570 Christianorum
2702 517 2923 573 similem
2951 518 3124 577 dicitis
3161 525 3434 583 sacriﬁciis
3461 529 3798 602 Paganorum
3820 580 3835 605 ,

2250 616 2474 672 quorum
2516 608 2781 663 nonnullis
2812 609 2863 663 in
2910 610 3012 666 hoc
3040 628 3249 685 quoque
3295 618 3495 676 similes
3522 624 3671 678 estis.
3702 626 3839 683 Pro-

2251 704 2431 765 pterea
2461 698 2602 752 enim
2642 699 2791 754 nefas
2818 700 3025 757 habetis
3054 720 3243 774 pecora
3271 709 3464 779 occidi,
3495 715 3621 783 quia
3650 716 3841 772 huma-

2251 801 2346 843 nas
2387 790 2591 845 animas
2634 792 2689 847 in
2730 809 2792 849 ea
2836 796 3039 851 revolvi
3065 799 3413 869 arbitramini,
3443 808 3587 876 quod
3616 810 3669 864 in
3703 828 3841 881 quo-

2251 882 2492 936 rumdam
2522 885 2797 954 gentilium
2838 888 3277 960 philosophorum
3322 895 3472 953 libris
3520 900 3838 960 invenitur:

2252 988 2549 1044 quanquam
2576 991 2605 1030 a
2653 980 3038 1046 posterioribus
3064 984 3219 1039 aliter
3245 986 3575 1045 intellectum
3601 1008 3725 1050 esse
3763 996 3846 1051 di-

2251 1074 2419 1119 catur.
2444 1065 2639 1121 Verum
2682 1068 2735 1123 in
2783 1070 2885 1126 hoc
2924 1073 3084 1129 etiam
3131 1077 3297 1132 multo
3330 1078 3566 1138 deterius
3604 1088 3841 1143 erratis:

2252 1154 2327 1209 illi
2348 1157 2491 1211 enim
2543 1158 2594 1212 in
2624 1175 2818 1230 pecore
2870 1164 3163 1222 timuerunt
3216 1171 3484 1227 trucidare
3532 1177 3842 1245 proximum

2252 1261 2439 1314 suum;
2465 1264 2558 1305 vos
2585 1262 2758 1308 autem
2789 1255 2949 1311 deum
2974 1267 3211 1315 vestrum
3230 1302 3247 1327 ,
3277 1263 3431 1334 cujus
3458 1269 3699 1324 membra
3723 1285 3845 1327 esse

2251 1340 2409 1395 etiam
2438 1356 2687 1410 pecorum
2708 1347 2911 1402 animas
2933 1347 3281 1408 arbitramini.

2323 1430 2549 1488 CAPUT
2575 1433 2717 1489 XXI.
2745 1466 2817 1477 —
2840 1437 2974 1495 Nam
3002 1442 3143 1512 quod
3182 1444 3343 1501 etiam
3387 1448 3511 1505 hinc
3548 1452 3705 1509 nobis
3748 1469 3842 1511 ca-

2253 1521 2542 1579 lumniatur
2564 1524 2818 1594 Faustus,
2851 1531 2993 1600 quod
3020 1543 3315 1607 martyrum
3356 1543 3641 1599 memorias
3670 1544 3844 1603 hono-

2252 1630 2453 1683 ramus,
2484 1619 2537 1673 in
2565 1620 2665 1675 hoc
2692 1620 2875 1679 dicens
2906 1639 3004 1680 nos
3033 1626 3173 1683 idola
3201 1635 3528 1691 convertisse
3548 1678 3562 1704 ,
3592 1653 3698 1693 non
3732 1650 3841 1697 tam

2252 1723 2341 1762 me
2365 1720 2574 1777 movet,
2616 1722 2673 1766 ut
2702 1712 2825 1770 huic
2866 1717 3145 1775 calumniae
3175 1725 3529 1793 respondeam
3549 1769 3564 1795 ,
3592 1746 3753 1799 quam
3787 1744 3843 1789 ut

2253 1799 2428 1870 ipsum
2458 1801 2710 1859 Faustum
2742 1809 3019 1865 ostendam
3064 1814 3242 1870 studio
3283 1817 3639 1876 calumniandi
3677 1825 3843 1880 etiam

2254 1892 2320 1947 ab
2350 1893 2514 1965 ipsius
2534 1895 2808 1954 Manichaei
2833 1901 3152 1959 vanitatibus
3178 1906 3479 1965 exorbitare
3505 1912 3760 1982 voluisse,
3790 1924 3847 1971 et

2254 1983 2307 2037 in
2344 1986 2612 2056 vulgarem
2643 1999 2800 2061 atque
2838 1994 3099 2077 poeticam
3130 1996 3463 2069 Paganorum
3493 2005 3803 2075 opinionem
3825 2051 3842 2077 ,

2253 2091 2285 2130 a
2324 2080 2515 2149 quibus
2545 2097 2603 2136 se
2634 2082 3017 2142 alienissimum
3046 2070 3203 2160 'cupit
3241 2093 3446 2163 videri,
3490 2099 3670 2153 nescio
3710 2117 3848 2171 quo-

2253 2174 2413 2229 modo
2439 2175 2711 2232 incautum
2732 2178 3003 2237 incidisse.
3027 2182 3160 2239 Cum
3183 2187 3325 2242 enim
3352 2188 3571 2246 dixisset
3594 2208 3695 2248 nos
3724 2211 3850 2250 ver-

2254 2266 2384 2321 tisse
2410 2268 2548 2325 idola
2576 2270 2630 2325 in
2672 2281 2937 2346 martyres
2957 2318 2971 2341 ,
3001 2294 3125 2347 quos
3150 2280 3308 2348 votis,
3353 2283 3551 2353 inquit,
3593 2288 3850 2345 similibus

2254 2359 2447 2429 colitis,
2498 2363 2852 2434 defunctorum
2891 2368 3093 2424 umbras
3128 2373 3242 2426 vino
3269 2372 3484 2445 placatis
3506 2390 3557 2447 et
3584 2378 3804 2448 dapibus
3828 2396 3853 2436 :

2254 2462 2379 2508 sunt
2405 2470 2533 2525 ergo
2563 2457 2765 2514 umbra:
2790 2460 3200 2519 defunctorum?
3234 2465 3513 2539 Nunquam
3539 2469 3641 2527 hoc
3666 2474 3719 2527 in
3753 2490 3852 2530 ve-

2254 2546 2379 2601 stris
2420 2550 2759 2606 sermonibus
2798 2553 3118 2621 audivimus,
3162 2573 3431 2629 nunquam
3463 2561 3515 2615 in
3546 2562 3739 2620 litteris
3769 2565 3853 2621 le-

2253 2638 2425 2708 gimus
2449 2657 2461 2693 :
2498 2641 2606 2697 imo
2635 2645 3004 2702 contradicere
3028 2645 3214 2704 soletis
3244 2650 3437 2706 talibus
3466 2654 3811 2721 opinionibus
3831 2697 3850 2724 ,

2253 2741 2555 2789 asserentes
2579 2735 2786 2790 animas
2814 2745 3147 2794 mortuorum
3181 2741 3348 2796 malas
3378 2742 3623 2800 minusve
3657 2761 3855 2817 purga-

2252 2834 2334 2882 tas
2362 2828 2402 2893 ¹,
2434 2837 2523 2882 aut
2552 2829 2604 2882 in
2634 2830 2995 2887 revolutiones
3026 2833 3123 2899 ire,
3152 2835 3319 2890 autin
3343 2837 3614 2907 graviores
3638 2839 3855 2909 aliquas

2253 2936 2472 2990 pennas;
2505 2923 2675 2978 bonas
2699 2934 2875 2980 autem
2900 2928 2953 2981 in
2986 2943 3151 2983 naves
3179 2928 3400 2997 imponi,
3424 2939 3476 2985 et
3502 2931 3556 2985 in
3584 2932 3727 2987 cmlo
3747 2948 3854 2987 na-

2253 3013 2491 3083 vigantes
2522 3016 2747 3072 transire
2776 3017 2901 3072 hinc
2939 3018 2992 3072 in
3036 3018 3166 3073 illud
3213 3020 3525 3090 phantasma
3563 3035 3720 3077 terra:
3760 3023 3856 3078 lu-

2252 3106 2444 3171 minis,
2479 3122 2574 3176 pro
2609 3123 2712 3177 qua
2743 3109 3025 3178 pugnando
3053 3111 3361 3179 perierant:
3403 3113 3474 3166 ita
3516 3113 3690 3168 nullas
3726 3115 3857 3171 ani-

2254 3211 2368 3250 mas
2396 3197 2535 3252 circa
2568 3213 2786 3253 suorum
2814 3214 3100 3270 corporum
3128 3204 3371 3271 sepulcra
3394 3204 3619 3260 detineri
3650 3223 3663 3258 :
3697 3206 3854 3264 unde

2252 3287 2410 3358 igitur
2438 3290 2639 3345 umbra:
2668 3289 3077 3347 defunctorum?
3120 3310 3238 3363 quae
3281 3295 3576 3351 substantia
3616 3300 3855 3354 earum?

2251 3383 2339 3451 qui
2371 3382 2558 3438 locus?
2601 3383 2706 3439 Sed
2744 3385 3097 3443 maledicendi
3134 3388 3421 3458 cupiditate
3459 3389 3685 3445 Faustus
3712 3394 3855 3462 quid

2252 3474 2614 3546 proﬁteretur,
2648 3477 2845 3534 oblitus
2874 3489 2955 3535 est
2981 3499 2994 3535 :
3024 3491 3115 3535 aut
3136 3480 3274 3538 forte
3298 3482 3593 3539 dormitans
3619 3485 3856 3543 umbras

2250 3568 2569 3624 somniando
2597 3569 2849 3639 dictavit;
2880 3588 2997 3637 nec,
3028 3588 3148 3629 cum
3177 3575 3339 3631 verba
3363 3591 3456 3632 sua
3484 3577 3704 3647 legeret,
3728 3580 3855 3635 evi-

2249 3661 2449 3732 gilavit.
2478 3662 2713 3732 Populus
2740 3672 2915 3719 autem
2954 3664 3276 3722 christianus
3310 3669 3594 3724 memorias
3632 3681 3855 3744 marty—

2248 3768 2367 3808 rum
2390 3754 2637 3823 religiosa
2669 3754 3011 3813 solemnitate
3034 3759 3396 3826 concelebrat,
3427 3768 3480 3816 et
3504 3759 3571 3815 ad
3599 3762 3773 3817 excita
3786 3780 3853 3818 n-

2248 3850 2369 3907 dam
2398 3853 2783 3922 imitationem,
2830 3862 2885 3911 ct
2930 3863 2989 3910 ut
3015 3857 3219 3912 meritis
3247 3873 3433 3914 eorum
3472 3861 3850 3931 consocietur,

2248 3953 2408 4016 atque
2436 3948 2765 4004 orationibus
2793 3948 3071 4020 adjuvetur
3095 3968 3108 4003 :
3141 3952 3213 4005 ita
3243 3962 3416 4009 tamen
3445 3963 3503 4007 ut
3530 3955 3656 4008 nulli
3687 3971 3851 4011 mar-

2249 4045 2455 4111 tyrum,
2487 4040 2582 4095 sed
2617 4040 2719 4111 ipsi
2745 4042 2857 4097 Deo
2885 4052 3179 4114 martyrum
3207 4046 3248 4110 ',
3278 4046 3521 4115 quamvis
3544 4048 3596 4103 in
3625 4063 3849 4106 memo-

2246 4131 2340 4187 riis
2375 4142 2700 4203 martyrum,
2732 4134 3123 4190 constituamus
3151 4136 3359 4191 altaria.
3405 4138 3535 4204 Quis
3564 4140 3713 4195 enim
3748 4157 3853 4198 an-

2246 4223 2469 4278 tistitum
2498 4225 2551 4278 in
2582 4225 2711 4281 locis
2734 4235 3042 4282 sanctorum
3069 4226 3352 4297 corporum
3373 4230 3631 4286 assistens
3654 4233 3848 4302 altari,

2244 4314 2529 4385 aliquando
2558 4316 2722 4383 dixit,
2768 4316 3055 4373 Oﬁ‘erimus
3081 4318 3210 4386 tibi,
3243 4320 3433 4387 Petre;
3464 4332 3587 4388 aut,
3630 4322 3848 4393 Paule;

2244 4417 2363 4473 aut,
2403 4407 2706 4481 Cypriane:
2735 4410 2831 4466 sed
2864 4412 3004 4482 quod
3043 4411 3285 4477 offertur,
3328 4413 3550 4471 offertur
3590 4416 3705 4473 Deo
3751 4421 3853 4491 qui

2244 4509 2506 4571 martyres
2532 4502 2837 4570 coronavit,
2869 4502 3010 4573 apud
3038 4505 3325 4561 memorias
3357 4522 3542 4562 eorum
3573 4524 3714 4579 quos
3746 4528 3851 4568 co-

2243 4596 2485 4659 ronavit;
2520 4603 2577 4649 ut
2613 4611 2678 4650 ex
2710 4596 2946 4665 ipsorum
2994 4597 3233 4653 locorum
3268 4598 3628 4656 admonitione
3660 4605 3853 4672 major

2243 4683 2465 4739 affectus
2490 4695 2762 4756 exsurgat,
2792 4686 2859 4742 ad
2886 4688 3177 4744 acuendam
3208 4690 3524 4747 charitatem
3546 4702 3599 4748 et
3626 4694 3679 4747 in
3716 4696 3852 4752 illos

2243 4790 2377 4846 quos
2421 4776 2615 4831 imitari
2642 4792 2928 4847 possumus
2960 4779 3015 4847 ³,
3055 4788 3110 4835 et
3147 4781 3200 4836 in
3232 4782 3377 4836 illum
3405 4800 3510 4853 quo
3547 4784 3856 4854 adjuvante

2243 4880 2545 4936 possumus.
2571 4866 2813 4923 Colimus
2838 4885 2964 4940 ergo
2989 4880 3253 4943 martyres
3273 4888 3339 4929 eo
3359 4874 3505 4930 cultu
3529 4875 3857 4938 dilectionis

2242 4967 2296 5013 et
2320 4958 2589 5014 societatis
2612 5002 2625 5025 ,
2673 4975 2780 5031 quo
2817 4971 2871 5016 et
2902 4962 2953 5016 in
2981 4961 3081 5018 hac
3107 4964 3213 5018 vita
3254 4965 3500 5022 coluntur
3537 4971 3712 5024 sancti
3745 4972 3856 5028 ho—

2241 5050 2414 5105 mines
2458 5051 2581 5117 Dei,
2613 5067 2839 5122 quorum
2878 5068 2976 5109 cor
3003 5054 3069 5109 ad
3100 5055 3259 5111 talem
3288 5073 3384 5127 pro
3410 5061 3717 5130 evangelica
3748 5081 3859 5120 ve-

2242 5142 2401 5197 ritate
2441 5144 2744 5213 passioncm
2788 5155 3031 5214 paratum
3076 5162 3197 5203 esse
3241 5150 3525 5207 sentimus.
3566 5152 3671 5208 Sed
3720 5157 3859 5213 illos

2242 5244 2391 5290 tanto
2421 5235 2697 5302 devotius,
2743 5248 2942 5308 quanto
2970 5241 3209 5297 securius
3254 5252 3376 5312 post
3415 5246 3712 5301 certamina
3752 5265 3863 5305 su-

2240 5338 2421 5397 perata
2448 5327 2469 5358 ⁵
2494 5346 2506 5383 :
2537 5338 2736 5399 quanto
2765 5330 2926 5385 etiam
2955 5331 3234 5388 lidentiore
3261 5333 3417 5389 laude
3449 5335 3854 5408 praedicamus,

2236 5419 2344 5490 jam
2367 5420 2419 5475 in
2444 5421 2549 5475 vita
2575 5419 2811 5478 feliciore
2834 5421 3085 5491 victores,
3104 5440 3263 5494 quam
3280 5425 3333 5480 in
3355 5426 3454 5481 ista
3474 5428 3648 5483 adhuc
3666 5446 3861 5502 usque

2303 5577 2320 5607 ι
2357 5580 2625 5649 Erasmiana
2663 5579 2825 5641 editio,
2866 5578 3051 5631 animas
3088 5586 3386 5632 mortuorum
3422 5584 3575 5649 magis
3619 5600 3861 5644 mutusve

2237 5646 2673 5772 ’ἴαζῗίξιξξῖιὶουερς
2703 5704 2797 5754 hoc
2830 5704 2935 5754 loco
2976 5705 3281 5769 addiderunt,
3300 5706 3647 5772 sacriﬁcemus.
3685 5714 3865 5768 Abest

2237 5763 2300 5813 ab
2332 5764 2474 5813 editis
2498 5774 2595 5811 Am.
2623 5773 2696 5813 Er.
2736 5774 2787 5815 et
2824 5780 2851 5814 a
2880 5774 2988 5816 Mss.

2306 5826 2325 5894 ξ
2360 5834 2463 5873 Mss.
2485 5824 2710 5894 plerique
2736 5828 2826 5876 hoc
2858 5837 2910 5878 et
2942 5831 3160 5894 proximo
3188 5830 3309 5892 loco,
3333 5832 3586 5894 possimus.

2301 5888 2322 5919 ⁸
2355 5894 2456 5938 Am.
2482 5894 2552 5937 Er.
2575 5888 2816 5952 et’plures
2838 5888 2962 5953 Mssa}
2990 5897 3094 5955 post
3115 5888 3477 5948 incertat}:de
3498 5902 3754 5960 superam
