  <div class='ocr_page' id='page_1' title='image "/cluster/home/n/w/nwhite01/storage/ocr_20150623/42/hvd.32044015471493/198.png"; bbox 0 0 4052 6438; ppageno 0'>
   <div class='ocr_carea' id='block_1_1' title="bbox 219 397 324 462">
    <p class='ocr_par' dir='ltr' id='par_1_1' title="bbox 219 397 324 462">
     <span class='ocr_line' id='line_1_1' title="bbox 219 397 324 462; baseline -0.019 1"><span class='ocrx_word' id='word_1_1' title='bbox 219 397 324 462; x_wconf 73' lang='grc'><strong>585</strong></span> 
     </span>
    </p>
   </div>
   <div class='ocr_carea' id='block_1_2' title="bbox 221 489 1799 589">
    <p class='ocr_par' dir='ltr' id='par_1_2' title="bbox 221 489 1799 589">
     <span class='ocr_line' id='line_1_2' title="bbox 221 489 1799 589; baseline -0.016 -22"><span class='ocrx_word' id='word_1_2' title='bbox 221 516 536 589; x_wconf 75' lang='lat' dir='ltr'><strong>pugnantes.</strong></span> <span class='ocrx_word' id='word_1_3' title='bbox 562 507 634 562; x_wconf 87' lang='lat' dir='ltr'><strong>At</strong></span> <span class='ocrx_word' id='word_1_4' title='bbox 668 502 761 562; x_wconf 89' lang='lat' dir='ltr'><strong>illo</strong></span> <span class='ocrx_word' id='word_1_5' title='bbox 783 500 928 560; x_wconf 90' lang='lat' dir='ltr'><strong>cultu</strong></span> <span class='ocrx_word' id='word_1_6' title='bbox 945 540 960 568; x_wconf 95' lang='lat'><strong>,</strong></span> <span class='ocrx_word' id='word_1_7' title='bbox 997 511 1117 572; x_wconf 85' lang='lat' dir='ltr'><strong>quae</strong></span> <span class='ocrx_word' id='word_1_8' title='bbox 1143 489 1329 554; x_wconf 82' lang='lat' dir='ltr'><strong>Graece</strong></span> <span class='ocrx_word' id='word_1_9' title='bbox 1363 500 1556 564; x_wconf 68' lang='grc' dir='ltr'><strong>λατρεία</strong></span> <span class='ocrx_word' id='word_1_10' title='bbox 1583 490 1799 559; x_wconf 88' lang='lat' dir='ltr'><strong>dicitur,</strong></span> 
     </span>
    </p>
   </div>
   <div class='ocr_carea' id='block_1_3' title="bbox 223 583 1808 664">
    <p class='ocr_par' dir='ltr' id='par_1_3' title="bbox 223 583 1808 664">
     <span class='ocr_line' id='line_1_3' title="bbox 223 583 1808 664; baseline -0.017 -1"><span class='ocrx_word' id='word_1_11' title='bbox 223 583 381 664; x_wconf 83' lang='lat' dir='ltr'><strong>latine</strong></span> <span class='ocrx_word' id='word_1_12' title='bbox 417 615 526 657; x_wconf 89' lang='lat' dir='ltr'><strong>uno</strong></span> <span class='ocrx_word' id='word_1_13' title='bbox 556 598 720 655; x_wconf 86' lang='lat' dir='ltr'><strong>verbo</strong></span> <span class='ocrx_word' id='word_1_14' title='bbox 752 597 855 652; x_wconf 89' lang='lat' dir='ltr'><strong>dici</strong></span> <span class='ocrx_word' id='word_1_15' title='bbox 891 609 999 650; x_wconf 92' lang='lat' dir='ltr'><strong>non</strong></span> <span class='ocrx_word' id='word_1_16' title='bbox 1039 598 1214 662; x_wconf 90' lang='lat' dir='ltr'><strong>potest</strong></span> <span class='ocrx_word' id='word_1_17' title='bbox 1235 631 1252 658; x_wconf 96' lang='lat'><strong>,</strong></span> <span class='ocrx_word' id='word_1_18' title='bbox 1293 603 1415 645; x_wconf 90' lang='lat' dir='ltr'><strong>cum</strong></span> <span class='ocrx_word' id='word_1_19' title='bbox 1455 587 1528 642; x_wconf 91' lang='lat' dir='ltr'><strong>sit</strong></span> <span class='ocrx_word' id='word_1_20' title='bbox 1563 583 1808 655; x_wconf 65' lang='lat' dir='ltr'><strong>quaedam</strong></span> 
     </span>
    </p>
   </div>
   <div class='ocr_carea' id='block_1_4' title="bbox 223 678 1810 772">
    <p class='ocr_par' dir='ltr' id='par_1_4' title="bbox 223 678 1810 772">
     <span class='ocr_line' id='line_1_4' title="bbox 223 678 1810 772; baseline -0.016 -18"><span class='ocrx_word' id='word_1_21' title='bbox 223 696 434 772; x_wconf 77' lang='lat' dir='ltr'><strong>proprie</strong></span> <span class='ocrx_word' id='word_1_22' title='bbox 472 690 737 748; x_wconf 76' lang='lat' dir='ltr'><strong>divinitati</strong></span> <span class='ocrx_word' id='word_1_23' title='bbox 764 687 939 744; x_wconf 90' lang='lat' dir='ltr'><strong>debita</strong></span> <span class='ocrx_word' id='word_1_24' title='bbox 983 684 1240 749; x_wconf 90' lang='lat' dir='ltr'><strong>servitus,</strong></span> <span class='ocrx_word' id='word_1_25' title='bbox 1272 695 1373 737; x_wconf 90' lang='lat' dir='ltr'><strong>nec</strong></span> <span class='ocrx_word' id='word_1_26' title='bbox 1402 678 1661 742; x_wconf 89' lang='lat' dir='ltr'><strong>colimus,</strong></span> <span class='ocrx_word' id='word_1_27' title='bbox 1707 688 1810 730; x_wconf 88' lang='lat' dir='ltr'><strong>nec</strong></span> 
     </span>
    </p>
   </div>
   <div class='ocr_carea' id='block_1_5' title="bbox 225 764 1811 845">
    <p class='ocr_par' dir='ltr' id='par_1_5' title="bbox 225 764 1811 845">
     <span class='ocr_line' id='line_1_5' title="bbox 225 764 1811 845; baseline -0.016 0"><span class='ocrx_word' id='word_1_28' title='bbox 225 764 508 845; x_wconf 70' lang='lat' dir='ltr'><strong>colendum</strong></span> <span class='ocrx_word' id='word_1_29' title='bbox 537 783 812 845; x_wconf 84' lang='lat' dir='ltr'><strong>docemus,</strong></span> <span class='ocrx_word' id='word_1_30' title='bbox 839 777 942 833; x_wconf 87' lang='lat' dir='ltr'><strong>nisi</strong></span> <span class='ocrx_word' id='word_1_31' title='bbox 966 791 1132 832; x_wconf 88' lang='lat' dir='ltr'><strong>unum</strong></span> <span class='ocrx_word' id='word_1_32' title='bbox 1156 775 1346 829; x_wconf 90' lang='lat' dir='ltr'><strong>Deum.</strong></span> <span class='ocrx_word' id='word_1_33' title='bbox 1374 771 1508 826; x_wconf 91' lang='lat' dir='ltr'><strong>Cum</strong></span> <span class='ocrx_word' id='word_1_34' title='bbox 1534 775 1712 823; x_wconf 85' lang='lat' dir='ltr'><strong>autem</strong></span> <span class='ocrx_word' id='word_1_35' title='bbox 1741 764 1811 820; x_wconf 90' lang='lat' dir='ltr'><strong>ad</strong></span> 
     </span>
    </p>
   </div>
   <div class='ocr_carea' id='block_1_6' title="bbox 228 858 1812 946">
    <p class='ocr_par' dir='ltr' id='par_1_6' title="bbox 228 858 1812 946">
     <span class='ocr_line' id='line_1_6' title="bbox 228 858 1812 946; baseline -0.018 -7"><span class='ocrx_word' id='word_1_36' title='bbox 228 885 364 939; x_wconf 87' lang='lat' dir='ltr'><strong>hunc</strong></span> <span class='ocrx_word' id='word_1_37' title='bbox 389 879 596 935; x_wconf 88' lang='lat' dir='ltr'><strong>cultum</strong></span> <span class='ocrx_word' id='word_1_38' title='bbox 625 874 890 946; x_wconf 78' lang='lat' dir='ltr'><strong>pertineat</strong></span> <span class='ocrx_word' id='word_1_39' title='bbox 914 870 1114 927; x_wconf 89' lang='lat' dir='ltr'><strong>oblatio</strong></span> <span class='ocrx_word' id='word_1_40' title='bbox 1140 865 1406 932; x_wconf 76' lang='lat' dir='ltr'><strong>sacrificii,</strong></span> <span class='ocrx_word' id='word_1_41' title='bbox 1429 862 1572 918; x_wconf 90' lang='lat' dir='ltr'><strong>unde</strong></span> <span class='ocrx_word' id='word_1_42' title='bbox 1591 858 1812 916; x_wconf 89' lang='lat' dir='ltr'><strong>idolola-</strong></span> 
     </span>
    </p>
   </div>
   <div class='ocr_carea' id='block_1_7' title="bbox 227 955 1808 1037">
    <p class='ocr_par' dir='ltr' id='par_1_7' title="bbox 227 955 1808 1037">
     <span class='ocr_line' id='line_1_7' title="bbox 227 955 1808 1037; baseline -0.015 -5"><span class='ocrx_word' id='word_1_43' title='bbox 227 978 320 1032; x_wconf 82' lang='lat' dir='ltr'><strong>tria</strong></span> <span class='ocrx_word' id='word_1_44' title='bbox 360 973 563 1029; x_wconf 86' lang='lat' dir='ltr'><strong>dicitur</strong></span> <span class='ocrx_word' id='word_1_45' title='bbox 604 983 788 1026; x_wconf 86' lang='lat' dir='ltr'><strong>eorum</strong></span> <span class='ocrx_word' id='word_1_46' title='bbox 831 966 922 1037; x_wconf 86' lang='lat' dir='ltr'><strong>qui</strong></span> <span class='ocrx_word' id='word_1_47' title='bbox 969 965 1070 1020; x_wconf 89' lang='lat' dir='ltr'><strong>hoc</strong></span> <span class='ocrx_word' id='word_1_48' title='bbox 1113 962 1272 1017; x_wconf 89' lang='lat' dir='ltr'><strong>etiam</strong></span> <span class='ocrx_word' id='word_1_49' title='bbox 1320 958 1479 1015; x_wconf 88' lang='lat' dir='ltr'><strong>idolis</strong></span> <span class='ocrx_word' id='word_1_50' title='bbox 1521 955 1808 1019; x_wconf 79' lang='lat' dir='ltr'><strong>exhibent;</strong></span> 
     </span>
    </p>
   </div>
   <div class='ocr_carea' id='block_1_8' title="bbox 227 1045 1813 1128">
    <p class='ocr_par' dir='ltr' id='par_1_8' title="bbox 227 1045 1813 1128">
     <span class='ocr_line' id='line_1_8' title="bbox 227 1045 1813 1128; baseline -0.015 -6"><span class='ocrx_word' id='word_1_51' title='bbox 227 1066 368 1122; x_wconf 88' lang='lat' dir='ltr'><strong>nullo</strong></span> <span class='ocrx_word' id='word_1_52' title='bbox 397 1061 565 1118; x_wconf 90' lang='lat' dir='ltr'><strong>modo</strong></span> <span class='ocrx_word' id='word_1_53' title='bbox 602 1060 709 1116; x_wconf 88' lang='lat' dir='ltr'><strong>tale</strong></span> <span class='ocrx_word' id='word_1_54' title='bbox 751 1055 948 1128; x_wconf 89' lang='lat' dir='ltr'><strong>aliquid</strong></span> <span class='ocrx_word' id='word_1_55' title='bbox 991 1051 1298 1118; x_wconf 74' lang='lat' dir='ltr'><strong>oiierimus,</strong></span> <span class='ocrx_word' id='word_1_56' title='bbox 1348 1057 1440 1105; x_wconf 91' lang='lat' dir='ltr'><strong>aut</strong></span> <span class='ocrx_word' id='word_1_57' title='bbox 1482 1045 1813 1102; x_wconf 81' lang='lat' dir='ltr'><strong>olfereudum</strong></span> 
     </span>
    </p>
   </div>
   <div class='ocr_carea' id='block_1_9' title="bbox 229 1137 1814 1230">
    <p class='ocr_par' dir='ltr' id='par_1_9' title="bbox 229 1137 1814 1230">
     <span class='ocr_line' id='line_1_9' title="bbox 229 1137 1814 1230; baseline -0.016 -17"><span class='ocrx_word' id='word_1_58' title='bbox 229 1156 606 1230; x_wconf 63' lang='lat' dir='ltr'><strong>prmeipimus,</strong></span> <span class='ocrx_word' id='word_1_59' title='bbox 662 1150 748 1207; x_wconf 89' lang='lat' dir='ltr'><strong>vel</strong></span> <span class='ocrx_word' id='word_1_60' title='bbox 799 1149 1045 1219; x_wconf 82' lang='lat' dir='ltr'><strong>cuiquam</strong></span> <span class='ocrx_word' id='word_1_61' title='bbox 1094 1141 1354 1215; x_wconf 83' lang='lat' dir='ltr'><strong>martyri,</strong></span> <span class='ocrx_word' id='word_1_62' title='bbox 1418 1140 1506 1196; x_wconf 91' lang='lat' dir='ltr'><strong>vel</strong></span> <span class='ocrx_word' id='word_1_63' title='bbox 1569 1137 1814 1208; x_wconf 81' lang='lat' dir='ltr'><strong>cuiquam</strong></span> 
     </span>
    </p>
   </div>
   <div class='ocr_carea' id='block_1_10' title="bbox 229 1227 1815 1310">
    <p class='ocr_par' dir='ltr' id='par_1_10' title="bbox 229 1227 1815 1310">
     <span class='ocr_line' id='line_1_10' title="bbox 229 1227 1815 1310; baseline -0.016 -5"><span class='ocrx_word' id='word_1_64' title='bbox 229 1227 421 1306; x_wconf 66' lang='lat' dir='ltr'><strong>sanctae</strong></span> <span class='ocrx_word' id='word_1_65' title='bbox 469 1247 694 1309; x_wconf 63' lang='lat' dir='ltr'><strong>animae,</strong></span> <span class='ocrx_word' id='word_1_66' title='bbox 734 1242 821 1298; x_wconf 91' lang='lat' dir='ltr'><strong>vcl</strong></span> <span class='ocrx_word' id='word_1_67' title='bbox 861 1240 1105 1310; x_wconf 83' lang='lat' dir='ltr'><strong>cuiquam</strong></span> <span class='ocrx_word' id='word_1_68' title='bbox 1134 1236 1323 1305; x_wconf 77' lang='lat' dir='ltr'><strong>angelo</strong></span> <span class='ocrx_word' id='word_1_69' title='bbox 1352 1251 1366 1288; x_wconf 90' lang='lat'><strong>:</strong></span> <span class='ocrx_word' id='word_1_70' title='bbox 1397 1240 1454 1288; x_wconf 91' lang='lat' dir='ltr'><strong>et</strong></span> <span class='ocrx_word' id='word_1_71' title='bbox 1493 1229 1734 1302; x_wconf 89' lang='lat' dir='ltr'><strong>quisquis</strong></span> <span class='ocrx_word' id='word_1_72' title='bbox 1763 1227 1815 1282; x_wconf 89' lang='lat' dir='ltr'><strong>in</strong></span> 
     </span>
    </p>
   </div>
   <div class='ocr_carea' id='block_1_11' title="bbox 231 1319 1818 1400">
    <p class='ocr_par' dir='ltr' id='par_1_11' title="bbox 231 1319 1818 1400">
     <span class='ocr_line' id='line_1_11' title="bbox 231 1319 1818 1400; baseline -0.016 -2"><span class='ocrx_word' id='word_1_73' title='bbox 231 1343 366 1398; x_wconf 87' lang='lat' dir='ltr'><strong>hunc</strong></span> <span class='ocrx_word' id='word_1_74' title='bbox 390 1353 637 1396; x_wconf 91' lang='lat' dir='ltr'><strong>errorem</strong></span> <span class='ocrx_word' id='word_1_75' title='bbox 657 1334 941 1400; x_wconf 79' lang='lat' dir='ltr'><strong>delabitur,</strong></span> <span class='ocrx_word' id='word_1_76' title='bbox 974 1329 1260 1400; x_wconf 82' lang='lat' dir='ltr'><strong>corripitur</strong></span> <span class='ocrx_word' id='word_1_77' title='bbox 1280 1341 1376 1397; x_wconf 92' lang='lat' dir='ltr'><strong>per</strong></span> <span class='ocrx_word' id='word_1_78' title='bbox 1400 1338 1586 1382; x_wconf 90' lang='lat' dir='ltr'><strong>sanam</strong></span> <span class='ocrx_word' id='word_1_79' title='bbox 1613 1319 1818 1376; x_wconf 88' lang='lat' dir='ltr'><strong>doctri-</strong></span> 
     </span>
    </p>
   </div>
   <div class='ocr_carea' id='block_1_12' title="bbox 231 1411 1820 1501">
    <p class='ocr_par' dir='ltr' id='par_1_12' title="bbox 231 1411 1820 1501">
     <span class='ocr_line' id='line_1_12' title="bbox 231 1411 1820 1501; baseline -0.017 -9"><span class='ocrx_word' id='word_1_80' title='bbox 231 1450 383 1501; x_wconf 87' lang='lat' dir='ltr'><strong>nam,</strong></span> <span class='ocrx_word' id='word_1_81' title='bbox 438 1433 555 1488; x_wconf 90' lang='lat' dir='ltr'><strong>sive</strong></span> <span class='ocrx_word' id='word_1_82' title='bbox 597 1437 659 1485; x_wconf 89' lang='lat' dir='ltr'><strong>ut</strong></span> <span class='ocrx_word' id='word_1_83' title='bbox 704 1426 1000 1496; x_wconf 83' lang='lat' dir='ltr'><strong>corrigatur</strong></span> <span class='ocrx_word' id='word_1_84' title='bbox 1026 1425 1079 1489; x_wconf 72' lang='grc' dir='ltr'><strong>ί,</strong></span> <span class='ocrx_word' id='word_1_85' title='bbox 1125 1421 1238 1477; x_wconf 89' lang='lat' dir='ltr'><strong>sive</strong></span> <span class='ocrx_word' id='word_1_86' title='bbox 1263 1426 1322 1474; x_wconf 90' lang='lat' dir='ltr'><strong>ut</strong></span> <span class='ocrx_word' id='word_1_87' title='bbox 1348 1425 1617 1474; x_wconf 79' lang='lat' dir='ltr'><strong>caveatur.</strong></span> <span class='ocrx_word' id='word_1_88' title='bbox 1645 1411 1820 1468; x_wconf 88' lang='lat' dir='ltr'><strong>Etiam</strong></span> 
     </span>
    </p>
   </div>
   <div class='ocr_carea' id='block_1_13' title="bbox 232 1502 1820 1600">
    <p class='ocr_par' dir='ltr' id='par_1_13' title="bbox 232 1502 1820 1600">
     <span class='ocr_line' id='line_1_13' title="bbox 232 1502 1820 1600; baseline -0.017 -16"><span class='ocrx_word' id='word_1_89' title='bbox 232 1528 327 1600; x_wconf 83' lang='lat' dir='ltr'><strong>ipsi</strong></span> <span class='ocrx_word' id='word_1_90' title='bbox 353 1526 506 1582; x_wconf 90' lang='lat' dir='ltr'><strong>enim</strong></span> <span class='ocrx_word' id='word_1_91' title='bbox 549 1522 753 1586; x_wconf 86' lang='lat' dir='ltr'><strong>sancti,</strong></span> <span class='ocrx_word' id='word_1_92' title='bbox 780 1519 864 1574; x_wconf 91' lang='lat' dir='ltr'><strong>vel</strong></span> <span class='ocrx_word' id='word_1_93' title='bbox 892 1516 1172 1580; x_wconf 86' lang='lat' dir='ltr'><strong>homines,</strong></span> <span class='ocrx_word' id='word_1_94' title='bbox 1203 1511 1288 1568; x_wconf 89' lang='lat' dir='ltr'><strong>vel</strong></span> <span class='ocrx_word' id='word_1_95' title='bbox 1323 1508 1540 1579; x_wconf 84' lang='lat' dir='ltr'><strong>Augeli,</strong></span> <span class='ocrx_word' id='word_1_96' title='bbox 1583 1502 1820 1560; x_wconf 79' lang='lat' dir='ltr'><strong>exhiberi</strong></span> 
     </span>
    </p>
   </div>
   <div class='ocr_carea' id='block_1_14' title="bbox 235 1596 1822 1685">
    <p class='ocr_par' dir='ltr' id='par_1_14' title="bbox 235 1596 1822 1685">
     <span class='ocr_line' id='line_1_14' title="bbox 235 1596 1822 1685; baseline -0.016 -10"><span class='ocrx_word' id='word_1_97' title='bbox 235 1596 329 1675; x_wconf 82' lang='lat' dir='ltr'><strong>sibi</strong></span> <span class='ocrx_word' id='word_1_98' title='bbox 371 1617 600 1681; x_wconf 91' lang='lat' dir='ltr'><strong>nolunt,</strong></span> <span class='ocrx_word' id='word_1_99' title='bbox 632 1611 776 1685; x_wconf 90' lang='lat' dir='ltr'><strong>quod</strong></span> <span class='ocrx_word' id='word_1_100' title='bbox 821 1609 914 1665; x_wconf 90' lang='lat' dir='ltr'><strong>uni</strong></span> <span class='ocrx_word' id='word_1_101' title='bbox 956 1607 1065 1663; x_wconf 90' lang='lat' dir='ltr'><strong>Deo</strong></span> <span class='ocrx_word' id='word_1_102' title='bbox 1090 1603 1276 1661; x_wconf 85' lang='lat' dir='ltr'><strong>deberi</strong></span> <span class='ocrx_word' id='word_1_103' title='bbox 1318 1608 1535 1657; x_wconf 90' lang='lat' dir='ltr'><strong>norunt.</strong></span> <span class='ocrx_word' id='word_1_104' title='bbox 1565 1596 1822 1669; x_wconf 88' lang='lat' dir='ltr'><strong>Apparuit</strong></span> 
     </span>
    </p>
   </div>
   <div class='ocr_carea' id='block_1_15' title="bbox 233 1686 1822 1765">
    <p class='ocr_par' dir='ltr' id='par_1_15' title="bbox 233 1686 1822 1765">
     <span class='ocr_line' id='line_1_15' title="bbox 233 1686 1822 1765; baseline -0.014 0"><span class='ocrx_word' id='word_1_105' title='bbox 233 1709 330 1765; x_wconf 85' lang='lat' dir='ltr'><strong>hoc</strong></span> <span class='ocrx_word' id='word_1_106' title='bbox 373 1707 431 1762; x_wconf 90' lang='lat' dir='ltr'><strong>in</strong></span> <span class='ocrx_word' id='word_1_107' title='bbox 483 1705 651 1761; x_wconf 89' lang='lat' dir='ltr'><strong>Paulo</strong></span> <span class='ocrx_word' id='word_1_108' title='bbox 693 1710 750 1758; x_wconf 91' lang='lat' dir='ltr'><strong>et</strong></span> <span class='ocrx_word' id='word_1_109' title='bbox 774 1697 1050 1764; x_wconf 87' lang='lat' dir='ltr'><strong>Barnaba,</strong></span> <span class='ocrx_word' id='word_1_110' title='bbox 1095 1710 1218 1752; x_wconf 89' lang='lat' dir='ltr'><strong>cum</strong></span> <span class='ocrx_word' id='word_1_111' title='bbox 1257 1691 1508 1749; x_wconf 88' lang='lat' dir='ltr'><strong>commoti</strong></span> <span class='ocrx_word' id='word_1_112' title='bbox 1553 1686 1822 1743; x_wconf 89' lang='lat' dir='ltr'><strong>miraculis</strong></span> 
     </span>
    </p>
   </div>
   <div class='ocr_carea' id='block_1_16' title="bbox 234 1778 1822 1872">
    <p class='ocr_par' dir='ltr' id='par_1_16' title="bbox 234 1778 1822 1872">
     <span class='ocr_line' id='line_1_16' title="bbox 234 1778 1822 1872; baseline -0.015 -17"><span class='ocrx_word' id='word_1_113' title='bbox 234 1814 348 1872; x_wconf 73' lang='lat' dir='ltr'><strong>quae</strong></span> <span class='ocrx_word' id='word_1_114' title='bbox 375 1813 478 1870; x_wconf 88' lang='lat' dir='ltr'><strong>per</strong></span> <span class='ocrx_word' id='word_1_115' title='bbox 502 1810 599 1853; x_wconf 91' lang='lat' dir='ltr'><strong>eos</strong></span> <span class='ocrx_word' id='word_1_116' title='bbox 623 1792 764 1850; x_wconf 81' lang='lat' dir='ltr'><strong>facta</strong></span> <span class='ocrx_word' id='word_1_117' title='bbox 791 1797 916 1847; x_wconf 91' lang='lat' dir='ltr'><strong>sunt</strong></span> <span class='ocrx_word' id='word_1_118' title='bbox 938 1784 1214 1860; x_wconf 87' lang='lat' dir='ltr'><strong>Lycaonii,</strong></span> <span class='ocrx_word' id='word_1_119' title='bbox 1236 1793 1487 1854; x_wconf 86' lang='lat' dir='ltr'><strong>tanquam</strong></span> <span class='ocrx_word' id='word_1_120' title='bbox 1512 1780 1615 1835; x_wconf 91' lang='lat' dir='ltr'><strong>diis</strong></span> <span class='ocrx_word' id='word_1_121' title='bbox 1634 1778 1822 1833; x_wconf 80' lang='lat' dir='ltr'><strong>immo-</strong></span> 
     </span>
    </p>
   </div>
   <div class='ocr_carea' id='block_1_17' title="bbox 236 1869 1821 1948">
    <p class='ocr_par' dir='ltr' id='par_1_17' title="bbox 236 1869 1821 1948">
     <span class='ocr_line' id='line_1_17' title="bbox 236 1869 1821 1948; baseline -0.015 -1"><span class='ocrx_word' id='word_1_122' title='bbox 236 1869 341 1948; x_wconf 77' lang='lat' dir='ltr'><strong>lare</strong></span> <span class='ocrx_word' id='word_1_123' title='bbox 382 1869 724 1944; x_wconf 85' lang='lat' dir='ltr'><strong>voluerunt:</strong></span> <span class='ocrx_word' id='word_1_124' title='bbox 771 1880 1057 1939; x_wconf 88' lang='lat' dir='ltr'><strong>conscissis</strong></span> <span class='ocrx_word' id='word_1_125' title='bbox 1108 1878 1249 1934; x_wconf 91' lang='lat' dir='ltr'><strong>enim</strong></span> <span class='ocrx_word' id='word_1_126' title='bbox 1296 1871 1628 1930; x_wconf 82' lang='lat' dir='ltr'><strong>vestimentis</strong></span> <span class='ocrx_word' id='word_1_127' title='bbox 1677 1869 1821 1936; x_wconf 87' lang='lat' dir='ltr'><strong>suis,</strong></span> 
     </span>
    </p>
   </div>
   <div class='ocr_carea' id='block_1_18' title="bbox 237 1961 1827 2050">
    <p class='ocr_par' dir='ltr' id='par_1_18' title="bbox 237 1961 1827 2050">
     <span class='ocr_line' id='line_1_18' title="bbox 237 1961 1827 2050; baseline -0.015 -10"><span class='ocrx_word' id='word_1_128' title='bbox 237 1983 556 2040; x_wconf 87' lang='lat' dir='ltr'><strong>conﬁtentes</strong></span> <span class='ocrx_word' id='word_1_129' title='bbox 577 1986 633 2036; x_wconf 91' lang='lat' dir='ltr'><strong>et</strong></span> <span class='ocrx_word' id='word_1_130' title='bbox 655 1974 1042 2050; x_wconf 88' lang='lat' dir='ltr'><strong>persuadentes</strong></span> <span class='ocrx_word' id='word_1_131' title='bbox 1065 1987 1124 2027; x_wconf 90' lang='lat' dir='ltr'><strong>se</strong></span> <span class='ocrx_word' id='word_1_132' title='bbox 1152 1970 1282 2026; x_wconf 89' lang='lat' dir='ltr'><strong>deos</strong></span> <span class='ocrx_word' id='word_1_133' title='bbox 1302 1984 1407 2024; x_wconf 94' lang='lat' dir='ltr'><strong>non</strong></span> <span class='ocrx_word' id='word_1_134' title='bbox 1434 1981 1574 2030; x_wconf 92' lang='lat' dir='ltr'><strong>esse,</strong></span> <span class='ocrx_word' id='word_1_135' title='bbox 1602 1964 1701 2018; x_wconf 87' lang='lat' dir='ltr'><strong>ista</strong></span> <span class='ocrx_word' id='word_1_136' title='bbox 1727 1961 1827 2018; x_wconf 90' lang='lat' dir='ltr'><strong>sibi</strong></span> 
     </span>
    </p>
   </div>
   <div class='ocr_carea' id='block_1_19' title="bbox 239 2053 1830 2140">
    <p class='ocr_par' dir='ltr' id='par_1_19' title="bbox 239 2053 1830 2140">
     <span class='ocr_line' id='line_1_19' title="bbox 239 2053 1830 2140; baseline -0.014 -10"><span class='ocrx_word' id='word_1_137' title='bbox 239 2075 345 2131; x_wconf 90' lang='lat' dir='ltr'><strong>ﬁeri</strong></span> <span class='ocrx_word' id='word_1_138' title='bbox 393 2077 682 2128; x_wconf 87' lang='lat' dir='ltr'><strong>vetuerunt</strong></span> <span class='ocrx_word' id='word_1_139' title='bbox 717 2067 873 2140; x_wconf 81' lang='lat' dir='ltr'><strong>(Act.</strong></span> <span class='ocrx_word' id='word_1_140' title='bbox 921 2079 1046 2130; x_wconf 69' lang='lat' dir='ltr'><strong>xxv,</strong></span> <span class='ocrx_word' id='word_1_141' title='bbox 1083 2058 1330 2130; x_wconf 71' lang='lat'><strong>7-17).</strong></span> <span class='ocrx_word' id='word_1_142' title='bbox 1376 2054 1634 2128; x_wconf 81' lang='lat' dir='ltr'><strong>Apparuit</strong></span> <span class='ocrx_word' id='word_1_143' title='bbox 1675 2063 1728 2110; x_wconf 92' lang='lat' dir='ltr'><strong>et</strong></span> <span class='ocrx_word' id='word_1_144' title='bbox 1772 2053 1830 2108; x_wconf 90' lang='lat' dir='ltr'><strong>in</strong></span> 
     </span>
    </p>
   </div>
   <div class='ocr_carea' id='block_1_20' title="bbox 239 2147 1830 2235">
    <p class='ocr_par' dir='ltr' id='par_1_20' title="bbox 239 2147 1830 2235">
     <span class='ocr_line' id='line_1_20' title="bbox 239 2147 1830 2235; baseline -0.014 -14"><span class='ocrx_word' id='word_1_145' title='bbox 239 2163 488 2235; x_wconf 77' lang='lat' dir='ltr'><strong>Angelis,</strong></span> <span class='ocrx_word' id='word_1_146' title='bbox 535 2162 675 2217; x_wconf 91' lang='lat' dir='ltr'><strong>sicut</strong></span> <span class='ocrx_word' id='word_1_147' title='bbox 717 2160 769 2214; x_wconf 91' lang='lat' dir='ltr'><strong>in</strong></span> <span class='ocrx_word' id='word_1_148' title='bbox 815 2152 1137 2228; x_wconf 81' lang='lat' dir='ltr'><strong>Apocalypsi</strong></span> <span class='ocrx_word' id='word_1_149' title='bbox 1180 2151 1438 2222; x_wconf 80' lang='lat' dir='ltr'><strong>legimus,</strong></span> <span class='ocrx_word' id='word_1_150' title='bbox 1485 2147 1732 2218; x_wconf 82' lang='lat' dir='ltr'><strong>angelum</strong></span> <span class='ocrx_word' id='word_1_151' title='bbox 1771 2158 1830 2200; x_wconf 88' lang='lat' dir='ltr'><strong>se</strong></span> 
     </span>
    </p>
   </div>
   <div class='ocr_carea' id='block_1_21' title="bbox 240 2239 1828 2325">
    <p class='ocr_par' dir='ltr' id='par_1_21' title="bbox 240 2239 1828 2325">
     <span class='ocr_line' id='line_1_21' title="bbox 240 2239 1828 2325; baseline -0.013 -14"><span class='ocrx_word' id='word_1_152' title='bbox 240 2256 450 2311; x_wconf 81' lang='lat' dir='ltr'><strong>adorari</strong></span> <span class='ocrx_word' id='word_1_153' title='bbox 499 2252 877 2325; x_wconf 89' lang='lat' dir='ltr'><strong>prohibentem</strong></span> <span class='ocrx_word' id='word_1_154' title='bbox 902 2290 919 2318; x_wconf 92' lang='lat'><strong>,</strong></span> <span class='ocrx_word' id='word_1_155' title='bbox 965 2262 1030 2302; x_wconf 92' lang='lat' dir='ltr'><strong>ac</strong></span> <span class='ocrx_word' id='word_1_156' title='bbox 1071 2245 1338 2302; x_wconf 86' lang='lat' dir='ltr'><strong>dicentem</strong></span> <span class='ocrx_word' id='word_1_157' title='bbox 1380 2239 1646 2296; x_wconf 90' lang='lat' dir='ltr'><strong>adoratori</strong></span> <span class='ocrx_word' id='word_1_158' title='bbox 1695 2252 1828 2305; x_wconf 90' lang='lat' dir='ltr'><strong>suo,</strong></span> 
     </span>
    </p>
   </div>
   <div class='ocr_carea' id='block_1_22' title="bbox 244 2331 1829 2413">
    <p class='ocr_par' dir='ltr' id='par_1_22' title="bbox 244 2331 1829 2413">
     <span class='ocr_line' id='line_1_22' title="bbox 244 2331 1829 2413; baseline -0.013 -9"><span class='ocrx_word' id='word_1_159' title='bbox 244 2347 523 2404; x_wconf 70' lang='lat' dir='ltr'><strong>Conserva:</strong></span> <span class='ocrx_word' id='word_1_160' title='bbox 550 2356 666 2401; x_wconf 76' lang='lat' dir='ltr'><strong>tuus</strong></span> <span class='ocrx_word' id='word_1_161' title='bbox 699 2359 811 2399; x_wconf 80' lang='lat' dir='ltr'><strong>sum</strong></span> <span class='ocrx_word' id='word_1_162' title='bbox 837 2350 885 2396; x_wconf 85' lang='lat' dir='ltr'><strong>et</strong></span> <span class='ocrx_word' id='word_1_163' title='bbox 908 2344 1125 2413; x_wconf 75' lang='lat' dir='ltr'><strong>fratrum</strong></span> <span class='ocrx_word' id='word_1_164' title='bbox 1157 2345 1359 2390; x_wconf 85' lang='lat' dir='ltr'><strong>tuorum</strong></span> <span class='ocrx_word' id='word_1_165' title='bbox 1385 2332 1569 2404; x_wconf 84' lang='lat' dir='ltr'><strong>(Apoc.</strong></span> <span class='ocrx_word' id='word_1_166' title='bbox 1600 2347 1711 2395; x_wconf 66' lang='grc' dir='ltr'><strong>χιχ,</strong></span> <span class='ocrx_word' id='word_1_167' title='bbox 1740 2331 1829 2398; x_wconf 84' lang='grc'><strong>10,</strong></span> 
     </span>
    </p>
   </div>
   <div class='ocr_carea' id='block_1_23' title="bbox 243 2422 1832 2508">
    <p class='ocr_par' dir='ltr' id='par_1_23' title="bbox 243 2422 1832 2508">
     <span class='ocr_line' id='line_1_23' title="bbox 243 2422 1832 2508; baseline -0.012 -14"><span class='ocrx_word' id='word_1_168' title='bbox 243 2449 282 2494; x_wconf 75' lang='lat' dir='ltr'><strong>et</strong></span> <span class='ocrx_word' id='word_1_169' title='bbox 306 2455 445 2502; x_wconf 79' lang='lat' dir='ltr'><strong>un,</strong></span> <span class='ocrx_word' id='word_1_170' title='bbox 475 2439 532 2504; x_wconf 89' lang='lat'><strong>8,</strong></span> <span class='ocrx_word' id='word_1_171' title='bbox 562 2435 639 2508; x_wconf 92' lang='lat'><strong>9).</strong></span> <span class='ocrx_word' id='word_1_172' title='bbox 670 2437 773 2490; x_wconf 89' lang='lat' dir='ltr'><strong>lsta</strong></span> <span class='ocrx_word' id='word_1_173' title='bbox 809 2432 908 2489; x_wconf 90' lang='lat' dir='ltr'><strong>sibi</strong></span> <span class='ocrx_word' id='word_1_174' title='bbox 936 2431 1090 2501; x_wconf 88' lang='lat' dir='ltr'><strong>plane</strong></span> <span class='ocrx_word' id='word_1_175' title='bbox 1115 2426 1331 2500; x_wconf 86' lang='lat' dir='ltr'><strong>superbi</strong></span> <span class='ocrx_word' id='word_1_176' title='bbox 1357 2425 1571 2496; x_wconf 88' lang='lat' dir='ltr'><strong>spiritus</strong></span> <span class='ocrx_word' id='word_1_177' title='bbox 1596 2422 1832 2493; x_wconf 86' lang='lat' dir='ltr'><strong>exigunt,</strong></span> 
     </span>
    </p>
   </div>
   <div class='ocr_carea' id='block_1_24' title="bbox 245 2514 1836 2597">
    <p class='ocr_par' dir='ltr' id='par_1_24' title="bbox 245 2514 1836 2597">
     <span class='ocr_line' id='line_1_24' title="bbox 245 2514 1836 2597; baseline -0.012 -13"><span class='ocrx_word' id='word_1_178' title='bbox 245 2529 490 2584; x_wconf 88' lang='lat' dir='ltr'><strong>diabolus</strong></span> <span class='ocrx_word' id='word_1_179' title='bbox 517 2536 575 2583; x_wconf 90' lang='lat' dir='ltr'><strong>et</strong></span> <span class='ocrx_word' id='word_1_180' title='bbox 602 2526 776 2597; x_wconf 81' lang='lat' dir='ltr'><strong>angeli</strong></span> <span class='ocrx_word' id='word_1_181' title='bbox 801 2524 938 2594; x_wconf 87' lang='lat' dir='ltr'><strong>ejus,</strong></span> <span class='ocrx_word' id='word_1_182' title='bbox 969 2523 1108 2577; x_wconf 89' lang='lat' dir='ltr'><strong>sicut</strong></span> <span class='ocrx_word' id='word_1_183' title='bbox 1130 2535 1227 2591; x_wconf 91' lang='lat' dir='ltr'><strong>per</strong></span> <span class='ocrx_word' id='word_1_184' title='bbox 1247 2517 1424 2594; x_wconf 71' lang='lat' dir='ltr'><strong>omnia</strong></span> <span class='ocrx_word' id='word_1_185' title='bbox 1451 2514 1645 2583; x_wconf 89' lang='lat' dir='ltr'><strong>templa</strong></span> <span class='ocrx_word' id='word_1_186' title='bbox 1667 2521 1722 2568; x_wconf 90' lang='lat' dir='ltr'><strong>et</strong></span> <span class='ocrx_word' id='word_1_187' title='bbox 1750 2527 1836 2566; x_wconf 90' lang='lat' dir='ltr'><strong>sa-</strong></span> 
     </span>
    </p>
   </div>
   <div class='ocr_carea' id='block_1_25' title="bbox 246 2603 1835 2684">
    <p class='ocr_par' dir='ltr' id='par_1_25' title="bbox 246 2603 1835 2684">
     <span class='ocr_line' id='line_1_25' title="bbox 246 2603 1835 2684; baseline -0.013 -9"><span class='ocrx_word' id='word_1_188' title='bbox 246 2635 327 2675; x_wconf 83' lang='lat' dir='ltr'><strong>cra</strong></span> <span class='ocrx_word' id='word_1_189' title='bbox 349 2618 667 2675; x_wconf 88' lang='lat' dir='ltr'><strong>Gentilium.</strong></span> <span class='ocrx_word' id='word_1_190' title='bbox 689 2615 927 2684; x_wconf 88' lang='lat' dir='ltr'><strong>Quorum</strong></span> <span class='ocrx_word' id='word_1_191' title='bbox 947 2609 1239 2668; x_wconf 90' lang='lat' dir='ltr'><strong>similitudo</strong></span> <span class='ocrx_word' id='word_1_192' title='bbox 1265 2608 1316 2662; x_wconf 92' lang='lat' dir='ltr'><strong>in</strong></span> <span class='ocrx_word' id='word_1_193' title='bbox 1341 2603 1656 2676; x_wconf 89' lang='lat' dir='ltr'><strong>quibusdam</strong></span> <span class='ocrx_word' id='word_1_194' title='bbox 1676 2605 1835 2657; x_wconf 85' lang='lat' dir='ltr'><strong>etiam</strong></span> 
     </span>
    </p>
   </div>
   <div class='ocr_carea' id='block_1_26' title="bbox 245 2694 1840 2782">
    <p class='ocr_par' dir='ltr' id='par_1_26' title="bbox 245 2694 1840 2782">
     <span class='ocr_line' id='line_1_26' title="bbox 245 2694 1840 2782; baseline -0.012 -16"><span class='ocrx_word' id='word_1_195' title='bbox 245 2711 493 2782; x_wconf 85' lang='lat' dir='ltr'><strong>superbis</strong></span> <span class='ocrx_word' id='word_1_196' title='bbox 518 2707 829 2765; x_wconf 88' lang='lat' dir='ltr'><strong>hominibus</strong></span> <span class='ocrx_word' id='word_1_197' title='bbox 853 2717 1108 2775; x_wconf 79' lang='lat' dir='ltr'><strong>expressa</strong></span> <span class='ocrx_word' id='word_1_198' title='bbox 1136 2708 1254 2756; x_wconf 90' lang='lat' dir='ltr'><strong>est:</strong></span> <span class='ocrx_word' id='word_1_199' title='bbox 1287 2698 1424 2753; x_wconf 90' lang='lat' dir='ltr'><strong>sicut</strong></span> <span class='ocrx_word' id='word_1_200' title='bbox 1447 2695 1515 2751; x_wconf 86' lang='lat' dir='ltr'><strong>de</strong></span> <span class='ocrx_word' id='word_1_201' title='bbox 1535 2694 1840 2766; x_wconf 73' lang='lat' dir='ltr'><strong>Babylonia:</strong></span> 
     </span>
    </p>
   </div>
   <div class='ocr_carea' id='block_1_27' title="bbox 248 2787 1837 2873">
    <p class='ocr_par' dir='ltr' id='par_1_27' title="bbox 248 2787 1837 2873">
     <span class='ocr_line' id='line_1_27' title="bbox 248 2787 1837 2873; baseline -0.011 -16"><span class='ocrx_word' id='word_1_202' title='bbox 248 2800 568 2873; x_wconf 87' lang='lat' dir='ltr'><strong>quibusdam</strong></span> <span class='ocrx_word' id='word_1_203' title='bbox 594 2797 809 2870; x_wconf 83' lang='lat' dir='ltr'><strong>regibus</strong></span> <span class='ocrx_word' id='word_1_204' title='bbox 829 2793 1102 2851; x_wconf 61' lang='lat' dir='ltr'><strong>memoriae</strong></span> <span class='ocrx_word' id='word_1_205' title='bbox 1123 2787 1553 2848; x_wconf 88' lang='lat' dir='ltr'><strong>commendatum</strong></span> <span class='ocrx_word' id='word_1_206' title='bbox 1573 2795 1837 2841; x_wconf 91' lang='lat' dir='ltr'><strong>tenemus.</strong></span> 
     </span>
    </p>
   </div>
   <div class='ocr_carea' id='block_1_28' title="bbox 249 2884 1844 2950">
    <p class='ocr_par' dir='ltr' id='par_1_28' title="bbox 249 2884 1844 2950">
     <span class='ocr_line' id='line_1_28' title="bbox 249 2884 1844 2950; baseline -0.012 -2"><span class='ocrx_word' id='word_1_207' title='bbox 249 2891 401 2948; x_wconf 88' lang='lat' dir='ltr'><strong>Unde</strong></span> <span class='ocrx_word' id='word_1_208' title='bbox 420 2899 642 2946; x_wconf 89' lang='lat' dir='ltr'><strong>sanctus</strong></span> <span class='ocrx_word' id='word_1_209' title='bbox 666 2886 855 2944; x_wconf 89' lang='lat' dir='ltr'><strong>Daniel</strong></span> <span class='ocrx_word' id='word_1_210' title='bbox 881 2891 1220 2941; x_wconf 87' lang='lat' dir='ltr'><strong>accusatores</strong></span> <span class='ocrx_word' id='word_1_211' title='bbox 1240 2895 1304 2936; x_wconf 92' lang='lat' dir='ltr'><strong>ac</strong></span> <span class='ocrx_word' id='word_1_212' title='bbox 1332 2884 1700 2950; x_wconf 89' lang='lat' dir='ltr'><strong>persecutores</strong></span> <span class='ocrx_word' id='word_1_213' title='bbox 1722 2890 1844 2946; x_wconf 86' lang='lat' dir='ltr'><strong>per-</strong></span> 
     </span>
    </p>
   </div>
   <div class='ocr_carea' id='block_1_29' title="bbox 253 2969 1843 3054">
    <p class='ocr_par' dir='ltr' id='par_1_29' title="bbox 253 2969 1843 3054">
     <span class='ocr_line' id='line_1_29' title="bbox 253 2969 1843 3054; baseline -0.011 -15"><span class='ocrx_word' id='word_1_214' title='bbox 253 2985 392 3050; x_wconf 87' lang='lat' dir='ltr'><strong>tulit,</strong></span> <span class='ocrx_word' id='word_1_215' title='bbox 421 2982 568 3054; x_wconf 89' lang='lat' dir='ltr'><strong>quod</strong></span> <span class='ocrx_word' id='word_1_216' title='bbox 595 2981 737 3052; x_wconf 85' lang='lat' dir='ltr'><strong>regis</strong></span> <span class='ocrx_word' id='word_1_217' title='bbox 759 2971 935 3036; x_wconf 79' lang='lat' dir='ltr'><strong>edicto</strong></span> <span class='ocrx_word' id='word_1_218' title='bbox 965 2975 1258 3049; x_wconf 91' lang='lat' dir='ltr'><strong>proposito,</strong></span> <span class='ocrx_word' id='word_1_219' title='bbox 1290 2981 1352 3026; x_wconf 89' lang='lat' dir='ltr'><strong>ut</strong></span> <span class='ocrx_word' id='word_1_220' title='bbox 1370 2969 1499 3026; x_wconf 90' lang='lat' dir='ltr'><strong>nihil</strong></span> <span class='ocrx_word' id='word_1_221' title='bbox 1526 2985 1556 3024; x_wconf 90' lang='lat' dir='ltr'><strong>a</strong></span> <span class='ocrx_word' id='word_1_222' title='bbox 1578 2982 1843 3040; x_wconf 89' lang='lat' dir='ltr'><strong>quoquam</strong></span> 
     </span>
    </p>
   </div>
   <div class='ocr_carea' id='block_1_30' title="bbox 253 3059 1843 3144">
    <p class='ocr_par' dir='ltr' id='par_1_30' title="bbox 253 3059 1843 3144">
     <span class='ocr_line' id='line_1_30' title="bbox 253 3059 1843 3144; baseline -0.011 -13"><span class='ocrx_word' id='word_1_223' title='bbox 253 3075 353 3131; x_wconf 87' lang='lat' dir='ltr'><strong>deo</strong></span> <span class='ocrx_word' id='word_1_224' title='bbox 381 3082 681 3144; x_wconf 88' lang='lat' dir='ltr'><strong>peteretur,</strong></span> <span class='ocrx_word' id='word_1_225' title='bbox 717 3070 819 3126; x_wconf 90' lang='lat' dir='ltr'><strong>nisi</strong></span> <span class='ocrx_word' id='word_1_226' title='bbox 845 3086 875 3124; x_wconf 90' lang='lat' dir='ltr'><strong>a</strong></span> <span class='ocrx_word' id='word_1_227' title='bbox 902 3082 1029 3139; x_wconf 82' lang='lat' dir='ltr'><strong>rege</strong></span> <span class='ocrx_word' id='word_1_228' title='bbox 1050 3066 1187 3133; x_wconf 86' lang='lat' dir='ltr'><strong>solo,</strong></span> <span class='ocrx_word' id='word_1_229' title='bbox 1217 3065 1386 3119; x_wconf 90' lang='lat' dir='ltr'><strong>Deum</strong></span> <span class='ocrx_word' id='word_1_230' title='bbox 1409 3076 1585 3126; x_wconf 91' lang='lat' dir='ltr'><strong>suum,</strong></span> <span class='ocrx_word' id='word_1_231' title='bbox 1616 3059 1718 3115; x_wconf 91' lang='lat' dir='ltr'><strong>hoc</strong></span> <span class='ocrx_word' id='word_1_232' title='bbox 1737 3067 1843 3129; x_wconf 90' lang='lat' dir='ltr'><strong>est,</strong></span> 
     </span>
    </p>
   </div>
   <div class='ocr_carea' id='block_1_31' title="bbox 254 3151 1846 3225">
    <p class='ocr_par' dir='ltr' id='par_1_31' title="bbox 254 3151 1846 3225">
     <span class='ocr_line' id='line_1_31' title="bbox 254 3151 1846 3225; baseline -0.009 -3"><span class='ocrx_word' id='word_1_233' title='bbox 254 3182 419 3221; x_wconf 86' lang='lat' dir='ltr'><strong>unum</strong></span> <span class='ocrx_word' id='word_1_234' title='bbox 448 3174 505 3221; x_wconf 90' lang='lat' dir='ltr'><strong>et</strong></span> <span class='ocrx_word' id='word_1_235' title='bbox 542 3179 727 3221; x_wconf 90' lang='lat' dir='ltr'><strong>verum</strong></span> <span class='ocrx_word' id='word_1_236' title='bbox 764 3162 932 3218; x_wconf 89' lang='lat' dir='ltr'><strong>Deum</strong></span> <span class='ocrx_word' id='word_1_237' title='bbox 970 3159 1196 3214; x_wconf 89' lang='lat' dir='ltr'><strong>adorare</strong></span> <span class='ocrx_word' id='word_1_238' title='bbox 1234 3153 1614 3225; x_wconf 87' lang='lat' dir='ltr'><strong>deprccarique</strong></span> <span class='ocrx_word' id='word_1_239' title='bbox 1651 3151 1846 3222; x_wconf 84' lang='lat' dir='ltr'><strong>depre-</strong></span> 
     </span>
    </p>
   </div>
   <div class='ocr_carea' id='block_1_32' title="bbox 255 3243 1850 3326">
    <p class='ocr_par' dir='ltr' id='par_1_32' title="bbox 255 3243 1850 3326">
     <span class='ocr_line' id='line_1_32' title="bbox 255 3243 1850 3326; baseline -0.008 -14"><span class='ocrx_word' id='word_1_240' title='bbox 255 3257 456 3313; x_wconf 83' lang='lat' dir='ltr'><strong>hensus</strong></span> <span class='ocrx_word' id='word_1_241' title='bbox 485 3264 570 3312; x_wconf 91' lang='lat' dir='ltr'><strong>est</strong></span> <span class='ocrx_word' id='word_1_242' title='bbox 601 3254 762 3326; x_wconf 81' lang='lat' dir='ltr'><strong>(Dan.</strong></span> <span class='ocrx_word' id='word_1_243' title='bbox 787 3252 888 3324; x_wconf 80' lang='lat' dir='ltr'><strong>vi).</strong></span> <span class='ocrx_word' id='word_1_244' title='bbox 911 3250 1012 3318; x_wconf 86' lang='lat' dir='ltr'><strong>Qui</strong></span> <span class='ocrx_word' id='word_1_245' title='bbox 1041 3258 1219 3304; x_wconf 91' lang='lat' dir='ltr'><strong>autem</strong></span> <span class='ocrx_word' id='word_1_246' title='bbox 1245 3261 1305 3302; x_wconf 89' lang='lat' dir='ltr'><strong>se</strong></span> <span class='ocrx_word' id='word_1_247' title='bbox 1327 3245 1379 3301; x_wconf 91' lang='lat' dir='ltr'><strong>in</strong></span> <span class='ocrx_word' id='word_1_248' title='bbox 1409 3243 1684 3300; x_wconf 86' lang='lat' dir='ltr'><strong>memoriis</strong></span> <span class='ocrx_word' id='word_1_249' title='bbox 1707 3258 1850 3299; x_wconf 90' lang='lat' dir='ltr'><strong>mar-</strong></span> 
     </span>
    </p>
   </div>
   <div class='ocr_carea' id='block_1_33' title="bbox 258 3337 1847 3422">
    <p class='ocr_par' dir='ltr' id='par_1_33' title="bbox 258 3337 1847 3422">
     <span class='ocr_line' id='line_1_33' title="bbox 258 3337 1847 3422; baseline -0.01 -16"><span class='ocrx_word' id='word_1_250' title='bbox 258 3360 434 3422; x_wconf 83' lang='lat' dir='ltr'><strong>tyrum</strong></span> <span class='ocrx_word' id='word_1_251' title='bbox 461 3348 751 3413; x_wconf 90' lang='lat' dir='ltr'><strong>inebriant,</strong></span> <span class='ocrx_word' id='word_1_252' title='bbox 779 3343 1047 3417; x_wconf 90' lang='lat' dir='ltr'><strong>quomodo</strong></span> <span class='ocrx_word' id='word_1_253' title='bbox 1068 3357 1096 3396; x_wconf 91' lang='lat' dir='ltr'><strong>a</strong></span> <span class='ocrx_word' id='word_1_254' title='bbox 1118 3340 1272 3397; x_wconf 87' lang='lat' dir='ltr'><strong>nobis</strong></span> <span class='ocrx_word' id='word_1_255' title='bbox 1294 3337 1578 3410; x_wconf 88' lang='lat' dir='ltr'><strong>approbari</strong></span> <span class='ocrx_word' id='word_1_256' title='bbox 1601 3344 1847 3408; x_wconf 88' lang='lat' dir='ltr'><strong>possunt,</strong></span> 
     </span>
    </p>
   </div>
   <div class='ocr_carea' id='block_1_34' title="bbox 257 3428 1851 3509">
    <p class='ocr_par' dir='ltr' id='par_1_34' title="bbox 257 3428 1851 3509">
     <span class='ocr_line' id='line_1_34' title="bbox 257 3428 1851 3509; baseline -0.009 -10"><span class='ocrx_word' id='word_1_257' title='bbox 257 3457 377 3499; x_wconf 92' lang='lat' dir='ltr'><strong>cum</strong></span> <span class='ocrx_word' id='word_1_258' title='bbox 402 3456 535 3509; x_wconf 89' lang='lat' dir='ltr'><strong>eos,</strong></span> <span class='ocrx_word' id='word_1_259' title='bbox 573 3441 734 3496; x_wconf 90' lang='lat' dir='ltr'><strong>etiam</strong></span> <span class='ocrx_word' id='word_1_260' title='bbox 771 3436 818 3492; x_wconf 89' lang='lat' dir='ltr'><strong>si</strong></span> <span class='ocrx_word' id='word_1_261' title='bbox 855 3435 909 3492; x_wconf 90' lang='lat' dir='ltr'><strong>in</strong></span> <span class='ocrx_word' id='word_1_262' title='bbox 947 3434 1194 3490; x_wconf 90' lang='lat' dir='ltr'><strong>domibus</strong></span> <span class='ocrx_word' id='word_1_263' title='bbox 1233 3431 1344 3486; x_wconf 87' lang='lat' dir='ltr'><strong>suis</strong></span> <span class='ocrx_word' id='word_1_264' title='bbox 1381 3429 1434 3484; x_wconf 88' lang='lat' dir='ltr'><strong>id</strong></span> <span class='ocrx_word' id='word_1_265' title='bbox 1459 3428 1685 3496; x_wconf 78' lang='lat' dir='ltr'><strong>faciant,</strong></span> <span class='ocrx_word' id='word_1_266' title='bbox 1723 3442 1851 3484; x_wconf 86' lang='lat' dir='ltr'><strong>sana</strong></span> 
     </span>
    </p>
   </div>
   <div class='ocr_carea' id='block_1_35' title="bbox 259 3519 1849 3592">
    <p class='ocr_par' dir='ltr' id='par_1_35' title="bbox 259 3519 1849 3592">
     <span class='ocr_line' id='line_1_35' title="bbox 259 3519 1849 3592; baseline -0.009 -4"><span class='ocrx_word' id='word_1_267' title='bbox 259 3531 502 3588; x_wconf 85' lang='lat' dir='ltr'><strong>doctrina</strong></span> <span class='ocrx_word' id='word_1_268' title='bbox 545 3528 908 3586; x_wconf 87' lang='lat' dir='ltr'><strong>condemnet?</strong></span> <span class='ocrx_word' id='word_1_269' title='bbox 943 3525 1052 3582; x_wconf 87' lang='lat' dir='ltr'><strong>Sed</strong></span> <span class='ocrx_word' id='word_1_270' title='bbox 1084 3522 1226 3579; x_wconf 91' lang='lat' dir='ltr'><strong>aliud</strong></span> <span class='ocrx_word' id='word_1_271' title='bbox 1265 3530 1347 3578; x_wconf 80' lang='lat' dir='ltr'><strong>est</strong></span> <span class='ocrx_word' id='word_1_272' title='bbox 1382 3520 1524 3592; x_wconf 91' lang='lat' dir='ltr'><strong>quod</strong></span> <span class='ocrx_word' id='word_1_273' title='bbox 1564 3519 1849 3590; x_wconf 88' lang='lat' dir='ltr'><strong>docemus,</strong></span> 
     </span>
    </p>
   </div>
   <div class='ocr_carea' id='block_1_36' title="bbox 260 3610 1855 3692">
    <p class='ocr_par' dir='ltr' id='par_1_36' title="bbox 260 3610 1855 3692">
     <span class='ocr_line' id='line_1_36' title="bbox 260 3610 1855 3692; baseline -0.009 -14"><span class='ocrx_word' id='word_1_274' title='bbox 260 3622 402 3678; x_wconf 86' lang='lat' dir='ltr'><strong>aliud</strong></span> <span class='ocrx_word' id='word_1_275' title='bbox 432 3620 578 3692; x_wconf 88' lang='lat' dir='ltr'><strong>quod</strong></span> <span class='ocrx_word' id='word_1_276' title='bbox 608 3619 963 3685; x_wconf 90' lang='lat' dir='ltr'><strong>sustinemus,</strong></span> <span class='ocrx_word' id='word_1_277' title='bbox 1009 3613 1154 3670; x_wconf 90' lang='lat' dir='ltr'><strong>aliud</strong></span> <span class='ocrx_word' id='word_1_278' title='bbox 1192 3611 1330 3684; x_wconf 90' lang='lat' dir='ltr'><strong>quod</strong></span> <span class='ocrx_word' id='word_1_279' title='bbox 1373 3611 1662 3682; x_wconf 71' lang='lat' dir='ltr'><strong>praecipere</strong></span> <span class='ocrx_word' id='word_1_280' title='bbox 1698 3610 1855 3680; x_wconf 87' lang='lat' dir='ltr'><strong>jube-</strong></span> 
     </span>
    </p>
   </div>
   <div class='ocr_carea' id='block_1_37' title="bbox 261 3700 1856 3782">
    <p class='ocr_par' dir='ltr' id='par_1_37' title="bbox 261 3700 1856 3782">
     <span class='ocr_line' id='line_1_37' title="bbox 261 3700 1856 3782; baseline -0.009 -12"><span class='ocrx_word' id='word_1_281' title='bbox 261 3730 414 3782; x_wconf 87' lang='lat' dir='ltr'><strong>mnr,</strong></span> <span class='ocrx_word' id='word_1_282' title='bbox 464 3711 612 3768; x_wconf 87' lang='lat' dir='ltr'><strong>aliud</strong></span> <span class='ocrx_word' id='word_1_283' title='bbox 650 3709 791 3782; x_wconf 90' lang='lat' dir='ltr'><strong>quod</strong></span> <span class='ocrx_word' id='word_1_284' title='bbox 837 3705 1128 3764; x_wconf 90' lang='lat' dir='ltr'><strong>emendare</strong></span> <span class='ocrx_word' id='word_1_285' title='bbox 1173 3703 1545 3775; x_wconf 86' lang='lat' dir='ltr'><strong>praecipimur,</strong></span> <span class='ocrx_word' id='word_1_286' title='bbox 1590 3712 1644 3756; x_wconf 89' lang='lat' dir='ltr'><strong>et</strong></span> <span class='ocrx_word' id='word_1_287' title='bbox 1685 3700 1856 3756; x_wconf 90' lang='lat' dir='ltr'><strong>donec</strong></span> 
     </span>
    </p>
   </div>
   <div class='ocr_carea' id='block_1_38' title="bbox 263 3791 1856 3870">
    <p class='ocr_par' dir='ltr' id='par_1_38' title="bbox 263 3791 1856 3870">
     <span class='ocr_line' id='line_1_38' title="bbox 263 3791 1856 3870; baseline -0.009 -9"><span class='ocrx_word' id='word_1_288' title='bbox 263 3804 616 3862; x_wconf 83' lang='lat' dir='ltr'><strong>ernendemus</strong></span> <span class='ocrx_word' id='word_1_289' title='bbox 643 3843 658 3870; x_wconf 96' lang='lat'><strong>,</strong></span> <span class='ocrx_word' id='word_1_290' title='bbox 704 3801 934 3858; x_wconf 89' lang='lat' dir='ltr'><strong>tolerare</strong></span> <span class='ocrx_word' id='word_1_291' title='bbox 978 3795 1366 3867; x_wconf 90' lang='lat' dir='ltr'><strong>compellimur.</strong></span> <span class='ocrx_word' id='word_1_292' title='bbox 1419 3793 1537 3848; x_wconf 85' lang='lat' dir='ltr'><strong>Alia</strong></span> <span class='ocrx_word' id='word_1_293' title='bbox 1582 3799 1664 3847; x_wconf 91' lang='lat' dir='ltr'><strong>est</strong></span> <span class='ocrx_word' id='word_1_294' title='bbox 1699 3791 1856 3846; x_wconf 90' lang='lat' dir='ltr'><strong>disci-</strong></span> 
     </span>
    </p>
   </div>
   <div class='ocr_carea' id='block_1_39' title="bbox 266 3884 1853 3969">
    <p class='ocr_par' dir='ltr' id='par_1_39' title="bbox 266 3884 1853 3969">
     <span class='ocr_line' id='line_1_39' title="bbox 266 3884 1853 3969; baseline -0.011 -16"><span class='ocrx_word' id='word_1_295' title='bbox 266 3897 414 3969; x_wconf 84' lang='lat' dir='ltr'><strong>plina</strong></span> <span class='ocrx_word' id='word_1_296' title='bbox 461 3893 892 3951; x_wconf 88' lang='lat' dir='ltr'><strong>Christianorum</strong></span> <span class='ocrx_word' id='word_1_297' title='bbox 922 3901 952 3959; x_wconf 76' lang='lat'><strong>,‘</strong></span> <span class='ocrx_word' id='word_1_298' title='bbox 1005 3889 1106 3944; x_wconf 89' lang='lat' dir='ltr'><strong>alia</strong></span> <span class='ocrx_word' id='word_1_299' title='bbox 1155 3886 1363 3942; x_wconf 85' lang='lat' dir='ltr'><strong>luxuria</strong></span> <span class='ocrx_word' id='word_1_300' title='bbox 1409 3884 1799 3940; x_wconf 82' lang='lat' dir='ltr'><strong>vinolentorum</strong></span> <span class='ocrx_word' id='word_1_301' title='bbox 1837 3923 1853 3950; x_wconf 95' lang='lat'><strong>,</strong></span> 
     </span>
    </p>
   </div>
   <div class='ocr_carea' id='block_1_40' title="bbox 267 3974 1859 4044">
    <p class='ocr_par' dir='ltr' id='par_1_40' title="bbox 267 3974 1859 4044">
     <span class='ocr_line' id='line_1_40' title="bbox 267 3974 1859 4044; baseline -0.009 1"><span class='ocrx_word' id='word_1_302' title='bbox 267 3989 358 4044; x_wconf 92' lang='lat' dir='ltr'><strong>vel</strong></span> <span class='ocrx_word' id='word_1_303' title='bbox 405 4002 556 4043; x_wconf 87' lang='lat' dir='ltr'><strong>error</strong></span> <span class='ocrx_word' id='word_1_304' title='bbox 599 3986 950 4041; x_wconf 89' lang='lat' dir='ltr'><strong>inﬁrmorum.</strong></span> <span class='ocrx_word' id='word_1_305' title='bbox 980 3981 1360 4037; x_wconf 80' lang='lat' dir='ltr'><strong>Verumtamen</strong></span> <span class='ocrx_word' id='word_1_306' title='bbox 1411 3985 1465 4031; x_wconf 89' lang='lat' dir='ltr'><strong>et</strong></span> <span class='ocrx_word' id='word_1_307' title='bbox 1508 3977 1562 4030; x_wconf 90' lang='lat' dir='ltr'><strong>in</strong></span> <span class='ocrx_word' id='word_1_308' title='bbox 1603 3974 1704 4030; x_wconf 87' lang='lat' dir='ltr'><strong>hoc</strong></span> <span class='ocrx_word' id='word_1_309' title='bbox 1742 3974 1859 4044; x_wconf 88' lang='lat' dir='ltr'><strong>ipso</strong></span> 
     </span>
    </p>
   </div>
   <div class='ocr_carea' id='block_1_41' title="bbox 271 4066 1860 4151">
    <p class='ocr_par' dir='ltr' id='par_1_41' title="bbox 271 4066 1860 4151">
     <span class='ocr_line' id='line_1_41' title="bbox 271 4066 1860 4151; baseline -0.009 -15"><span class='ocrx_word' id='word_1_310' title='bbox 271 4081 478 4136; x_wconf 86' lang='lat' dir='ltr'><strong>distant</strong></span> <span class='ocrx_word' id='word_1_311' title='bbox 533 4079 814 4151; x_wconf 89' lang='lat' dir='ltr'><strong>plurimum</strong></span> <span class='ocrx_word' id='word_1_312' title='bbox 868 4075 1038 4145; x_wconf 87' lang='lat' dir='ltr'><strong>culpae</strong></span> <span class='ocrx_word' id='word_1_313' title='bbox 1096 4071 1491 4127; x_wconf 84' lang='lat' dir='ltr'><strong>vinolentorum</strong></span> <span class='ocrx_word' id='word_1_314' title='bbox 1539 4075 1593 4123; x_wconf 89' lang='lat' dir='ltr'><strong>et</strong></span> <span class='ocrx_word' id='word_1_315' title='bbox 1645 4066 1860 4121; x_wconf 82' lang='lat' dir='ltr'><strong>sacrile-</strong></span> 
     </span>
    </p>
   </div>
   <div class='ocr_carea' id='block_1_42' title="bbox 269 4159 1860 4246">
    <p class='ocr_par' dir='ltr' id='par_1_42' title="bbox 269 4159 1860 4246">
     <span class='ocr_line' id='line_1_42' title="bbox 269 4159 1860 4246; baseline -0.012 -15"><span class='ocrx_word' id='word_1_316' title='bbox 269 4190 481 4246; x_wconf 79' lang='lat' dir='ltr'><strong>gerum.</strong></span> <span class='ocrx_word' id='word_1_317' title='bbox 531 4173 712 4244; x_wconf 79' lang='lat' dir='ltr'><strong>Longe</strong></span> <span class='ocrx_word' id='word_1_318' title='bbox 750 4172 946 4242; x_wconf 89' lang='lat' dir='ltr'><strong>quippe</strong></span> <span class='ocrx_word' id='word_1_319' title='bbox 995 4166 1214 4222; x_wconf 90' lang='lat' dir='ltr'><strong>minoris</strong></span> <span class='ocrx_word' id='word_1_320' title='bbox 1251 4162 1454 4235; x_wconf 86' lang='lat' dir='ltr'><strong>peccati</strong></span> <span class='ocrx_word' id='word_1_321' title='bbox 1495 4169 1611 4226; x_wconf 89' lang='lat' dir='ltr'><strong>est,</strong></span> <span class='ocrx_word' id='word_1_322' title='bbox 1655 4159 1860 4214; x_wconf 83' lang='lat' dir='ltr'><strong>ebrium</strong></span> 
     </span>
    </p>
   </div>
   <div class='ocr_carea' id='block_1_43' title="bbox 271 4250 1864 4335">
    <p class='ocr_par' dir='ltr' id='par_1_43' title="bbox 271 4250 1864 4335">
     <span class='ocr_line' id='line_1_43' title="bbox 271 4250 1864 4335; baseline -0.012 -12"><span class='ocrx_word' id='word_1_323' title='bbox 271 4266 449 4324; x_wconf 90' lang='lat' dir='ltr'><strong>redire</strong></span> <span class='ocrx_word' id='word_1_324' title='bbox 477 4280 509 4319; x_wconf 88' lang='lat' dir='ltr'><strong>a</strong></span> <span class='ocrx_word' id='word_1_325' title='bbox 554 4262 913 4335; x_wconf 81' lang='lat' dir='ltr'><strong>martyribus,</strong></span> <span class='ocrx_word' id='word_1_326' title='bbox 963 4273 1121 4331; x_wconf 90' lang='lat' dir='ltr'><strong>quam</strong></span> <span class='ocrx_word' id='word_1_327' title='bbox 1162 4257 1244 4312; x_wconf 86' lang='lat' dir='ltr'><strong>vel</strong></span> <span class='ocrx_word' id='word_1_328' title='bbox 1279 4255 1520 4326; x_wconf 87' lang='lat' dir='ltr'><strong>jejunum</strong></span> <span class='ocrx_word' id='word_1_329' title='bbox 1563 4250 1864 4306; x_wconf 88' lang='lat' dir='ltr'><strong>sacrilicare</strong></span> 
     </span>
    </p>
   </div>
   <div class='ocr_carea' id='block_1_44' title="bbox 273 4341 1861 4428">
    <p class='ocr_par' dir='ltr' id='par_1_44' title="bbox 273 4341 1861 4428">
     <span class='ocr_line' id='line_1_44' title="bbox 273 4341 1861 4428; baseline -0.013 -14"><span class='ocrx_word' id='word_1_330' title='bbox 273 4355 623 4428; x_wconf 81' lang='lat' dir='ltr'><strong>martyribus.</strong></span> <span class='ocrx_word' id='word_1_331' title='bbox 664 4354 980 4410; x_wconf 87' lang='lat' dir='ltr'><strong>Sacriﬁcare</strong></span> <span class='ocrx_word' id='word_1_332' title='bbox 1012 4346 1335 4420; x_wconf 84' lang='lat' dir='ltr'><strong>martyribus</strong></span> <span class='ocrx_word' id='word_1_333' title='bbox 1373 4344 1483 4400; x_wconf 81' lang='lat' dir='ltr'><strong>dixi</strong></span> <span class='ocrx_word' id='word_1_334' title='bbox 1514 4361 1529 4398; x_wconf 88' lang='lat'><strong>:</strong></span> <span class='ocrx_word' id='word_1_335' title='bbox 1574 4358 1680 4397; x_wconf 91' lang='lat' dir='ltr'><strong>non</strong></span> <span class='ocrx_word' id='word_1_336' title='bbox 1724 4341 1861 4408; x_wconf 81' lang='lat' dir='ltr'><strong>dixi,</strong></span> 
     </span>
    </p>
   </div>
   <div class='ocr_carea' id='block_1_45' title="bbox 273 4437 1866 4514">
    <p class='ocr_par' dir='ltr' id='par_1_45' title="bbox 273 4437 1866 4514">
     <span class='ocr_line' id='line_1_45' title="bbox 273 4437 1866 4514; baseline -0.011 -5"><span class='ocrx_word' id='word_1_337' title='bbox 273 4453 589 4509; x_wconf 86' lang='lat' dir='ltr'><strong>Sacriﬁcare</strong></span> <span class='ocrx_word' id='word_1_338' title='bbox 635 4451 746 4506; x_wconf 90' lang='lat' dir='ltr'><strong>Deo</strong></span> <span class='ocrx_word' id='word_1_339' title='bbox 789 4450 842 4504; x_wconf 90' lang='lat' dir='ltr'><strong>in</strong></span> <span class='ocrx_word' id='word_1_340' title='bbox 881 4446 1155 4504; x_wconf 89' lang='lat' dir='ltr'><strong>memoriis</strong></span> <span class='ocrx_word' id='word_1_341' title='bbox 1199 4452 1522 4514; x_wconf 87' lang='lat' dir='ltr'><strong>martyrum;</strong></span> <span class='ocrx_word' id='word_1_342' title='bbox 1569 4439 1711 4510; x_wconf 91' lang='lat' dir='ltr'><strong>quod</strong></span> <span class='ocrx_word' id='word_1_343' title='bbox 1756 4437 1866 4492; x_wconf 80' lang='lat' dir='ltr'><strong>fre-</strong></span> 
     </span>
    </p>
   </div>
   <div class='ocr_carea' id='block_1_46' title="bbox 276 4529 1870 4616">
    <p class='ocr_par' dir='ltr' id='par_1_46' title="bbox 276 4529 1870 4616">
     <span class='ocr_line' id='line_1_46' title="bbox 276 4529 1870 4616; baseline -0.012 -16"><span class='ocrx_word' id='word_1_344' title='bbox 276 4545 632 4616; x_wconf 89' lang='lat' dir='ltr'><strong>quentissime</strong></span> <span class='ocrx_word' id='word_1_345' title='bbox 661 4543 887 4598; x_wconf 78' lang='lat' dir='ltr'><strong>facimus</strong></span> <span class='ocrx_word' id='word_1_346' title='bbox 907 4582 922 4609; x_wconf 92' lang='lat'><strong>,</strong></span> <span class='ocrx_word' id='word_1_347' title='bbox 953 4540 1046 4595; x_wconf 91' lang='lat' dir='ltr'><strong>illo</strong></span> <span class='ocrx_word' id='word_1_348' title='bbox 1082 4537 1340 4593; x_wconf 77' lang='lat' dir='ltr'><strong>duntaxat</strong></span> <span class='ocrx_word' id='word_1_349' title='bbox 1367 4535 1475 4589; x_wconf 90' lang='lat' dir='ltr'><strong>ritu</strong></span> <span class='ocrx_word' id='word_1_350' title='bbox 1501 4546 1608 4602; x_wconf 91' lang='lat' dir='ltr'><strong>quo</strong></span> <span class='ocrx_word' id='word_1_351' title='bbox 1644 4529 1747 4585; x_wconf 87' lang='lat' dir='ltr'><strong>sibi</strong></span> <span class='ocrx_word' id='word_1_352' title='bbox 1785 4543 1870 4582; x_wconf 84' lang='lat' dir='ltr'><strong>sa-</strong></span> 
     </span>
    </p>
   </div>
   <div class='ocr_carea' id='block_1_47' title="bbox 278 4621 1864 4693">
    <p class='ocr_par' dir='ltr' id='par_1_47' title="bbox 278 4621 1864 4693">
     <span class='ocr_line' id='line_1_47' title="bbox 278 4621 1864 4693; baseline -0.011 -1"><span class='ocrx_word' id='word_1_353' title='bbox 278 4637 504 4692; x_wconf 86' lang='lat' dir='ltr'><strong>criﬁcari</strong></span> <span class='ocrx_word' id='word_1_354' title='bbox 556 4634 690 4689; x_wconf 83' lang='lat' dir='ltr'><strong>Novi</strong></span> <span class='ocrx_word' id='word_1_355' title='bbox 729 4630 1056 4688; x_wconf 89' lang='lat' dir='ltr'><strong>Testamenti</strong></span> <span class='ocrx_word' id='word_1_356' title='bbox 1104 4625 1530 4682; x_wconf 82' lang='lat' dir='ltr'><strong>manilestatione</strong></span> <span class='ocrx_word' id='word_1_357' title='bbox 1578 4621 1864 4693; x_wconf 66' lang='lat' dir='ltr'><strong>praecepit:</strong></span> 
     </span>
    </p>
   </div>
   <div class='ocr_carea' id='block_1_48' title="bbox 279 4712 1874 4798">
    <p class='ocr_par' dir='ltr' id='par_1_48' title="bbox 279 4712 1874 4798">
     <span class='ocr_line' id='line_1_48' title="bbox 279 4712 1874 4798; baseline -0.012 -15"><span class='ocrx_word' id='word_1_358' title='bbox 279 4727 417 4798; x_wconf 88' lang='lat' dir='ltr'><strong>quod</strong></span> <span class='ocrx_word' id='word_1_359' title='bbox 450 4725 687 4798; x_wconf 87' lang='lat' dir='ltr'><strong>pertinet</strong></span> <span class='ocrx_word' id='word_1_360' title='bbox 721 4723 786 4778; x_wconf 91' lang='lat' dir='ltr'><strong>ad</strong></span> <span class='ocrx_word' id='word_1_361' title='bbox 813 4723 961 4777; x_wconf 85' lang='lat' dir='ltr'><strong>illum</strong></span> <span class='ocrx_word' id='word_1_362' title='bbox 989 4720 1189 4775; x_wconf 90' lang='lat' dir='ltr'><strong>cultum</strong></span> <span class='ocrx_word' id='word_1_363' title='bbox 1209 4760 1223 4785; x_wconf 96' lang='lat'><strong>,</strong></span> <span class='ocrx_word' id='word_1_364' title='bbox 1256 4732 1376 4788; x_wconf 70' lang='lat' dir='ltr'><strong>quae</strong></span> <span class='ocrx_word' id='word_1_365' title='bbox 1397 4715 1552 4770; x_wconf 90' lang='lat' dir='ltr'><strong>latria</strong></span> <span class='ocrx_word' id='word_1_366' title='bbox 1573 4712 1787 4779; x_wconf 88' lang='lat' dir='ltr'><strong>dicitur,</strong></span> <span class='ocrx_word' id='word_1_367' title='bbox 1819 4717 1874 4766; x_wconf 88' lang='lat' dir='ltr'><strong>et</strong></span> 
     </span>
    </p>
   </div>
   <div class='ocr_carea' id='block_1_49' title="bbox 281 4801 1872 4883">
    <p class='ocr_par' dir='ltr' id='par_1_49' title="bbox 281 4801 1872 4883">
     <span class='ocr_line' id='line_1_49' title="bbox 281 4801 1872 4883; baseline -0.012 -8"><span class='ocrx_word' id='word_1_368' title='bbox 281 4819 373 4874; x_wconf 86' lang='lat' dir='ltr'><strong>uni</strong></span> <span class='ocrx_word' id='word_1_369' title='bbox 402 4819 519 4873; x_wconf 89' lang='lat' dir='ltr'><strong>Deo</strong></span> <span class='ocrx_word' id='word_1_370' title='bbox 544 4816 790 4871; x_wconf 87' lang='lat' dir='ltr'><strong>debetur.</strong></span> <span class='ocrx_word' id='word_1_371' title='bbox 833 4812 939 4868; x_wconf 91' lang='lat' dir='ltr'><strong>Sed</strong></span> <span class='ocrx_word' id='word_1_372' title='bbox 967 4810 1094 4883; x_wconf 88' lang='lat' dir='ltr'><strong>quid</strong></span> <span class='ocrx_word' id='word_1_373' title='bbox 1136 4824 1288 4881; x_wconf 86' lang='lat' dir='ltr'><strong>agam</strong></span> <span class='ocrx_word' id='word_1_374' title='bbox 1309 4849 1325 4877; x_wconf 91' lang='lat'><strong>,</strong></span> <span class='ocrx_word' id='word_1_375' title='bbox 1357 4816 1410 4864; x_wconf 88' lang='lat' dir='ltr'><strong>et</strong></span> <span class='ocrx_word' id='word_1_376' title='bbox 1452 4813 1611 4861; x_wconf 74' lang='lat' dir='ltr'><strong>tanta:</strong></span> <span class='ocrx_word' id='word_1_377' title='bbox 1649 4801 1872 4859; x_wconf 67' lang='lat' dir='ltr'><strong>caecitali</strong></span> 
     </span>
    </p>
   </div>
   <div class='ocr_carea' id='block_1_50' title="bbox 285 4898 1874 4984">
    <p class='ocr_par' dir='ltr' id='par_1_50' title="bbox 285 4898 1874 4984">
     <span class='ocr_line' id='line_1_50' title="bbox 285 4898 1874 4984; baseline -0.013 -16"><span class='ocrx_word' id='word_1_378' title='bbox 285 4913 511 4968; x_wconf 87' lang='lat' dir='ltr'><strong>istorum</strong></span> <span class='ocrx_word' id='word_1_379' title='bbox 565 4908 945 4984; x_wconf 60' lang='lat' dir='ltr'><strong>haereticorqu</strong></span> <span class='ocrx_word' id='word_1_380' title='bbox 984 4902 1195 4976; x_wconf 89' lang='lat' dir='ltr'><strong>quando</strong></span> <span class='ocrx_word' id='word_1_381' title='bbox 1247 4898 1660 4966; x_wconf 87' lang='lat' dir='ltr'><strong>demonstrabo,</strong></span> <span class='ocrx_word' id='word_1_382' title='bbox 1715 4909 1874 4967; x_wconf 89' lang='lat' dir='ltr'><strong>quam</strong></span> 
     </span>
    </p>
   </div>
   <div class='ocr_carea' id='block_1_51' title="bbox 285 4981 1876 5073">
    <p class='ocr_par' dir='ltr' id='par_1_51' title="bbox 285 4981 1876 5073">
     <span class='ocr_line' id='line_1_51' title="bbox 285 4981 1876 5073; baseline -0.013 -13"><span class='ocrx_word' id='word_1_383' title='bbox 285 5005 388 5060; x_wconf 89' lang='lat' dir='ltr'><strong>vim</strong></span> <span class='ocrx_word' id='word_1_384' title='bbox 405 5003 607 5059; x_wconf 86' lang='lat' dir='ltr'><strong>habeat</strong></span> <span class='ocrx_word' id='word_1_385' title='bbox 623 5000 768 5073; x_wconf 90' lang='lat' dir='ltr'><strong>quod</strong></span> <span class='ocrx_word' id='word_1_386' title='bbox 788 5000 840 5054; x_wconf 89' lang='lat' dir='ltr'><strong>in</strong></span> <span class='ocrx_word' id='word_1_387' title='bbox 859 4981 1088 5054; x_wconf 89' lang='lat' dir='ltr'><strong>Psalmis</strong></span> <span class='ocrx_word' id='word_1_388' title='bbox 1108 4981 1348 5051; x_wconf 82' lang='lat' dir='ltr'><strong>canitur:</strong></span> <span class='ocrx_word' id='word_1_389' title='bbox 1370 4992 1688 5073; x_wconf 86' lang='lat' dir='ltr'><strong>Sacriﬁcium</strong></span> <span class='ocrx_word' id='word_1_390' title='bbox 1710 4987 1876 5043; x_wconf 78' lang='lat' dir='ltr'><strong>laudis</strong></span> 
     </span>
    </p>
   </div>
   <div class='ocr_carea' id='block_1_52' title="bbox 287 5071 1878 5168">
    <p class='ocr_par' dir='ltr' id='par_1_52' title="bbox 287 5071 1878 5168">
     <span class='ocr_line' id='line_1_52' title="bbox 287 5071 1878 5168; baseline -0.01 -16"><span class='ocrx_word' id='word_1_391' title='bbox 287 5097 593 5168; x_wconf 78' lang='lat' dir='ltr'><strong>gloriﬁcabit</strong></span> <span class='ocrx_word' id='word_1_392' title='bbox 617 5071 718 5160; x_wconf 76' lang='lat' dir='ltr'><strong>me,</strong></span> <span class='ocrx_word' id='word_1_393' title='bbox 750 5103 796 5148; x_wconf 84' lang='lat' dir='ltr'><strong>et</strong></span> <span class='ocrx_word' id='word_1_394' title='bbox 817 5091 926 5146; x_wconf 79' lang='lat' dir='ltr'><strong>illic</strong></span> <span class='ocrx_word' id='word_1_395' title='bbox 944 5090 1026 5145; x_wconf 82' lang='lat' dir='ltr'><strong>via</strong></span> <span class='ocrx_word' id='word_1_396' title='bbox 1053 5096 1146 5156; x_wconf 82' lang='lat' dir='ltr'><strong>est,</strong></span> <span class='ocrx_word' id='word_1_397' title='bbox 1170 5087 1255 5142; x_wconf 80' lang='lat' dir='ltr'><strong>ubi</strong></span> <span class='ocrx_word' id='word_1_398' title='bbox 1275 5071 1535 5141; x_wconf 73' lang='lat' dir='ltr'><strong>ostendam</strong></span> <span class='ocrx_word' id='word_1_399' title='bbox 1558 5083 1636 5138; x_wconf 80' lang='lat' dir='ltr'><strong>illi</strong></span> <span class='ocrx_word' id='word_1_400' title='bbox 1656 5081 1878 5138; x_wconf 84' lang='lat' dir='ltr'><strong>salutare</strong></span> 
     </span>
    </p>
   </div>
   <div class='ocr_carea' id='block_1_53' title="bbox 288 5171 1879 5260">
    <p class='ocr_par' dir='ltr' id='par_1_53' title="bbox 288 5171 1879 5260">
     <span class='ocr_line' id='line_1_53' title="bbox 288 5171 1879 5260; baseline -0.012 -15"><span class='ocrx_word' id='word_1_401' title='bbox 288 5207 452 5244; x_wconf 84' lang='lat' dir='ltr'><strong>meum</strong></span> <span class='ocrx_word' id='word_1_402' title='bbox 473 5187 646 5260; x_wconf 78' lang='lat' dir='ltr'><strong>(Psal.</strong></span> <span class='ocrx_word' id='word_1_403' title='bbox 671 5201 815 5252; x_wconf 74' lang='lat' dir='ltr'><strong>XLIX,</strong></span> <span class='ocrx_word' id='word_1_404' title='bbox 836 5183 968 5254; x_wconf 69' lang='lat'><strong>25)?</strong></span> <span class='ocrx_word' id='word_1_405' title='bbox 993 5180 1160 5250; x_wconf 87' lang='lat' dir='ltr'><strong>Hujus</strong></span> <span class='ocrx_word' id='word_1_406' title='bbox 1180 5178 1426 5234; x_wconf 89' lang='lat' dir='ltr'><strong>sacriﬁcii</strong></span> <span class='ocrx_word' id='word_1_407' title='bbox 1448 5190 1572 5232; x_wconf 89' lang='lat' dir='ltr'><strong>caro</strong></span> <span class='ocrx_word' id='word_1_408' title='bbox 1593 5183 1645 5228; x_wconf 89' lang='lat' dir='ltr'><strong>et</strong></span> <span class='ocrx_word' id='word_1_409' title='bbox 1665 5171 1879 5242; x_wconf 84' lang='lat' dir='ltr'><strong>sanguis</strong></span> 
     </span>
    </p>
   </div>
   <div class='ocr_carea' id='block_1_54' title="bbox 290 5265 1878 5344">
    <p class='ocr_par' dir='ltr' id='par_1_54' title="bbox 290 5265 1878 5344">
     <span class='ocr_line' id='line_1_54' title="bbox 290 5265 1878 5344; baseline -0.011 -9"><span class='ocrx_word' id='word_1_410' title='bbox 290 5290 412 5338; x_wconf 87' lang='lat' dir='ltr'><strong>ante</strong></span> <span class='ocrx_word' id='word_1_411' title='bbox 460 5279 751 5335; x_wconf 87' lang='lat' dir='ltr'><strong>adventum</strong></span> <span class='ocrx_word' id='word_1_412' title='bbox 777 5275 976 5331; x_wconf 89' lang='lat' dir='ltr'><strong>Christi</strong></span> <span class='ocrx_word' id='word_1_413' title='bbox 1025 5287 1120 5344; x_wconf 88' lang='lat' dir='ltr'><strong>per</strong></span> <span class='ocrx_word' id='word_1_414' title='bbox 1144 5270 1390 5326; x_wconf 87' lang='lat' dir='ltr'><strong>victimas</strong></span> <span class='ocrx_word' id='word_1_415' title='bbox 1425 5265 1829 5322; x_wconf 88' lang='lat' dir='ltr'><strong>similitudinum</strong></span> <span class='ocrx_word' id='word_1_416' title='bbox 1857 5265 1878 5296; x_wconf 80' lang='grc'>³</span> 
     </span>
    </p>
   </div>
   <div class='ocr_carea' id='block_1_55' title="bbox 292 5357 1884 5446">
    <p class='ocr_par' dir='ltr' id='par_1_55' title="bbox 292 5357 1884 5446">
     <span class='ocr_line' id='line_1_55' title="bbox 292 5357 1884 5446; baseline -0.012 -16"><span class='ocrx_word' id='word_1_417' title='bbox 292 5373 736 5446; x_wconf 87' lang='lat' dir='ltr'><strong>promittebatur;</strong></span> <span class='ocrx_word' id='word_1_418' title='bbox 770 5369 826 5424; x_wconf 89' lang='lat' dir='ltr'><strong>in</strong></span> <span class='ocrx_word' id='word_1_419' title='bbox 863 5367 1111 5439; x_wconf 90' lang='lat' dir='ltr'><strong>passione</strong></span> <span class='ocrx_word' id='word_1_420' title='bbox 1139 5364 1334 5420; x_wconf 84' lang='lat' dir='ltr'><strong>ChriSti</strong></span> <span class='ocrx_word' id='word_1_421' title='bbox 1366 5377 1461 5432; x_wconf 90' lang='lat' dir='ltr'><strong>per</strong></span> <span class='ocrx_word' id='word_1_422' title='bbox 1502 5361 1668 5432; x_wconf 88' lang='lat' dir='ltr'><strong>ipsam</strong></span> <span class='ocrx_word' id='word_1_423' title='bbox 1695 5357 1884 5414; x_wconf 84' lang='lat' dir='ltr'><strong>verita-</strong></span> 
     </span>
    </p>
   </div>
   <div class='ocr_carea' id='block_1_56' title="bbox 295 5452 1883 5532">
    <p class='ocr_par' dir='ltr' id='par_1_56' title="bbox 295 5452 1883 5532">
     <span class='ocr_line' id='line_1_56' title="bbox 295 5452 1883 5532; baseline -0.014 -7"><span class='ocrx_word' id='word_1_424' title='bbox 295 5477 402 5524; x_wconf 87' lang='lat' dir='ltr'><strong>tem</strong></span> <span class='ocrx_word' id='word_1_425' title='bbox 421 5465 780 5530; x_wconf 85' lang='lat' dir='ltr'><strong>reddebatur;</strong></span> <span class='ocrx_word' id='word_1_426' title='bbox 803 5469 924 5532; x_wconf 87' lang='lat' dir='ltr'><strong>post</strong></span> <span class='ocrx_word' id='word_1_427' title='bbox 943 5473 1222 5515; x_wconf 89' lang='lat' dir='ltr'><strong>ascensum</strong></span> <span class='ocrx_word' id='word_1_428' title='bbox 1243 5455 1439 5512; x_wconf 87' lang='lat' dir='ltr'><strong>Christi</strong></span> <span class='ocrx_word' id='word_1_429' title='bbox 1462 5469 1556 5525; x_wconf 90' lang='lat' dir='ltr'><strong>per</strong></span> <span class='ocrx_word' id='word_1_430' title='bbox 1576 5452 1883 5508; x_wconf 89' lang='lat' dir='ltr'><strong>Sacramen-</strong></span> 
     </span>
    </p>
   </div>
   <div class='ocr_carea' id='block_1_57' title="bbox 295 5544 1885 5621">
    <p class='ocr_par' dir='ltr' id='par_1_57' title="bbox 295 5544 1885 5621">
     <span class='ocr_line' id='line_1_57' title="bbox 295 5544 1885 5621; baseline -0.013 -3"><span class='ocrx_word' id='word_1_431' title='bbox 295 5570 407 5618; x_wconf 88' lang='lat' dir='ltr'><strong>tnm</strong></span> <span class='ocrx_word' id='word_1_432' title='bbox 434 5557 710 5615; x_wconf 90' lang='lat' dir='ltr'><strong>memoriae</strong></span> <span class='ocrx_word' id='word_1_433' title='bbox 734 5555 1068 5611; x_wconf 87' lang='lat' dir='ltr'><strong>celebratur:</strong></span> <span class='ocrx_word' id='word_1_434' title='bbox 1097 5565 1161 5606; x_wconf 91' lang='lat' dir='ltr'><strong>ac</strong></span> <span class='ocrx_word' id='word_1_435' title='bbox 1189 5565 1284 5621; x_wconf 90' lang='lat' dir='ltr'><strong>per</strong></span> <span class='ocrx_word' id='word_1_436' title='bbox 1304 5548 1406 5604; x_wconf 91' lang='lat' dir='ltr'><strong>hoc</strong></span> <span class='ocrx_word' id='word_1_437' title='bbox 1431 5555 1633 5603; x_wconf 89' lang='lat' dir='ltr'><strong>tantum</strong></span> <span class='ocrx_word' id='word_1_438' title='bbox 1661 5544 1885 5598; x_wconf 88' lang='lat' dir='ltr'><strong>interest</strong></span> 
     </span>
    </p>
   </div>
   <div class='ocr_carea' id='block_1_58' title="bbox 295 5641 1880 5716">
    <p class='ocr_par' dir='ltr' id='par_1_58' title="bbox 295 5641 1880 5716">
     <span class='ocr_line' id='line_1_58' title="bbox 295 5641 1880 5716; baseline -0.011 -10"><span class='ocrx_word' id='word_1_439' title='bbox 295 5652 436 5706; x_wconf 88' lang='lat' dir='ltr'><strong>inter</strong></span> <span class='ocrx_word' id='word_1_440' title='bbox 471 5647 731 5704; x_wconf 88' lang='lat' dir='ltr'><strong>sacriﬁcia</strong></span> <span class='ocrx_word' id='word_1_441' title='bbox 759 5645 1087 5716; x_wconf 84' lang='lat' dir='ltr'><strong>Paganorum</strong></span> <span class='ocrx_word' id='word_1_442' title='bbox 1123 5651 1178 5698; x_wconf 89' lang='lat' dir='ltr'><strong>et</strong></span> <span class='ocrx_word' id='word_1_443' title='bbox 1205 5641 1548 5697; x_wconf 82' lang='lat' dir='ltr'><strong>Hebraeorum</strong></span> <span class='ocrx_word' id='word_1_444' title='bbox 1573 5679 1591 5706; x_wconf 91' lang='lat'><strong>,</strong></span> <span class='ocrx_word' id='word_1_445' title='bbox 1617 5643 1880 5709; x_wconf 88' lang='lat' dir='ltr'><strong>quantum</strong></span> 
     </span>
    </p>
   </div>
   <div class='ocr_carea' id='block_1_59' title="bbox 360 5751 1884 5825">
    <p class='ocr_par' dir='ltr' id='par_1_59' title="bbox 360 5751 1884 5825">
     <span class='ocr_line' id='line_1_59' title="bbox 360 5751 1884 5825; baseline -0.007 -12"><span class='ocrx_word' id='word_1_446' title='bbox 360 5764 381 5795; x_wconf 72' lang='grc' dir='ltr'><strong><em>ι</em></strong></span> <span class='ocrx_word' id='word_1_447' title='bbox 415 5763 502 5812; x_wconf 79' lang='lat' dir='ltr'><strong>Hic</strong></span> <span class='ocrx_word' id='word_1_448' title='bbox 522 5761 649 5825; x_wconf 85' lang='lat' dir='ltr'><strong>apud</strong></span> <span class='ocrx_word' id='word_1_449' title='bbox 672 5767 781 5811; x_wconf 85' lang='lat' dir='ltr'><strong>Lov.</strong></span> <span class='ocrx_word' id='word_1_450' title='bbox 804 5759 1016 5810; x_wconf 87' lang='lat' dir='ltr'><strong>additum</strong></span> <span class='ocrx_word' id='word_1_451' title='bbox 1036 5753 1323 5818; x_wconf 54' lang='lat' dir='ltr'><strong>fueragsive</strong></span> <span class='ocrx_word' id='word_1_452' title='bbox 1342 5759 1393 5806; x_wconf 86' lang='lat' dir='ltr'><strong>ut</strong></span> <span class='ocrx_word' id='word_1_453' title='bbox 1410 5753 1764 5820; x_wconf 73' lang='lat' dir='ltr'><strong>condemnetur.</strong></span> <span class='ocrx_word' id='word_1_454' title='bbox 1788 5751 1884 5802; x_wconf 80' lang='lat' dir='ltr'><strong>Ab-</strong></span> 
     </span>
    </p>
   </div>
   <div class='ocr_carea' id='block_1_60' title="bbox 298 5826 936 5879">
    <p class='ocr_par' dir='ltr' id='par_1_60' title="bbox 298 5826 936 5879">
     <span class='ocr_line' id='line_1_60' title="bbox 298 5826 936 5879; baseline -0.013 1"><span class='ocrx_word' id='word_1_455' title='bbox 298 5832 380 5879; x_wconf 86' lang='lat' dir='ltr'><strong>est</strong></span> <span class='ocrx_word' id='word_1_456' title='bbox 400 5826 463 5874; x_wconf 86' lang='lat' dir='ltr'><strong>ab</strong></span> <span class='ocrx_word' id='word_1_457' title='bbox 486 5833 583 5874; x_wconf 69' lang='lat' dir='ltr'><strong>am.</strong></span> <span class='ocrx_word' id='word_1_458' title='bbox 608 5831 682 5872; x_wconf 83' lang='lat' dir='ltr'><strong>Er.</strong></span> <span class='ocrx_word' id='word_1_459' title='bbox 709 5828 762 5872; x_wconf 89' lang='lat' dir='ltr'><strong>ct</strong></span> <span class='ocrx_word' id='word_1_460' title='bbox 783 5835 810 5870; x_wconf 90' lang='lat' dir='ltr'><strong>a</strong></span> <span class='ocrx_word' id='word_1_461' title='bbox 830 5827 936 5872; x_wconf 77' lang='lat' dir='ltr'><strong>Mss.</strong></span> 
     </span>
    </p>
   </div>
   <div class='ocr_carea' id='block_1_61' title="bbox 356 5876 1495 5950">
    <p class='ocr_par' dir='ltr' id='par_1_61' title="bbox 356 5876 1495 5950">
     <span class='ocr_line' id='line_1_61' title="bbox 356 5876 1495 5950; baseline -0.011 -8"><span class='ocrx_word' id='word_1_462' title='bbox 356 5876 375 5942; x_wconf 62' lang='grc' dir='ltr'><em>ζ</em></span> <span class='ocrx_word' id='word_1_463' title='bbox 417 5893 522 5940; x_wconf 82' lang='lat' dir='ltr'><strong>Duo</strong></span> <span class='ocrx_word' id='word_1_464' title='bbox 541 5893 668 5949; x_wconf 66' lang='lat' dir='ltr'><strong>Mss,</strong></span> <span class='ocrx_word' id='word_1_465' title='bbox 689 5896 778 5950; x_wconf 81' lang='lat' dir='ltr'><strong>per</strong></span> <span class='ocrx_word' id='word_1_466' title='bbox 798 5881 1099 5938; x_wconf 61' lang='lat' dir='ltr'><strong>nictﬁnamn</strong></span> 
     </span>
    </p>
   </div>
   <div class='ocr_carea' id='block_1_62' title="bbox 1567 367 2171 434">
    <p class='ocr_par' dir='ltr' id='par_1_62' title="bbox 1567 367 2171 434">
     <span class='ocr_line' id='line_1_62' title="bbox 1567 367 2171 434; baseline -0.008 0"><span class='ocrx_word' id='word_1_467' title='bbox 1567 371 1772 434; x_wconf 81' lang='lat' dir='ltr'><strong>LIBER</strong></span> <span class='ocrx_word' id='word_1_468' title='bbox 1806 367 2171 432; x_wconf 70' lang='lat' dir='ltr'><strong>VlGESlMUS</strong></span> 
     </span>
    </p>
   </div>
   <div class='ocr_carea' id='block_1_63' title="bbox 3369 362 3479 425">
    <p class='ocr_par' dir='ltr' id='par_1_63' title="bbox 3369 362 3479 425">
     <span class='ocr_line' id='line_1_63' title="bbox 3369 362 3479 425; baseline 0 -1"><span class='ocrx_word' id='word_1_469' title='bbox 3369 362 3479 425; x_wconf 73' lang='grc'><strong>586</strong></span> 
     </span>
    </p>
   </div>
   <div class='ocr_carea' id='block_1_64' title="bbox 1914 465 3496 558">
    <p class='ocr_par' dir='ltr' id='par_1_64' title="bbox 1914 465 3496 558">
     <span class='ocr_line' id='line_1_64' title="bbox 1914 465 3496 558; baseline -0.003 -13"><span class='ocrx_word' id='word_1_470' title='bbox 1914 489 2052 545; x_wconf 90' lang='lat' dir='ltr'><strong>inter</strong></span> <span class='ocrx_word' id='word_1_471' title='bbox 2080 486 2439 546; x_wconf 84' lang='lat' dir='ltr'><strong>imitationem</strong></span> <span class='ocrx_word' id='word_1_472' title='bbox 2467 493 2756 556; x_wconf 86' lang='lat' dir='ltr'><strong>errantem,</strong></span> <span class='ocrx_word' id='word_1_473' title='bbox 2778 491 2833 545; x_wconf 88' lang='lat' dir='ltr'><strong>et</strong></span> <span class='ocrx_word' id='word_1_474' title='bbox 2854 481 3338 558; x_wconf 80' lang='lat' dir='ltr'><strong>prteﬂgurationem</strong></span> <span class='ocrx_word' id='word_1_475' title='bbox 3353 465 3468 556; x_wconf 85' lang='lat' dir='ltr'><strong>prae</strong></span> <span class='ocrx_word' id='word_1_476' title='bbox 3490 511 3496 530; x_wconf 72' lang='grc' dir='ltr'><em>ς</em></span> 
     </span>
    </p>
   </div>
   <div class='ocr_carea' id='block_1_65' title="bbox 1915 576 3499 638">
    <p class='ocr_par' dir='ltr' id='par_1_65' title="bbox 1915 576 3499 638">
     <span class='ocr_line' id='line_1_65' title="bbox 1915 576 3499 638; baseline -0.001 -3"><span class='ocrx_word' id='word_1_477' title='bbox 1915 581 2267 638; x_wconf 88' lang='lat' dir='ltr'><strong>nuntiantem.</strong></span> <span class='ocrx_word' id='word_1_478' title='bbox 2295 581 2442 638; x_wconf 90' lang='lat' dir='ltr'><strong>Sicut</strong></span> <span class='ocrx_word' id='word_1_479' title='bbox 2471 590 2644 638; x_wconf 91' lang='lat' dir='ltr'><strong>autem</strong></span> <span class='ocrx_word' id='word_1_480' title='bbox 2688 597 2795 638; x_wconf 90' lang='lat' dir='ltr'><strong>non</strong></span> <span class='ocrx_word' id='word_1_481' title='bbox 2825 579 2948 636; x_wconf 91' lang='lat' dir='ltr'><strong>ideo</strong></span> <span class='ocrx_word' id='word_1_482' title='bbox 2996 578 3386 635; x_wconf 89' lang='lat' dir='ltr'><strong>contemnenda</strong></span> <span class='ocrx_word' id='word_1_483' title='bbox 3411 576 3499 634; x_wconf 88' lang='lat' dir='ltr'><strong>vel</strong></span> 
     </span>
    </p>
   </div>
   <div class='ocr_carea' id='block_1_66' title="bbox 1916 668 3502 744">
    <p class='ocr_par' dir='ltr' id='par_1_66' title="bbox 1916 668 3502 744">
     <span class='ocr_line' id='line_1_66' title="bbox 1916 668 3502 744; baseline -0.002 -18"><span class='ocrx_word' id='word_1_484' title='bbox 1916 670 2225 727; x_wconf 86' lang='lat' dir='ltr'><strong>detestanda</strong></span> <span class='ocrx_word' id='word_1_485' title='bbox 2272 679 2355 728; x_wconf 90' lang='lat' dir='ltr'><strong>est</strong></span> <span class='ocrx_word' id='word_1_486' title='bbox 2394 672 2670 744; x_wconf 87' lang='lat' dir='ltr'><strong>virginitas</strong></span> <span class='ocrx_word' id='word_1_487' title='bbox 2721 669 3225 736; x_wconf 89' lang='lat' dir='ltr'><strong>sanctimonialium,</strong></span> <span class='ocrx_word' id='word_1_488' title='bbox 3281 668 3404 741; x_wconf 90' lang='lat' dir='ltr'><strong>quia</strong></span> <span class='ocrx_word' id='word_1_489' title='bbox 3445 677 3502 724; x_wconf 90' lang='lat' dir='ltr'><strong>et</strong></span> 
     </span>
    </p>
   </div>
   <div class='ocr_carea' id='block_1_67' title="bbox 1917 762 3503 838">
    <p class='ocr_par' dir='ltr' id='par_1_67' title="bbox 1917 762 3503 838">
     <span class='ocr_line' id='line_1_67' title="bbox 1917 762 3503 838; baseline -0.001 -19"><span class='ocrx_word' id='word_1_490' title='bbox 1917 762 2158 822; x_wconf 79' lang='lat' dir='ltr'><strong>Vestales</strong></span> <span class='ocrx_word' id='word_1_491' title='bbox 2184 765 2416 838; x_wconf 87' lang='lat' dir='ltr'><strong>virgines</strong></span> <span class='ocrx_word' id='word_1_492' title='bbox 2443 765 2684 833; x_wconf 80' lang='lat' dir='ltr'><strong>inerunt;</strong></span> <span class='ocrx_word' id='word_1_493' title='bbox 2709 767 2786 822; x_wconf 89' lang='lat' dir='ltr'><strong>sic</strong></span> <span class='ocrx_word' id='word_1_494' title='bbox 2816 781 2920 820; x_wconf 91' lang='lat' dir='ltr'><strong>non</strong></span> <span class='ocrx_word' id='word_1_495' title='bbox 2957 764 3077 820; x_wconf 88' lang='lat' dir='ltr'><strong>ideo</strong></span> <span class='ocrx_word' id='word_1_496' title='bbox 3106 763 3503 833; x_wconf 89' lang='lat' dir='ltr'><strong>reprehenden-</strong></span> 
     </span>
    </p>
   </div>
   <div class='ocr_carea' id='block_1_68' title="bbox 1915 855 3502 928">
    <p class='ocr_par' dir='ltr' id='par_1_68' title="bbox 1915 855 3502 928">
     <span class='ocr_line' id='line_1_68' title="bbox 1915 855 3502 928; baseline -0.003 -16"><span class='ocrx_word' id='word_1_497' title='bbox 1915 857 1986 912; x_wconf 88' lang='lat' dir='ltr'><strong>da</strong></span> <span class='ocrx_word' id='word_1_498' title='bbox 2011 857 2271 913; x_wconf 87' lang='lat' dir='ltr'><strong>sacriﬁcia</strong></span> <span class='ocrx_word' id='word_1_499' title='bbox 2297 858 2537 926; x_wconf 89' lang='lat' dir='ltr'><strong>Patrum,</strong></span> <span class='ocrx_word' id='word_1_500' title='bbox 2564 858 2684 928; x_wconf 91' lang='lat' dir='ltr'><strong>quia</strong></span> <span class='ocrx_word' id='word_1_501' title='bbox 2706 867 2828 913; x_wconf 86' lang='lat' dir='ltr'><strong>sunt</strong></span> <span class='ocrx_word' id='word_1_502' title='bbox 2853 867 2908 914; x_wconf 88' lang='lat' dir='ltr'><strong>et</strong></span> <span class='ocrx_word' id='word_1_503' title='bbox 2930 855 3188 912; x_wconf 88' lang='lat' dir='ltr'><strong>sacriﬁcia</strong></span> <span class='ocrx_word' id='word_1_504' title='bbox 3203 855 3451 910; x_wconf 89' lang='lat' dir='ltr'><strong>Gentium</strong></span> <span class='ocrx_word' id='word_1_505' title='bbox 3484 871 3502 908; x_wconf 87' lang='lat'><strong>:</strong></span> 
     </span>
    </p>
   </div>
   <div class='ocr_carea' id='block_1_69' title="bbox 1918 946 3495 1020">
    <p class='ocr_par' dir='ltr' id='par_1_69' title="bbox 1918 946 3495 1020">
     <span class='ocr_line' id='line_1_69' title="bbox 1918 946 3495 1020; baseline -0.003 -16"><span class='ocrx_word' id='word_1_506' title='bbox 1918 950 2039 1020; x_wconf 90' lang='lat' dir='ltr'><strong>quia</strong></span> <span class='ocrx_word' id='word_1_507' title='bbox 2092 949 2229 1005; x_wconf 91' lang='lat' dir='ltr'><strong>sicut</strong></span> <span class='ocrx_word' id='word_1_508' title='bbox 2275 951 2417 1005; x_wconf 89' lang='lat' dir='ltr'><strong>inter</strong></span> <span class='ocrx_word' id='word_1_509' title='bbox 2465 950 2583 1004; x_wconf 91' lang='lat' dir='ltr'><strong>illas</strong></span> <span class='ocrx_word' id='word_1_510' title='bbox 2629 950 2957 1020; x_wconf 80' lang='lat' dir='ltr'><strong>virginitatcs</strong></span> <span class='ocrx_word' id='word_1_511' title='bbox 3011 948 3234 1002; x_wconf 89' lang='lat' dir='ltr'><strong>multum</strong></span> <span class='ocrx_word' id='word_1_512' title='bbox 3287 946 3495 1011; x_wconf 88' lang='lat' dir='ltr'><strong>distat,</strong></span> 
     </span>
    </p>
   </div>
   <div class='ocr_carea' id='block_1_70' title="bbox 1919 1040 3507 1114">
    <p class='ocr_par' dir='ltr' id='par_1_70' title="bbox 1919 1040 3507 1114">
     <span class='ocr_line' id='line_1_70' title="bbox 1919 1040 3507 1114; baseline -0.001 -18"><span class='ocrx_word' id='word_1_513' title='bbox 1919 1043 2161 1114; x_wconf 88' lang='lat' dir='ltr'><strong>quamvis</strong></span> <span class='ocrx_word' id='word_1_514' title='bbox 2187 1042 2317 1098; x_wconf 88' lang='lat' dir='ltr'><strong>nihil</strong></span> <span class='ocrx_word' id='word_1_515' title='bbox 2345 1041 2488 1097; x_wconf 89' lang='lat' dir='ltr'><strong>aliud</strong></span> <span class='ocrx_word' id='word_1_516' title='bbox 2503 1043 2684 1106; x_wconf 91' lang='lat' dir='ltr'><strong>distet,</strong></span> <span class='ocrx_word' id='word_1_517' title='bbox 2708 1043 2808 1097; x_wconf 90' lang='lat' dir='ltr'><strong>nisi</strong></span> <span class='ocrx_word' id='word_1_518' title='bbox 2825 1056 2943 1112; x_wconf 90' lang='lat' dir='ltr'><strong>quae</strong></span> <span class='ocrx_word' id='word_1_519' title='bbox 2963 1040 3049 1096; x_wconf 91' lang='lat' dir='ltr'><strong>cui</strong></span> <span class='ocrx_word' id='word_1_520' title='bbox 3069 1047 3326 1096; x_wconf 88' lang='lat' dir='ltr'><strong>voveatur</strong></span> <span class='ocrx_word' id='word_1_521' title='bbox 3344 1048 3507 1108; x_wconf 88' lang='lat' dir='ltr'><strong>atque</strong></span> 
     </span>
    </p>
   </div>
   <div class='ocr_carea' id='block_1_71' title="bbox 1919 1132 3508 1203">
    <p class='ocr_par' dir='ltr' id='par_1_71' title="bbox 1919 1132 3508 1203">
     <span class='ocr_line' id='line_1_71' title="bbox 1919 1132 3508 1203; baseline -0.004 -13"><span class='ocrx_word' id='word_1_522' title='bbox 1919 1134 2201 1202; x_wconf 83' lang='lat' dir='ltr'><strong>reddatur;</strong></span> <span class='ocrx_word' id='word_1_523' title='bbox 2243 1135 2322 1190; x_wconf 90' lang='lat' dir='ltr'><strong>sic</strong></span> <span class='ocrx_word' id='word_1_524' title='bbox 2353 1135 2492 1190; x_wconf 87' lang='lat' dir='ltr'><strong>inter</strong></span> <span class='ocrx_word' id='word_1_525' title='bbox 2517 1133 2777 1190; x_wconf 87' lang='lat' dir='ltr'><strong>sacriﬁcia</strong></span> <span class='ocrx_word' id='word_1_526' title='bbox 2807 1134 3142 1203; x_wconf 85' lang='lat' dir='ltr'><strong>Paganorum</strong></span> <span class='ocrx_word' id='word_1_527' title='bbox 3167 1142 3221 1187; x_wconf 90' lang='lat' dir='ltr'><strong>et</strong></span> <span class='ocrx_word' id='word_1_528' title='bbox 3249 1132 3508 1187; x_wconf 73' lang='lat' dir='ltr'><strong>Hebraeo-</strong></span> 
     </span>
    </p>
   </div>
   <div class='ocr_carea' id='block_1_72' title="bbox 1920 1223 3505 1297">
    <p class='ocr_par' dir='ltr' id='par_1_72' title="bbox 1920 1223 3505 1297">
     <span class='ocr_line' id='line_1_72' title="bbox 1920 1223 3505 1297; baseline -0.004 -14"><span class='ocrx_word' id='word_1_529' title='bbox 1920 1244 2037 1283; x_wconf 90' lang='lat' dir='ltr'><strong>rum</strong></span> <span class='ocrx_word' id='word_1_530' title='bbox 2059 1229 2282 1283; x_wconf 90' lang='lat' dir='ltr'><strong>multum</strong></span> <span class='ocrx_word' id='word_1_531' title='bbox 2316 1227 2500 1295; x_wconf 91' lang='lat' dir='ltr'><strong>distat,</strong></span> <span class='ocrx_word' id='word_1_532' title='bbox 2528 1241 2594 1282; x_wconf 90' lang='lat' dir='ltr'><strong>eo</strong></span> <span class='ocrx_word' id='word_1_533' title='bbox 2618 1227 2757 1297; x_wconf 90' lang='lat' dir='ltr'><strong>ipso,</strong></span> <span class='ocrx_word' id='word_1_534' title='bbox 2800 1225 2940 1296; x_wconf 88' lang='lat' dir='ltr'><strong>quod</strong></span> <span class='ocrx_word' id='word_1_535' title='bbox 2968 1225 3070 1280; x_wconf 89' lang='lat' dir='ltr'><strong>hoc</strong></span> <span class='ocrx_word' id='word_1_536' title='bbox 3107 1224 3276 1280; x_wconf 90' lang='lat' dir='ltr'><strong>solum</strong></span> <span class='ocrx_word' id='word_1_537' title='bbox 3311 1223 3505 1290; x_wconf 90' lang='lat' dir='ltr'><strong>distat,</strong></span> 
     </span>
    </p>
   </div>
   <div class='ocr_carea' id='block_1_73' title="bbox 1923 1313 3509 1390">
    <p class='ocr_par' dir='ltr' id='par_1_73' title="bbox 1923 1313 3509 1390">
     <span class='ocr_line' id='line_1_73' title="bbox 1923 1313 3509 1390; baseline -0.004 -15"><span class='ocrx_word' id='word_1_538' title='bbox 1923 1334 2041 1390; x_wconf 74' lang='lat' dir='ltr'><strong>quae</strong></span> <span class='ocrx_word' id='word_1_539' title='bbox 2062 1321 2149 1375; x_wconf 81' lang='lat' dir='ltr'><strong>cui</strong></span> <span class='ocrx_word' id='word_1_540' title='bbox 2177 1321 2284 1374; x_wconf 91' lang='lat' dir='ltr'><strong>sint</strong></span> <span class='ocrx_word' id='word_1_541' title='bbox 2312 1319 2580 1374; x_wconf 89' lang='lat' dir='ltr'><strong>immolata</strong></span> <span class='ocrx_word' id='word_1_542' title='bbox 2611 1327 2665 1373; x_wconf 91' lang='lat' dir='ltr'><strong>et</strong></span> <span class='ocrx_word' id='word_1_543' title='bbox 2684 1317 2860 1372; x_wconf 89' lang='lat' dir='ltr'><strong>oblata</strong></span> <span class='ocrx_word' id='word_1_544' title='bbox 2890 1334 2904 1371; x_wconf 90' lang='lat'>:</span> <span class='ocrx_word' id='word_1_545' title='bbox 2929 1317 3017 1371; x_wconf 92' lang='lat' dir='ltr'><strong>illa</strong></span> <span class='ocrx_word' id='word_1_546' title='bbox 3037 1316 3238 1372; x_wconf 90' lang='lat' dir='ltr'><strong>scilicet</strong></span> <span class='ocrx_word' id='word_1_547' title='bbox 3265 1313 3509 1384; x_wconf 75' lang='lat' dir='ltr'><strong>superbae</strong></span> 
     </span>
    </p>
   </div>
   <div class='ocr_carea' id='block_1_74' title="bbox 1923 1409 3509 1482">
    <p class='ocr_par' dir='ltr' id='par_1_74' title="bbox 1923 1409 3509 1482">
     <span class='ocr_line' id='line_1_74' title="bbox 1923 1409 3509 1482; baseline -0.003 -16"><span class='ocrx_word' id='word_1_548' title='bbox 1923 1411 2181 1482; x_wconf 89' lang='lat' dir='ltr'><strong>impietati</strong></span> <span class='ocrx_word' id='word_1_549' title='bbox 2201 1412 2584 1468; x_wconf 86' lang='lat' dir='ltr'><strong>daemoniorum</strong></span> <span class='ocrx_word' id='word_1_550' title='bbox 2616 1411 2845 1481; x_wconf 93' lang='lat' dir='ltr'><strong>idipsum</strong></span> <span class='ocrx_word' id='word_1_551' title='bbox 2889 1410 2992 1465; x_wconf 91' lang='lat' dir='ltr'><strong>sibi</strong></span> <span class='ocrx_word' id='word_1_552' title='bbox 3021 1409 3090 1466; x_wconf 92' lang='lat' dir='ltr'><strong>ob</strong></span> <span class='ocrx_word' id='word_1_553' title='bbox 3119 1409 3223 1465; x_wconf 90' lang='lat' dir='ltr'><strong>hoc</strong></span> <span class='ocrx_word' id='word_1_554' title='bbox 3251 1422 3509 1479; x_wconf 85' lang='lat' dir='ltr'><strong>arrogan-</strong></span> 
     </span>
    </p>
   </div>
   <div class='ocr_carea' id='block_1_75' title="bbox 1930 1499 3514 1575">
    <p class='ocr_par' dir='ltr' id='par_1_75' title="bbox 1930 1499 3514 1575">
     <span class='ocr_line' id='line_1_75' title="bbox 1930 1499 3514 1575; baseline -0.004 -15"><span class='ocrx_word' id='word_1_555' title='bbox 1930 1505 2084 1573; x_wconf 90' lang='lat' dir='ltr'><strong>tium,</strong></span> <span class='ocrx_word' id='word_1_556' title='bbox 2113 1519 2217 1575; x_wconf 92' lang='lat' dir='ltr'><strong>quo</strong></span> <span class='ocrx_word' id='word_1_557' title='bbox 2261 1504 2583 1561; x_wconf 89' lang='lat' dir='ltr'><strong>haberentur</strong></span> <span class='ocrx_word' id='word_1_558' title='bbox 2634 1503 2729 1570; x_wconf 94' lang='lat' dir='ltr'><strong>dii,</strong></span> <span class='ocrx_word' id='word_1_559' title='bbox 2783 1502 2905 1573; x_wconf 88' lang='lat' dir='ltr'><strong>quia</strong></span> <span class='ocrx_word' id='word_1_560' title='bbox 2949 1501 3159 1557; x_wconf 90' lang='lat' dir='ltr'><strong>divinus</strong></span> <span class='ocrx_word' id='word_1_561' title='bbox 3207 1499 3378 1555; x_wconf 90' lang='lat' dir='ltr'><strong>honor</strong></span> <span class='ocrx_word' id='word_1_562' title='bbox 3427 1507 3514 1554; x_wconf 87' lang='lat' dir='ltr'><strong>est</strong></span> 
     </span>
    </p>
   </div>
   <div class='ocr_carea' id='block_1_76' title="bbox 1929 1591 3514 1663">
    <p class='ocr_par' dir='ltr' id='par_1_76' title="bbox 1929 1591 3514 1663">
     <span class='ocr_line' id='line_1_76' title="bbox 1929 1591 3514 1663; baseline -0.004 -10"><span class='ocrx_word' id='word_1_563' title='bbox 1929 1597 2284 1663; x_wconf 90' lang='lat' dir='ltr'><strong>sacriﬁcium;</strong></span> <span class='ocrx_word' id='word_1_564' title='bbox 2320 1598 2410 1653; x_wconf 92' lang='lat' dir='ltr'><strong>illa</strong></span> <span class='ocrx_word' id='word_1_565' title='bbox 2433 1612 2561 1653; x_wconf 91' lang='lat' dir='ltr'><strong>vero</strong></span> <span class='ocrx_word' id='word_1_566' title='bbox 2589 1596 2680 1652; x_wconf 92' lang='lat' dir='ltr'><strong>uni</strong></span> <span class='ocrx_word' id='word_1_567' title='bbox 2706 1596 2839 1658; x_wconf 90' lang='lat' dir='ltr'><strong>Deo,</strong></span> <span class='ocrx_word' id='word_1_568' title='bbox 2873 1603 2932 1649; x_wconf 90' lang='lat' dir='ltr'><strong>ut</strong></span> <span class='ocrx_word' id='word_1_569' title='bbox 2967 1595 3017 1648; x_wconf 91' lang='lat' dir='ltr'><strong>ei</strong></span> <span class='ocrx_word' id='word_1_570' title='bbox 3054 1593 3333 1648; x_wconf 81' lang='lat' dir='ltr'><strong>offerretur</strong></span> <span class='ocrx_word' id='word_1_571' title='bbox 3365 1591 3514 1646; x_wconf 92' lang='lat' dir='ltr'><strong>simi-</strong></span> 
     </span>
    </p>
   </div>
   <div class='ocr_carea' id='block_1_77' title="bbox 1927 1682 3515 1759">
    <p class='ocr_par' dir='ltr' id='par_1_77' title="bbox 1927 1682 3515 1759">
     <span class='ocr_line' id='line_1_77' title="bbox 1927 1682 3515 1759; baseline -0.003 -16"><span class='ocrx_word' id='word_1_572' title='bbox 1927 1688 2096 1744; x_wconf 86' lang='lat' dir='ltr'><strong>litudo</strong></span> <span class='ocrx_word' id='word_1_573' title='bbox 2123 1689 2440 1759; x_wconf 86' lang='lat' dir='ltr'><strong>promittens</strong></span> <span class='ocrx_word' id='word_1_574' title='bbox 2469 1688 2763 1753; x_wconf 18' lang='lat' dir='ltr'><strong>veritatem.</strong></span> <span class='ocrx_word' id='word_1_575' title='bbox 2794 1685 3075 1751; x_wconf 87' lang='lat' dir='ltr'><strong>sacriﬁcii,</strong></span> <span class='ocrx_word' id='word_1_576' title='bbox 3115 1683 3200 1738; x_wconf 92' lang='lat' dir='ltr'><strong>cui</strong></span> <span class='ocrx_word' id='word_1_577' title='bbox 3235 1693 3351 1740; x_wconf 86' lang='lat' dir='ltr'><strong>erat</strong></span> <span class='ocrx_word' id='word_1_578' title='bbox 3385 1682 3515 1738; x_wconf 53' lang='lat' dir='ltr'><strong>oll&#39;eé</strong></span> 
     </span>
    </p>
   </div>
   <div class='ocr_carea' id='block_1_78' title="bbox 1929 1775 3518 1852">
    <p class='ocr_par' dir='ltr' id='par_1_78' title="bbox 1929 1775 3518 1852">
     <span class='ocr_line' id='line_1_78' title="bbox 1929 1775 3518 1852; baseline -0.005 -14"><span class='ocrx_word' id='word_1_579' title='bbox 1929 1782 2094 1838; x_wconf 89' lang='lat' dir='ltr'><strong>renda</strong></span> <span class='ocrx_word' id='word_1_580' title='bbox 2125 1782 2236 1852; x_wconf 89' lang='lat' dir='ltr'><strong>ipsa</strong></span> <span class='ocrx_word' id='word_1_581' title='bbox 2257 1781 2467 1838; x_wconf 89' lang='lat' dir='ltr'><strong>reddita</strong></span> <span class='ocrx_word' id='word_1_582' title='bbox 2488 1781 2684 1836; x_wconf 89' lang='lat' dir='ltr'><strong>veritas</strong></span> <span class='ocrx_word' id='word_1_583' title='bbox 2705 1780 2756 1834; x_wconf 91' lang='lat' dir='ltr'><strong>in</strong></span> <span class='ocrx_word' id='word_1_584' title='bbox 2784 1777 3036 1849; x_wconf 89' lang='lat' dir='ltr'><strong>passione</strong></span> <span class='ocrx_word' id='word_1_585' title='bbox 3049 1775 3292 1848; x_wconf 88' lang='lat' dir='ltr'><strong>corporis</strong></span> <span class='ocrx_word' id='word_1_586' title='bbox 3316 1784 3366 1831; x_wconf 87' lang='lat' dir='ltr'><strong>et</strong></span> <span class='ocrx_word' id='word_1_587' title='bbox 3392 1789 3518 1831; x_wconf 87' lang='lat' dir='ltr'><strong>san-</strong></span> 
     </span>
    </p>
   </div>
   <div class='ocr_carea' id='block_1_79' title="bbox 1927 1874 2575 1947">
    <p class='ocr_par' dir='ltr' id='par_1_79' title="bbox 1927 1874 2575 1947">
     <span class='ocr_line' id='line_1_79' title="bbox 1927 1874 2575 1947; baseline -0.006 -17"><span class='ocrx_word' id='word_1_588' title='bbox 1927 1875 2103 1947; x_wconf 81' lang='lat' dir='ltr'><strong>guinis</strong></span> <span class='ocrx_word' id='word_1_589' title='bbox 2126 1874 2346 1929; x_wconf 86' lang='lat' dir='ltr'><strong>Christi.</strong></span> <span class='ocrx_word' id='word_1_590' title='bbox 2569 1883 2575 1886; x_wconf 75' lang='lat'><strong><em>‘</em></strong></span> 
     </span>
    </p>
   </div>
   <div class='ocr_carea' id='block_1_80' title="bbox 1941 1960 3515 2034">
    <p class='ocr_par' dir='ltr' id='par_1_80' title="bbox 1941 1960 3515 2034">
     <span class='ocr_line' id='line_1_80' title="bbox 1941 1960 3515 2034; baseline -0.003 -13"><span class='ocrx_word' id='word_1_591' title='bbox 1941 1998 1948 2004; x_wconf 93' lang='lat'><strong>-</strong></span> <span class='ocrx_word' id='word_1_592' title='bbox 1999 1965 2225 2023; x_wconf 91' lang='lat' dir='ltr'><strong>CAPUT</strong></span> <span class='ocrx_word' id='word_1_593' title='bbox 2251 1964 2416 2021; x_wconf 82' lang='lat' dir='ltr'><strong>XXII.</strong></span> <span class='ocrx_word' id='word_1_594' title='bbox 2443 1993 2516 2006; x_wconf 87' lang='lat'><strong>-—</strong></span> <span class='ocrx_word' id='word_1_595' title='bbox 2540 1963 2723 2034; x_wconf 89' lang='lat' dir='ltr'><strong>Neque</strong></span> <span class='ocrx_word' id='word_1_596' title='bbox 2752 1962 2917 2029; x_wconf 91' lang='lat' dir='ltr'><strong>enim,</strong></span> <span class='ocrx_word' id='word_1_597' title='bbox 2944 1961 3081 2017; x_wconf 92' lang='lat' dir='ltr'><strong>sicut</strong></span> <span class='ocrx_word' id='word_1_598' title='bbox 3109 1961 3338 2017; x_wconf 89' lang='lat' dir='ltr'><strong>Faustus</strong></span> <span class='ocrx_word' id='word_1_599' title='bbox 3360 1960 3515 2031; x_wconf 81' lang='lat' dir='ltr'><strong>dixit,</strong></span> 
     </span>
    </p>
   </div>
   <div class='ocr_carea' id='block_1_81' title="bbox 1931 2053 3522 2130">
    <p class='ocr_par' dir='ltr' id='par_1_81' title="bbox 1931 2053 3522 2130">
     <span class='ocr_line' id='line_1_81' title="bbox 1931 2053 3522 2130; baseline -0.003 -18"><span class='ocrx_word' id='word_1_600' title='bbox 1931 2058 2141 2130; x_wconf 88' lang='lat' dir='ltr'><strong>priores</strong></span> <span class='ocrx_word' id='word_1_601' title='bbox 2173 2058 2340 2112; x_wconf 89' lang='lat' dir='ltr'><strong>nostri</strong></span> <span class='ocrx_word' id='word_1_602' title='bbox 2367 2055 2539 2114; x_wconf 75' lang='lat' dir='ltr'><strong>Judtei</strong></span> <span class='ocrx_word' id='word_1_603' title='bbox 2573 2055 2833 2125; x_wconf 81' lang='lat' dir='ltr'><strong>segregati</strong></span> <span class='ocrx_word' id='word_1_604' title='bbox 2862 2068 2891 2108; x_wconf 92' lang='lat' dir='ltr'><strong>a</strong></span> <span class='ocrx_word' id='word_1_605' title='bbox 2917 2053 3178 2109; x_wconf 85' lang='lat' dir='ltr'><strong>Gentibus</strong></span> <span class='ocrx_word' id='word_1_606' title='bbox 3196 2091 3210 2118; x_wconf 94' lang='lat'><strong>,</strong></span> <span class='ocrx_word' id='word_1_607' title='bbox 3239 2067 3359 2108; x_wconf 91' lang='lat' dir='ltr'><strong>cum</strong></span> <span class='ocrx_word' id='word_1_608' title='bbox 3385 2060 3522 2108; x_wconf 87' lang='lat' dir='ltr'><strong>tem-</strong></span> 
     </span>
    </p>
   </div>
   <div class='ocr_carea' id='block_1_82' title="bbox 1939 2131 3521 2220">
    <p class='ocr_par' dir='ltr' id='par_1_82' title="bbox 1939 2131 3521 2220">
     <span class='ocr_line' id='line_1_82' title="bbox 1939 2131 3521 2220; baseline -0.003 -17"><span class='ocrx_word' id='word_1_609' title='bbox 1939 2149 2086 2220; x_wconf 91' lang='lat' dir='ltr'><strong>plum</strong></span> <span class='ocrx_word' id='word_1_610' title='bbox 2119 2148 2396 2215; x_wconf 70' lang='lat' dir='ltr'><strong>traherent,</strong></span> <span class='ocrx_word' id='word_1_611' title='bbox 2418 2156 2473 2202; x_wconf 87' lang='lat' dir='ltr'><strong>et</strong></span> <span class='ocrx_word' id='word_1_612' title='bbox 2497 2131 2906 2213; x_wconf 85' lang='lat' dir='ltr'><strong>immolationes,</strong></span> <span class='ocrx_word' id='word_1_613' title='bbox 2934 2153 2989 2200; x_wconf 92' lang='lat' dir='ltr'><strong>et</strong></span> <span class='ocrx_word' id='word_1_614' title='bbox 3018 2159 3158 2209; x_wconf 89' lang='lat' dir='ltr'><strong>aras,</strong></span> <span class='ocrx_word' id='word_1_615' title='bbox 3186 2152 3242 2200; x_wconf 90' lang='lat' dir='ltr'><strong>et</strong></span> <span class='ocrx_word' id='word_1_616' title='bbox 3269 2143 3521 2199; x_wconf 87' lang='lat' dir='ltr'><strong>sacerdo-</strong></span> 
     </span>
    </p>
   </div>
   <div class='ocr_carea' id='block_1_83' title="bbox 1934 2234 3526 2310">
    <p class='ocr_par' dir='ltr' id='par_1_83' title="bbox 1934 2234 3526 2310">
     <span class='ocr_line' id='line_1_83' title="bbox 1934 2234 3526 2310; baseline -0.004 -13"><span class='ocrx_word' id='word_1_617' title='bbox 1934 2243 2028 2307; x_wconf 85' lang='lat' dir='ltr'><strong>tia,</strong></span> <span class='ocrx_word' id='word_1_618' title='bbox 2055 2242 2356 2310; x_wconf 88' lang='lat' dir='ltr'><strong>sculpturas</strong></span> <span class='ocrx_word' id='word_1_619' title='bbox 2386 2239 2556 2295; x_wconf 88' lang='lat' dir='ltr'><strong>solum</strong></span> <span class='ocrx_word' id='word_1_620' title='bbox 2583 2237 2940 2303; x_wconf 89' lang='lat' dir='ltr'><strong>dimiserunt,</strong></span> <span class='ocrx_word' id='word_1_621' title='bbox 2973 2235 3025 2290; x_wconf 92' lang='lat' dir='ltr'><strong>id</strong></span> <span class='ocrx_word' id='word_1_622' title='bbox 3056 2242 3171 2300; x_wconf 89' lang='lat' dir='ltr'><strong>est,</strong></span> <span class='ocrx_word' id='word_1_623' title='bbox 3202 2234 3344 2290; x_wconf 91' lang='lat' dir='ltr'><strong>idola</strong></span> <span class='ocrx_word' id='word_1_624' title='bbox 3377 2251 3390 2288; x_wconf 92' lang='lat'><strong>:</strong></span> <span class='ocrx_word' id='word_1_625' title='bbox 3429 2249 3526 2305; x_wconf 78' lang='lat' dir='ltr'><strong>po-</strong></span> 
     </span>
    </p>
   </div>
   <div class='ocr_carea' id='block_1_84' title="bbox 1936 2324 3527 2394">
    <p class='ocr_par' dir='ltr' id='par_1_84' title="bbox 1936 2324 3527 2394">
     <span class='ocr_line' id='line_1_84' title="bbox 1936 2324 3527 2394; baseline -0.007 -4"><span class='ocrx_word' id='word_1_626' title='bbox 1936 2342 2109 2390; x_wconf 90' lang='lat' dir='ltr'><strong>terant</strong></span> <span class='ocrx_word' id='word_1_627' title='bbox 2135 2333 2277 2388; x_wconf 89' lang='lat' dir='ltr'><strong>enim</strong></span> <span class='ocrx_word' id='word_1_628' title='bbox 2303 2332 2440 2388; x_wconf 90' lang='lat' dir='ltr'><strong>sicut</strong></span> <span class='ocrx_word' id='word_1_629' title='bbox 2462 2328 2735 2394; x_wconf 88' lang='lat' dir='ltr'><strong>nonnulli,</strong></span> <span class='ocrx_word' id='word_1_630' title='bbox 2767 2329 2926 2384; x_wconf 89' lang='lat' dir='ltr'><strong>etiam</strong></span> <span class='ocrx_word' id='word_1_631' title='bbox 2950 2326 3066 2381; x_wconf 88' lang='lat' dir='ltr'><strong>sine</strong></span> <span class='ocrx_word' id='word_1_632' title='bbox 3091 2325 3351 2380; x_wconf 88' lang='lat' dir='ltr'><strong>idolorum</strong></span> <span class='ocrx_word' id='word_1_633' title='bbox 3379 2324 3527 2380; x_wconf 84' lang='lat' dir='ltr'><strong>scul-</strong></span> 
     </span>
    </p>
   </div>
   <div class='ocr_carea' id='block_1_85' title="bbox 1936 2416 3528 2499">
    <p class='ocr_par' dir='ltr' id='par_1_85' title="bbox 1936 2416 3528 2499">
     <span class='ocr_line' id='line_1_85' title="bbox 1936 2416 3528 2499; baseline -0.007 -16"><span class='ocrx_word' id='word_1_634' title='bbox 1936 2427 2142 2499; x_wconf 89' lang='lat' dir='ltr'><strong>pturis,</strong></span> <span class='ocrx_word' id='word_1_635' title='bbox 2177 2425 2493 2492; x_wconf 84' lang='lat' dir='ltr'><strong>arboribus,</strong></span> <span class='ocrx_word' id='word_1_636' title='bbox 2524 2434 2578 2478; x_wconf 92' lang='lat' dir='ltr'><strong>et</strong></span> <span class='ocrx_word' id='word_1_637' title='bbox 2602 2421 2892 2487; x_wconf 86' lang='lat' dir='ltr'><strong>montibus,</strong></span> <span class='ocrx_word' id='word_1_638' title='bbox 2924 2426 3194 2490; x_wconf 89' lang='lat' dir='ltr'><strong>postremo</strong></span> <span class='ocrx_word' id='word_1_639' title='bbox 3221 2417 3382 2472; x_wconf 89' lang='lat' dir='ltr'><strong>etiam</strong></span> <span class='ocrx_word' id='word_1_640' title='bbox 3427 2416 3528 2472; x_wconf 85' lang='lat' dir='ltr'><strong>soli</strong></span> 
     </span>
    </p>
   </div>
   <div class='ocr_carea' id='block_1_86' title="bbox 1941 2507 3531 2588">
    <p class='ocr_par' dir='ltr' id='par_1_86' title="bbox 1941 2507 3531 2588">
     <span class='ocr_line' id='line_1_86' title="bbox 1941 2507 3531 2588; baseline -0.006 -14"><span class='ocrx_word' id='word_1_641' title='bbox 1941 2535 2004 2576; x_wconf 92' lang='lat' dir='ltr'><strong>ac</strong></span> <span class='ocrx_word' id='word_1_642' title='bbox 2033 2520 2172 2575; x_wconf 84' lang='lat' dir='ltr'><strong>lunae</strong></span> <span class='ocrx_word' id='word_1_643' title='bbox 2197 2518 2510 2588; x_wconf 83' lang='lat' dir='ltr'><strong>caeterisque</strong></span> <span class='ocrx_word' id='word_1_644' title='bbox 2535 2513 2795 2572; x_wconf 88' lang='lat' dir='ltr'><strong>sideribus</strong></span> <span class='ocrx_word' id='word_1_645' title='bbox 2823 2511 3117 2566; x_wconf 90' lang='lat' dir='ltr'><strong>immolare.</strong></span> <span class='ocrx_word' id='word_1_646' title='bbox 3144 2507 3294 2578; x_wconf 86' lang='lat' dir='ltr'><strong>Quod</strong></span> <span class='ocrx_word' id='word_1_647' title='bbox 3321 2508 3367 2562; x_wconf 90' lang='lat' dir='ltr'><strong>si</strong></span> <span class='ocrx_word' id='word_1_648' title='bbox 3387 2507 3531 2564; x_wconf 79' lang='lat' dir='ltr'><strong>face-</strong></span> 
     </span>
    </p>
   </div>
   <div class='ocr_carea' id='block_1_87' title="bbox 1939 2601 3532 2683">
    <p class='ocr_par' dir='ltr' id='par_1_87' title="bbox 1939 2601 3532 2683">
     <span class='ocr_line' id='line_1_87' title="bbox 1939 2601 3532 2683; baseline -0.01 -14"><span class='ocrx_word' id='word_1_649' title='bbox 1939 2620 2057 2669; x_wconf 89' lang='lat' dir='ltr'><strong>rent</strong></span> <span class='ocrx_word' id='word_1_650' title='bbox 2083 2627 2178 2683; x_wconf 86' lang='lat' dir='ltr'><strong>per</strong></span> <span class='ocrx_word' id='word_1_651' title='bbox 2199 2611 2345 2666; x_wconf 87' lang='lat' dir='ltr'><strong>illum</strong></span> <span class='ocrx_word' id='word_1_652' title='bbox 2376 2610 2600 2674; x_wconf 87' lang='lat' dir='ltr'><strong>cultum,</strong></span> <span class='ocrx_word' id='word_1_653' title='bbox 2628 2621 2746 2677; x_wconf 69' lang='lat' dir='ltr'><strong>qua:</strong></span> <span class='ocrx_word' id='word_1_654' title='bbox 2798 2603 2952 2659; x_wconf 89' lang='lat' dir='ltr'><strong>latria</strong></span> <span class='ocrx_word' id='word_1_655' title='bbox 2997 2601 3217 2666; x_wconf 90' lang='lat' dir='ltr'><strong>dicitur,</strong></span> <span class='ocrx_word' id='word_1_656' title='bbox 3271 2609 3532 2656; x_wconf 80' lang='lat' dir='ltr'><strong>creaturae</strong></span> 
     </span>
    </p>
   </div>
   <div class='ocr_carea' id='block_1_88' title="bbox 1941 2690 3534 2778">
    <p class='ocr_par' dir='ltr' id='par_1_88' title="bbox 1941 2690 3534 2778">
     <span class='ocr_line' id='line_1_88' title="bbox 1941 2690 3534 2778; baseline -0.011 -16"><span class='ocrx_word' id='word_1_657' title='bbox 1941 2707 2119 2778; x_wconf 91' lang='lat' dir='ltr'><strong>potius</strong></span> <span class='ocrx_word' id='word_1_658' title='bbox 2153 2720 2311 2776; x_wconf 89' lang='lat' dir='ltr'><strong>quam</strong></span> <span class='ocrx_word' id='word_1_659' title='bbox 2357 2700 2594 2758; x_wconf 89' lang='lat' dir='ltr'><strong>Creatori</strong></span> <span class='ocrx_word' id='word_1_660' title='bbox 2638 2696 3014 2759; x_wconf 88' lang='lat' dir='ltr'><strong>servientibus,</strong></span> <span class='ocrx_word' id='word_1_661' title='bbox 3059 2701 3115 2748; x_wconf 89' lang='lat' dir='ltr'><strong>et</strong></span> <span class='ocrx_word' id='word_1_662' title='bbox 3160 2691 3227 2748; x_wconf 93' lang='lat' dir='ltr'><strong>ob</strong></span> <span class='ocrx_word' id='word_1_663' title='bbox 3277 2690 3380 2745; x_wconf 87' lang='lat' dir='ltr'><strong>hoc</strong></span> <span class='ocrx_word' id='word_1_664' title='bbox 3423 2704 3534 2745; x_wconf 87' lang='lat' dir='ltr'><strong>non</strong></span> 
     </span>
    </p>
   </div>
   <div class='ocr_carea' id='block_1_89' title="bbox 1944 2781 3534 2868">
    <p class='ocr_par' dir='ltr' id='par_1_89' title="bbox 1944 2781 3534 2868">
     <span class='ocr_line' id='line_1_89' title="bbox 1944 2781 3534 2868; baseline -0.011 -16"><span class='ocrx_word' id='word_1_665' title='bbox 1944 2811 2107 2868; x_wconf 90' lang='lat' dir='ltr'><strong>parvo</strong></span> <span class='ocrx_word' id='word_1_666' title='bbox 2129 2797 2272 2851; x_wconf 91' lang='lat' dir='ltr'><strong>malo</strong></span> <span class='ocrx_word' id='word_1_667' title='bbox 2298 2793 2471 2863; x_wconf 72' lang='lat' dir='ltr'><strong>impia:</strong></span> <span class='ocrx_word' id='word_1_668' title='bbox 2499 2787 2889 2861; x_wconf 91' lang='lat' dir='ltr'><strong>superstitionis</strong></span> <span class='ocrx_word' id='word_1_669' title='bbox 2909 2783 3233 2848; x_wconf 90' lang='lat' dir='ltr'><strong>errantibus,</strong></span> <span class='ocrx_word' id='word_1_670' title='bbox 3260 2781 3534 2837; x_wconf 87' lang='lat' dir='ltr'><strong>nihilomi-</strong></span> 
     </span>
    </p>
   </div>
   <div class='ocr_carea' id='block_1_90' title="bbox 1946 2866 3536 2955">
    <p class='ocr_par' dir='ltr' id='par_1_90' title="bbox 1946 2866 3536 2955">
     <span class='ocr_line' id='line_1_90' title="bbox 1946 2866 3536 2955; baseline -0.012 -10"><span class='ocrx_word' id='word_1_671' title='bbox 1946 2866 2046 2944; x_wconf 76' lang='lat' dir='ltr'><strong>nus</strong></span> <span class='ocrx_word' id='word_1_672' title='bbox 2073 2886 2334 2943; x_wconf 84' lang='lat' dir='ltr'><strong>daemonia</strong></span> <span class='ocrx_word' id='word_1_673' title='bbox 2360 2899 2420 2940; x_wconf 89' lang='lat' dir='ltr'><strong>se</strong></span> <span class='ocrx_word' id='word_1_674' title='bbox 2449 2881 2750 2955; x_wconf 65' lang='lat' dir='ltr'><strong>praeberent</strong></span> <span class='ocrx_word' id='word_1_675' title='bbox 2791 2879 2856 2934; x_wconf 89' lang='lat' dir='ltr'><strong>ad</strong></span> <span class='ocrx_word' id='word_1_676' title='bbox 2887 2866 2982 2934; x_wconf 88' lang='lat' dir='ltr'><strong>eos</strong></span> <span class='ocrx_word' id='word_1_677' title='bbox 3010 2874 3310 2931; x_wconf 90' lang='lat' dir='ltr'><strong>illudendos</strong></span> <span class='ocrx_word' id='word_1_678' title='bbox 3331 2913 3346 2939; x_wconf 93' lang='lat'><strong>,</strong></span> <span class='ocrx_word' id='word_1_679' title='bbox 3377 2881 3432 2928; x_wconf 90' lang='lat' dir='ltr'><strong>et</strong></span> <span class='ocrx_word' id='word_1_680' title='bbox 3468 2871 3536 2927; x_wconf 92' lang='lat' dir='ltr'><strong>ab</strong></span> 
     </span>
    </p>
   </div>
   <div class='ocr_carea' id='block_1_91' title="bbox 1947 2964 3536 3048">
    <p class='ocr_par' dir='ltr' id='par_1_91' title="bbox 1947 2964 3536 3048">
     <span class='ocr_line' id='line_1_91' title="bbox 1947 2964 3536 3048; baseline -0.011 -11"><span class='ocrx_word' id='word_1_681' title='bbox 1947 2981 2026 3037; x_wconf 89' lang='lat' dir='ltr'><strong>eis</strong></span> <span class='ocrx_word' id='word_1_682' title='bbox 2061 2978 2316 3036; x_wconf 88' lang='lat' dir='ltr'><strong>sumenda</strong></span> <span class='ocrx_word' id='word_1_683' title='bbox 2335 3019 2349 3044; x_wconf 93' lang='lat'><strong>,</strong></span> <span class='ocrx_word' id='word_1_684' title='bbox 2376 2991 2495 3048; x_wconf 88' lang='lat' dir='ltr'><strong>quae</strong></span> <span class='ocrx_word' id='word_1_685' title='bbox 2520 2975 2598 3030; x_wconf 92' lang='lat' dir='ltr'><strong>sic</strong></span> <span class='ocrx_word' id='word_1_686' title='bbox 2623 2973 2956 3029; x_wconf 88' lang='lat' dir='ltr'><strong>obtulissent.</strong></span> <span class='ocrx_word' id='word_1_687' title='bbox 2989 2968 3070 3024; x_wconf 86' lang='lat' dir='ltr'><strong>Illi</strong></span> <span class='ocrx_word' id='word_1_688' title='bbox 3094 2968 3290 3039; x_wconf 90' lang='lat' dir='ltr'><strong>quippe</strong></span> <span class='ocrx_word' id='word_1_689' title='bbox 3322 2964 3536 3036; x_wconf 89' lang='lat' dir='ltr'><strong>superbi</strong></span> 
     </span>
    </p>
   </div>
   <div class='ocr_carea' id='block_1_92' title="bbox 1951 3057 3537 3142">
    <p class='ocr_par' dir='ltr' id='par_1_92' title="bbox 1951 3057 3537 3142">
     <span class='ocr_line' id='line_1_92' title="bbox 1951 3057 3537 3142; baseline -0.011 -13"><span class='ocrx_word' id='word_1_690' title='bbox 1951 3079 2008 3129; x_wconf 88' lang='lat' dir='ltr'><strong>et</strong></span> <span class='ocrx_word' id='word_1_691' title='bbox 2035 3071 2182 3142; x_wconf 92' lang='lat' dir='ltr'><strong>impii</strong></span> <span class='ocrx_word' id='word_1_692' title='bbox 2210 3069 2427 3140; x_wconf 90' lang='lat' dir='ltr'><strong>spiritus</strong></span> <span class='ocrx_word' id='word_1_693' title='bbox 2451 3109 2467 3135; x_wconf 92' lang='lat'><strong>,</strong></span> <span class='ocrx_word' id='word_1_694' title='bbox 2496 3081 2601 3122; x_wconf 91' lang='lat' dir='ltr'><strong>non</strong></span> <span class='ocrx_word' id='word_1_695' title='bbox 2631 3065 2816 3120; x_wconf 89' lang='lat' dir='ltr'><strong>nidore</strong></span> <span class='ocrx_word' id='word_1_696' title='bbox 2847 3078 2909 3118; x_wconf 90' lang='lat' dir='ltr'><strong>ac</strong></span> <span class='ocrx_word' id='word_1_697' title='bbox 2935 3061 3104 3128; x_wconf 83' lang='lat' dir='ltr'><strong>fumo,</strong></span> <span class='ocrx_word' id='word_1_698' title='bbox 3126 3060 3264 3115; x_wconf 91' lang='lat' dir='ltr'><strong>sicut</strong></span> <span class='ocrx_word' id='word_1_699' title='bbox 3297 3057 3537 3113; x_wconf 88' lang='lat' dir='ltr'><strong>nonnulli</strong></span> 
     </span>
    </p>
   </div>
   <div class='ocr_carea' id='block_1_93' title="bbox 1951 3151 3617 3235">
    <p class='ocr_par' dir='ltr' id='par_1_93' title="bbox 1951 3151 3617 3235">
     <span class='ocr_line' id='line_1_93' title="bbox 1951 3151 3617 3235; baseline -0.013 -14"><span class='ocrx_word' id='word_1_700' title='bbox 1951 3165 2072 3220; x_wconf 89' lang='lat' dir='ltr'><strong>vani</strong></span> <span class='ocrx_word' id='word_1_701' title='bbox 2101 3164 2386 3235; x_wconf 90' lang='lat' dir='ltr'><strong>cpinantur</strong></span> <span class='ocrx_word' id='word_1_702' title='bbox 2408 3203 2422 3227; x_wconf 94' lang='lat'><strong>,</strong></span> <span class='ocrx_word' id='word_1_703' title='bbox 2451 3160 2542 3215; x_wconf 91' lang='lat' dir='ltr'><strong>sed</strong></span> <span class='ocrx_word' id='word_1_704' title='bbox 2573 3157 2851 3213; x_wconf 89' lang='lat' dir='ltr'><strong>hominum</strong></span> <span class='ocrx_word' id='word_1_705' title='bbox 2891 3163 3181 3225; x_wconf 89' lang='lat' dir='ltr'><strong>pascuntur</strong></span> <span class='ocrx_word' id='word_1_706' title='bbox 3222 3151 3492 3207; x_wconf 90' lang='lat' dir='ltr'><strong>erroribus</strong></span> <span class='ocrx_word' id='word_1_707' title='bbox 3519 3163 3534 3201; x_wconf 88' lang='lat'><strong>:</strong></span> <span class='ocrx_word' id='word_1_708' title='bbox 3613 3219 3617 3223; x_wconf 17' lang='lat'><strong>‘</strong></span> 
     </span>
    </p>
   </div>
   <div class='ocr_carea' id='block_1_94' title="bbox 1951 3241 3536 3326">
    <p class='ocr_par' dir='ltr' id='par_1_94' title="bbox 1951 3241 3536 3326">
     <span class='ocr_line' id='line_1_94' title="bbox 1951 3241 3536 3326; baseline -0.013 -11"><span class='ocrx_word' id='word_1_709' title='bbox 1951 3273 2058 3315; x_wconf 89' lang='lat' dir='ltr'><strong>non</strong></span> <span class='ocrx_word' id='word_1_710' title='bbox 2070 3257 2152 3313; x_wconf 91' lang='lat' dir='ltr'><strong>sui</strong></span> <span class='ocrx_word' id='word_1_711' title='bbox 2164 3254 2402 3326; x_wconf 89' lang='lat' dir='ltr'><strong>corporis</strong></span> <span class='ocrx_word' id='word_1_712' title='bbox 2414 3251 2721 3313; x_wconf 81' lang='lat' dir='ltr'><strong>refectione,</strong></span> <span class='ocrx_word' id='word_1_713' title='bbox 2753 3247 2846 3303; x_wconf 90' lang='lat' dir='ltr'><strong>sed</strong></span> <span class='ocrx_word' id='word_1_714' title='bbox 2867 3245 3126 3302; x_wconf 88' lang='lat' dir='ltr'><strong>malevola</strong></span> <span class='ocrx_word' id='word_1_715' title='bbox 3142 3243 3493 3299; x_wconf 86' lang='lat' dir='ltr'><strong>delectatione</strong></span> <span class='ocrx_word' id='word_1_716' title='bbox 3517 3241 3536 3272; x_wconf 78' lang='grc'>⁸</span> 
     </span>
    </p>
   </div>
   <div class='ocr_carea' id='block_1_95' title="bbox 1953 3332 3542 3418">
    <p class='ocr_par' dir='ltr' id='par_1_95' title="bbox 1953 3332 3542 3418">
     <span class='ocr_line' id='line_1_95' title="bbox 1953 3332 3542 3418; baseline -0.011 -13"><span class='ocrx_word' id='word_1_717' title='bbox 1953 3364 2074 3405; x_wconf 90' lang='lat' dir='ltr'><strong>cum</strong></span> <span class='ocrx_word' id='word_1_718' title='bbox 2131 3362 2346 3418; x_wconf 89' lang='lat' dir='ltr'><strong>quoquo</strong></span> <span class='ocrx_word' id='word_1_719' title='bbox 2397 3343 2556 3399; x_wconf 85' lang='lat' dir='ltr'><strong>modo</strong></span> <span class='ocrx_word' id='word_1_720' title='bbox 2603 3339 2891 3410; x_wconf 89' lang='lat' dir='ltr'><strong>decipiunt,</strong></span> <span class='ocrx_word' id='word_1_721' title='bbox 2949 3337 3032 3392; x_wconf 89' lang='lat' dir='ltr'><strong>vel</strong></span> <span class='ocrx_word' id='word_1_722' title='bbox 3085 3335 3351 3405; x_wconf 83' lang='lat' dir='ltr'><strong>arroganti</strong></span> <span class='ocrx_word' id='word_1_723' title='bbox 3404 3332 3542 3388; x_wconf 75' lang='lat' dir='ltr'><strong>fastu</strong></span> 
     </span>
    </p>
   </div>
   <div class='ocr_carea' id='block_1_96' title="bbox 1955 3423 3543 3506">
    <p class='ocr_par' dir='ltr' id='par_1_96' title="bbox 1955 3423 3543 3506">
     <span class='ocr_line' id='line_1_96' title="bbox 1955 3423 3543 3506; baseline -0.012 -10"><span class='ocrx_word' id='word_1_724' title='bbox 1955 3441 2216 3496; x_wconf 87' lang='lat' dir='ltr'><strong>simulatae</strong></span> <span class='ocrx_word' id='word_1_725' title='bbox 2243 3435 2535 3506; x_wconf 87' lang='lat' dir='ltr'><strong>majcstatis</strong></span> <span class='ocrx_word' id='word_1_726' title='bbox 2564 3448 2683 3488; x_wconf 91' lang='lat' dir='ltr'><strong>cum</strong></span> <span class='ocrx_word' id='word_1_727' title='bbox 2713 3430 2920 3486; x_wconf 87' lang='lat' dir='ltr'><strong>divinos</strong></span> <span class='ocrx_word' id='word_1_728' title='bbox 2943 3427 3046 3484; x_wconf 90' lang='lat' dir='ltr'><strong>sibi</strong></span> <span class='ocrx_word' id='word_1_729' title='bbox 3070 3427 3303 3483; x_wconf 88' lang='lat' dir='ltr'><strong>honores</strong></span> <span class='ocrx_word' id='word_1_730' title='bbox 3322 3423 3543 3480; x_wconf 79' lang='lat' dir='ltr'><strong>exhibe-</strong></span> 
     </span>
    </p>
   </div>
   <div class='ocr_carea' id='block_1_97' title="bbox 1955 3514 3542 3600">
    <p class='ocr_par' dir='ltr' id='par_1_97' title="bbox 1955 3514 3542 3600">
     <span class='ocr_line' id='line_1_97' title="bbox 1955 3514 3542 3600; baseline -0.011 -13"><span class='ocrx_word' id='word_1_731' title='bbox 1955 3531 2001 3587; x_wconf 90' lang='lat' dir='ltr'><strong>ri</strong></span> <span class='ocrx_word' id='word_1_732' title='bbox 2030 3530 2340 3600; x_wconf 85' lang='lat' dir='ltr'><strong>gloriantur.</strong></span> <span class='ocrx_word' id='word_1_733' title='bbox 2371 3526 2490 3580; x_wconf 88' lang='lat' dir='ltr'><strong>Non</strong></span> <span class='ocrx_word' id='word_1_734' title='bbox 2511 3539 2638 3593; x_wconf 85' lang='lat' dir='ltr'><strong>ergo</strong></span> <span class='ocrx_word' id='word_1_735' title='bbox 2667 3521 2741 3577; x_wconf 91' lang='lat' dir='ltr'><strong>illi</strong></span> <span class='ocrx_word' id='word_1_736' title='bbox 2765 3529 2940 3590; x_wconf 88' lang='lat' dir='ltr'><strong>patres</strong></span> <span class='ocrx_word' id='word_1_737' title='bbox 2965 3518 3133 3574; x_wconf 92' lang='lat' dir='ltr'><strong>nostri</strong></span> <span class='ocrx_word' id='word_1_738' title='bbox 3159 3517 3272 3573; x_wconf 88' lang='lat' dir='ltr'><strong>sola</strong></span> <span class='ocrx_word' id='word_1_739' title='bbox 3291 3514 3542 3572; x_wconf 90' lang='lat' dir='ltr'><strong>Gentium</strong></span> 
     </span>
    </p>
   </div>
   <div class='ocr_carea' id='block_1_98' title="bbox 1957 3606 3542 3683">
    <p class='ocr_par' dir='ltr' id='par_1_98' title="bbox 1957 3606 3542 3683">
     <span class='ocr_line' id='line_1_98' title="bbox 1957 3606 3542 3683; baseline -0.012 -5"><span class='ocrx_word' id='word_1_740' title='bbox 1957 3622 2236 3678; x_wconf 89' lang='lat' dir='ltr'><strong>simulacra</strong></span> <span class='ocrx_word' id='word_1_741' title='bbox 2268 3618 2619 3680; x_wconf 89' lang='lat' dir='ltr'><strong>dimiserunt;</strong></span> <span class='ocrx_word' id='word_1_742' title='bbox 2654 3613 2748 3669; x_wconf 89' lang='lat' dir='ltr'><strong>sed</strong></span> <span class='ocrx_word' id='word_1_743' title='bbox 2779 3627 2953 3683; x_wconf 89' lang='lat' dir='ltr'><strong>neque</strong></span> <span class='ocrx_word' id='word_1_744' title='bbox 2986 3619 3143 3666; x_wconf 79' lang='lat' dir='ltr'><strong>terra:</strong></span> <span class='ocrx_word' id='word_1_745' title='bbox 3163 3649 3178 3676; x_wconf 93' lang='lat'><strong>,</strong></span> <span class='ocrx_word' id='word_1_746' title='bbox 3220 3623 3391 3678; x_wconf 88' lang='lat' dir='ltr'><strong>neque</strong></span> <span class='ocrx_word' id='word_1_747' title='bbox 3426 3606 3542 3662; x_wconf 90' lang='lat' dir='ltr'><strong>cui-</strong></span> 
     </span>
    </p>
   </div>
   <div class='ocr_carea' id='block_1_99' title="bbox 1958 3699 3544 3786">
    <p class='ocr_par' dir='ltr' id='par_1_99' title="bbox 1958 3699 3544 3786">
     <span class='ocr_line' id='line_1_99' title="bbox 1958 3699 3544 3786; baseline -0.011 -18"><span class='ocrx_word' id='word_1_748' title='bbox 1958 3729 2116 3786; x_wconf 91' lang='lat' dir='ltr'><strong>quam</strong></span> <span class='ocrx_word' id='word_1_749' title='bbox 2156 3721 2383 3766; x_wconf 87' lang='lat' dir='ltr'><strong>terrenae</strong></span> <span class='ocrx_word' id='word_1_750' title='bbox 2418 3708 2516 3775; x_wconf 91' lang='lat' dir='ltr'><strong>rei,</strong></span> <span class='ocrx_word' id='word_1_751' title='bbox 2543 3720 2717 3776; x_wconf 89' lang='lat' dir='ltr'><strong>neque</strong></span> <span class='ocrx_word' id='word_1_752' title='bbox 2759 3704 2913 3768; x_wconf 93' lang='lat' dir='ltr'><strong>mari,</strong></span> <span class='ocrx_word' id='word_1_753' title='bbox 2944 3715 3116 3772; x_wconf 87' lang='lat' dir='ltr'><strong>neque</strong></span> <span class='ocrx_word' id='word_1_754' title='bbox 3166 3699 3324 3766; x_wconf 74' lang='lat' dir='ltr'><strong>ctelo,</strong></span> <span class='ocrx_word' id='word_1_755' title='bbox 3371 3711 3544 3766; x_wconf 86' lang='lat' dir='ltr'><strong>neque</strong></span> 
     </span>
    </p>
   </div>
   <div class='ocr_carea' id='block_1_100' title="bbox 1958 3787 3546 3871">
    <p class='ocr_par' dir='ltr' id='par_1_100' title="bbox 1958 3787 3546 3871">
     <span class='ocr_line' id='line_1_100' title="bbox 1958 3787 3546 3871; baseline -0.012 -9"><span class='ocrx_word' id='word_1_756' title='bbox 1958 3805 2161 3862; x_wconf 67' lang='lat' dir='ltr'><strong>militiae</strong></span> <span class='ocrx_word' id='word_1_757' title='bbox 2201 3803 2322 3859; x_wconf 71' lang='lat' dir='ltr'><strong>coeli</strong></span> <span class='ocrx_word' id='word_1_758' title='bbox 2360 3800 2555 3871; x_wconf 89' lang='lat' dir='ltr'><strong>aliquid</strong></span> <span class='ocrx_word' id='word_1_759' title='bbox 2602 3797 2974 3863; x_wconf 89' lang='lat' dir='ltr'><strong>immolantes,</strong></span> <span class='ocrx_word' id='word_1_760' title='bbox 3026 3793 3116 3848; x_wconf 91' lang='lat' dir='ltr'><strong>uni</strong></span> <span class='ocrx_word' id='word_1_761' title='bbox 3168 3791 3278 3847; x_wconf 86' lang='lat' dir='ltr'><strong>Deo</strong></span> <span class='ocrx_word' id='word_1_762' title='bbox 3318 3787 3546 3846; x_wconf 86' lang='lat' dir='ltr'><strong>creatori</strong></span> 
     </span>
    </p>
   </div>
   <div class='ocr_carea' id='block_1_101' title="bbox 1961 3879 3544 3956">
    <p class='ocr_par' dir='ltr' id='par_1_101' title="bbox 1961 3879 3544 3956">
     <span class='ocr_line' id='line_1_101' title="bbox 1961 3879 3544 3956; baseline -0.012 -3"><span class='ocrx_word' id='word_1_763' title='bbox 1961 3896 2197 3953; x_wconf 91' lang='lat' dir='ltr'><strong>omnium</strong></span> <span class='ocrx_word' id='word_1_764' title='bbox 2224 3893 2465 3948; x_wconf 89' lang='lat' dir='ltr'><strong>victimas</strong></span> <span class='ocrx_word' id='word_1_765' title='bbox 2493 3889 2799 3945; x_wconf 85' lang='lat' dir='ltr'><strong>obtulerunt</strong></span> <span class='ocrx_word' id='word_1_766' title='bbox 2823 3903 2836 3940; x_wconf 92' lang='lat'><strong>:</strong></span> <span class='ocrx_word' id='word_1_767' title='bbox 2860 3891 2992 3956; x_wconf 79' lang='lat' dir='ltr'><strong>quas</strong></span> <span class='ocrx_word' id='word_1_768' title='bbox 3021 3882 3121 3938; x_wconf 90' lang='lat' dir='ltr'><strong>sibi</strong></span> <span class='ocrx_word' id='word_1_769' title='bbox 3147 3879 3328 3936; x_wconf 88' lang='lat' dir='ltr'><strong>oll&#39;erri</strong></span> <span class='ocrx_word' id='word_1_770' title='bbox 3359 3879 3544 3947; x_wconf 89' lang='lat' dir='ltr'><strong>voluit,</strong></span> 
     </span>
    </p>
   </div>
   <div class='ocr_carea' id='block_1_102' title="bbox 1960 3975 3543 4063">
    <p class='ocr_par' dir='ltr' id='par_1_102' title="bbox 1960 3975 3543 4063">
     <span class='ocr_line' id='line_1_102' title="bbox 1960 3975 3543 4063; baseline -0.015 -14"><span class='ocrx_word' id='word_1_771' title='bbox 1960 4007 2058 4063; x_wconf 89' lang='lat' dir='ltr'><strong>per</strong></span> <span class='ocrx_word' id='word_1_772' title='bbox 2073 3991 2254 4046; x_wconf 85' lang='lat' dir='ltr'><strong>earum</strong></span> <span class='ocrx_word' id='word_1_773' title='bbox 2282 3983 2682 4042; x_wconf 91' lang='lat' dir='ltr'><strong>similitudinem</strong></span> <span class='ocrx_word' id='word_1_774' title='bbox 2713 3980 3031 4052; x_wconf 85' lang='lat' dir='ltr'><strong>promittens</strong></span> <span class='ocrx_word' id='word_1_775' title='bbox 3049 3975 3319 4031; x_wconf 89' lang='lat' dir='ltr'><strong>victimam</strong></span> <span class='ocrx_word' id='word_1_776' title='bbox 3341 3987 3543 4041; x_wconf 90' lang='lat' dir='ltr'><strong>veram,</strong></span> 
     </span>
    </p>
   </div>
   <div class='ocr_carea' id='block_1_103' title="bbox 1964 4064 3549 4155">
    <p class='ocr_par' dir='ltr' id='par_1_103' title="bbox 1964 4064 3549 4155">
     <span class='ocr_line' id='line_1_103' title="bbox 1964 4064 3549 4155; baseline -0.014 -16"><span class='ocrx_word' id='word_1_777' title='bbox 1964 4100 2059 4155; x_wconf 91' lang='lat' dir='ltr'><strong>per</strong></span> <span class='ocrx_word' id='word_1_778' title='bbox 2084 4097 2240 4154; x_wconf 89' lang='lat' dir='ltr'><strong>quam</strong></span> <span class='ocrx_word' id='word_1_779' title='bbox 2269 4094 2366 4135; x_wconf 90' lang='lat' dir='ltr'><strong>nos</strong></span> <span class='ocrx_word' id='word_1_780' title='bbox 2393 4077 2494 4133; x_wconf 92' lang='lat' dir='ltr'><strong>sibi</strong></span> <span class='ocrx_word' id='word_1_781' title='bbox 2519 4084 2858 4147; x_wconf 86' lang='lat' dir='ltr'><strong>peccatorum</strong></span> <span class='ocrx_word' id='word_1_782' title='bbox 2883 4068 3202 4126; x_wconf 89' lang='lat' dir='ltr'><strong>remissione</strong></span> <span class='ocrx_word' id='word_1_783' title='bbox 3235 4064 3549 4122; x_wconf 89' lang='lat' dir='ltr'><strong>reconcilia-</strong></span> 
     </span>
    </p>
   </div>
   <div class='ocr_carea' id='block_1_104' title="bbox 1964 4157 3551 4232">
    <p class='ocr_par' dir='ltr' id='par_1_104' title="bbox 1964 4157 3551 4232">
     <span class='ocr_line' id='line_1_104' title="bbox 1964 4157 3551 4232; baseline -0.014 0"><span class='ocrx_word' id='word_1_784' title='bbox 1964 4177 2041 4232; x_wconf 89' lang='lat' dir='ltr'><strong>vit</strong></span> <span class='ocrx_word' id='word_1_785' title='bbox 2068 4176 2118 4229; x_wconf 93' lang='lat' dir='ltr'><strong>in</strong></span> <span class='ocrx_word' id='word_1_786' title='bbox 2147 4172 2360 4228; x_wconf 89' lang='lat' dir='ltr'><strong>Christo</strong></span> <span class='ocrx_word' id='word_1_787' title='bbox 2381 4169 2506 4224; x_wconf 86' lang='lat' dir='ltr'><strong>Jesu</strong></span> <span class='ocrx_word' id='word_1_788' title='bbox 2535 4167 2762 4222; x_wconf 91' lang='lat' dir='ltr'><strong>Domino</strong></span> <span class='ocrx_word' id='word_1_789' title='bbox 2797 4171 3004 4229; x_wconf 86' lang='lat' dir='ltr'><strong>nostro,</strong></span> <span class='ocrx_word' id='word_1_790' title='bbox 3031 4159 3184 4230; x_wconf 88' lang='lat' dir='ltr'><strong>cujus</strong></span> <span class='ocrx_word' id='word_1_791' title='bbox 3207 4157 3393 4229; x_wconf 89' lang='lat' dir='ltr'><strong>capitis</strong></span> <span class='ocrx_word' id='word_1_792' title='bbox 3428 4171 3551 4211; x_wconf 87' lang='lat' dir='ltr'><strong>cor-</strong></span> 
     </span>
    </p>
   </div>
   <div class='ocr_carea' id='block_1_105' title="bbox 1965 4247 3553 4340">
    <p class='ocr_par' dir='ltr' id='par_1_105' title="bbox 1965 4247 3553 4340">
     <span class='ocr_line' id='line_1_105' title="bbox 1965 4247 3553 4340; baseline -0.013 -19"><span class='ocrx_word' id='word_1_793' title='bbox 1965 4283 2066 4340; x_wconf 86' lang='lat' dir='ltr'><strong>pus</strong></span> <span class='ocrx_word' id='word_1_794' title='bbox 2085 4265 2303 4322; x_wconf 78' lang='lat' dir='ltr'><strong>eﬁ&#39;ectos</strong></span> <span class='ocrx_word' id='word_1_795' title='bbox 2329 4261 2511 4317; x_wconf 88' lang='lat' dir='ltr'><strong>ﬁdeles</strong></span> <span class='ocrx_word' id='word_1_796' title='bbox 2534 4257 2730 4313; x_wconf 85' lang='lat' dir='ltr'><strong>Paulus</strong></span> <span class='ocrx_word' id='word_1_797' title='bbox 2756 4254 3043 4324; x_wconf 86' lang='lat' dir='ltr'><strong>alloquitur</strong></span> <span class='ocrx_word' id='word_1_798' title='bbox 3077 4251 3260 4306; x_wconf 90' lang='lat' dir='ltr'><strong>dicens</strong></span> <span class='ocrx_word' id='word_1_799' title='bbox 3283 4291 3300 4318; x_wconf 90' lang='lat'><strong>,</strong></span> <span class='ocrx_word' id='word_1_800' title='bbox 3335 4247 3553 4303; x_wconf 81' lang='lat' dir='ltr'><strong>Obsecro</strong></span> 
     </span>
    </p>
   </div>
   <div class='ocr_carea' id='block_1_106' title="bbox 1969 4339 3554 4427">
    <p class='ocr_par' dir='ltr' id='par_1_106' title="bbox 1969 4339 3554 4427">
     <span class='ocr_line' id='line_1_106' title="bbox 1969 4339 3554 4427; baseline -0.013 -11"><span class='ocrx_word' id='word_1_801' title='bbox 1969 4370 2136 4415; x_wconf 88' lang='lat' dir='ltr'><strong>autem</strong></span> <span class='ocrx_word' id='word_1_802' title='bbox 2160 4374 2266 4423; x_wconf 81' lang='lat' dir='ltr'><strong>vos,</strong></span> <span class='ocrx_word' id='word_1_803' title='bbox 2297 4357 2500 4427; x_wconf 79' lang='lat' dir='ltr'><strong>fratres,</strong></span> <span class='ocrx_word' id='word_1_804' title='bbox 2530 4368 2618 4423; x_wconf 87' lang='lat' dir='ltr'><strong>per</strong></span> <span class='ocrx_word' id='word_1_805' title='bbox 2643 4347 3037 4404; x_wconf 78' lang='lat' dir='ltr'><strong>misericordiam</strong></span> <span class='ocrx_word' id='word_1_806' title='bbox 3061 4344 3177 4411; x_wconf 79' lang='lat' dir='ltr'><strong>Dei,</strong></span> <span class='ocrx_word' id='word_1_807' title='bbox 3200 4351 3252 4397; x_wconf 86' lang='lat' dir='ltr'><strong>ut</strong></span> <span class='ocrx_word' id='word_1_808' title='bbox 3281 4339 3554 4397; x_wconf 67' lang='lat' dir='ltr'><strong>exhibeam</strong></span> 
     </span>
    </p>
   </div>
   <div class='ocr_carea' id='block_1_107' title="bbox 1971 4432 3556 4525">
    <p class='ocr_par' dir='ltr' id='par_1_107' title="bbox 1971 4432 3556 4525">
     <span class='ocr_line' id='line_1_107' title="bbox 1971 4432 3556 4525; baseline -0.015 -16"><span class='ocrx_word' id='word_1_809' title='bbox 1971 4468 2184 4525; x_wconf 88' lang='lat' dir='ltr'><strong>corpora</strong></span> <span class='ocrx_word' id='word_1_810' title='bbox 2212 4459 2374 4504; x_wconf 79' lang='lat' dir='ltr'><strong>vestra</strong></span> <span class='ocrx_word' id='word_1_811' title='bbox 2399 4445 2614 4500; x_wconf 81' lang='lat' dir='ltr'><strong>hostiam</strong></span> <span class='ocrx_word' id='word_1_812' title='bbox 2651 4442 2833 4506; x_wconf 80' lang='lat' dir='ltr'><strong>vivam,</strong></span> <span class='ocrx_word' id='word_1_813' title='bbox 2866 4447 3113 4500; x_wconf 76' lang='lat' dir='ltr'><strong>sanctam,</strong></span> <span class='ocrx_word' id='word_1_814' title='bbox 3145 4433 3252 4489; x_wconf 90' lang='lat' dir='ltr'><strong>Deo</strong></span> <span class='ocrx_word' id='word_1_815' title='bbox 3277 4432 3556 4505; x_wconf 83' lang='lat' dir='ltr'><strong>placentem</strong></span> 
     </span>
    </p>
   </div>
   <div class='ocr_carea' id='block_1_108' title="bbox 1973 4525 3557 4618">
    <p class='ocr_par' dir='ltr' id='par_1_108' title="bbox 1973 4525 3557 4618">
     <span class='ocr_line' id='line_1_108' title="bbox 1973 4525 3557 4618; baseline -0.014 -17"><span class='ocrx_word' id='word_1_816' title='bbox 1973 4546 2148 4618; x_wconf 85' lang='lat' dir='ltr'><strong>(Rom.</strong></span> <span class='ocrx_word' id='word_1_817' title='bbox 2167 4560 2261 4610; x_wconf 81' lang='lat' dir='ltr'><strong>xu,</strong></span> <span class='ocrx_word' id='word_1_818' title='bbox 2282 4543 2359 4612; x_wconf 86' lang='grc'><strong>1).</strong></span> <span class='ocrx_word' id='word_1_819' title='bbox 2382 4538 2489 4595; x_wconf 87' lang='lat' dir='ltr'><strong>Sed</strong></span> <span class='ocrx_word' id='word_1_820' title='bbox 2502 4534 2777 4592; x_wconf 86' lang='lat' dir='ltr'><strong>Manicbaei</strong></span> <span class='ocrx_word' id='word_1_821' title='bbox 2797 4546 3018 4601; x_wconf 90' lang='lat' dir='ltr'><strong>corpora</strong></span> <span class='ocrx_word' id='word_1_822' title='bbox 3037 4529 3264 4584; x_wconf 89' lang='lat' dir='ltr'><strong>humana</strong></span> <span class='ocrx_word' id='word_1_823' title='bbox 3287 4525 3557 4598; x_wconf 89' lang='lat' dir='ltr'><strong>opiﬁcium</strong></span> 
     </span>
    </p>
   </div>
   <div class='ocr_carea' id='block_1_109' title="bbox 1975 4616 3560 4704">
    <p class='ocr_par' dir='ltr' id='par_1_109' title="bbox 1975 4616 3560 4704">
     <span class='ocr_line' id='line_1_109' title="bbox 1975 4616 3560 4704; baseline -0.015 -10"><span class='ocrx_word' id='word_1_824' title='bbox 1975 4616 2154 4695; x_wconf 88' lang='lat' dir='ltr'><strong>dicunt</strong></span> <span class='ocrx_word' id='word_1_825' title='bbox 2183 4649 2302 4690; x_wconf 90' lang='lat' dir='ltr'><strong>esse</strong></span> <span class='ocrx_word' id='word_1_826' title='bbox 2321 4631 2494 4704; x_wconf 85' lang='lat' dir='ltr'><strong>gentis</strong></span> <span class='ocrx_word' id='word_1_827' title='bbox 2523 4628 2884 4691; x_wconf 89' lang='lat' dir='ltr'><strong>tenebrarum,</strong></span> <span class='ocrx_word' id='word_1_828' title='bbox 2917 4631 2970 4678; x_wconf 89' lang='lat' dir='ltr'><strong>ct</strong></span> <span class='ocrx_word' id='word_1_829' title='bbox 2997 4635 3240 4677; x_wconf 84' lang='lat' dir='ltr'><strong>carceres</strong></span> <span class='ocrx_word' id='word_1_830' title='bbox 3262 4618 3452 4690; x_wconf 90' lang='lat' dir='ltr'><strong>quibus</strong></span> <span class='ocrx_word' id='word_1_831' title='bbox 3479 4616 3560 4670; x_wconf 85' lang='lat' dir='ltr'><strong>vi-</strong></span> 
     </span>
    </p>
   </div>
   <div class='ocr_carea' id='block_1_110' title="bbox 1975 4707 3560 4786">
    <p class='ocr_par' dir='ltr' id='par_1_110' title="bbox 1975 4707 3560 4786">
     <span class='ocr_line' id='line_1_110' title="bbox 1975 4707 3560 4786; baseline -0.015 0"><span class='ocrx_word' id='word_1_832' title='bbox 1975 4739 2092 4786; x_wconf 88' lang='lat' dir='ltr'><strong>ctus</strong></span> <span class='ocrx_word' id='word_1_833' title='bbox 2126 4727 2364 4783; x_wconf 90' lang='lat' dir='ltr'><strong>inclusus</strong></span> <span class='ocrx_word' id='word_1_834' title='bbox 2392 4731 2475 4780; x_wconf 90' lang='lat' dir='ltr'><strong>est</strong></span> <span class='ocrx_word' id='word_1_835' title='bbox 2505 4722 2682 4776; x_wconf 88' lang='lat' dir='ltr'><strong>Deus:</strong></span> <span class='ocrx_word' id='word_1_836' title='bbox 2718 4716 2858 4772; x_wconf 90' lang='lat' dir='ltr'><strong>unde</strong></span> <span class='ocrx_word' id='word_1_837' title='bbox 2900 4715 3056 4784; x_wconf 86' lang='lat' dir='ltr'><strong>longe</strong></span> <span class='ocrx_word' id='word_1_838' title='bbox 3090 4712 3233 4768; x_wconf 90' lang='lat' dir='ltr'><strong>aliud</strong></span> <span class='ocrx_word' id='word_1_839' title='bbox 3281 4707 3560 4765; x_wconf 88' lang='lat' dir='ltr'><strong>annuntiat</strong></span> 
     </span>
    </p>
   </div>
   <div class='ocr_carea' id='block_1_111' title="bbox 1975 4797 3561 4889">
    <p class='ocr_par' dir='ltr' id='par_1_111' title="bbox 1975 4797 3561 4889">
     <span class='ocr_line' id='line_1_111' title="bbox 1975 4797 3561 4889; baseline -0.018 -9"><span class='ocrx_word' id='word_1_840' title='bbox 1975 4824 2227 4889; x_wconf 87' lang='lat' dir='ltr'><strong>Faustus,</strong></span> <span class='ocrx_word' id='word_1_841' title='bbox 2270 4816 2412 4872; x_wconf 91' lang='lat' dir='ltr'><strong>aliud</strong></span> <span class='ocrx_word' id='word_1_842' title='bbox 2464 4813 2678 4870; x_wconf 89' lang='lat' dir='ltr'><strong>Paulus.</strong></span> <span class='ocrx_word' id='word_1_843' title='bbox 2713 4808 2819 4866; x_wconf 93' lang='lat' dir='ltr'><strong>Sed</strong></span> <span class='ocrx_word' id='word_1_844' title='bbox 2867 4807 3115 4878; x_wconf 90' lang='lat' dir='ltr'><strong>quoniam</strong></span> <span class='ocrx_word' id='word_1_845' title='bbox 3166 4801 3388 4874; x_wconf 77' lang='lat' dir='ltr'><strong>quisquis</strong></span> <span class='ocrx_word' id='word_1_846' title='bbox 3423 4797 3561 4852; x_wconf 75' lang='lat' dir='ltr'><strong>vobis</strong></span> 
     </span>
    </p>
   </div>
   <div class='ocr_carea' id='block_1_112' title="bbox 1967 4890 3564 4986">
    <p class='ocr_par' dir='ltr' id='par_1_112' title="bbox 1967 4890 3564 4986">
     <span class='ocr_line' id='line_1_112' title="bbox 1967 4890 3564 4986; baseline -0.019 -14"><span class='ocrx_word' id='word_1_847' title='bbox 1967 4911 2386 4986; x_wconf 35' lang='lat' dir='ltr'><strong>,evangelizaverit</strong></span> <span class='ocrx_word' id='word_1_848' title='bbox 2426 4917 2758 4981; x_wconf 72' lang='lat' dir='ltr'><strong>prazterquam</strong></span> <span class='ocrx_word' id='word_1_849' title='bbox 2798 4901 2933 4974; x_wconf 83' lang='lat' dir='ltr'><strong>quod</strong></span> <span class='ocrx_word' id='word_1_850' title='bbox 2975 4896 3252 4968; x_wconf 81' lang='lat' dir='ltr'><strong>accepistis,</strong></span> <span class='ocrx_word' id='word_1_851' title='bbox 3295 4890 3564 4945; x_wconf 84' lang='lat' dir='ltr'><strong>anathema</strong></span> 
     </span>
    </p>
   </div>
   <div class='ocr_carea' id='block_1_113' title="bbox 1981 4983 3564 5081">
    <p class='ocr_par' dir='ltr' id='par_1_113' title="bbox 1981 4983 3564 5081">
     <span class='ocr_line' id='line_1_113' title="bbox 1981 4983 3564 5081; baseline -0.019 -18"><span class='ocrx_word' id='word_1_852' title='bbox 1981 5010 2044 5064; x_wconf 82' lang='lat' dir='ltr'><strong>sit</strong></span> <span class='ocrx_word' id='word_1_853' title='bbox 2069 5007 2264 5081; x_wconf 84' lang='lat' dir='ltr'><strong>(Calat.</strong></span> <span class='ocrx_word' id='word_1_854' title='bbox 2292 5020 2330 5069; x_wconf 86' lang='grc' dir='ltr'><strong>ι,</strong></span> <span class='ocrx_word' id='word_1_855' title='bbox 2362 4999 2455 5075; x_wconf 88' lang='grc'><strong>9);</strong></span> <span class='ocrx_word' id='word_1_856' title='bbox 2489 5012 2674 5054; x_wconf 90' lang='lat' dir='ltr'><strong>verum</strong></span> <span class='ocrx_word' id='word_1_857' title='bbox 2703 4993 2833 5050; x_wconf 89' lang='lat' dir='ltr'><strong>dicit</strong></span> <span class='ocrx_word' id='word_1_858' title='bbox 2860 4990 3100 5048; x_wconf 89' lang='lat' dir='ltr'><strong>Christus</strong></span> <span class='ocrx_word' id='word_1_859' title='bbox 3129 4987 3182 5043; x_wconf 91' lang='lat' dir='ltr'><strong>in</strong></span> <span class='ocrx_word' id='word_1_860' title='bbox 3214 4983 3400 5046; x_wconf 88' lang='lat' dir='ltr'><strong>Paulo,</strong></span> <span class='ocrx_word' id='word_1_861' title='bbox 3429 4995 3564 5036; x_wconf 87' lang='lat' dir='ltr'><strong>ana-</strong></span> 
     </span>
    </p>
   </div>
   <div class='ocr_carea' id='block_1_114' title="bbox 1984 5087 2915 5156">
    <p class='ocr_par' dir='ltr' id='par_1_114' title="bbox 1984 5087 2915 5156">
     <span class='ocr_line' id='line_1_114' title="bbox 1984 5087 2915 5156; baseline -0.018 0"><span class='ocrx_word' id='word_1_862' title='bbox 1984 5100 2161 5156; x_wconf 87' lang='lat' dir='ltr'><strong>thema</strong></span> <span class='ocrx_word' id='word_1_863' title='bbox 2183 5098 2251 5152; x_wconf 91' lang='lat' dir='ltr'><strong>sit</strong></span> <span class='ocrx_word' id='word_1_864' title='bbox 2269 5094 2589 5150; x_wconf 73' lang='lat' dir='ltr'><strong>Manichtcus</strong></span> <span class='ocrx_word' id='word_1_865' title='bbox 2616 5090 2668 5144; x_wconf 91' lang='lat' dir='ltr'><strong>in</strong></span> <span class='ocrx_word' id='word_1_866' title='bbox 2696 5087 2915 5142; x_wconf 86' lang='lat' dir='ltr'><strong>Fausto.</strong></span> 
     </span>
    </p>
   </div>
   <div class='ocr_carea' id='block_1_115' title="bbox 2055 5167 3566 5248">
    <p class='ocr_par' dir='ltr' id='par_1_115' title="bbox 2055 5167 3566 5248">
     <span class='ocr_line' id='line_1_115' title="bbox 2055 5167 3566 5248; baseline -0.019 -1"><span class='ocrx_word' id='word_1_867' title='bbox 2055 5188 2276 5247; x_wconf 85' lang='lat' dir='ltr'><strong>CAPUT</strong></span> <span class='ocrx_word' id='word_1_868' title='bbox 2314 5183 2503 5243; x_wconf 84' lang='lat' dir='ltr'><strong>XXIII.</strong></span> <span class='ocrx_word' id='word_1_869' title='bbox 2531 5213 2602 5225; x_wconf 89' lang='lat'><strong>-—-</strong></span> <span class='ocrx_word' id='word_1_870' title='bbox 2629 5181 2728 5248; x_wconf 86' lang='lat' dir='ltr'><strong>Qui</strong></span> <span class='ocrx_word' id='word_1_871' title='bbox 2755 5179 2914 5235; x_wconf 87' lang='lat' dir='ltr'><strong>etiam</strong></span> <span class='ocrx_word' id='word_1_872' title='bbox 2940 5174 3109 5240; x_wconf 90' lang='lat' dir='ltr'><strong>dicit,</strong></span> <span class='ocrx_word' id='word_1_873' title='bbox 3149 5167 3282 5226; x_wconf 91' lang='lat' dir='ltr'><strong>nihil</strong></span> <span class='ocrx_word' id='word_1_874' title='bbox 3316 5180 3417 5222; x_wconf 85' lang='lat' dir='ltr'><strong>nos</strong></span> <span class='ocrx_word' id='word_1_875' title='bbox 3450 5180 3566 5221; x_wconf 87' lang='lat' dir='ltr'><strong>mu-</strong></span> 
     </span>
    </p>
   </div>
   <div class='ocr_carea' id='block_1_116' title="bbox 1983 5259 3565 5339">
    <p class='ocr_par' dir='ltr' id='par_1_116' title="bbox 1983 5259 3565 5339">
     <span class='ocr_line' id='line_1_116' title="bbox 1983 5259 3565 5339; baseline -0.018 0"><span class='ocrx_word' id='word_1_876' title='bbox 1983 5291 2126 5339; x_wconf 90' lang='lat' dir='ltr'><strong>tasse</strong></span> <span class='ocrx_word' id='word_1_877' title='bbox 2148 5284 2215 5336; x_wconf 90' lang='lat' dir='ltr'><strong>de</strong></span> <span class='ocrx_word' id='word_1_878' title='bbox 2247 5278 2486 5334; x_wconf 90' lang='lat' dir='ltr'><strong>moribus</strong></span> <span class='ocrx_word' id='word_1_879' title='bbox 2537 5272 2788 5330; x_wconf 88' lang='lat' dir='ltr'><strong>Gentium</strong></span> <span class='ocrx_word' id='word_1_880' title='bbox 2807 5311 2822 5335; x_wconf 90' lang='lat'><strong>,</strong></span> <span class='ocrx_word' id='word_1_881' title='bbox 2853 5265 3098 5322; x_wconf 89' lang='lat' dir='ltr'><strong>nesciens</strong></span> <span class='ocrx_word' id='word_1_882' title='bbox 3137 5259 3266 5333; x_wconf 89' lang='lat' dir='ltr'><strong>quid</strong></span> <span class='ocrx_word' id='word_1_883' title='bbox 3299 5259 3565 5330; x_wconf 90' lang='lat' dir='ltr'><strong>loquatur.</strong></span> 
     </span>
    </p>
   </div>
   <div class='ocr_carea' id='block_1_117' title="bbox 1985 5350 3570 5441">
    <p class='ocr_par' dir='ltr' id='par_1_117' title="bbox 1985 5350 3570 5441">
     <span class='ocr_line' id='line_1_117' title="bbox 1985 5350 3570 5441; baseline -0.018 -9"><span class='ocrx_word' id='word_1_884' title='bbox 1985 5375 2117 5432; x_wconf 89' lang='lat' dir='ltr'><strong>Cum</strong></span> <span class='ocrx_word' id='word_1_885' title='bbox 2147 5372 2289 5428; x_wconf 89' lang='lat' dir='ltr'><strong>enim</strong></span> <span class='ocrx_word' id='word_1_886' title='bbox 2316 5371 2491 5441; x_wconf 85' lang='lat' dir='ltr'><strong>justus</strong></span> <span class='ocrx_word' id='word_1_887' title='bbox 2521 5383 2586 5422; x_wconf 82' lang='lat' dir='ltr'><strong>ex</strong></span> <span class='ocrx_word' id='word_1_888' title='bbox 2617 5364 2720 5420; x_wconf 86' lang='lat' dir='ltr'><strong>ﬁde</strong></span> <span class='ocrx_word' id='word_1_889' title='bbox 2753 5362 2889 5416; x_wconf 83' lang='lat' dir='ltr'><strong>vivat</strong></span> <span class='ocrx_word' id='word_1_890' title='bbox 2912 5357 3092 5430; x_wconf 84' lang='lat' dir='ltr'><strong>(Rom.</strong></span> <span class='ocrx_word' id='word_1_891' title='bbox 3124 5370 3162 5421; x_wconf 84' lang='grc' dir='ltr'><strong>ι,</strong></span> <span class='ocrx_word' id='word_1_892' title='bbox 3195 5353 3319 5425; x_wconf 81' lang='grc'><strong>17);</strong></span> <span class='ocrx_word' id='word_1_893' title='bbox 3342 5350 3570 5421; x_wconf 75' lang='lat' dir='ltr'><strong>ﬁnisque</strong></span> 
     </span>
    </p>
   </div>
   <div class='ocr_carea' id='block_1_118' title="bbox 1985 5441 3569 5538">
    <p class='ocr_par' dir='ltr' id='par_1_118' title="bbox 1985 5441 3569 5538">
     <span class='ocr_line' id='line_1_118' title="bbox 1985 5441 3569 5538; baseline -0.018 -15"><span class='ocrx_word' id='word_1_894' title='bbox 1985 5464 2236 5538; x_wconf 86' lang='lat' dir='ltr'><strong>praecepti</strong></span> <span class='ocrx_word' id='word_1_895' title='bbox 2284 5464 2353 5517; x_wconf 88' lang='lat' dir='ltr'><strong>sit</strong></span> <span class='ocrx_word' id='word_1_896' title='bbox 2395 5460 2624 5516; x_wconf 90' lang='lat' dir='ltr'><strong>charitas</strong></span> <span class='ocrx_word' id='word_1_897' title='bbox 2657 5456 2724 5511; x_wconf 90' lang='lat' dir='ltr'><strong>de</strong></span> <span class='ocrx_word' id='word_1_898' title='bbox 2763 5450 2924 5508; x_wconf 90' lang='lat' dir='ltr'><strong>corde</strong></span> <span class='ocrx_word' id='word_1_899' title='bbox 2950 5461 3084 5519; x_wconf 90' lang='lat' dir='ltr'><strong>puro</strong></span> <span class='ocrx_word' id='word_1_900' title='bbox 3107 5487 3124 5516; x_wconf 97' lang='lat'><strong>,</strong></span> <span class='ocrx_word' id='word_1_901' title='bbox 3164 5454 3219 5503; x_wconf 91' lang='lat' dir='ltr'><strong>et</strong></span> <span class='ocrx_word' id='word_1_902' title='bbox 3247 5441 3569 5502; x_wconf 84' lang='lat' dir='ltr'><strong>conscientia</strong></span> 
     </span>
    </p>
   </div>
   <div class='ocr_carea' id='block_1_119' title="bbox 1987 5531 3570 5619">
    <p class='ocr_par' dir='ltr' id='par_1_119' title="bbox 1987 5531 3570 5619">
     <span class='ocr_line' id='line_1_119' title="bbox 1987 5531 3570 5619; baseline -0.016 -3"><span class='ocrx_word' id='word_1_903' title='bbox 1987 5531 2231 5618; x_wconf 19' lang='lat' dir='ltr'><strong>bonaiet</strong></span> <span class='ocrx_word' id='word_1_904' title='bbox 2254 5555 2358 5611; x_wconf 89' lang='lat' dir='ltr'><strong>ﬁde</strong></span> <span class='ocrx_word' id='word_1_905' title='bbox 2393 5569 2498 5609; x_wconf 91' lang='lat' dir='ltr'><strong>non</strong></span> <span class='ocrx_word' id='word_1_906' title='bbox 2534 5551 2655 5606; x_wconf 90' lang='lat' dir='ltr'><strong>ﬁcta</strong></span> <span class='ocrx_word' id='word_1_907' title='bbox 2690 5546 2739 5619; x_wconf 92' lang='lat' dir='ltr'><strong>(l</strong></span> <span class='ocrx_word' id='word_1_908' title='bbox 2772 5545 2902 5601; x_wconf 86' lang='lat' dir='ltr'><strong>Tim.</strong></span> <span class='ocrx_word' id='word_1_909' title='bbox 2927 5560 2964 5610; x_wconf 78' lang='grc' dir='ltr'><strong>ι,</strong></span> <span class='ocrx_word' id='word_1_910' title='bbox 2995 5540 3087 5614; x_wconf 84' lang='grc'><strong>5);</strong></span> <span class='ocrx_word' id='word_1_911' title='bbox 3117 5547 3470 5610; x_wconf 89' lang='lat' dir='ltr'><strong>maneantque</strong></span> <span class='ocrx_word' id='word_1_912' title='bbox 3500 5531 3570 5590; x_wconf 84' lang='lat' dir='ltr'><strong>ad</strong></span> 
     </span>
    </p>
   </div>
   <div class='ocr_carea' id='block_1_120' title="bbox 1989 5631 3567 5708">
    <p class='ocr_par' dir='ltr' id='par_1_120' title="bbox 1989 5631 3567 5708">
     <span class='ocr_line' id='line_1_120' title="bbox 1989 5631 3567 5708; baseline -0.016 0"><span class='ocrx_word' id='word_1_913' title='bbox 1989 5649 2320 5708; x_wconf 80' lang='lat' dir='ltr'><strong>formandam</strong></span> <span class='ocrx_word' id='word_1_914' title='bbox 2357 5649 2378 5679; x_wconf 84' lang='grc'><strong><em>²</em></strong></span> <span class='ocrx_word' id='word_1_915' title='bbox 2416 5646 2580 5699; x_wconf 89' lang='lat' dir='ltr'><strong>vitam</strong></span> <span class='ocrx_word' id='word_1_916' title='bbox 2623 5640 2859 5697; x_wconf 91' lang='lat' dir='ltr'><strong>ﬁdelium</strong></span> <span class='ocrx_word' id='word_1_917' title='bbox 2898 5637 3000 5693; x_wconf 89' lang='lat' dir='ltr'><strong>tria</strong></span> <span class='ocrx_word' id='word_1_918' title='bbox 3034 5635 3182 5699; x_wconf 65' lang='lat' dir='ltr'><strong>haec,</strong></span> <span class='ocrx_word' id='word_1_919' title='bbox 3218 5631 3350 5689; x_wconf 85' lang='lat' dir='ltr'><strong>ﬁdes</strong></span> <span class='ocrx_word' id='word_1_920' title='bbox 3374 5639 3567 5698; x_wconf 71' lang='lat' dir='ltr'><strong>,spes,</strong></span> 
     </span>
    </p>
   </div>
   <div class='ocr_carea' id='block_1_121' title="bbox 2052 5731 3054 5804">
    <p class='ocr_par' dir='ltr' id='par_1_121' title="bbox 2052 5731 3054 5804">
     <span class='ocr_line' id='line_1_121' title="bbox 2052 5731 3054 5804; baseline 0.015 -13"><span class='ocrx_word' id='word_1_921' title='bbox 2052 5749 2071 5778; x_wconf 75' lang='grc' dir='ltr'>ι</span> <span class='ocrx_word' id='word_1_922' title='bbox 2107 5752 2205 5793; x_wconf 83' lang='lat' dir='ltr'><strong>Am.</strong></span> <span class='ocrx_word' id='word_1_923' title='bbox 2229 5748 2304 5791; x_wconf 83' lang='lat' dir='ltr'><strong>Er.</strong></span> <span class='ocrx_word' id='word_1_924' title='bbox 2331 5746 2384 5790; x_wconf 89' lang='lat' dir='ltr'><strong>et</strong></span> <span class='ocrx_word' id='word_1_925' title='bbox 2404 5738 2598 5804; x_wconf 87' lang='lat' dir='ltr'><strong>quidam</strong></span> <span class='ocrx_word' id='word_1_926' title='bbox 2617 5742 2746 5796; x_wconf 43' lang='lat' dir='ltr'><strong>MSS”</strong></span> <span class='ocrx_word' id='word_1_927' title='bbox 2763 5731 3054 5804; x_wconf 62' lang='grc' dir='ltr'><strong>άμεειιρηετ.</strong></span> 
     </span>
    </p>
   </div>
   <div class='ocr_carea' id='block_1_122' title="bbox 1991 5780 3574 5938">
    <p class='ocr_par' dir='ltr' id='par_1_122' title="bbox 1991 5780 3574 5938">
     <span class='ocr_line' id='line_1_122' title="bbox 1991 5780 3574 5938; baseline -0.014 -81"><span class='ocrx_word' id='word_1_928' title='bbox 1991 5780 2312 5938; x_wconf 65' lang='lat' dir='ltr'>r</span> <span class='ocrx_word' id='word_1_929' title='bbox 2324 5780 2384 5854; x_wconf 71' lang='grc' dir='ltr'><strong>Ᾰῖ</strong></span> <span class='ocrx_word' id='word_1_930' title='bbox 2404 5780 2598 5853; x_wconf 54' lang='lat'><strong>213.7;</strong></span> <span class='ocrx_word' id='word_1_931' title='bbox 2616 5780 3233 5859; x_wconf 32' lang='lat' dir='ltr'><strong>Eryci—conﬁrmandam.</strong></span> <span class='ocrx_word' id='word_1_932' title='bbox 3257 5791 3389 5849; x_wconf 81' lang='lat' dir='ltr'><strong>Lov.,</strong></span> <span class='ocrx_word' id='word_1_933' title='bbox 3410 5780 3477 5834; x_wconf 80' lang='lat' dir='ltr'><strong>ad</strong></span> <span class='ocrx_word' id='word_1_934' title='bbox 3496 5791 3574 5836; x_wconf 66' lang='lat' dir='ltr'><strong>It-</strong></span> 
     </span>
    </p>
   </div>
  </div>
