4028 6440
495 460 602 526 587

498 580 731 637 charitas
771 578 818 649 (ι
846 577 967 633 Cor.
992 592 1103 642 xm,
1133 576 1223 648 {’5}
1257 595 1269 631 :
1300 576 1441 631 unde
1489 574 1602 630 fieri
1632 582 1808 645 potest
1834 583 1892 629 ut
1925 587 2080 644 pares

494 689 614 730 cum
636 672 815 740 aliquo
839 685 1017 725 mores
1046 669 1256 734 habeat,
1286 669 1375 736 qui
1402 668 1517 722 haec
1544 668 1639 721 tria
1667 682 1786 721 cum
1814 667 1906 720 illo
1926 666 2075 736 paria

457 815 462 819 .
494 780 599 820 non
628 763 825 821 habet?
849 763 949 831 Qui
977 763 1116 823 enim
1143 760 1285 816 aliud
1316 761 1503 825 credit,
1543 752 1685 815 aliud
1710 768 1908 830 sperat,
1937 758 2078 815 aliud

496 867 659 924 amat,
692 871 911 912 necesse
936 866 1016 910 est
1041 865 1098 909 ut
1126 855 1282 909 aliter
1309 855 1469 909 vivat.
1505 855 1571 909 Et
1592 854 1639 908 si
1668 858 1796 908 usus
1828 867 2080 924 quarum-

493 949 614 1004 dam
643 964 820 1006 rerum
846 948 1037 1004 similis
1063 947 1270 1003 videtur
1294 947 1447 1003 nobis
1469 960 1588 1001 esse
1616 952 1737 1001 eum
1778 945 2036 1001 Gentibus
2058 985 2075 1013 ,

492 1047 632 1101 sicut
656 1044 759 1099 cibi
798 1052 851 1099 et
880 1050 1035 1113 potus
1062 1084 1077 1110 ,
1109 1049 1388 1105 tectorum,
1427 1041 1888 1106 vestimentorum,
1931 1038 2077 1092 lava-

491 1153 704 1194 erorum
730 1153 744 1202 ;
768 1137 928 1206 etqui
954 1152 1018 1191 ex
1059 1136 1255 1191 nostris
1280 1134 1608 1205 coniugalem
1647 1133 1812 1188 vitam
1856 1126 2089 1203 gerunt,“

494 1242 716 1283 uxorum
737 1226 1096 1282 ducendarum
1118 1236 1170 1280 et
1196 1226 1582 1289 habendarum,
1606 1223 1831 1279 ﬁliorum
1860 1223 2081 1294 gignen-

491 1321 701 1387 dorum,
755 1320 1154 1375 nutriendorum
1178 1361 1192 1386 ,
1225 1317 1707 1373 haereditandorum
1750 1334 1763 1371 :
1802 1316 1957 1386 longe
2000 1324 2080 1369 ta-

491 1429 614 1468 men
644 1413 800 1467 aliter
822 1412 903 1465 his
934 1412 1093 1466 rebus
1121 1411 1304 1476 utitur,
1338 1410 1423 1479 qui
1452 1408 1517 1463 ad
1538 1408 1699 1462 alium
1730 1406 1890 1462 ﬁnem
1921 1419 2077 1461 nsum

490 1519 673 1560 earum
696 1503 895 1569 refert;
924 1512 978 1558 et
1023 1502 1178 1556 aliter
1205 1502 1293 1571 qui
1318 1516 1383 1555 ex
1418 1500 1499 1554 his
1542 1500 1653 1553 Deo
1700 1498 1895 1569 gratias
1949 1497 2075 1566 agit,

489 1598 556 1653 dc
599 1613 705 1669 quo
744 1612 905 1668 prava
944 1604 999 1652 et
1024 1595 1157 1650 falsa
1186 1610 1290 1650 non
1318 1592 1502 1649 credit.
1536 1592 1682 1648 Sicut
1708 1592 1849 1646 enim
1880 1590 1931 1643 in
1964 1591 2080 1659 ipso

489 1707 674 1748 errore
712 1699 909 1754 vestro,
956 1704 1076 1744 cum
1116 1703 1183 1743 eo
1241 1701 1375 1757 pane
1425 1683 1710 1740 vescamini
1750 1697 1855 1753 quo
1899 1680 2077 1736 caeteri

491 1782 761 1848 homines,
785 1790 843 1837 et
871 1781 1127 1835 fructibus
1155 1778 1345 1833 vivatis
1369 1786 1424 1831 et
1457 1776 1708 1841 fontibus,
1740 1774 1858 1828 lana
1888 1782 1942 1827 et
1966 1773 2077 1826 lino

490 1872 738 1929 similiter
777 1880 922 1927 texto
968 1869 1312 1935 amiciamini,
1356 1882 1452 1922 nec
1481 1868 1533 1921 in
1565 1868 1648 1920 bis
1691 1874 1864 1920 tamen
1895 1878 2078 1933 parem

490 1964 682 2023 ducitis
710 1965 895 2032 vitam,
926 1979 1031 2017 non
1053 1962 1193 2016 aliud
1216 1960 1448 2025 edendo,
1481 1968 1571 2013 aut
1596 1956 1847 2021 bibendo,
1880 1965 1969 2011 aut
1998 1956 2078 2010 in-

493 2056 706 2113 duendo
729 2097 742 2123 ,
769 2055 864 2111 sed
886 2054 1025 2110 aliud
1053 2052 1334 2109 sentiendo
1361 2061 1414 2107 et
1432 2049 1701 2106 credendo
1716 2090 1730 2113 ,
1753 2057 1808 2104 et
1827 2047 1892 2102 ad
1913 2046 2079 2102 alium

497 2146 659 2202 ﬁnem
688 2147 786 2201 ista
816 2146 994 2200 omnia
1019 2143 1319 2207 referendo,
1350 2141 1511 2197 ﬁnem
1548 2140 1752 2196 scilicet
1789 2138 1952 2195 vestri
1993 2152 2079 2192 er-

491 2242 633 2297 roris
658 2249 815 2311 atque
835 2240 1082 2294 vanitatis
1108 2256 1121 2292 :
1149 2240 1221 2293 ita
1248 2251 1345 2292 nos
1370 2245 1421 2291 et
1449 2237 1500 2290 in
1520 2233 1603 2289 his
1628 2234 1753 2289 etin
1783 2233 1926 2299 aliis,
1957 2245 2078 2301 quae

488 2334 736 2390 similiter
760 2333 1049 2398 sumimus,
1082 2346 1188 2386 non
1231 2328 1476 2384 similiter
1502 2342 1622 2383 cum
1657 2325 1913 2381 Gentibus
1946 2323 2077 2377 vivi-

489 2432 629 2492 mus,
658 2424 870 2479 easdem
905 2438 991 2478 res
1032 2437 1137 2477 non
1182 2419 1249 2475 ad
1293 2419 1540 2474 eumdem
1578 2417 1735 2471 ﬁnem
1771 2413 2073 2481 referendo,

488 2515 581 2571 sed
612 2515 677 2570 ad
714 2514 874 2570 ﬁnem
900 2513 1120 2584 legitimi
1146 2510 1416 2580 divinique
1448 2508 1697 2579 praecepti
1718 2549 1732 2571 ,
1762 2504 2076 2560 eharitatem

487 2605 557 2663 de
576 2605 737 2662 corde
762 2621 916 2676 puro,
949 2614 1002 2659 et
1029 2604 1351 2660 conscientia
1374 2602 1532 2665 bona,
1560 2609 1614 2655 et
1648 2599 1751 2654 ﬁde
1781 2613 1886 2652 non
1914 2595 2034 2651 ﬁcta
2055 2636 2072 2661 ,

488 2712 521 2753 a
543 2699 735 2768 quibus
760 2697 973 2768 quidam
1000 2696 1312 2751 aberrantes
1331 2736 1346 2760 ,
1377 2691 1619 2748 conversi
1646 2689 1847 2746 suntin
1876 2687 2079 2742 vanilo-

489 2793 695 2861 quium.
718 2791 773 2844 in
798 2806 904 2861 quo
922 2806 1049 2845 sane
1062 2791 1412 2859 principatum
1433 2785 1642 2849 tenetis,
1664 2798 1771 2837 non
1790 2783 2075 2846 intuentes,

490 2892 599 2937 non
653 2881 1051 2936 considerantes
1102 2881 1157 2935 in
1209 2878 1410 2934 eisdem
1450 2874 1709 2931 habendis
1754 2871 2078 2943 agendisque

488 2974 652 3030 rebus
679 2982 883 3028 tantum
909 2973 974 3028 ad
1006 2972 1268 3028 diversam
1296 2972 1457 3025 vitam
1481 2969 1680 3033 valere,
1704 2967 1748 3021 si
1772 2965 1981 3021 diversa
2007 2963 2078 3019 sit

490 3067 625 3123 ﬁdes
647 3108 661 3134 ,
684 3075 745 3122 ut
769 3083 888 3123 eum
915 3066 1184 3121 auditores
1210 3064 1369 3120 vestri
1408 3072 1461 3118 et
1498 3075 1691 3117 uxores
1720 3059 1982 3121 habeant,
2024 3065 2077 3113 et

488 3160 627 3216 ﬁlios
674 3161 912 3230 quamvis
960 3159 1109 3213 inviti
1160 3158 1502 3228 suscipiant,
1532 3156 1718 3225 eisque
1762 3150 2076 3223 patrimonia

490 3262 783 3322 congeram
830 3253 914 3306 vel
957 3251 1279 3317 custodiant,
1334 3263 1496 3303 carne
1542 3253 1844 3311 vescantur,
1896 3242 2078 3297 vinum

489 3341 708 3409 bibant,
764 3342 979 3407 lavent,
1031 3350 1269 3407 metant,
1319 3339 1669 3406 vindemient,
1716 3336 2075 3407 negotientur,

490 3432 723 3490 honores
750 3435 992 3504 publicos
1019 3433 1414 3499 administrent,
1445 3431 1719 3487 vobiscum
1751 3444 1847 3485 eos
1867 3436 2043 3483 tamen
2060 3468 2075 3492 ,

489 3541 598 3583 non
645 3542 765 3583 cum
815 3526 1079 3582 Gentibus
1127 3525 1478 3595 computetis,
1531 3538 1651 3579 eum
1704 3522 1843 3576 facta
1891 3534 2076 3575 eorum

488 3617 746 3675 Gentibus
797 3618 1076 3673 videantur
1116 3616 1371 3672 similiora
1423 3629 1581 3685 quam
1630 3612 1800 3668 vobis.
1852 3609 1983 3667 Nam
2025 3618 2080 3664 et

1315 452 1587 518 CONTRA
1626 450 1950 517 FAUSTUM
1986 446 2434 525 MANICHEUM,
2476 459 2533 516 Β.
2572 454 2939 519 AUGUSTINI

3658 464 3770 530 888

2189 574 2541 645 quorumdam
2563 575 2695 631 facta
2726 576 3014 632 Gentilium
3034 590 3153 632 cum
3182 579 3351 650 magis
3374 578 3526 637 vobis
3542 584 3774 653 propin-

2187 677 2370 739 quent,
2404 683 2559 740 quam
2581 669 2893 741 quibusdam
2918 669 3258 726 Auditoribus
3278 673 3498 739 vestris;
3520 678 3775 736 nonnulli

2185 763 2379 833 quippe
2418 762 2471 816 in
2494 762 2958 834 sacrilegis-sacris
2978 762 3091 818 suis
3109 772 3163 820 et
3184 779 3215 819 a
3240 765 3362 821 vino
3384 774 3439 821 et
3467 782 3497 822 a
3516 769 3774 829 uti-nibus

2185 861 2238 907 et
2272 867 2300 906 a
2336 853 2619 908 concubitu
2661 861 2991 924 temperant;
3020 855 3194 924 potius
3234 855 3515 913 Auditores
3557 867 3777 917 vestros

2187 943 2271 998 bis
2310 945 2557 1000 omnibus
2585 952 2815 1013 utentes,
2861 953 2917 1002 et
2959 946 3012 1001 in
3063 961 3128 1002 eo
3166 946 3318 1003 vobis
3361 948 3674 1019 dissimiles,
3722 952 3775 1008 in

2186 1035 2458 1093 Manichaei
2489 1053 2649 1109 grege
2679 1040 3004 1105 numeratis,
3048 1052 3204 1111 quam
3246 1041 3377 1096 istos
3418 1042 3606 1099 eadem
3651 1058 3775 1116 qua:

2186 1129 2358 1184 facitis
2401 1130 2655 1186 iacientes
2688 1132 3007 1203 :potiusque
3051 1132 3299 1189 feminam
3340 1149 3458 1205 quae
3507 1134 3561 1190 in
3598 1137 3773 1191 Mani-

2185 1221 2390 1276 chreum
2416 1222 2734 1292 crediderit,
2756 1233 2987 1279 vestram
3017 1224 3223 1293 dicitis,
3250 1226 3407 1281 etiam
3450 1229 3769 1297 parientem,

2185 1332 2341 1385 quam
2364 1315 2617 1387 Sibyllam
2645 1332 2744 1373 nec
2771 1318 2960 1373 saltem
2998 1318 3309 1375 nubentem.
3333 1321 3400 1375 At
3425 1321 3566 1375 enim
3608 1321 3771 1378 multi

2184 1407 2468 1462 Christiani
2494 1408 2739 1464 catholici
2768 1419 3043 1477 vocantur,
3074 1418 3128 1465 et
3152 1421 3277 1466 sunt
3300 1411 3545 1478 adulteri,
3580 1422 3773 1483 rapto-

2186 1514 2304 1565 res,
2331 1501 2510 1567 avari,
2543 1501 2736 1556 ebriosi
2764 1542 2779 1569 ,
2812 1510 2864 1557 et
2892 1502 3143 1573 quidquid
3169 1501 3311 1559 aliud
3336 1518 3478 1562 sanae
3507 1505 3772 1561 doctrinm

2185 1590 2539 1646 adversatur?
2562 1592 2700 1657 Quid
2729 1602 2906 1649 autem
2950 1595 3087 1649 inter
3115 1608 3230 1659 vos,
3264 1595 3321 1649 in
3352 1602 3458 1650 tam
3484 1595 3679 1666 exiguo
3704 1610 3772 1652 ac

2186 1698 2321 1754 pene
2339 1684 2486 1740 nullo
2508 1696 2731 1741 numero
2750 1694 2948 1755 vestro,
2972 1700 3153 1743 nonne
3171 1685 3410 1759 plerique
3446 1698 3571 1743 sunt
3597 1690 3734 1745 tales
3750 1728 3768 1755 ,

2186 1784 2241 1832 et
2268 1776 2480 1847 quidam
2508 1777 2558 1832 in
2581 1778 2804 1849 Paganis
2826 1779 2843 1811 ³
2869 1793 2973 1833 non
3004 1786 3127 1834 sunt
3156 1780 3330 1835 tales?
3357 1772 3491 1834 Num
3522 1780 3641 1836 ideo
3664 1781 3773 1837 Pa~

2183 1883 2372 1939 ganos,
2404 1869 2491 1939 qui
2513 1869 2647 1925 tales
2673 1884 2778 1925 non
2804 1880 2946 1937 sunt,
2966 1868 3141 1925 dicitis
3155 1871 3409 1926 meliores
3427 1871 3614 1927 vobis?
3631 1872 3771 1929 Cum

2182 1967 2362 2017 tamen
2419 1970 2634 2032 propter
2681 1962 2991 2033 sacrilegam
3035 1963 3322 2018 vanitatem
3367 1970 3526 2019 sectae
3572 1973 3771 2020 vestra:

2183 2053 2341 2109 etiam
2363 2054 2449 2123 qui
2469 2054 2522 2108 in
2542 2053 2692 2109 vobis
2712 2054 2844 2110 tales
2857 2070 2962 2110 non
2983 2061 3123 2119 sunt,
3144 2054 3368 2125 Paganis
3387 2056 3546 2111 etiam
3571 2055 3771 2112 talibus

2183 2146 2474 2202 deteriores
2499 2147 2621 2201 sint.
2656 2146 2809 2203 Unde
2837 2147 3177 2203 manifestum
3204 2156 3304 2213 est,
3334 2162 3439 2203 non
3470 2148 3591 2204 ideo
3617 2148 3773 2205 dero-

2181 2239 2296 2310 gari
2344 2253 2490 2294 sanaa
2526 2238 2817 2306 doctrinae,
2860 2255 2978 2310 quae
3011 2240 3124 2295 sola
3170 2239 3432 2295 catholica
3471 2249 3592 2308 est,
3641 2238 3772 2310 quia

2182 2332 2330 2386 multi
2362 2333 2476 2401 ejus
2502 2331 2719 2386 nomine
2745 2332 2951 2387 censeri
2981 2332 3188 2400 volunt,
3217 2341 3270 2387 et
3290 2347 3387 2403 per
3408 2331 3555 2388 illam
3590 2331 3771 2391 sanari

2182 2423 2387 2478 nolunt.
2434 2422 2783 2494 Agnoscenda
2830 2430 2914 2480 est
2952 2424 3092 2483 enim
3145 2424 3382 2494 paucitas
3435 2424 3560 2490 illa,
3606 2439 3773 2497 quam

2185 2515 2440 2570 Dominus
2472 2516 2737 2586 praecipue
2760 2515 3098 2570 commendat
3117 2515 3170 2569 in
3192 2514 3393 2586 ingenti
3424 2524 3583 2587 atque
3608 2516 3773 2571 innu-

2182 2605 2772 2660 merabilimultitudine
2796 2604 3247 2661 totoorbediﬂ‘usa
3274 2604 3488 2673 (Matth.
3512 2622 3609 2672 xx,
3638 2606 3729 2669 16)
3750 2623 3768 2660 :

2183 2712 2301 2769 quae
2339 2705 2512 2752 tamen
2542 2697 2775 2767 paucitas
2801 2704 3103 2753 sanctorum
3144 2709 3304 2768 atque
3330 2696 3561 2752 ﬁdelium
3580 2738 3593 2761 ,
3625 2694 3774 2767 quod

2183 2803 2326 2859 same
2362 2788 2842 2845 commendandum
2881 2798 2993 2856 est,
3043 2798 3295 2861 tanquam
3364 2804 3645 2860 granorum
3712 2789 3772 2845 in

2184 2880 2580 2951 comparatione
2602 2879 2952 2936 multitudinis
2972 2880 3263 2951 palearum,
3283 2882 3519 2952 paucitas
3540 2880 3773 2947 dicitur;

2183 2988 2281 3045 per
2301 2986 2360 3029 se
2380 2984 2555 3029 autem
2585 2974 2752 3045 ipsam
2780 2982 2982 3030 tantam
3010 2989 3240 3030 massam
3268 2973 3516 3028 frumenti
3535 2971 3680 3036 facit,
3709 2982 3776 3027 ut

2184 3080 2368 3123 omnes
2398 3067 2595 3138 probos
2623 3077 2677 3123 et
2695 3069 2952 3139 reprobos
2971 3077 3198 3135 vestros,
3230 3082 3361 3140 quos
3387 3067 3588 3137 pariter
3621 3066 3771 3120 veri-

2186 3169 2265 3216 tas
2293 3161 2566 3231 reprobat,
2594 3160 2995 3231 incomparabili
3017 3159 3352 3215 multitudine
3367 3165 3605 3228 superet.
3628 3156 3777 3212 Ecce

2186 3264 2293 3310 non
2337 3268 2522 3310 sumus
2560 3254 2809 3311 Gentium
2852 3254 3081 3311 schisma
3108 3296 3124 3322 ,
3171 3269 3201 3308 ιι
3237 3251 3428 3324 quibus
3477 3249 3779 3323 plurimum

2185 3344 2445 3401 distamus
2484 3346 2535 3401 in
2566 3346 2757 3403 melius
2789 3362 2803 3400 :
2834 3345 2927 3401 sed
2954 3359 3052 3401 nec
3083 3359 3181 3401 vos
3207 3342 3307 3401 hoc
3330 3343 3478 3410 estis,
3504 3344 3623 3415 quia
3652 3342 3781 3413 plu-

2184 3438 2377 3493 rimum
2398 3439 2466 3493 ab
2491 3438 2567 3495 eis
2590 3437 2798 3494 distatis
2821 3439 2873 3493 in
2904 3437 3075 3509 pejus.

2248 3615 2265 3647 ⁸
2300 3621 2350 3664 ιιι
2368 3612 2531 3664 multis
2544 3620 2676 3676 Mss,
2700 3618 2745 3665 et
2766 3612 2979 3680 plerique
3000 3609 3053 3663 in
3076 3608 3298 3677 Paymis.

1073 3802 1547 3957 LIBER
1626 3794 2285 3910 VIGESIM
2301 3792 2485 3902 US
2551 3790 3186 3904 PRIMUS.

1881 3975 2357 4001 η

561 4080 786 4138 CAPUT
806 4075 1090 4134 PRIMUM.
1111 4105 1182 4116 —
1196 4072 1440 4130 Fsusrus
1457 4072 1591 4128 dixit
1611 4091 1623 4127 :
1641 4070 1791 4127 Unus
1813 4070 1951 4127 Deus
1971 4079 2073 4137 est,

492 4188 559 4232 an
583 4175 686 4229 duo
699 4175 721 4228 ?
733 4173 895 4228 Plane
912 4185 1071 4226 unus.
1085 4166 1363 4236 Quomodo
1380 4180 1507 4235 ergo
1533 4180 1628 4219 vos
1650 4165 1785 4218 duos
1801 4163 2076 4219 asseritis?

490 4265 770 4335 Nunquam
818 4264 873 4318 in
930 4261 1127 4317 n05tris
1155 4258 1368 4329 quidem
1421 4255 1803 4311 assertionibus
1851 4255 2075 4310 duorum

491 4358 711 4414 deorum
737 4356 972 4410 auditum
1003 4363 1086 4410 est
1126 4367 1339 4407 nomen.
1373 4350 1477 4406 Sed
1504 4360 1559 4405 tu
1602 4348 1743 4405 unde
1766 4347 1868 4403 hoc
1898 4348 2075 4418 suspi-

490 4450 658 4513 caris,
701 4448 857 4517 cupio
897 4446 1054 4501 scire.
1094 4444 1227 4512 Quia
1270 4443 1530 4498 bonorum
1586 4448 1639 4495 et
1680 4439 1941 4495 malorum
1971 4437 2077 4494 duo

491 4543 752 4614 principia
805 4541 1031 4596 traditis.
1092 4539 1183 4595 Est
1238 4537 1449 4607 quidem
1500 4534 1639 4606 quod
1686 4534 1791 4589 duo
1822 4532 2076 4603 principia

492 4637 844 4702 conﬁtemur,
890 4634 984 4689 sed
1010 4647 1173 4688 unum
1200 4646 1270 4687 ex
1302 4630 1385 4685 his
1413 4630 1575 4685 Deum
1608 4642 1891 4693 vocamus,
1938 4626 2076 4682 alte-

492 4732 609 4785 rum
638 4728 805 4799 Hylen
836 4743 850 4781 :
891 4734 1002 4791 aut,
1032 4734 1089 4779 ut
1130 4722 1482 4779 communiter
1517 4730 1571 4775 et
1595 4719 1783 4774 usitate
1811 4718 2032 4772 dixerim
2058 4758 2074 4786 ,

492 4820 812 4876 daemonem.
844 4816 994 4886 Quod
1043 4816 1088 4869 si
1140 4823 1193 4869 tu
1243 4813 1347 4869 hoc
1399 4821 1553 4882 putas
1599 4812 1733 4865 duos
1781 4808 2077 4880 signiﬁcare

492 4912 625 4969 deos
645 4952 659 4977 ,
694 4910 893 4982 pateris
914 4917 967 4964 et
992 4906 1200 4963 medico
1235 4906 1539 4976 disputante
1574 4904 1639 4960 de
1665 4903 1971 4958 inﬁrmitate
1998 4911 2076 4957 at-

492 5017 595 5072 que
625 5002 849 5056 sanitate
874 5042 889 5067 ,
917 4998 1051 5054 duas
1074 4997 1288 5053 easdem
1317 5006 1501 5066 putare
1536 4994 1826 5061 sanitates;
1877 5002 1931 5049 et
1955 5008 2074 5048 cum

493 5095 608 5164 quis
637 5092 832 5148 bonum
862 5090 1099 5145 nominat
1136 5096 1189 5143 et
1210 5088 1427 5150 malum,
1455 5095 1508 5140 tu
1533 5084 1733 5155 poteris
1759 5083 1945 5139 eadem
1969 5082 2077 5138 duo

493 5192 681 5253 putare
710 5185 887 5247 bona;
933 5189 987 5236 et
1027 5178 1235 5250 copiam
1286 5177 1505 5233 audiens
1551 5184 1709 5246 atque
1752 5182 2076 5244 egestatem,

495 5275 626 5327 duas
652 5275 867 5330 easdem
894 5272 1108 5343 putabis
1134 5271 1333 5341 cepias.
1367 5268 1519 5337 Quod
1568 5269 1614 5323 si
1659 5278 1713 5323 et
1754 5267 1820 5321 de
1866 5266 1987 5321 albo
2027 5271 2081 5320 et

495 5365 650 5433 nigro
678 5362 978 5433 disputante
1005 5380 1121 5431 me,
1153 5370 1211 5419 et
1248 5362 1437 5433 frigido
1466 5368 1521 5416 et
1544 5358 1717 5414 calido
1735 5400 1751 5426 ,
1780 5367 1833 5412 et
1858 5357 2001 5411 dulei
2026 5365 2081 5412 et

498 5470 684 5511 amaro
704 5496 718 5522 ,
751 5456 896 5511 dicas
921 5458 1041 5526 quia
1086 5458 1191 5511 duo
1216 5456 1334 5511 alba
1357 5495 1370 5519 ,
1422 5462 1475 5509 et
1510 5452 1617 5507 duo
1645 5449 1810 5506 calida
1830 5491 1846 5515 ,
1897 5458 1951 5505 et
1974 5450 2082 5506 duo

496 5547 673 5603 dulcia
710 5545 1064 5613 ostenderim,
1100 5561 1274 5601 nonne
1320 5544 1584 5600 videberis
1622 5543 1816 5598 mentis
1840 5542 2015 5611 impos
2038 5542 2079 5607 ¹,

498 5648 552 5694 ct
582 5638 787 5694 cerebri
813 5638 1028 5692 minime
1052 5641 1206 5693 sani?
1234 5640 1323 5694 Sic
1343 5646 1397 5694 et
1424 5652 1545 5693 cum
1567 5636 1669 5691 duo
1696 5634 1957 5707 principia
1982 5634 2081 5689 do-

498 5745 596 5788 eeo
619 5771 634 5798 ,
664 5730 832 5787 Deum
874 5738 928 5784 et
968 5728 1133 5799 Hylen
1157 5770 1171 5793 ,
1218 5744 1321 5785 non
1364 5730 1560 5786 ideirco
1586 5728 1750 5784 videri
1775 5727 1885 5799 jam
1913 5725 2083 5783 debeo

567 5925 588 5962 ⁸
622 5933 722 5978 Am.
741 5931 818 5976 Er.
841 5871 898 5979 et
916 5923 1099 5990 aliquot
1119 5930 1249 5988 Mss,
1270 5924 1528 5991 incompos.

2188 4086 2281 4144 tibi
2308 4089 2439 4143 duos
2467 4085 2748 4142 ostendere
2777 4084 2923 4141 deos.
2953 4084 3033 4139 An
3060 4082 3179 4154 quia
3212 4082 3317 4139 vim
3345 4082 3555 4139 omnem
3603 4078 3780 4139 maie-

2189 4183 2339 4237 ﬁeam
2372 4180 2518 4252 Hyla:
2562 4182 2891 4250 assignamus
2912 4221 2926 4245 ,
2975 4188 3027 4233 et
3053 4177 3342 4234 beneﬁcam
3372 4174 3480 4232 Deo
3504 4220 3518 4245 ,
3551 4186 3609 4231 ut
3638 4192 3781 4233 cono

2186 4272 2345 4342 gruit,
2376 4272 2571 4325 idcirco
2599 4270 2728 4324 nihil
2772 4271 3031 4324 interesse
3054 4277 3202 4339 putas
3221 4309 3237 4337 ,
3267 4283 3333 4323 an
3362 4276 3644 4337 utrmnque
3672 4283 3779 4323 eo-

2188 4370 2305 4417 rum
2352 4375 2602 4418 vocemus
2630 4362 2829 4417 Deum?
2871 4360 3022 4429 Quod
3052 4362 3095 4416 si
3122 4363 3193 4417 ita
3224 4369 3304 4417 est
3325 4403 3340 4428 ,
3370 4362 3569 4431 poteris
3598 4368 3650 4416 et
3671 4377 3778 4417 ve-

2188 4451 2383 4511 ne‘num
2410 4455 2627 4509 audiens
2657 4463 2709 4511 et
2735 4455 3027 4509 antidotum
3045 4497 3059 4521 ,
3096 4453 3226 4509 nihil
3250 4454 3509 4508 interesse
3536 4462 3734 4523 putare
3759 4495 3777 4522 ,

2189 4561 2258 4602 an
2285 4556 2565 4617 utrumque
2593 4555 2812 4601 vocetur
2847 4546 3138 4601 antidotum
3159 4588 3174 4612 ,
3203 4544 3325 4615 quia
3365 4554 3647 4614 utrumque
3678 4558 3782 4599 eo-

2187 4655 2305 4696 rum
2338 4639 2443 4694 vim
2491 4655 2641 4694 suam
2688 4639 2917 4706 habeat,
2972 4646 3257 4707 utrumque
3304 4645 3424 4707 agat
3466 4634 3662 4705 aliquid
3724 4644 3781 4693 et

2188 4741 2439 4801 operetur
2469 4749 2481 4784 :
2514 4728 2722 4786 necnon
2751 4738 2803 4786 et
2846 4728 3108 4785 medicum
3164 4727 3385 4783 audiens
3431 4741 3494 4782 ac
3536 4740 3781 4783 venena-

2188 4825 2323 4881 rium
2344 4865 2359 4888 ,
2401 4833 2655 4895 utrosque
2687 4822 2904 4878 vocabis
2932 4821 3167 4877 medicos
3202 4839 3215 4876 :
3245 4829 3298 4875 et
3318 4820 3518 4890 justum
3544 4820 3781 4877 audiens

2188 4926 2347 4987 atque
2372 4915 2656 4985 injustum,
2689 4914 2888 4985 poteris
2918 4922 3169 4983 utrosque
3201 4927 3393 4967 vocare
3413 4912 3610 4983 justos,
3642 4915 3779 4983 quia

2190 5018 2411 5080 uterque
2442 5020 2624 5063 eorum
2653 5005 2849 5078 aliquid
2876 5014 3013 5077 agat.
3046 5004 3197 5074 Quod
3241 5006 3283 5059 si
3316 5003 3419 5061 hoc
3464 5004 3638 5060 facere
3667 5004 3782 5059 ah-

2189 5101 2407 5157 surdum
2432 5109 2512 5155 est
2531 5142 2546 5166 ,
2569 5107 2764 5170 quanto
2785 5097 3064 5154 absurdius
3093 5096 3258 5152 Deum
3287 5106 3339 5152 et
3362 5095 3533 5168 Hylen
3572 5094 3783 5152 idcirco

2190 5192 2322 5248 duos
2352 5200 2535 5263 putare
2562 5184 2690 5245 deos
2710 5233 2724 5257 ,
2770 5191 2893 5260 quia
2923 5204 3109 5245 eorum
3138 5188 3365 5260 quisque
3409 5186 3608 5258 aliquid
3642 5203 3783 5258 ope-

2189 5286 2375 5341 retur?
2426 5283 2756 5354 Quapropter
2783 5283 2961 5353 inepta
2990 5282 3102 5337 bare
3143 5290 3197 5337 et
3227 5279 3425 5336 viribus
3455 5281 3582 5337 satis
3612 5279 3783 5338 effeta

2191 5376 2576 5450 argumentatio
2600 5384 2713 5442 est,
2739 5383 2799 5431 ut
2823 5375 2945 5446 quia
2967 5372 3032 5429 de
3054 5389 3114 5429 re
3146 5373 3274 5428 mihi
3306 5372 3631 5444 respondere
3663 5368 3781 5430 non

2193 5471 2365 5543 possis
2387 5512 2402 5538 ,
2425 5469 2491 5524 de
2513 5468 2641 5523 solis
2662 5467 2966 5523 nominibus
2989 5466 3189 5521 conﬂes
3209 5464 3480 5520 invidiam.
3509 5464 3641 5521 Nam
3668 5479 3784 5523 nec

2193 5562 2440 5628 difliteor,
2469 5562 2625 5618 etiam
2654 5559 2913 5616 interdum
2942 5575 3039 5616 nos
3062 5559 3339 5615 adversam
3364 5566 3605 5613 naturam
3634 5574 3783 5616 nun-

2193 5672 2387 5728 cupare
2417 5654 2595 5723 deum,
2625 5656 2719 5711 sed
2742 5671 2844 5710 non
2878 5656 2977 5710 hoc
3004 5652 3297 5710 secundum
3322 5661 3557 5707 nostram
3583 5651 3777 5721 ﬁdem,

2190 5766 2376 5807 verum
2400 5751 2547 5821 juxta
2576 5759 2956 5820 prtesumptum
2996 5748 3105 5817 jam
3134 5747 3183 5802 in
3210 5762 3327 5803 eam
3359 5754 3551 5802 nomen
3581 5761 3610 5800 a
3651 5748 3781 5802 cul-

2196 5842 2396 5897 toribus
2427 5847 2555 5908 suis,
2589 5842 2678 5912 qui
2708 5857 2825 5898 eam
2853 5839 3216 5912 imprudenter
3242 5836 3547 5896 existimant
3569 5836 3733 5894 deum
3759 5856 3776 5893 :

2194 5934 2637 6007 quemadmv-‘dum
2670 5943 2721 5988 ct
2748 5933 3049 6005 Apostolus,
3080 5930 3235 5997 Deus,
3262 5930 3446 6001 inquit,
3472 5929 3643 5985 uacula“
3670 5928 3780 5983 Im-
