4052 6438
225 629 314 700 ius
335 619 606 678 cremauit
645 615 835 674 ltuentes
873 609 1158 686 inﬁdelium
1203 605 1270 686 (ll
1295 609 1414 668 Cor.
1441 627 1511 679 1v,
1542 611 1621 684 4).
1647 603 1814 665 Deum

223 699 440 790 quidem
461 707 779 778 nominans,
805 711 924 781 quia
953 709 1030 762 sic
1059 705 1167 778 jam
1187 713 1471 761 vocaretur
1489 713 1518 758 a
1545 699 1654 758 suis
1681 719 1695 757 :
1723 701 1818 758 sed

227 809 522 883 adjiciens,
571 805 715 880 quod
739 814 947 860 mentes
973 809 1244 868 exczecet,
1295 807 1354 856 ut
1382 815 1447 856 ex
1489 799 1590 855 hoc
1617 797 1818 855 intelli-

225 915 382 978 gatur
407 917 525 958 non
554 915 672 958 esse
699 901 859 956 verus
889 899 1051 954 Deus.

299 993 534 1053 CAPUT
572 989 716 1049 ll.—-
744 991 1078 1049 'Aucus'rmus
1100 987 1375 1060 respondit
1401 1003 1414 1040 :
1444 987 1584 1042 Duos
1606 984 1818 1056 quidem

229 1088 438 1146 deosin
467 1085 660 1142 vestris
689 1083 1139 1157 disputationibus
1165 1081 1403 1138 solemus
1432 1077 1615 1135 audire
1639 1121 1654 1146 ,
1681 1075 1823 1148 quod

229 1181 328 1237 etsi
357 1179 536 1251 primo
563 1177 768 1250 negasti
794 1220 808 1246 ,
841 1184 1017 1232 tamen
1039 1173 1197 1246 paulo
1227 1181 1349 1245 post
1372 1173 1531 1229 etiam
1555 1171 1667 1242 ipse
1692 1187 1822 1228 con-

227 1272 406 1329 fessus
430 1285 490 1327 es
511 1312 526 1338 ,
562 1269 713 1341 quasi
739 1269 1002 1324 rationem
1045 1265 1278 1323 reddens
1310 1275 1409 1323 cur
1455 1265 1556 1321 hoc
1585 1263 1774 1320 dicatis
1805 1280 1820 1318 :

233 1367 350 1437 quia
379 1375 438 1420 et
483 1362 776 1433 Apostolus
813 1363 922 1429 ait,
963 1360 1100 1415 Deus
1134 1359 1306 1415 διεσαιί
1361 1359 1512 1432 hujus
1561 1355 1825 1412 excwcavit

229 1467 426 1514 mentes
451 1455 757 1527 inﬁdelium.
789 1443 956 1524 Quam
985 1451 1198 1524 quidem
1240 1449 1561 1507 sententiam
1591 1448 1826 1520 plerique

233 1563 481 1609 ausu-um
510 1551 580 1604 ita
597 1549 962 1619 distinguunt,
983 1555 1040 1601 nt
1063 1551 1248 1601 verum
1270 1543 1432 1598 Deum
1454 1542 1630 1598 dicant
1656 1555 1829 1597 excae-

235 1657 388 1697 casse
435 1639 733 1696 infidelium
749 1647 975 1693 mentes.
995 1635 1127 1692 Cum
1141 1635 1280 1691 enim
1299 1631 1546 1710 legerint,
1567 1629 1630 1685 In
1651 1627 1829 1702 quibus

237 1731 398 1796 Deus,
427 1731 762 1802 suspendunt
781 1727 1260 1799 pronuntiationem
1285 1739 1299 1791 ;
1342 1739 1403 1780 ac
1425 1733 1549 1778 tunc
1575 1721 1826 1788 inferunt,

237 1819 414 1879 seculi
446 1823 602 1893 hujus
623 1819 888 1875 excwcavit
915 1828 1104 1872 mentes
1133 1813 1438 1887 infidelium.
1467 1813 1598 1882 Quia
1629 1811 1730 1869 etsi
1759 1813 1829 1868 ita

239 1931 344 1972 non
373 1915 676 1984 distinguas
701 1954 717 1980 ,
758 1911 852 1967 sed
881 1909 1180 1981 exponendi
1223 1907 1387 1978 gratia
1427 1905 1498 1961 ita
1548 1903 1830 1960 verborum

239 2005 487 2062 ordinem
517 2011 689 2060 mutes
712 2044 726 2067 ,
759 2001 826 2056 In
856 1999 1035 2073 quibus
1062 1999 1202 2054 Deus
1233 1997 1496 2054 excwcavit
1525 2005 1712 2050 mentes
1749 1995 1832 2049 in-

240 2100 476 2173 ﬁdelium
521 2098 692 2155 saeculi
738 2097 926 2168 hujus,
977 2093 1116 2150 idem
1147 2093 1233 2163 qui
1266 2091 1317 2146 in
1361 2089 1449 2146 illa
1495 2087 1834 2144 distinctione

239 2209 434 2251 sensus
469 2193 662 2249 elucet.
690 2191 875 2246 Potest
904 2189 1046 2244 enim
1079 2185 1238 2242 etiam
1271 2184 1389 2239 talis
1416 2177 1656 2253 Operatio
1680 2221 1697 2248 ,
1730 2193 1834 2250 qua

239 2293 583 2344 excaecantur
612 2289 820 2338 mentes
845 2275 1134 2336 inﬁdelium
1161 2317 1177 2346 ,
1210 2274 1506 2331 secundum
1549 2269 1834 2343 quemdam

239 2379 462 2437 modum
495 2377 761 2449 pertinere
804 2371 871 2429 ad
900 2385 1080 2428 verum
1127 2369 1336 2434 Deum;
1369 2363 1508 2437 quod
1549 2379 1656 2419 non
1705 2361 1838 2416 facit

244 2473 469 2539 malitia,
500 2469 594 2527 scd
628 2469 826 2543 iustitia
861 2483 874 2520 :
909 2465 1046 2522 sicut
1084 2463 1222 2518 idem
1255 2459 1450 2516 Paulus
1497 2457 1623 2512 alibi
1675 2455 1833 2522 dicit,

246 2561 517 2634 Numquid
543 2561 743 2632 iniquus
768 2557 908 2613 Deus
933 2599 945 2624 ,
979 2555 1064 2628 qui
1097 2555 1252 2625 infert
1278 2553 1408 2606 iram
1446 2549 1620 2623 (Rom.
1647 2564 1726 2616 Ill,
1757 2547 1837 2618 5)?

243 2653 372 2710 Item
420 2651 588 2708 alibi:
625 2649 762 2718 Quid
791 2663 907 2720 ergo
936 2646 1174 2712 dicimus,
1207 2641 1422 2714 inquit?
1465 2639 1709 2711 numquid
1737 2639 1839 2692 ini-

243 2750 406 2820 quitas
435 2755 508 2802 est
533 2745 672 2817 apud
700 2741 906 2798 Deum?
935 2737 1095 2794 Absit.
1127 2735 1297 2808 Moysi
1327 2734 1456 2789 enim
1486 2731 1606 2786 dicit
1636 2747 1654 2786 :
1685 2729 1842 2785 Mise-

244 2839 388 2894 νεῦον
410 2838 498 2892 cui
545 2837 774 2892 misertus
803 2849 888 2888 ero
908 2875 921 2900 ,
974 2835 1020 2886 et
1065 2826 1456 2883 miscricordiam
1487 2826 1734 2894 prwstabo
1759 2821 1842 2875 cui

245 2931 538 2986 misericors
562 2927 728 3000 fuero.
754 2923 890 2981 Cum
919 2931 1046 2994 ergo
1076 2917 1424 2990 prtemisisset
1443 2957 1456 2984 ,
1485 2913 1626 2986 quod
1653 2913 1842 2968 incon-

245 3037 406 3079 casse
449 3027 536 3076 est
580 3015 957 3082 retinendum,
1011 3027 1115 3068 non
1147 3025 1266 3067 esse
1316 3007 1645 3080 iniquitatem
1703 3005 1841 3075 apud

245 3113 417 3170 Deum
441 3111 648 3182 ,,paulo
673 3117 794 3182 post
818 3103 1031 3162 attende
1073 3101 1199 3176 quid
1243 3101 1419 3155 dicat:
1450 3097 1510 3154 Si
1556 3107 1722 3153 autem
1751 3113 1841 3152 vo-

247 3205 354 3260 lens
384 3203 530 3258 Deus
567 3199 827 3256 ostendere
869 3199 1038 3263 iram,
1090 3203 1138 3250 et
1181 3193 1525 3248 demonstrare
1570 3191 1844 3262 potentiam

249 3313 414 3362 manu,
448 3295 620 3348 attulit
643 3293 696 3346 in
726 3289 884 3346 multa
916 3287 1158 3361 patientia
1183 3301 1302 3339 uasa
1331 3283 1442 3350 ine,
1477 3297 1588 3353 qua:
1622 3281 1845 3353 perfecta

249 3397 364 3444 sunt
393 3387 448 3443 in
485 3385 818 3458 perditionem
837 3424 853 3452 ,
895 3389 940 3436 et
963 3391 1013 3435 ut
1042 3388 1186 3434 notas
1227 3381 1410 3450 faceret
1439 3373 1643 3428 divitias
1667 3371 1846 3445 gloria

250 3499 356 3537 suae
402 3481 460 3535 in
507 3496 630 3535 uasa
676 3473 1070 3541 misericordias,
1119 3488 1233 3545 quae
1273 3467 1576 3542 prwparavit
1627 3467 1681 3521 in
1736 3465 1848 3538 glo'o

249 3573 382 3629 riam
407 3581 520 3628 etc.
551 3569 660 3644 (id.
689 3587 762 3638 ix,
793 3569 859 3623 14
883 3609 898 3635 ,
928 3565 1010 3632 15,
1041 3547 1140 3628 22,
1175 3561 1290 3634 95).
1356 3561 1514 3616 Certe
1567 3559 1653 3614 hic
1697 3557 1846 3615 nullo

253 3667 415 3722 modo
441 3664 549 3720 dici
575 3669 769 3736 potest,
800 3659 960 3715 alium
989 3649 1158 3713 Deum
1187 3670 1305 3712 esse
1334 3653 1423 3726 qui
1452 3649 1686 3709 ostendit
1713 3652 1846 3705 iram

254 3767 308 3817 et
327 3759 668 3815 demonstrat
707 3753 996 3828 potentiam
1039 3765 1190 3806 suam
1216 3747 1269 3804 in
1303 3747 1443 3804 Vasis
1469 3761 1585 3817 quae
1613 3739 1847 3816 perfecta

253 3861 380 3908 sunt
399 3849 470 3906 ad
493 3847 843 3920 perditionem
869 3887 884 3911 ,
907 3853 962 3900 et
990 3841 1154 3898 alium
1182 3840 1270 3911 qui
1299 3837 1532 3894 ostendit
1559 3833 1768 3892 divitias
1793 3833 1848 3890 in

253 3943 404 3998 vasis
431 3938 835 3997 misericordiae.
882 3933 1016 3991 Nam
1071 3947 1235 3988 unum
1283 3927 1636 4000 eumdemque
1680 3927 1848 3981 Deum

258 4033 448 4089 facere
491 4039 766 4101 utrumque
790 4071 804 4095 ,
837 4025 1126 4098 apostolica
1158 4021 1397 4078 doctrina
1429 4027 1672 4088 testatur.
1711 4015 1850 4072 Hinc

257 4137 344 4184 est
377 4133 430 4182 et
463 4123 588 4180 illud
611 4167 624 4190 ,
653 4123 872 4194 Pr0pter
917 4121 1010 4173 hoc
1038 4115 1248 4172 tradidit
1271 4114 1387 4169 illos
1415 4111 1548 4168 Deus
1575 4112 1629 4165 in
1667 4125 1853 4165 concu-

259 4222 539 4298 piscentias
559 4219 729 4274 cordis
758 4231 928 4271 eorum
950 4257 964 4284 ,
996 4215 1050 4268 in
1079 4207 1471 4275 immunditiam,
1505 4213 1558 4260 ut
1591 4214 1852 4260 contume-

261 4297 342 4370 liis
375 4313 600 4384 aﬁiciant
629 4325 844 4380 corpora
869 4323 962 4360 sua
987 4305 1041 4359 in
1070 4301 1350 4372 semetipsis
1381 4315 1398 4354 :
1428 4308 1479 4354 et
1507 4297 1666 4368 paulo
1696 4303 1814 4367 post
1832 4335 1850 4363 ,

261 4403 548 4475 PrOpterea
588 4399 798 4456 tradidit
823 4399 939 4452 illos
965 4395 1102 4450 Deus
1144 4395 1198 4447 in
1239 4391 1496 4464 passiones
1525 4385 1853 4460 ignominiaa:

262 4499 387 4555 item
419 4496 582 4568 paulo
605 4501 747 4566 post,
785 4489 849 4547 Et
897 4487 1132 4561 quoniam
1161 4503 1262 4564 non
1314 4487 1645 4555 probaverunt
1689 4479 1853 4534 Deum

265 4567 448 4647 habere
479 4591 534 4644 in
581 4587 762 4643 notitia
783 4628 797 4652 ,
827 4583 1036 4638 tradidit
1063 4579 1178 4634 illos
1208 4567 1344 4632 Deus
1369 4573 1420 4629 in
1446 4575 1711 4645 reprobum
1735 4587 1853 4624 sen-

265 4703 378 4740 sum
403 4683 519 4756 (ld.
553 4697 594 4748 ι,
615 4679 686 4736 24
710 4721 724 4745 ,
754 4677 846 4746 26,
878 4675 994 4748 2'5).
1047 4673 1186 4728 Ecce
1217 4665 1486 4740 quomodo
1513 4679 1672 4719 verus
1717 4661 1857 4718 Deus

263 4789 318 4835 et
334 4755 514 4848 justus
539 4782 772 4830 excaecat
803 4777 1007 4824 mentes
1033 4763 1348 4819 infidelium.
1371 4757 1556 4828 Neque
1583 4755 1724 4812 enim
1754 4769 1857 4808 un-

265 4845 424 4942 quam
454 4869 512 4924 in
541 4865 626 4920 his
650 4859 891 4934 Apostoli
911 4857 1089 4915 verbis
1117 4870 1236 4926 quae
1263 4845 1700 4916 commemoravi,
1723 4845 1859 4900 alius

270 4939 411 5021 Deus
435 4959 741 5017 intellectus
763 4963 866 5024 est,
897 4968 1053 5024 quam
1085 4949 1175 5005 ille
1196 4947 1286 5020 qui
1315 4943 1508 5000 Filium
1532 4957 1686 4998 suum
1714 4939 1863 4994 misit

269 5057 542 5112 dicentem
568 5093 584 5120 ,
615 5045 680 5104 In
717 5045 969 5120 judicium
997 5041 1110 5097 veni
1153 5041 1206 5094 in
1235 5039 1364 5092 hunc
1388 5034 1630 5090 mundum
1650 5075 1664 5100 ,
1697 5039 1752 5086 ut
1777 5030 1862 5102 qui

273 5165 374 5204 non
395 5145 601 5210 vident,
629 5139 832 5196 videant
849 5155 866 5204 ;
892 5147 936 5193 et
967 5135 1053 5207 qui
1073 5131 1262 5199 vident,
1289 5129 1406 5184 caeci
1431 5127 1555 5198 [iant
1587 5123 1761 5198 (Joan.
1785 5139 1861 5190 Ix,

275 5241 390 5314 39).
439 5237 576 5294 Nam
627 5243 683 5290 et
731 5231 823 5288 hic
860 5229 988 5284 satis
1017 5231 1237 5297 apparet
1263 5221 1532 5279 mentibus
1586 5215 1860 5304 fidelium,

279 5305 550 5405 quomodo
589 5327 732 5383 Deus
759 5323 1000 5379 exciecet
1028 5325 1236 5375 mentes
1264 5311 1574 5370 inﬁdelium.
1605 5305 1868 5365 Praecedit

274 5397 420 5481 enim
449 5417 652 5490 aliquid
683 5413 948 5472 occultum
977 5411 1031 5466 in
1083 5405 1326 5474 occultis,
1355 5402 1444 5458 ubi
1473 5401 1612 5456 Deus
1638 5403 1756 5470 agat
1781 5397 1868 5468 ju-

273 5485 574 5572 stissimum
605 5522 830 5566 examen
853 5501 1038 5576 iudicii
1065 5499 1176 5566 sui,
1204 5506 1260 5554 ut
1288 5491 1634 5568 quorumdam
1660 5485 1867 5545 mentes

277 5599 620 5664 excaecentur
647 5643 663 5668 ,
717 5593 1067 5671 quorumdam
1117 5587 1480 5647 illuminen‘tur
1513 5603 1527 5640 :
1558 5581 1642 5637 cui
1693 5581 1866 5638 veris-

279 5701 420 5756 sim‘e
460 5696 659 5752 dictum
713 5669 830 5759 est,
861 5685 1071 5743 Iudicia
1098 5693 1186 5740 tua
1228 5679 1436 5754 abyssus
1464 5675 1622 5732 multa
1670 5673 1690 5748 (
1721 5669 1866 5729 Psal.

281 5807 465 5858 xxxv,
513 5789 606 5860 Ἰ).
659 5785 824 5856 Cujus
861 5777 1234 5855 profunditatis
1281 5767 1754 5860 impenetrabilemg
1785 5765 1869 5860 al-

281 5855 578 5940 titudinem
625 5855 912 5949 Apostolus
965 5869 1288 5932 admiratus,
1339 5862 1599 5920 exclamat
1647 5877 1662 5913 :
1716 5858 1762 5912 ο
1788 5855 1870 5911 αι-

286 5973 454 6044 titudo
505 5971 792 6028 diuitiarum
841 5963 1099 6040 sapientiai
1149 5969 1196 6017 et
1246 5953 1468 6014 scientia
1519 5951 1652 6010 Dei!
1713 5957 1864 6022 Quam

1323 6131 1326 6134 .
1339 6121 1382 6136 4

1401 485 1605 556 υπςεῇ
1642 471 2001 552 Vtcssintis
2037 487 2308 554 ramus.

3401 461 3414 484 ετ
3479 483 3484 486 .

3397 479 3499 552 too

1921 608 2265 664 inscruttzbilia
2313 617 2430 664 sunt
2461 605 2659 682 judicia
2711 603 2841 680 ejus,
2875 601 2979 664 etc.
3013 595 3210 683 (Rom.
3251 597 3497 684 £1,325”

1995 699 2220 756 CAPUT
2267 701 2353 755 Ill.
2377 731 2442 780 —¢
2459 701 2568 756 Vos
2596 707 2772 756 autem
2799 715 2905 756 non
2932 699 3169 756 valentes
3196 699 3502 761 discernere

1923 793 2050 865 quid
2081 793 2241 849 faciat
2269 793 2409 849 Deus
2435 787 2692 849 beneficio
2710 835 2724 861 ,
2783 791 2907 864 quid
2953 789 3154 864 judicio
3176 834 3192 860 ,
3239 795 3360 865 quia
3387 801 3441 852 et
3470 797 3502 852 a

1926 883 2086 974 corde
2107 893 2160 940 et
2183 883 2251 939 ab
2278 899 2370 940 ore
2397 897 2573 940 vesxro
2602 885 2756 956 longe
2783 893 2865 941 est
2889 885 3206 941 Psalterium
3237 896 3500 958 nostrum,

1927 975 2016 1032 ubi
2043 975 2712 1046 dicitur,Misericordiam
2761 985 2809 1031 et
2830 977 3085 1050 judicium
3111 978 3324 1034 cantabo
3378 979 3499 1048 tibi,

1928 1071 2148 1128 Domine
2188 1069 2359 1144 (Psal.
2392 1087 2422 1128 c
2447 1114 2462 1141 ,
2516 1071 2603 1140 l);
2653 1071 2906 1142 quidquid
2953 1087 3048 1128 vos
3074 1087 3170 1144 pro
3196 1073 3503 1130 infirmitate

1923 1153 2174 1248 humanm
2204 1163 2538 1220 mortalitatis
2568 1161 2881 1230 offenderit,
2931 1165 3174 1221 alienatis
3194 1165 3411 1222 omnino
3439 1145 3506 1222 ab

1929 1255 2148 1310 arbitrio
2174 1263 2227 1311 et
2251 1253 2451 1326 judicio
2484 1255 2577 1310 Dei
2604 1255 2713 1310 veri
2737 1273 2750 1310 :
2792 1254 3038 1311 videlicet
3065 1255 3322 1313 habentes
3347 1273 3508 1327 para-

1931 1357 2040 1432 tum
2071 1349 2297 1404 alterum
2321 1347 2479 1404 deum
2507 1347 2705 1402 malum
2726 1388 2742 1414 ,
2776 1363 2933 1418 quem
2982 1347 3132 1403 vobis
3159 1364 3264 1402 non
3307 1349 3504 1406 veritas

1931 1441 2198 1510 ostendit,
2251 1439 2344 1498 sed
2371 1439 2573 1495 vanitas
2602 1439 2754 1512 lingit
2776 1481 2792 1508 ,
2823 1440 2908 1494 cui
2939 1439 3180 1495 tribuatis
3205 1456 3309 1498 non
3336 1441 3508 1497 solum

1932 1533 2184 1607 quidquid
2225 1533 2396 1590 facitis
2421 1531 2617 1604 injuste
2635 1575 2651 1602 ,
2677 1548 2866 1588 verum
2906 1533 3066 1589 etiam
3091 1533 3342 1605 quidquid
3371 1535 3510 1606 pati-

1933 1627 2062 1684 mini
2098 1627 2239 1698 juste
2263 1643 2280 1696 ;
2311 1625 2380 1681 ita
2403 1625 2514 1681 Deo
2543 1625 2836 1682 tribuentes
2857 1623 3112 1681 beneficia
3136 1625 3426 1692 donorum,
3458 1633 3513 1682 et

1934 1721 1981 1776 ei
2022 1719 2325 1776 auferentes
2351 1719 2545 1790 judicia
2577 1733 2855 1789 pmnarum
2877 1759 2890 1783 ,
2926 1717 3076 1788 quasi
3102 1715 3168 1772 de
3190 1717 3294 1772 alio
3319 1715 3514 1774 dixerit

1934 1809 2175 1871 Christus
2215 1811 2356 1884 quod
2403 1811 2780 1884 praeparaverit
2812 1811 2829 1845 ³
2855 1811 3032 1882 ignem
3076 1821 3332 1868 aeternum
3363 1811 3515 1866 malis

1931 1899 2152 1980 (Matth.
2182 1921 2305 1972 xxv,
2335 1903 2448 1976 Μ),
2473 1920 2632 1976 quam
2657 1903 2724 1960 de
2754 1903 2843 1958 illo
2869 1903 2956 1974 qui
2986 1903 3108 1957 facit
3151 1903 3320 1958 solem
3358 1916 3513 1962 suum

1935 1999 2060 2056 oriri
2090 2015 2249 2072 super
2275 1997 2444 2054 bonos
2473 2005 2529 2053 et
2565 1997 2734 2052 malos
2758 2039 2773 2066 ,
2807 2005 2861 2053 et
2907 1983 3037 2068 pluit
3065 2011 3226 2066 super
3257 1996 3432 2066 justus
3464 2005 3518 2054 et

1935 2091 2160 2164 injustos
2208 2089 2316 2164 (Id.
2339 2106 2393 2158 v,
2426 2090 2542 2159 45).
2583 2087 2737 2146 Unde
2765 2085 2853 2143 hic
2879 2095 3079 2143 tantam
3109 2085 3398 2142 bonitatem
3420 2128 3436 2154 ,
3466 2095 3520 2142 et

1937 2183 2008 2240 ibi
2037 2192 2234 2238 tantam
2266 2181 2602 2238 severitatem
2629 2179 2695 2234 ad
2725 2195 2888 2234 unum
2917 2179 3187 2250 pertinere
3209 2177 3377 2233 Deum
3406 2193 3514 2232 non

1939 2275 2226 2347 intelligitis
2246 2318 2259 2343 ,
2301 2275 2404 2330 nisi
2433 2274 2554 2345 quia
2584 2271 3004 2328 misericordiam
3033 2279 3088 2327 et
3103 2269 3360 2341 judicium
3388 2287 3518 2326 can-

1940 2375 2051 2423 tare
2081 2383 2185 2421 non
2213 2365 2415 2422 nostis?
2464 2363 2651 2420 Nonne
2690 2362 2829 2418 idem
2874 2361 2988 2431 ipse
3029 2361 3120 2434 qui
3169 2359 3297 2415 facit
3341 2360 3513 2415 solem

1941 2475 2094 2516 suum
2151 2459 2278 2513 oriri
2321 2472 2481 2527 super
2515 2453 2688 2512 bonos
2732 2461 2786 2510 et
2841 2453 3042 2520 malos,
3082 2461 3134 2510 et
3177 2451 3309 2524 pluit
3355 2466 3518 2519 super

1938 2549 2112 2622 justos
2155 2558 2210 2605 et
2240 2549 2467 2619 injustos
2491 2589 2507 2616 ,
2545 2545 2738 2618 frangit
2765 2553 2940 2601 tamen
2967 2560 3146 2600 ramos
3168 2541 3436 2598 naturales
3466 2551 3522 2597 et

1943 2653 2128 2700 contra
2176 2653 2415 2698 naturam
2465 2641 2651 2696 inserit
2696 2637 3031 2695 oleastrum?
3078 2637 3264 2693 Nonne
3307 2635 3375 2692 de
3415 2637 3522 2692 uno

1943 2733 2058 2805 ipso
2081 2733 2187 2789 illic
2214 2733 2342 2788 dicit
2363 2731 2654 2802 Apostolus
2685 2748 2700 2785 :
2746 2729 2898 2786 Vides
2919 2747 3036 2802 ergo
3064 2729 3333 2784 bonitatem
3360 2737 3406 2782 et
3442 2743 3524 2782 se-

1944 2827 2201 2882 veritatem
2232 2824 2327 2878 Dei
2358 2840 2375 2877 :
2403 2824 2458 2877 in
2485 2839 2568 2878 eos
2596 2821 2798 2894 quidem
2817 2823 2902 2893 qui
2925 2823 3077 2894 fracti
3102 2829 3254 2886 sunt,
3289 2819 3526 2874 severita-

1945 2923 2079 2983 tem;
2104 2917 2158 2970 in
2185 2925 2231 2970 te
2259 2925 2426 2969 autem
2447 2913 2720 2968 bonitatem
2740 2956 2753 2982 ,
2785 2913 2829 2968 si
2855 2911 3188 2985 permanseris
3216 2911 3271 2966 in
3309 2910 3528 2966 bonitate

1948 3011 2120 3084 (Rom.
2153 3027 2226 3077 χι,
2262 3007 2483 3082 17-24γὲ
2503 3007 2709 3079 Nempe
2737 3005 2961 3072 auditis,
2993 3020 3185 3076 nempe
3209 3003 3486 3060 advertitis
3505 3043 3524 3070 ,

1946 3101 2393 3175 quemadmodum
2423 3115 2523 3156 nec
2551 3099 2660 3156 Deo
2682 3099 2886 3154 auferat
2909 3095 3241 3169 iudiciariam
3271 3095 3529 3152 severita-

1946 3203 2055 3252 tem
2078 3236 2091 3261 ,
2121 3208 2219 3250 nec
2245 3191 2447 3247 homini
2483 3189 2706 3247 liberam
2735 3189 3082 3244 voluntatem.
3111 3185 3388 3243 Occultum
3413 3193 3492 3241 est
3510 3227 3529 3256 ,

1947 3289 2112 3344 altum
2140 3295 2240 3354 est,
2269 3283 2620 3341 inaccessibili
2651 3289 2858 3339 secreto
2874 3279 2940 3337 ab
2966 3281 3193 3335 humana
3213 3277 3532 3350 cogitatione

1948 3379 2211 3436 seclusum
2237 3385 2339 3446 est,
2361 3371 2806 3448 quemadmodum
2825 3371 2965 3428 Deus
2984 3379 3037 3426 et
3059 3369 3273 3426 damnet
3287 3367 3529 3438 impium,

1949 3479 2002 3526 ct
2025 3469 2277 3542 justiﬁcet
2306 3465 2526 3538 impium
2555 3483 2569 3520 :
2603 3471 2881 3534 utrumque
2911 3461 3052 3518 enim
3074 3459 3140 3516 de
3166 3459 3256 3516 illo
3287 3459 3531 3534 Scriptu-

1950 3576 2128 3616 rarum
2151 3565 2453 3615 sanctarum
2481 3555 2676 3610 veritas
2691 3551 2943 3624 loquitur.
2968 3551 3102 3606 Num
3127 3547 3420 3622 igiturideo
3441 3545 3533 3601 ad-

1949 3669 2135 3709 versus
2151 3649 2325 3707 divina
2341 3647 2537 3720 judicia
2554 3647 2754 3720 garrire
2769 3643 3014 3714 delectat,
3039 3643 3160 3716 quia
3183 3649 3306 3698 sunt
3327 3641 3533 3696 inserti-

1953 3745 2166 3804 tabilia?
2187 3745 2396 3814 Quanto
2416 3739 2844 3806 convenientius,
2867 3743 3064 3808 quanto
3084 3727 3536 3810 accommodatius

1953 3847 2035 3894 est
2051 3836 2264 3892 modulo
2282 3841 2490 3900 nostro,
2507 3845 2862 3902 expavescere
2878 3829 2983 3883 illic
2995 3827 3084 3883 ubi
3099 3825 3293 3882 Paulus
3305 3823 3533 3896 expavit,

1954 3937 2006 3986 et
2033 3928 2352 3992 exclamare,
2373 3923 2416 3980 Ο
2438 3922 2649 3979 altitudo
2667 3922 2954 3977 divitiarum
2973 3917 3235 3990 sapientiae
3259 3923 3303 3970 et
3320 3915 3539 3970 scientia:

1954 4019 2088 4077 Dei!
2114 4037 2264 4095 quam
2288 4015 2636 4074 inscrutabilia
2659 4022 2773 4070 sunt
2800 4013 3002 4086 judicia
3031 4011 3160 4084 ejus,
3192 4017 3238 4064 et
3267 4009 3537 4079 investiga-

1956 4115 2076 4170 biles
2104 4114 2196 4169 vite
2221 4111 2370 4183 ejus!
2398 4110 2608 4177 Quanto
2655 4107 2845 4163 melius
2876 4111 2958 4160 est
2983 4105 3054 4159 ita
3083 4101 3265 4158 mirari
3293 4099 3434 4172 quod
3461 4102 3541 4154 in-

1956 4209 2219 4280 vestigare
2245 4221 2348 4261 non
2373 4201 2573 4260 sufﬁcis
2593 4242 2609 4270 ,
2637 4216 2795 4272 quam
2827 4206 3108 4270 propterea
3146 4193 3283 4250 velle
3309 4193 3532 4248 alterum

1958 4303 2115 4360 deum
2147 4299 2344 4358 malum
2367 4299 2565 4368 lingere
2587 4337 2600 4362 ,
2624 4294 2745 4365 quia
2768 4307 2931 4347 unum
2956 4289 3155 4346 bonum
3186 4303 3294 4343 non
3317 4284 3534 4357 potuisti

1959 4389 2453 4465 comprehendere?
2499 4387 2614 4443 Non
2659 4387 2801 4442 enim
2845 4381 2914 4439 de
2945 4379 3161 4438 nomine
3192 4379 3398 4452 agitur,
3447 4373 3543 4432 sed

1959 4487 2027 4546 de
2076 4501 2258 4558 Opere.
2325 4559 2328 4562 _

2030 4555 2256 4634 CAPUT
2285 4559 2374 4628 Ν.
2404 4603 2474 4612 -
2493 4569 2628 4626 Nam
2647 4568 2752 4624 cito
2778 4565 2985 4622 videtur
3006 4555 3232 4620 Faustus
3262 4575 3320 4617 se
3349 4557 3539 4615 defen-

1962 4669 2126 4736 disse,
2157 4681 2277 4722 cum
2305 4663 2379 4719 ait
2403 4681 2418 4717 :
2457 4659 2580 4717 Non
2607 4659 2820 4714 dicimus
2859 4657 2986 4711 duos
3011 4655 3162 4722 deos,
3193 4651 3283 4709 sed
3310 4651 3474 4706 Deum
3499 4655 3546 4704 et

1951 4759 2154 4840 Hylen.
2169 4757 2336 4816 Porro
2351 4763 2527 4812 autem
2549 4769 2670 4811 cum
2691 4751 2966 4824 quaesieris
2995 4763 3153 4822 quam
3177 4745 3322 4803 dicat
3347 4745 3535 4816 Hylen,

1963 4853 2146 4910 audies
2177 4853 2333 4924 plane
2359 4847 2585 4906 describi
2611 4845 2835 4902 alterum
2867 4841 3046 4899 deum.
3092 4839 3150 4898 Si
3187 4839 3328 4894 enim
3379 4835 3548 4900 male:

1966 4950 2104 5012 ries.
2124 4945 2365 5003 informis
2406 4940 2758 5014 corporalium
2806 4937 3097 4994 formarum
3143 4947 3309 5002 capax
3359 4925 3428 4983 ab
3469 4926 3549 4982 eis

1969 5037 2103 5115 lier
2151 5037 2536 5110 appellaretur,
2583 5049 2700 5105 quas
2752 5029 3014 5102 appellata
3053 5035 3134 5082 est
3169 5025 3234 5080 ab
3253 5113 3258 5115 Α
3263 5019 3547 5115 antiquis,

1969 5111 2128 5192 nemo
2157 5147 2272 5188 eam
2303 5137 2540 5186 nostrum
2571 5129 2882 5195 coargueret
2909 5117 3012 5176 dici
3041 5117 3230 5195 deum.
3251 5111 3402 5168 Nunc
3423 5125 3548 5166 vero

1951 5215 2195 5300 quantus
2240 5238 2392 5280 error
2427 5227 2540 5286 est,
2581 5193 2776 5288 quanta
2803 5209 3067 5270 dementia
3096 5249 3112 5276 ,
3152 5193 3236 5262 vel
3279 5201 3550 5260 materiem

1967 5293 2252 5390 dorporum
2291 5313 2468 5370 dicere
2515 5309 2760 5379 opificem
2803 5314 3086 5372 corporum
3113 5338 3130 5366 ,
3177 5295 3262 5352 vel
3308 5293 3552 5368 Opificem

1961 5381 2255 5484 (corporum
2285 5420 2478 5480 negare
2507 5403 2676 5460 Deum
2707 5391 2768 5454 "?
2809 5395 2940 5464 Quia
2971 5407 3099 5464 ergo
3124 5381 3266 5464 quod
3297 5383 3436 5444 Dens
3459 5401 3554 5441 ve-

1959 5479 2238 5574 rus—facit,
2267 5479 2444 5566 idest,
2471 5507 2776 5565 corporum,
2817 5483 3226 5550 elementorum,
3250 5479 3554 5538 animalium

1975 5595 2253 5670 qualitates
2279 5601 2333 5648 et
2358 5589 2578 5654 formas,
2607 5592 2663 5640 ut
2687 5595 2935 5652 corpora,
2969 5583 3026 5634 ut
3049 5569 3338 5641 ele'mcnta,
3364 5579 3420 5628 ut
3439 5569 3556 5624 ani-

1975 5657 2133 5768 malia
2165 5689 2304 5754 sint,
2341 5683 2444 5739 hoc
2479 5694 2576 5736 vos
2600 5675 2774 5734 dicitis
2801 5671 2983 5730 nescio
3018 5679 3178 5741 quem
3218 5663 3441 5721 alterum
3471 5657 3556 5715 fa-

2039 5861 2081 5925 ι’
2098 5887 2229 5946 Apud
2257 5877 2334 5934 ac.
2357 5879 2505 5946 Lugd,
2533 5883 2586 5931 ει
2607 5875 2747 5946 “59-:
2771 5859 3251 5946 ρτωνανσρῐξομὲιμ-
3285 5917 3364 5946 ...ε

2045 5917 2062 5925 -
2098 5917 2128 5940 η
2163 5917 2229 5938 ..ιι
2262 5917 2334 5934 ω.
2361 5917 2505 5946 Wa...
2535 5917 2586 5931 ν.
2619 5917 2747 5938 ......,
2773 5917 2994 5940 er“---
3030 5917 3057 5919 ν-
3361 5917 3364 5920 _

2043 5957 2064 5988 ³
2097 5917 2265 6003 rrures
2285 5954 2412 6011 Mss,
2434 5945 2506 5997 vel
2529 5940 2776 5996 materiem
2799 5942 3058 6002 corporum
3076 5935 3252 5994 negaro
3273 5917 3446 5976 ηοω.
3541 5929 3552 5940 ‘
