4052 6432
529 453 632 517 39!

529 587 689 641 cere;
718 570 956 646 quolibet
996 582 1119 627 eum
1156 564 1372 625 nomine
1397 567 1641 623 vocitetis
1660 606 1676 635 ,
1704 574 1853 624 recte
1876 564 2115 622 dicimini

528 682 714 727 errore
749 672 929 722 vestro
968 662 1128 719 deum
1171 662 1396 717 alterum
1439 660 1710 717 inducere.
1754 659 1812 715 ln
1850 660 1951 716 hac
1971 657 2115 714 enim

530 775 635 817 una
660 774 722 815 re
765 757 848 813 bis
876 754 1066 811 erratis
1104 767 1288 809 errore
1327 751 1583 823 sacrilego
1610 770 1625 806 :
1656 752 1825 809 semel
1853 750 2067 822 quidem
2095 787 2112 817 ,

528 850 672 923 quod
700 865 762 906 ea
791 863 910 919 quae
935 846 1076 902 Deus
1100 844 1257 909 facit,
1289 860 1409 899 eum
1458 844 1632 900 facere
1681 843 1856 899 dicitis
1877 884 1895 911 ,
1953 855 2115 913 quem

528 942 701 998 Deum
735 940 885 996 fateri
916 937 1262 1003 erubescitis;
1294 935 1389 992 sed
1421 936 1567 990 nullo
1600 934 1758 990 modo
1794 933 2035 991 efficietis
2058 940 2118 987 ut

529 1048 636 1090 non
667 1033 737 1088 sit
761 1032 924 1098 Deus,
954 1029 1054 1084 nisi
1084 1042 1206 1084 eum
1234 1028 1355 1082 talia
1384 1026 1562 1083 facere
1587 1024 2115 1096 negaveritis,qualia

530 1139 636 1179 non
666 1122 789 1177 facit
818 1120 918 1176 nisi
947 1120 1088 1175 Deus
1118 1136 1131 1174 :
1160 1119 1351 1173 iterum
1376 1125 1575 1180 autem,
1609 1117 1729 1185 quia
1758 1131 1819 1170 ea
1847 1123 1964 1185 quae
2010 1115 2111 1169 bo-

470 1192 486 1263 ;
530 1229 630 1269 nus
656 1213 798 1267 Deus
827 1211 963 1266 bona
990 1209 1133 1275 facit,
1167 1224 1265 1264 vos
1294 1217 1347 1264 et
1375 1223 1407 1263 a
1432 1208 1575 1263 malo
1593 1207 1728 1275 fieri,
1753 1216 1805 1262 et
1826 1207 1963 1262 mala
1992 1221 2112 1262 esse

530 1302 840 1374 opinamini,
868 1302 1055 1371 puerili
1078 1315 1237 1355 sensu
1267 1299 1546 1355 horrentes
1566 1314 1686 1370 quae
1716 1299 1941 1369 poenalis
1969 1314 2116 1354 mor-

529 1393 745 1448 talitatis
769 1391 1116 1448 imbecillitati
1141 1406 1247 1445 non
1274 1398 1591 1461 congruunt,
1635 1398 1690 1445 et
1728 1400 1969 1445 amantes
1988 1405 2107 1459 quae

530 1491 847 1554 congruunt.
864 1481 1095 1537 Proinde
1117 1482 1313 1536 malum
1333 1480 1529 1547 dicitis,
1549 1482 1638 1551 qui
1653 1480 1779 1536 fecit
1801 1480 2114 1536 colubrum:

530 1572 691 1630 istum
718 1584 892 1630 autem
925 1574 1095 1631 solem
1137 1583 1243 1628 tam
1283 1587 1530 1645 magnuut
1566 1573 1764 1629 bonum
1791 1574 2027 1644 putatis,
2058 1580 2118 1629 ut

530 1684 630 1723 nec
660 1669 854 1723 factum
889 1682 919 1721 a
958 1668 1099 1733 Deo,
1151 1666 1244 1721 sed
1298 1667 1561 1737 prolatum
1598 1665 1681 1720 vel
1726 1667 1946 1721 missum
1995 1680 2116 1722 esse

530 1762 782 1817 credatis.
810 1761 950 1816 Deus
974 1769 1151 1815 autem
1176 1774 1353 1827 verus,
1384 1761 1436 1814 in
1465 1775 1623 1829 quem
1652 1758 1889 1814 nondum
1914 1774 1942 1812 a
1964 1759 2115 1816 vobis

530 1854 677 1911 credi
704 1854 922 1909 nimium
950 1852 1106 1909 doleo
1130 1894 1144 1919 ,
1175 1861 1230 1909 et
1258 1852 1534 1908 colubrum
1570 1850 1696 1908 fecit
1736 1852 1878 1907 inter
1902 1851 2003 1907 alia
2030 1853 2115 1907 in-

531 1943 748 2012 feriora,
789 1953 841 2002 ct
880 1945 1046 2000 solem
1080 1944 1219 1999 inter
1248 1943 1348 1997 alia
1393 1943 1706 2012 superiora;
1755 1952 1810 1999 et
1847 1942 2023 1998 adhuc
2061 1943 2115 1998 in

530 2039 927 2095 sublimioribus
960 2054 1066 2094 non
1095 2037 1461 2108 corporalibus
1497 2037 1837 2103 coelestibus,
1867 2036 1963 2092 sed
1999 2036 2111 2106 jam

530 2134 586 2189 in
628 2132 1015 2203 spiritualibus.
1036 2132 1199 2185 multa
1239 2131 1338 2184 ista
1383 2130 1500 2185 luce
1529 2130 1684 2201 longe
1712 2128 1932 2185 meliora
1953 2168 1967 2193 ,
1997 2144 2116 2199 quae

528 2224 757 2279 carnalis
782 2224 942 2279 homo
969 2224 1188 2293 quilibet
1240 2236 1344 2277 non
1394 2220 1620 2291 percipit
1664 2237 1677 2274 :
1720 2228 1920 2291 quanto
1949 2219 2116 2290 magis

528 2333 645 2385 vos,
673 2318 761 2387 qui
790 2332 910 2372 cum
950 2330 1162 2372 carnem
1193 2312 1560 2377 detestemini,
1608 2311 1740 2367 nihil
1773 2311 1915 2367 aliud
1956 2326 2116 2380 quam

527 2416 762 2462 vestram
795 2406 1028 2477 regulam
1070 2403 1429 2467 detestamiui,
1461 2419 1563 2471 qua
1598 2403 1735 2458 bona
1759 2413 1813 2458 et
1833 2403 1969 2458 mala
1996 2418 2117 2458 me-

531 2499 739 2554 timini?
775 2499 958 2570 Neque
998 2499 1142 2556 enim
1185 2504 1360 2568 potest
1401 2495 1454 2549 in
1504 2495 1654 2551 vobis
1701 2511 1822 2551 esse
1864 2494 2116 2565 cogitatio

528 2593 615 2647 vel
658 2591 952 2657 malorum,
996 2592 1101 2647 nisi
1147 2589 1392 2661 qualibus
1435 2588 1668 2645 carnalis
1707 2602 1898 2643 sensus
1943 2587 2116 2643 offen-

531 2685 709 2751 ditur;
765 2685 845 2741 vel
892 2684 1191 2753 bonorum,
1242 2683 1347 2739 nisi
1397 2681 1643 2754 qualibus
1691 2682 1919 2736 carnalis
1973 2680 2118 2737 acies

536 2777 857 2833 oblectatur.
1600 2788 1607 2791 '

604 2867 833 2924 CAPUT
861 2852 1000 2923 V.—
1027 2866 1098 2925 Ut
1120 2882 1248 2939 ergo
1268 2867 1367 2922 ista
1395 2866 1448 2922 in
1479 2865 1589 2921 imo
1617 2880 1794 2921 rerum
1816 2879 1977 2936 opera
1998 2863 2139 2931 Dei,‘

532 2966 765 3025 terrena,
790 2957 1021 3026 infirma,
1048 2959 1323 3024 mortalia,l
1332 2957 1427 3013 sed
1448 2966 1623 3013 tamen
1638 2972 1796 3027 opera
1812 2956 1926 3023 Dei,
1946 2956 2117 3025 qualia

528 3062 817 3120 possumus
862 3049 1067 3118 videre,
1118 3048 1485 3115 considerem,
1537 3047 1873 3103 ineﬂ'ahiliter
1900 3061 2119 3101 moveor

530 3137 687 3194 laude
712 3139 981 3195 Creatoris
1002 3140 1234 3209 illorum,
1260 3140 1348 3210 qui
1376 3152 1593 3210 prorsus
1617 3139 1689 3193 ita
1710 3152 1931 3208 magnus
1956 3147 2037 3192 est
2064 3138 2118 3192 in

527 3228 777 3300 operibus
825 3230 1062 3301 magnis,
1104 3238 1163 3286 ut
1205 3230 1382 3286 minor
1409 3244 1515 3285 non
1544 3231 1615 3286 sit
1646 3230 1699 3283 in
1726 3228 1982 3283 minimis.
2014 3230 2118 3284 Ars

526 3321 670 3376 enim
700 3321 898 3389 divina,
930 3337 1032 3392 qua
1060 3322 1299 3378 coelestia
1324 3329 1379 3377 et
1407 3329 1618 3377 terrena
1639 3334 1799 3389 opera
1822 3320 1976 3387 fiunt,
1994 3335 2117 3375 cum

526 3426 591 3468 ea
615 3412 723 3468 siut
746 3412 885 3469 inter
908 3427 967 3469 se
995 3412 1295 3480 dissimilia,
1315 3412 1428 3482 ipsa
1456 3411 1510 3467 in
1536 3410 1783 3467 omnibus
1812 3410 1894 3467 sui
1921 3411 2113 3466 similis

525 3513 629 3574 est,
678 3505 802 3577 quia
846 3506 900 3561 in
944 3521 1043 3562 suo
1079 3521 1293 3577 quoque
1321 3520 1518 3578 genere
1556 3503 1878 3575 perficiendo
1922 3503 2117 3574 ubique

523 3595 761 3667 perfecta
790 3608 894 3654 est.
924 3597 1107 3669 Neque
1139 3598 1283 3654 enim
1327 3597 1637 3653 universum
1682 3596 1866 3652 condit
1907 3597 1959 3651 in
2001 3597 2116 3652 sin-

521 3692 661 3763 gulis
679 3735 695 3761 ,
724 3692 820 3749 sed
854 3692 919 3750 ad
946 3693 1181 3749 universi
1220 3691 1563 3763 complexum
1599 3690 1839 3749 condens
1863 3691 2069 3762 singula
2095 3731 2114 3759 ,

522 3785 824 3841 universam
866 3801 927 3843 se
968 3785 1262 3843 condendis
1312 3785 1517 3858 praebet
1557 3793 1611 3841 et
1652 3784 1896 3855 singulis,
1937 3784 2115 3839 omnia

521 3885 876 3946 congruenter
924 3876 1056 3932 locis
1112 3877 1226 3933 suis
1269 3885 1325 3932 et
1372 3876 1649 3932 ordinibus
1700 3876 1900 3932 faciens
1955 3885 2118 3946 atque

522 3965 849 4037 disponens,
880 3975 936 4023 et
973 3968 1224 4025 omnibus
1259 3969 1651 4039 particulariter
1693 3977 1853 4040 atque
1896 3970 2115 4025 univer-

522 4058 707 4113 saliter
732 4074 963 4130 congrua
991 4060 1255 4118 tribuens.
1282 4061 1423 4118 Ecce
1452 4061 1539 4117 hic
1562 4063 1615 4117 in
1646 4064 1748 4119 isto
1776 4063 1927 4133 quasi
1954 4049 2135 4121 fundo,

523 4149 709 4206 infimo
739 4150 757 4184 ¹
790 4152 1052 4209 universae
1093 4163 1352 4210 creaturae
1405 4155 1626 4225 aspicite
1663 4155 1911 4210 animalia
1935 4194 1949 4219 ,
1996 4170 2116 4226 qua:

524 4241 729 4310 volant,
758 4250 813 4298 et
838 4252 1053 4311 natant,
1085 4255 1141 4300 ct
1166 4244 1512 4316 gradiuntur,
1557 4255 1611 4302 et
1650 4256 1863 4318 repunt.
1912 4246 2116 4317 Nempe

523 4334 769 4390 mortalia
821 4344 989 4391 sunt:
1022 4350 1219 4408 nempe
1261 4337 1367 4392 vita
1413 4352 1633 4403 eorum,
1677 4337 1819 4393 sicut
1858 4337 2114 4408 scriptum

523 4433 628 4495 est,
671 4441 830 4498 vapor
867 4436 941 4483 est
978 4429 1049 4482 ad
1087 4428 1346 4483 modicum
1378 4446 1631 4501 apparens
1656 4428 1859 4499 (Jacobi
1888 4444 1958 4495 tv,
1992 4429 2109 4500 i5).

523 4515 680 4573 Hunc
700 4517 844 4574 enim
866 4518 1143 4575 modulum
1169 4520 1236 4574 ab
1251 4519 1453 4591 optimo
1464 4519 1755 4577 Conditore
1780 4528 2108 4591 perceptum,

522 4615 774 4681 tanquam
805 4609 860 4664 in
887 4623 1171 4666 commune
1196 4609 1480 4666 conferunt
1505 4611 1756 4667 universo
1783 4626 1880 4682 pro
1906 4610 1990 4665 sui
2020 4624 2115 4681 ge-

521 4698 667 4755 neris
722 4694 979 4771 portione
1014 4701 1351 4773 complendo,
1397 4712 1455 4758 ut
1495 4717 1617 4758 cum
1671 4702 1788 4758 istis
1834 4701 1957 4757 imis
2005 4702 2116 4757 sint

524 4791 704 4847 omnia
741 4791 903 4860 bona,
931 4793 986 4849 in
1012 4794 1204 4865 quibus
1230 4802 1355 4850 sunt
1372 4794 1450 4851 eis
1472 4809 1705 4867 superna
1730 4792 1974 4849 meliora.
1997 4791 2113 4847 Ve-

521 4889 824 4939 rumtamen
864 4884 1148 4953 attendite,
1175 4894 1232 4942 et
1272 4886 1395 4942 date
1440 4886 1571 4941 mihi
1611 4901 1775 4942 unum
1823 4882 2115 4956 quamlibet

520 4971 942 5044 abjectissimum
969 4976 1196 5044 animal,
1242 4976 1397 5049 cujus
1443 4978 1622 5034 anima
1672 4976 1848 5034 oderit
1894 4978 2111 5033 carnem

519 5077 694 5135 suam,
732 5082 797 5124 ac
822 5083 931 5124 non
955 5070 1135 5141 potius
1164 5071 1364 5125 nutriat
1387 5078 1442 5125 et
1470 5069 1648 5125 foveat
1672 5084 1822 5136 eam,
1852 5078 2110 5139 motuque

518 5156 665 5215 vitali
694 5169 906 5231 vegetet
933 5172 989 5217 et
1029 5169 1217 5233 regat,
1244 5168 1300 5217 et
1332 5160 1562 5232 quodam
1588 5160 1750 5216 modo
1773 5159 2112 5216 administret

518 5264 617 5322 pro
646 5252 728 5308 sui
756 5252 968 5324 generis
995 5253 1285 5326 exiguitate
1304 5251 1572 5323 quoddam
1589 5252 1899 5309 universum
1925 5266 2107 5319 suum,

518 5343 587 5399 ad
636 5342 1052 5407 incolumitatem
1108 5344 1362 5401 tuendam
1405 5345 1506 5402 sibi
1548 5345 1906 5402 conciliatum.
1954 5343 2109 5414 Quod

517 5435 661 5491 enim
691 5436 966 5494 rationalis
994 5437 1171 5493 anima
1199 5436 1424 5509 castigat
1459 5451 1654 5509 corpus
1682 5453 1836 5495 suum
1855 5481 1870 5509 ,
1902 5449 1958 5497 et
1986 5456 2105 5497 ser-

517 5526 669 5581 vituti
699 5527 941 5597 subjicit,
994 5543 1063 5585 ne
1107 5527 1459 5587 immoderato
1502 5531 1743 5602 appetitu
1768 5540 2106 5589 terrenorum

518 5617 835 5690 impediatur
863 5636 894 5676 a
921 5622 1263 5693 perceptione
1305 5624 1584 5695 sapientiae
1605 5626 1649 5695 ³,
1687 5624 1849 5681 etiam
1883 5623 1961 5681 sic
1997 5624 2105 5681 uti-

578 5772 600 5844 ξ
631 5774 850 5844 ypnnulli
872 5781 999 5839 Mss,
1021 5776 1201 5844 numdo
1221 5776 1403 5844 inﬁmo.

513 5834 859 5967 ’,ἐξῆψε
878 5834 1008 5908 Issi,
1028 5840 1243 5906 appetitu
1257 5834 1449 5898 terreno
1460 5840 1750 5909 impeditum
1770 5843 2012 5912 perceptio
2021 5857 2101 5898 sa-

1372 445 1647 507 CONTRA
1685 442 2014 506 FAUSTUM
2051 441 2504 524 “ANICHIEUM,
2530 453 2587 513 S.
2628 453 2995 516 AUGUSTINI

2223 582 2326 639 que
2346 568 2515 642 diligit
2538 585 2754 629 carnem
2782 588 2953 639 suam,
2991 586 3150 642 quam
3196 572 3300 629 sibi
3338 567 3407 630 ad
3451 571 3811 635 obedientium

2221 658 2457 732 legitime
2499 663 2681 720 subdit
2719 672 2879 735 atque
2912 663 3142 719 ordinat.
3191 664 3469 722 Postremo
3512 682 3608 724 vos
3661 669 3809 739 ipsi,

2222 754 2463 822 quamvis
2487 756 2692 811 carnali
2716 771 2902 812 errore
2928 771 3144 812 carnem
3189 756 3549 827 detestemini,
3579 778 3686 817 non
3714 779 3815 834 ροο

2222 845 2373 901 testis
2397 846 2499 902 nisi
2523 847 2745 917 diligere
2765 864 2979 904 carnem
3008 859 3268 918 vestram,
3295 850 3519 922 ejusque
3559 854 3721 908 saluti
3760 865 3818 910 et

2222 936 2571 995 incolumitati
2607 941 2886 999 consulere
2905 984 2921 1008 ,
2946 957 3134 998 omnes
3166 943 3332 1011 ictus,
3365 952 3419 999 et
3443 959 3620 1009 casus,
3648 956 3703 1002 et
3728 948 3813 1002 in-

2220 1032 2531 1099 temperiem
2556 1048 2661 1102 qua
2696 1033 2906 1089 lteditur
2940 1033 3209 1101 devitarc,
3238 1035 3565 1091 munimenta
3592 1053 3722 1093 vero
3760 1048 3815 1092 et

2221 1121 2588 1179 salubritatem
2614 1140 2718 1194 qua
2762 1135 3111 1182 conservatur
3143 1135 3397 1197 appetere
3429 1146 3441 1183 :
3473 1130 3541 1184 ita
3573 1131 3813 1185 ostendi-

2220 1214 2289 1268 tis
2319 1216 2605 1283 praevalere
2633 1226 2839 1273 natura:
2862 1218 3032 1291 legem
3054 1228 3241 1276 contra
3275 1222 3474 1277 erroris
3499 1224 3662 1278 vestri
3691 1225 3815 1295 epi-

2222 1320 2258 1359 Ῑ]
2265 1320 2439 1360 tonem
2448 1346 2462 1361 .
2586 1350 2590 1355 μ
3568 1326 3571 1329 λ

2292 1396 2516 1453 CAPUT
2546 1397 2636 1454 Vl.
2662 1429 2738 1442 —
2758 1400 2896 1467 Quid
2924 1401 2976 1456 in
3007 1402 3121 1473 ipsa
3147 1416 3311 1459 carne
3338 1403 3513 1459 vitalia
3537 1406 3747 1461 viscera
3787 1447 3805 1470 ,

2220 1486 2386 1542 totius
2414 1487 2598 1545 formas
2627 1492 3036 1560 convenientia,
3078 1494 3320 1549 membra
3362 1497 3639 1566 operandi,
3686 1513 3812 1551 vasa

2220 1582 2508 1651 sentiendi,
2537 1583 2668 1641 locis
2691 1595 2854 1657 atque
2875 1587 3065 1644 officiis
3091 1590 3206 1646 suis
3230 1599 3423 1646 cuncta
3452 1590 3729 1654 distincta,
3759 1600 3814 1643 ct

2218 1673 2472 1728 concordi
2503 1675 2705 1731 unitate
2733 1686 3003 1743 contexta,
3022 1679 3388 1735 moderatione
3409 1695 3811 1747 mensurarum,

2220 1757 2487 1834 parilitate
2513 1781 2883 1837 numerorum,
2911 1769 3100 1825 ordine
3131 1770 3449 1841 ponderum,
3504 1787 3684 1828 nonne
3724 1773 3811 1825 in—

2219 1856 2400 1913 dicant
2422 1857 2680 1914 artificem
2707 1876 2862 1915 suum
2892 1862 3057 1917 Deum
3086 1877 3275 1918 verum
3299 1904 3315 1930 ,
3343 1863 3430 1919 cui
3460 1878 3591 1919 vere
3611 1864 3815 1918 dictum

2220 1956 2328 2016 est,
2360 1947 2548 2003 Omnia
2572 1951 2625 2004 in
2651 1967 2887 2006 mensura
2911 1993 2927 2017 ,
2966 1962 3014 2007 et
3051 1969 3258 2008 numero
3275 1994 3291 2021 ,
3314 1963 3358 2008 et
3395 1955 3615 2025 pondere
3639 1955 3816 2024 dispoo

2217 2041 2364 2096 suiin
2407 2040 2563 2113 (Sap.
2609 2058 2697 2110 xi,
2738 2042 2866 2113 2i)?
2918 2043 2972 2100 Si
3012 2060 3140 2116 ergo
3187 2061 3283 2101 cor
3333 2060 3439 2101 non
3499 2061 3813 2116 perversum

2220 2141 2382 2202 atque
2411 2142 2722 2205 corruptum
2757 2137 2909 2191 vanis
2952 2135 3147 2192 fabulis
3188 2137 3486 2203 haberetis,
3522 2139 3810 2193 invisibilia

2220 2223 2335 2293 ejus
2368 2224 2530 2279 etiam
2570 2240 2668 2296 per
2711 2227 2810 2281 ista
2858 2243 2977 2298 quae
3015 2229 3070 2284 in
3112 2229 3212 2285 hac
3260 2230 3471 2284 infirma
3514 2241 3568 2286 et
3606 2230 3814 2286 carnali

2219 2324 2464 2371 creatura
2502 2315 2638 2371 facta
2668 2327 2813 2383 sunt,
2839 2319 3105 2376 intellecta
3141 2321 3525 2391 conspiceretis
3553 2320 3731 2393 (Rom.
3764 2338 3805 2385 ι,

2218 2403 2334 2478 20).
2365 2405 2516 2463 Unde
2543 2408 2685 2463 enim
2716 2408 2833 2463 istis
2863 2408 2978 2464 haec
3006 2425 3127 2480 quae
3153 2412 3587 2476 commemoravi,
3615 2412 3717 2465 nisi
3741 2412 3813 2467 ab

2220 2496 2315 2553 illo
2340 2498 2492 2568 cujus
2521 2500 2721 2554 unitate
2746 2500 2920 2555 omnis
2948 2500 3139 2557 modus
3162 2502 3384 2568 sistitur,
3415 2503 3567 2571 cujus
3593 2503 3813 2572 sapien-

2220 2588 2294 2643 tia
2322 2590 2496 2645 omnis
2538 2589 2877 2659 pulchritudo
2928 2591 3218 2658 formatur,
3267 2592 3418 2661 cujus
3471 2592 3588 2662 lege
3635 2592 3816 2648 omnis

2221 2678 2355 2736 ordo
2381 2679 2720 2750 disponitur?
2744 2681 2898 2750 Quod
2918 2683 2964 2738 si
2993 2682 3060 2738 ad
3082 2683 3180 2739 ista
3197 2682 3447 2739 intuenda
3466 2683 3681 2740 oculum
3704 2700 3816 2740 non

2220 2770 2451 2836 habetis,
2483 2774 2775 2843 apostolica
2800 2789 2895 2830 vos
2918 2774 3080 2829 ducat
3104 2775 3411 2831 auctoritas.

2291 2862 2517 2919 CAPUT
2556 2862 2669 2919 Vll.
2715 2895 2785 2905 —
2830 2865 3121 2936 Apostolus
3164 2867 3340 2932 enim,
3382 2882 3502 2923 cum
3531 2868 3598 2924 de
3626 2877 3814 2925 sancta

2220 2952 2504 3009 dilectione
2542 2954 2895 3025 praeciperet,
2945 2956 3116 3027 qualis
3161 2972 3281 3012 esse
3330 2957 3522 3013 debeat
3568 2958 3808 3013 virorum

2220 3045 2273 3100 in
2302 3060 2529 3111 uxores,
2576 3061 2645 3101 ex
2684 3045 2862 3101 anima
2903 3047 3131 3102 amantis
3161 3048 3179 3079 ί
3210 3046 3436 3117 sumpsit
3473 3048 3809 3118 exemplum.
3862 3068 3866 3070 ·

2224 3135 2324 3200 Qui
2343 3136 2528 3207 diligit,
2556 3136 2747 3208 inquit,
2762 3153 2971 3192 uxorem
2990 3154 3157 3206 suam,
3177 3154 3229 3193 se
3248 3140 3412 3210 ipsum
3438 3138 3601 3209 diligit
3624 3153 3643 3191 :
3664 3154 3813 3192 nemo

2221 3228 2353 3283 enim
2399 3245 2621 3300 unquam
2668 3246 2870 3283 carnem
2918 3246 3061 3285 suam
3102 3230 3219 3284 odio
3259 3231 3426 3295 habet,
3458 3231 3547 3284 sed
3574 3230 3733 3284 nutrit
3763 3238 3814 3283 et

2220 3322 2352 3391 fovet
2378 3339 2506 3389 eam,
2536 3330 2777 3393 tanquam
2802 3322 3029 3379 Christus
3054 3323 3338 3378 Ecclesium
3367 3321 3579 3396 (Ep/tes.
3608 3339 3673 3389 v,
3705 3322 3812 3391 28,

2218 3412 2333 3485 29).
2380 3415 2517 3470 Ecce
2556 3413 2609 3469 in
2660 3425 2949 3486 conspectu
2980 3424 3163 3472 vestro
3188 3424 3271 3471 est
3299 3414 3527 3471 carnalis
3562 3415 3816 3470 universa

2219 3503 2549 3570 substantia;
2595 3504 2770 3561 videte
2805 3505 3253 3576 quemadmodum
3308 3507 3359 3561 in
3413 3521 3571 3561 omne
3612 3505 3814 3560 animal

2219 3597 2319 3653 sibi
2369 3598 2435 3653 ad
2478 3598 2706 3654 salutem
2748 3599 3087 3654 conciliatum
3140 3597 3417 3670 pertendat
3467 3606 3671 3653 natura:
3710 3598 3814 3652 ista

2218 3692 2523 3747 communio
2542 3732 2558 3759 ,
2588 3701 2647 3748 ut
2671 3691 2857 3763 diligat
2878 3708 3093 3748 carnem
3122 3708 3294 3749 suam.
3331 3691 3513 3763 Neque
3539 3692 3681 3748 enim
3709 3692 3815 3746 hoc

2221 3781 2277 3837 in
2308 3780 2844 3839 hominibus’tantum
2873 3793 2977 3853 est,
3006 3784 3096 3855 qui
3122 3798 3241 3840 cum
3269 3792 3416 3840 recte
3446 3783 3627 3837 vivunt
3650 3822 3667 3849 ,
3700 3797 3813 3838 non

2219 3875 2394 3931 solum
2442 3876 2729 3932 consulunt
2774 3877 2930 3931 saluti
2977 3877 3153 3931 carnis
3206 3891 3358 3942 sum,
3411 3889 3597 3930 verum
3642 3875 3811 3930 etiam

2219 3969 2461 4025 carnales
2489 3980 2667 4025 motus
2697 3969 2762 4025 ad
2791 3985 2943 4025 usum
2966 3969 3187 4025 rationis
3211 3970 3231 4001 ¹
3261 3968 3512 4024 edomant
3549 3976 3604 4024 et
3635 3966 3812 4023 refre-

2218 4070 2349 4116 nant
2377 4078 2390 4114 :
2423 4061 2519 4117 sed
2546 4061 2703 4116 etiam
2748 4061 2933 4117 bestiae
2978 4060 3185 4132 fugiunt
3218 4060 3481 4125 dolorem,
3515 4058 3813 4115 formidant

2218 4153 2522 4221 interitum;
2554 4165 2608 4209 et
2636 4155 2891 4226 quidquid
2928 4155 3072 4210 illam
3104 4153 3465 4209 membrorum
3493 4167 3813 4223 compagem

2218 4246 2568 4317 copulamque
2602 4246 2779 4301 carnis
2829 4255 2884 4301 et
2919 4246 3134 4316 spiritus
3182 4261 3215 4301 a
3265 4244 3520 4301 concordi
3560 4245 3813 4314 junctura

2212 4326 2472 4393 dissicere
2517 4337 2538 4369 ³
2578 4352 2643 4392 ac
2679 4336 2931 4392 dirimere
2977 4344 3186 4406 potest,
3227 4345 3422 4405 quanta
3450 4334 3627 4389 valent
3653 4334 3813 4405 agili—

2218 4437 2327 4484 tate
2352 4427 2619 4495 devitant,
2647 4428 2943 4483 nutrientes
2972 4427 3130 4483 etiam
3170 4426 3299 4497 ipsae
3325 4442 3389 4481 ac
3418 4427 3657 4480 foventes
3686 4440 3815 4480 car-

2218 4535 2342 4577 nem
2367 4535 2538 4576 suam.
2570 4518 2736 4574 Nemo
2760 4520 2893 4574 enim
2919 4534 3143 4589 unquam
3171 4534 3371 4571 carnem
3395 4534 3541 4571 suam
3567 4516 3684 4570 odio
3713 4516 3814 4570 Ita-

2218 4610 2317 4680 bet,
2343 4613 2432 4666 sed
2459 4612 2638 4675 nutrit,
2671 4611 2861 4681 inquit,
2888 4627 2949 4664 ac
2979 4612 3109 4681 fovet
3137 4626 3249 4665 eam
3267 4650 3283 4677 ,
3323 4609 3454 4663 sicut
3496 4618 3543 4663 et
3571 4607 3813 4664 Christus

2217 4700 2520 4757 Ecclesium.
2556 4700 2739 4757 Videte
2768 4700 2939 4768 unde,
2967 4715 3073 4772 quo
3099 4698 3399 4755 ascenderit
3433 4719 3446 4755 :
3486 4698 3809 4766 intuemini,

2216 4793 2263 4849 si
2289 4793 2533 4864 potestis,
2561 4808 2723 4863 quam
2757 4793 2863 4847 vim
2891 4791 3051 4847 ducat
3087 4808 3115 4845 a
3144 4792 3402 4847 Creatore
3427 4799 3671 4846 creatura
3692 4831 3708 4856 ,
3739 4791 3812 4845 ab

2217 4884 2346 4955 ipsis
2371 4884 2675 4942 etelestibus
2700 4884 3045 4955 apparatibus
3073 4898 3242 4954 usque
3266 4882 3334 4937 ad
3353 4897 3571 4938 carnem
3591 4890 3645 4937 et
3672 4896 3813 4936 san-

2214 4981 2429 5051 guinem
2459 4978 2819 5034 universitatis
2838 4977 3164 5048 plenitudine
3184 4978 3486 5044 terminata,
3515 4976 3812 5031 formarum

2216 5071 2471 5127 varietate
2496 5070 2769 5138 decorata,
2798 5085 2978 5125 rerum
3008 5068 3258 5141 gradibus
3285 5068 3550 5123 ordinata.

2206 5156 2209 5163 λ
2287 5161 2513 5219 CAPUT
2550 5162 2780 5218 Vlll.—
2808 5162 3013 5217 Rursus
3040 5161 3184 5217 idem
3225 5160 3534 5232 apostolus,
3570 5174 3690 5215 cum
3739 5160 3813 5216 de

2215 5254 2582 5328 spiritualibus
2607 5253 2837 5311 diversis
2865 5254 3205 5323 muneribus,
3239 5263 3294 5310 et
3322 5264 3499 5310 tamen
3530 5253 3595 5309 ad
3629 5255 3813 5308 unita-

2214 5355 2325 5405 tem
2351 5347 2600 5403 consonis
2619 5388 2634 5414 ,
2678 5362 2794 5403 rem
2833 5347 2990 5418 plane
3018 5361 3263 5417 magnam
3289 5353 3343 5401 et
3363 5345 3597 5400 divinam
3627 5353 3677 5399 et
3706 5344 3811 5399 ab-

2213 5439 2381 5495 ditam
2407 5454 2505 5495 nos
2549 5437 2787 5507 doceret,
2833 5436 2899 5493 de
2926 5437 3027 5492 ista
3056 5438 3173 5508 ipsa
3205 5451 3369 5494 carne
3400 5443 3581 5491 nostra
3612 5435 3810 5490 simili-

2214 5529 2451 5587 tudinem
2494 5516 2683 5596 dedit,
2739 5526 2892 5599 cujus
2940 5526 3203 5583 artificem
3260 5526 3467 5594 Deum,
3526 5541 3648 5581 cum
3688 5523 3812 5580 hinc

2212 5620 2560 5695 loqueretur,
2605 5619 2824 5677 omnino
2858 5636 2965 5677 non
3011 5619 3196 5675 tacuit.
3230 5618 3385 5688 Quod
3430 5618 3531 5675 etsi
3582 5619 3807 5688 longum

2278 5783 2295 5848 ξ
2329 5780 2445 5848 miti
2470 5786 2569 5829 Am.
2596 5785 2650 5830 et
2669 5786 2767 5848 ειη,
2789 5791 2855 5831 ex
2876 5778 3039 5848 anima
3058 5777 3331 5848 animantis.
3525 5833 3557 5848 __

2274 5846 2296 5877 ι
2330 5845 2580 5904 vaticanus
2603 5836 2784 5904 codex,
2806 5841 3024 5893 carnales
3042 5847 3197 5904 motus
3212 5842 3437 5893 adversos
3458 5836 3654 5897 rm

2278 5908 2297 5944 ³
2328 5905 2465 5970 Editi,
2489 5901 2780 5959 discindere.
2803 5911 2858 5955 At
2878 5911 3008 5968 Mss,
3031 5901 3280 5960 dissicere.
