4052 6462
245 392 358 451 393

245 516 350 572 est,
396 515 577 562 tamen
625 506 750 578 quia
798 505 954 563 valde
1003 506 1362 563 necessarium
1386 548 1404 574 ,
1446 515 1618 565 totum
1646 509 1834 580 ipsum

247 599 425 654 locum
464 613 536 654 ex
581 598 697 668 ejus
724 603 793 654 ad
816 596 1126 655 Corinthios
1153 599 1388 669 Epistola
1419 599 1540 655 huic
1565 600 1714 671 operi
1750 615 1838 656 me

248 694 492 750 inserere
522 709 629 749 non
663 693 880 766 pigebit.
911 692 991 749 De
1013 693 1364 766 spiritualibus
1402 703 1570 749 autem
1598 695 1716 750 nolo
1752 710 1839 750 vos

247 785 507 857 ignorare,
537 790 722 856 fratres
755 803 772 841 :
799 787 936 842 scitis
964 786 1167 856 quando
1207 784 1388 841 Gentes
1421 787 1575 843 eratis
1593 827 1609 854 ,
1649 786 1720 840 ad
1772 787 1844 840 si-

248 876 482 930 mulacra
499 875 612 931 sine
631 892 748 930 voce
765 876 1016 947 quomodo
1035 876 1382 932 ascendebatis
1392 876 1605 931 inducti.
1625 875 1846 946 Propter

248 969 381 1040 quod
408 978 590 1023 notum
614 970 748 1042 facio
773 969 910 1024 vobis
928 1011 942 1036 ,
970 971 1090 1041 quia
1113 987 1260 1025 nemo
1303 970 1356 1025 in
1391 969 1590 1040 Spiritu
1627 969 1726 1024 Dei
1764 969 1845 1024 lo-

249 1077 441 1131 quens,
488 1061 614 1116 dicit
650 1063 922 1116 anathema
956 1061 1082 1118 Iesu
1125 1077 1144 1117 :
1188 1072 1235 1118 et
1275 1078 1421 1118 nemo
1451 1071 1611 1132 potest
1637 1062 1802 1116 dicere
1828 1103 1845 1129 ,

250 1152 504 1209 Dominus
523 1154 559 1208 J
565 1172 695 1220 esus,
721 1157 818 1210 nisi
841 1156 896 1210 in
922 1154 1121 1223 Spiritu
1145 1163 1338 1210 sancto.
1371 1153 1655 1209 Divisiones
1680 1162 1848 1208 autem

251 1244 589 1300 donationum
631 1255 776 1311 sunt,
809 1246 944 1301 idem
969 1256 1136 1300 autem
1179 1245 1406 1316 Spiritus
1432 1260 1453 1300 :
1490 1255 1538 1300 et
1579 1245 1848 1300 divisiones

253 1338 684 1392 ministrationum
708 1346 828 1392 sunt
856 1339 896 1404 ί,
919 1347 967 1393 et
1005 1338 1138 1398 idem
1175 1339 1283 1409 ipse
1310 1337 1561 1394 Dominus
1593 1355 1613 1393 :
1638 1347 1686 1392 et
1717 1337 1849 1392 divi-

250 1430 421 1486 siones
454 1431 809 1498 Operationum
836 1439 973 1496 sunt,
1011 1430 1147 1484 idem
1180 1446 1296 1485 vero
1325 1429 1468 1485 Deus
1487 1471 1503 1497 ,
1557 1430 1645 1500 qui
1680 1429 1852 1484 omnia

249 1535 498 1593 operatur
522 1525 579 1577 in
597 1524 844 1579 omnibus.
879 1522 1158 1594 Unicuique
1185 1533 1353 1578 autem
1380 1524 1530 1578 datur
1556 1523 1852 1593 manifesta-

252 1617 320 1670 tio
347 1616 586 1686 spiritus
608 1617 676 1670 ad
703 1617 973 1671 utilitatem
995 1631 1014 1670 .'
1039 1616 1131 1671 alii
1168 1616 1370 1687 quidem
1395 1617 1548 1671 datur
1565 1633 1656 1687 per
1681 1616 1853 1687 Spiri-

250 1716 356 1760 tum
403 1723 574 1762 sermo
617 1708 915 1778 sapientiae;
962 1707 1073 1774 alii,
1121 1723 1285 1763 sermo
1322 1707 1545 1763 scientia:
1573 1707 1852 1762 secundum

250 1801 484 1856 eumdem
511 1801 804 1870 Spiritum;
832 1800 979 1855 alteri
998 1809 1186 1868 autem,
1206 1800 1334 1870 ﬁdes
1352 1801 1406 1855 in
1426 1800 1602 1855 eodem
1627 1786 1852 1871 Spiritu;

252 1892 366 1958 alii,
411 1893 626 1947 donatio
651 1895 966 1948 curationum
994 1894 1048 1947 in
1076 1909 1178 1947 uno
1206 1892 1440 1963 Spiritu;
1462 1893 1574 1961 alii,
1600 1893 1854 1963 operatio-

258 2001 345 2038 nes
368 1985 639 2049 virtutum;
668 1985 777 2049 alii,
793 1984 1057 2054 prophetia
1069 1984 1208 2050 ;alii,
1229 1984 1525 2055 dijudicatio
1541 1983 1853 2055 Spirituum;

251 2077 360 2142 alii,
389 2093 584 2148 genera
611 2077 940 2147 linguarum;
979 2075 1101 2142 alii,
1135 2076 1480 2147 interpretatio
1526 2088 1852 2130 sermonum:

253 2169 426 2224 omnia
462 2178 636 2224 autem
661 2169 768 2224 [nec
795 2178 1030 2241 aperatur
1065 2185 1197 2223 unus
1236 2178 1384 2240 atque
1413 2169 1544 2224 idem
1577 2169 1803 2240 Spiritus
1833 2209 1849 2237 ,

252 2262 486 2316 dividens
507 2263 721 2332 propria
749 2262 1014 2333 unicuique
1048 2268 1198 2332 prout
1233 2261 1357 2315 vult.
1395 2260 1544 2317 Sicut
1575 2261 1710 2316 enim
1736 2277 1853 2315 cor-

255 2368 346 2418 pus
375 2369 543 2406 unum
588 2362 661 2407 est
695 2360 743 2406 et
782 2354 1004 2407 membra
1042 2351 1189 2406 habet
1237 2351 1398 2406 multa
1423 2391 1440 2420 ,
1493 2352 1662 2406 omnia
1686 2359 1854 2405 autem

253 2443 480 2496 membra
501 2443 733 2513 corporis
757 2459 872 2498 cum
898 2443 999 2497 sint
1026 2444 1204 2506 multa,
1234 2458 1390 2496 unum
1419 2451 1491 2496 est
1520 2458 1744 2512 corpus;
1769 2442 1846 2496 ita

253 2545 298 2587 et
323 2533 585 2588 Christus.
618 2533 820 2590 Etenim
844 2535 897 2588 in
916 2550 1018 2588 uno
1052 2534 1255 2604 Spiritu
1287 2550 1378 2588 nos
1406 2549 1580 2587 omnes
1609 2533 1664 2586 in
1691 2549 1855 2588 unum

254 2641 438 2693 corpus
481 2626 730 2696 baptizati
764 2642 958 2692 sumus,
1008 2626 1110 2680 sive
1149 2624 1343 2705 Judtei,
1390 2625 1494 2678 sive
1537 2622 1723 2691 Grceci,
1753 2626 1854 2679 sive

251 2718 399 2782 servi,
433 2718 542 2771 sive
567 2717 743 2784 liberi;
786 2727 834 2772 et
875 2734 1048 2772 omnes
1075 2734 1233 2772 unum
1267 2716 1520 2788 Spiritum
1545 2717 1850 2788 potavimus.

253 2806 459 2861 Etenim
489 2825 677 2878 corpus
702 2824 804 2862 non
829 2818 902 2863 est
925 2825 1083 2862 unum
1115 2808 1414 2876 membrum,
1459 2809 1547 2864 sed
1590 2809 1768 2862 multa.
1792 2809 1854 2864 Si

253 2899 439 2952 dixerit
463 2916 572 2967 pes,
601 2900 733 2966 Quia
761 2917 862 2954 non
887 2917 1000 2954 sum
1029 2916 1233 2966 manus,
1257 2916 1358 2954 non
1387 2917 1501 2955 sum
1527 2900 1590 2956 de
1606 2916 1852 2969 corpore;

252 3007 371 3044 nam
399 2992 517 3044 ideo
557 3008 658 3046 non
702 3001 774 3063 est
813 2992 877 3045 de
901 2992 1151 3061 corpore?
1183 2989 1273 3045 Vel
1296 2992 1340 3046 si
1361 2992 1544 3046 dixerit
1582 2993 1812 3046 auricula
1833 3033 1850 3060 ,

256 3080 390 3147 Quia
426 3097 531 3135 non
571 3099 685 3136 sum
724 3083 899 3137 oculus
922 3123 938 3149 ,
961 3099 1062 3137 non
1090 3100 1203 3138 sum
1229 3083 1292 3137 de
1316 3099 1566 3153 corpore;
1592 3100 1717 3137 num
1740 3084 1852 3139 ideo

251 3187 348 3225 non
374 3183 447 3227 est
474 3173 540 3227 de
561 3175 808 3244 corpore?
827 3174 887 3230 Si
907 3183 1066 3229 totum
1085 3192 1268 3246 corpus
1284 3178 1476 3241 oculus,
1499 3176 1584 3229 ubi
1609 3176 1812 3230 auditus
1827 3175 1856 3230 ἵ

259 3261 316 3317 Si
348 3273 514 3317 totum
556 3266 784 3331 auditus,
826 3265 912 3319 ubi
959 3266 1241 3321 odoratus?
1285 3265 1440 3322 Nunc
1481 3277 1650 3322 autem
1687 3268 1854 3338 posuit

251 3351 388 3408 Deus
432 3354 689 3421 membra,
738 3355 995 3426 singulum
1039 3357 1270 3427 quodque
1311 3373 1487 3412 eorum
1537 3358 1594 3412 in
1640 3374 1852 3429 corpore

253 3457 404 3516 prout
431 3449 616 3501 voluit.
647 3448 709 3503 Si
736 3459 904 3503 autem
933 3450 1149 3521 fuissent
1170 3449 1343 3503 omnia
1369 3466 1524 3504 unum
1548 3449 1843 3519 membrum,

253 3539 335 3592 ubi
362 3540 596 3611 corpus?
622 3538 776 3594 Nunc
805 3551 976 3594 autem
1000 3541 1163 3595 multa
1189 3541 1433 3609 membra,
1483 3558 1640 3598 unum
1683 3554 1852 3600 autent

255 3649 458 3703 corpus.
487 3631 613 3687 Non
643 3641 800 3702 potest
828 3643 993 3687 autem
1021 3634 1188 3690 dicere
1213 3636 1391 3690 oculus
1415 3637 1610 3702 manui,
1635 3637 1778 3707 Opus
1803 3647 1851 3692 te

253 3739 352 3776 non
380 3723 581 3789 habeo;
610 3733 700 3776 aut
724 3725 903 3778 iterum
929 3733 1083 3796 caput
1109 3725 1320 3797 pedibus
1341 3767 1356 3794 ,
1397 3727 1540 3798 Opus
1573 3728 1710 3782 vobis
1748 3745 1853 3784 non

253 3815 412 3870 habeo
442 3832 462 3868 :
488 3815 580 3869 sed
609 3816 765 3869 multo
803 3817 964 3888 magis
989 3833 1102 3886 qua:
1125 3817 1358 3872 videntur
1379 3818 1601 3873 membra
1625 3820 1852 3890 corporis

252 3907 544 3976 inﬁrmiora
563 3924 687 3975 esse,
705 3909 1043 3964 necessariora
1062 3918 1177 3965 sunt
1193 3927 1210 3976 ;
1231 3919 1279 3964 et
1296 3926 1409 3980 qua:
1427 3910 1654 3965 videntur
1672 3909 1853 3965 viliora

254 4018 366 4056 esse
405 4003 664 4072 corporis,
707 4002 787 4056 his
823 4002 1244 4058 abundantiorem
1281 4005 1524 4059 honorem
1563 4005 1849 4074 circumpo-

255 4093 470 4158 nimus;
501 4102 549 4146 et
578 4109 686 4164 quae
714 4094 978 4150 inhonesta
1015 4105 1135 4154 sunt
1175 4104 1347 4150 nostra
1371 4137 1385 4160 ,
1435 4096 1852 4151 abundantiorem

256 4186 573 4240 honestatem
619 4186 800 4241 habent
831 4203 850 4241 :
876 4203 991 4257 qua:
1036 4197 1205 4242 autem
1249 4187 1459 4242 honesta
1485 4197 1604 4242 sunt
1632 4197 1804 4243 nostra
1830 4230 1846 4256 ,

255 4294 356 4331 non
387 4295 520 4348 opus
550 4277 732 4332 habent
761 4295 780 4332 :
805 4279 894 4334 sed
923 4277 1062 4334 Deus
1091 4281 1379 4352 temperavit
1408 4296 1594 4352 corpus
1618 4322 1633 4347 ,
1680 4281 1726 4335 ei
1768 4281 1852 4335 cui

257 4369 426 4422 deerat
457 4370 707 4438 maiorem
735 4370 976 4424 honorent
1005 4371 1156 4438 dans,
1183 4381 1240 4424 ut
1269 4389 1372 4426 non
1401 4382 1526 4428 esset
1551 4373 1771 4427 scissura
1799 4374 1854 4426 in

257 4474 494 4528 corpore,
536 4459 629 4512 sed
653 4459 787 4513 idem
811 4461 999 4530 ipsum,
1048 4470 1103 4514 ut
1141 4478 1232 4532 pro
1262 4463 1471 4516 invicem
1497 4464 1715 4518 sollicita
1752 4465 1853 4518 sint

259 4551 481 4604 membra
511 4567 530 4604 :
561 4560 611 4603 et
637 4552 740 4606 sive
764 4553 956 4621 patitur
979 4569 1136 4606 unum
1156 4552 1453 4618 membrum,
1476 4555 1852 4624 compatiuntur

259 4645 425 4698 omnia
474 4643 740 4710 membra;
783 4647 884 4700 sive
938 4645 1256 4716 gloriﬁcatur
1285 4647 1306 4677 ²
1333 4662 1490 4700 unum
1536 4649 1850 4718 membrum,

259 4737 582 4806 congaudent
611 4737 780 4790 omnia
805 4735 1024 4790 membra
1053 4736 1072 4808 (
1097 4736 1117 4791 Ι
1143 4735 1261 4792 Cor.
1301 4749 1398 4806 xu,
1429 4739 1480 4792 1-
1500 4737 1628 4810 26).
1662 4738 1718 4794 Si
1745 4740 1853 4795 ulla

259 4841 361 4880 non
391 4826 520 4880 dico
552 4824 687 4882 ﬁdes
711 4827 1020 4893 christiana,
1066 4836 1126 4881 ut
1157 4826 1387 4882 credatis
1434 4829 1709 4898 Apostolo,
1756 4829 1852 4885 sed

260 4919 395 4974 ullus
422 4935 622 4974 sensus
650 4919 912 4974 humanus
941 4921 994 4974 in
1018 4920 1172 4976 vobis
1199 4930 1282 4975 est
1299 4962 1315 4986 ,
1343 4929 1401 4974 ut
1424 4920 1702 4976 manifesta
1733 4937 1854 4977 cer-

259 5024 428 5077 natis;
485 5027 852 5083 unusquisque
902 5015 955 5066 in
1001 5013 1289 5084 semetipso
1338 5013 1437 5068 ista
1479 5013 1658 5068 videat
1693 5023 1853 5084 atque

259 5104 586 5169 consideret,
617 5120 777 5175 quam
816 5120 979 5171 vera,
1025 5121 1182 5175 quam
1229 5114 1372 5160 certa
1421 5107 1564 5172 sint,
1609 5123 1765 5176 quam
1798 5107 1851 5161 in

261 5209 423 5264 parvo
451 5209 669 5265 magna,
697 5204 752 5250 et
781 5196 832 5249 in
857 5206 1100 5250 extremo
1132 5210 1290 5265 quam
1315 5194 1453 5251 bona
1478 5213 1492 5249 :
1515 5196 1850 5266 quandoqui-

261 5287 380 5344 dem
411 5289 515 5344 ista
543 5289 598 5343 in
627 5289 784 5344 laude
812 5289 963 5358 ponit
992 5287 1299 5358 Apostolus,
1327 5297 1384 5343 ut
1411 5303 1509 5358 per
1533 5287 1648 5342 hazc
1673 5287 1851 5343 intima

260 5381 560 5450 corporalia
589 5396 710 5451 quae
739 5379 1003 5444 videntur,
1036 5378 1242 5450 possint
1266 5378 1474 5434 facilius
1497 5379 1586 5434 illa
1607 5378 1851 5436 sublimia

261 5475 556 5544 spiritualia
582 5491 702 5544 qua:
730 5489 837 5528 non
869 5473 1114 5528 videntur
1131 5513 1148 5540 ,
1175 5471 1420 5542 intelligi.

330 5564 560 5622 CAPUT
602 5563 694 5622 IX.
735 5564 1028 5619 —Horum
1076 5578 1204 5634 ergo
1246 5563 1606 5620 membrorum
1637 5571 1691 5620 et
1727 5578 1851 5620 cor-

260 5656 409 5726 poris
433 5655 635 5723 nostri,
665 5671 786 5727 quae
811 5657 891 5712 sic
926 5655 1296 5725 commendat,
1327 5656 1406 5712 sic
1417 5655 1597 5731 laudat
1618 5658 1850 5728 Aposto-

327 5789 346 5821 ⁸
381 5795 434 5838 In
455 5783 584 5848 lissi,
608 5785 980 5838 ministeriorum
1002 5795 1129 5839 sunt.

327 5850 350 5884 ²
379 5852 454 5901 sic
474 5860 578 5900 tun.
602 5857 677 5900 Er.
703 5855 755 5900 et
775 5849 1001 5913 plerique
1021 5857 1128 5900 Mss.
1162 5856 1220 5900 At
1240 5857 1370 5913 Lov.,
1393 5849 1488 5904 sive
1508 5849 1760 5916 gloriatur.

545 5934 775 5997 SANCT.
820 5935 1100 5996 Ausus'r.
1148 5933 1312 5998 VIII.

1421 393 1628 454 LIBER
1662 393 2025 456 VlGESIMUS
2059 397 2333 461 PRIMUS.

1952 511 2037 567 lus
2060 553 2074 578 ,
2130 515 2369 587 quisquis
2424 517 2682 576 artiﬁcem
2735 520 2900 577 Deum
2957 535 3140 596 negat,
3199 531 3393 589 videtis
3443 538 3536 592 cui

1951 606 2317 676 contradicat,
2346 613 2668 668 annuntians
2695 614 2848 670 vobis
2872 615 2890 647 ³
2918 626 3111 686 praeter
3140 619 3194 675 id
3213 624 3357 693 quod
3382 640 3542 682 acce-

1953 697 2128 767 pimus
2177 698 2370 780 (Galat.
2401 718 2439 768 ι,
2469 702 2546 774 9).
2569 704 2708 773 Quid
2749 705 2910 777 igitur
2947 723 3082 779 opus
3127 721 3210 767 est
3263 722 3320 770 ut
3364 731 3397 770 a
3450 733 3539 774 me

1952 790 2300 862 redarguatur
2341 795 2514 864 potius
2541 826 2566 863 ,π
2603 814 2762 869 quam
2807 800 2876 856 ab
2925 803 3172 860 omnibus
3218 805 3535 866 Christianis

1953 883 2358 940 anathemetur?
2374 886 2825 960 DicitApostolus,
2855 891 2993 948 Deus
3009 899 3300 968 temperavit
3314 916 3496 971 corpus
3517 918 3536 956 :

1955 984 2012 1032 et
2030 975 2160 1031 dicit
2180 976 2299 1046 iste,
2327 977 2481 1050 Hyla,
2514 995 2618 1035 non
2645 983 2803 1038 Deus.
2831 984 2967 1052 Quid
2989 989 3224 1057 apertius
3255 990 3334 1044 his
3361 991 3540 1046 inimi-

1954 1065 2093 1121 citiis
2115 1075 2238 1122 ante
2261 1069 2687 1138 anathemandis,
2714 1088 2872 1143 quam
2899 1075 3204 1132 relellendis
3225 1079 3250 1132 ‘?
3273 1078 3542 1150 Numquid

1954 1165 2010 1212 et
2047 1157 2136 1213 hic
2161 1160 2449 1229 Apostolus
2467 1203 2484 1230 ,
2511 1176 2632 1217 cum
2653 1163 2888 1232 diceret,
2919 1166 3056 1222 Deus
3077 1209 3092 1234 ,
3125 1168 3357 1237 addidit,
3386 1172 3540 1244 hujus

1959 1249 2132 1302 seaculi
2161 1248 2229 1319 (ll
2251 1248 2369 1305 Cor.
2401 1267 2456 1307 tv
2479 1292 2494 1318 ,
2521 1250 2618 1325 4)?
2646 1252 2747 1310 Ubi
2775 1255 2933 1310 etiam
2956 1257 2998 1312 si
3029 1259 3148 1326 quis
3171 1259 3435 1317 diabolum
3461 1266 3543 1318 in-

1955 1339 2222 1395 tellexerit
2240 1356 2513 1399 excaecare
2542 1353 2749 1400 mentes
2775 1346 3086 1417 inﬁdelium,
3110 1365 3214 1406 non
3247 1369 3500 1424 negamus
3519 1396 3536 1420 ,

1955 1430 2112 1485 malis
2134 1432 2469 1490 suasionibus
2498 1451 2512 1488 :
2544 1435 2738 1506 quibus
2771 1438 2862 1506 qui
2909 1442 3287 1509 consentiunt,
3319 1444 3541 1513 justitia:

1955 1520 2133 1578 lumen
2175 1524 2458 1591 amittunt,
2492 1526 2602 1582 Deo
2641 1528 2965 1584 retribuente
3012 1531 3154 1601 quod
3197 1533 3540 1602 justumest.

1955 1610 2084 1668 Haec
2131 1615 2308 1669 omnia
2355 1615 2580 1687 legimus
2631 1618 2684 1673 in
2728 1618 3018 1690 Scripturis
3063 1624 3259 1678 sanctis
3290 1643 3303 1678 :
3335 1641 3456 1680 nam
3486 1633 3544 1682 et

1956 1701 2089 1758 illud
2115 1702 2316 1760 dictum
2345 1715 2430 1762 est
2454 1706 2521 1762 de
2548 1707 2857 1764 seductione
2887 1711 3218 1768 extrinsecus
3253 1716 3498 1771 veniente
3521 1757 3540 1785 ,
3578 1691 3590 1767 ἶ,

1960 1791 2132 1849 Timeo
2164 1813 2228 1850 ne
2269 1797 2399 1852 sicut
2437 1814 2642 1869 serpens
2666 1799 2828 1855 Evam
2861 1803 3060 1856 seduxit
3087 1803 3141 1857 in
3169 1807 3384 1860 versutia
3408 1823 3500 1861 sua
3523 1849 3540 1875 ,

1955 1883 2028 1938 ita
2064 1896 2453 1957 corrumpantur
2490 1900 2679 1945 mentes
2708 1903 2884 1948 vestrae
2913 1911 2946 1947 a
2971 1895 3290 1966 simplicitate
3320 1909 3366 1952 et
3389 1901 3544 1954 casti-

1959 1982 2091 2042 tate,
2122 1992 2234 2047 qute
2270 1988 2342 2033 est
2377 1979 2432 2032 in
2474 1978 2674 2035 Christo
2696 1981 2809 2052 (Id.
2837 1999 2890 2037 χι
2912 2025 2926 2047 ,
2953 1982 3030 2055 5).
3059 1985 3156 2040 Cui
3201 1987 3374 2043 simile
3421 1999 3543 2056 est,

1959 2063 2300 2138 Corrumpunt
2319 2085 2481 2126 mores
2499 2070 2654 2127 bonos
2673 2073 2924 2144 colloquia
2945 2076 3080 2130 mala
3101 2076 3148 2146 (l
3167 2076 3284 2133 Cor.
3304 2094 3391 2148 xv,
3412 2081 3500 2151 55)
3525 2098 3543 2136 :

1957 2167 2013 2214 et
2035 2158 2165 2214 illud
2194 2160 2336 2231 quod
2377 2171 2433 2218 et
2459 2163 2559 2219 sibi
2585 2165 2807 2237 quisque
2835 2167 3087 2225 seductor
3109 2172 3218 2239 sit,
3250 2173 3349 2239 Qui
3377 2184 3548 2228 autem

1957 2257 2104 2320 putat
2139 2268 2193 2306 se
2235 2268 2342 2308 esse
2381 2254 2575 2326 aliquid
2594 2297 2612 2325 ,
2636 2275 2751 2312 cum
2790 2260 2920 2314 nihil
2944 2263 3009 2315 sit
3035 2304 3050 2330 ,
3081 2280 3134 2317 se
3161 2264 3326 2335 ipsum
3354 2266 3547 2322 seducit

1957 2338 2155 2410 (Colat.
2185 2358 2255 2411 vx,
2289 2344 2344 2416 5)
2372 2361 2388 2400 :
2417 2355 2469 2401 et
2505 2347 2636 2403 illud
2675 2349 2742 2405 de
2770 2350 2868 2408 Dei
2893 2352 3124 2409 vindicta
3150 2396 3164 2420 ,
3197 2355 3338 2425 quod
3383 2372 3546 2427 supra

1957 2438 2399 2504 commemoravi,
2426 2437 2662 2495 Tradidit
2698 2441 2816 2498 illos
2842 2442 2982 2500 Deus
3021 2448 3073 2500 in
3116 2449 3384 2517 reprobum
3433 2467 3549 2505 sen-

1957 2541 2090 2595 sum,
2119 2537 2173 2582 ut
2192 2531 2384 2602 faciant
2407 2548 2522 2604 qua:
2550 2550 2653 2590 non
2672 2538 2970 2592 conveniunt
2993 2537 3166 2609 (Rom,
3191 2557 3228 2606 ι,
3251 2541 3367 2612 28).
3393 2543 3467 2597 Ita
3490 2551 3549 2599 et

1957 2616 2013 2672 in
2045 2621 2316 2677 veteribus
2353 2623 2529 2679 Libris
2551 2665 2566 2691 ,
2597 2640 2719 2682 cum
2767 2629 3134 2698 praedixisset,
3167 2632 3304 2687 Deus
3334 2645 3546 2690 mortem

1957 2724 2060 2765 non
2081 2712 2218 2780 fecit,
2236 2730 2327 2768 nec
2354 2715 2554 2771 laetatur
2567 2718 2622 2771 in
2641 2717 2919 2787 perditione
2939 2723 3160 2776 vivorum
3182 2722 3336 2794 (Sap.
3366 2741 3402 2789 ι,
3429 2725 3542 2797 15);

1957 2800 2115 2869 paulo
2140 2812 2293 2873 post,
2324 2803 2529 2859 Invidia
2556 2847 2574 2875 ,
2603 2807 2808 2877 inquit,
2841 2810 3030 2877 diaboli
3060 2829 3193 2866 mors
3230 2813 3448 2868 introivit
3490 2815 3546 2869 in

1957 2891 2126 2947 orbem
2154 2905 2399 2949 terrarum
2423 2895 2535 2966 (Id.
2565 2913 2624 2965 η,
2653 2898 2766 2969 24).
2800 2900 2866 2954 Ει
2891 2917 3074 2957 rursus
3098 2903 3166 2958 de
3196 2903 3307 2972 ipsa
3333 2915 3542 2972 morte‘,

1957 2997 2026 3037 ne
2071 2997 2131 3038 se
2161 2983 2409 3041 homines
2446 2997 2598 3043 extra
2625 2989 2835 3058 culpam
2860 3003 3153 3060 ponerent,
3183 2992 3338 3064 Impii
3379 3005 3546 3050 autem

1920 3101 1923 3104 -
1955 3075 2191 3131 manibus
2220 3087 2267 3132 et
2290 3080 2449 3133 verbis
2469 3121 2482 3144 ,
2507 3080 2676 3151 inquit
2699 3123 2713 3146 ,
2740 3085 3075 3139 accersierunt
3101 3087 3280 3154 illam;
3307 3099 3352 3142 et
3374 3090 3545 3143 existi-

1956 3177 2149 3222 mantes
2169 3169 2312 3222 illam
2333 3171 2548 3224 amicam
2575 3172 2898 3242 deﬂuxerunt
2925 3175 3035 3244 (Id.
3068 3193 3104 3244 ι,
3135 3178 3246 3247 l6).
3276 3179 3415 3234 Alibi
3444 3196 3542 3234 au-

1957 3265 2095 3324 tem,
2123 3257 2270 3313 Bona
2294 3269 2340 3314 et
2369 3262 2507 3315 mala
2527 3304 2544 3330 ,
2575 3265 2679 3317 vita
2708 3273 2754 3318 et
2784 3281 2917 3321 mors
2936 3308 2950 3333 ,
2975 3267 3164 3322 divitia:
3201 3280 3245 3323 et
3273 3281 3545 3341 paupertas

1954 3365 1990 3403 a
2017 3349 2235 3406 Domino
2261 3351 2372 3407 Deo
2396 3363 2513 3408 sunt
2539 3354 2729 3425 (Eccli.
2759 3373 2834 3422 χι,
2867 3357 2980 3427 l4).
3004 3359 3102 3414 llic
3132 3363 3422 3430 perturbati
3449 3364 3544 3419 ho-

1957 3441 2128 3498 mines
2151 3457 2258 3498 non
2285 3443 2586 3514 intelligunt
2627 3446 2682 3500 in
2711 3462 2816 3500 uno
2843 3449 3136 3518 eodemque
3163 3465 3324 3520 opere
3351 3453 3491 3507 malo
3523 3495 3541 3522 ,

1957 3547 2064 3587 non
2093 3541 2279 3603 postea
2310 3544 2668 3605 consequente
2693 3536 2797 3591 alia
2823 3553 2941 3607 qua:
2966 3539 3246 3596 manifesta
3271 3543 3375 3597 erit
3399 3586 3416 3609 ,
3444 3545 3545 3600 sed

1955 3625 2184 3695 quadam
2223 3627 2476 3682 continuo
2516 3629 2804 3686 comitante
2848 3631 3118 3699 vindicta,
3174 3634 3316 3690 aliud
3360 3639 3544 3692 venire

1956 3715 2023 3771 de
2051 3717 2241 3773 astutia
2270 3717 2540 3774 suadentis
2563 3760 2577 3784 ,
2601 3720 2743 3775 aliud
2772 3720 2840 3777 de
2869 3723 3101 3792 nequitia
3126 3726 3372 3792 volentis,
3395 3728 3543 3782 aliud

1955 3806 2023 3862 de
2061 3807 2267 3877 justitia
2307 3810 2611 3878 punientis;
2644 3826 2763 3867 cum
2809 3812 3052 3868 diabolus
3081 3816 3352 3886 suggerit,
3380 3818 3542 3874 homo

1956 3900 2254 3966 consentit,
2284 3900 2425 3955 Deus
2451 3901 2668 3957 deserit.
2695 3903 2951 3970 Quocirca
2992 3905 3045 3959 in
3077 3921 3237 3976 opere
3266 3909 3408 3963 malo
3439 3949 3455 3974 ,
3489 3910 3545 3966 id

1956 3999 2059 4058 est,
2082 3994 2438 4049 excaacatione
2462 3994 2777 4062 infidelium,
2805 3997 2851 4051 si
2878 3997 3201 4068 intelligatur
3225 4009 3279 4055 et
3298 4001 3543 4060 diabolus

1954 4093 2172 4154 prapter
2203 4085 2458 4141 suadendi
2485 4087 2866 4156 malignitatem
2888 4130 2903 4155 ,
2937 4097 2995 4142 ut
3035 4091 3111 4144 sic
3148 4090 3536 4163 distinguatur,

1955 4173 2093 4230 Deus
2122 4176 2272 4246 hujus
2291 4178 2483 4245 steculi,
2515 4192 2620 4233 non
2648 4178 2778 4233 mihi
2804 4178 3012 4235 videtur
3033 4180 3342 4238 absurdum.
3362 4185 3544 4255 Neque

1955 4268 2099 4322 enim
2144 4267 2260 4324 sine
2297 4269 2659 4339 additamento
2686 4271 2879 4330 dicitur
2900 4313 2916 4340 ,
2945 4271 3116 4339 Deus;
3147 4289 3267 4329 cum
3296 4276 3542 4348 adiungi-

1957 4367 2072 4428 tur,
2099 4359 2250 4430 hujus
2278 4360 2470 4426 steculi,
2496 4359 2547 4414 id
2575 4368 2656 4414 est
2681 4358 2954 4415 hominum
2976 4362 3281 4434 impiorum,
3311 4381 3416 4422 non
3440 4367 3544 4423 nisi
3604 4400 3616 4410 ο

1956 4450 2009 4504 in
2054 4449 2156 4504 hoc
2201 4450 2398 4504 saeculo
2451 4449 2644 4505 ﬂorere
2701 4451 2991 4506 volentium
3029 4469 3041 4504 :
3082 4454 3371 4510 secundum
3400 4457 3542 4528 quod

1956 4542 2152 4597 dicitur
2180 4584 2196 4610 ,
2220 4549 2276 4598 et
2292 4544 2491 4598 malum
2526 4544 2776 4598 saeculum
2802 4585 2818 4612 ,
2850 4544 2988 4599 sicut
3028 4547 3285 4618 scriptum
3315 4560 3396 4606 est
3423 4594 3438 4619 ,
3475 4553 3545 4608 Ut

1957 4636 2194 4690 eximeret
2221 4652 2312 4690 nos
2336 4635 2399 4690 de
2426 4636 2660 4705 prtesenti
2687 4636 2873 4690 sazculo
2906 4637 3128 4708 maligno
3165 4638 3361 4712 (Galal.
3390 4661 3428 4711 ι,
3458 4645 3536 4716 4).

1957 4728 2085 4784 Tale
2113 4738 2196 4785 est
2219 4730 2362 4785 enim
2387 4739 2441 4784 et
2465 4730 2593 4784 illud
2615 4771 2630 4797 ,
2658 4729 2884 4796 Quorum
2910 4729 3048 4786 Deus
3077 4745 3246 4790 venter
3281 4736 3537 4810 (Philipp.

1956 4839 2034 4888 tu,
2067 4824 2158 4892 19)
2192 4841 2205 4877 :
2237 4823 2336 4878 nisi
2360 4832 2504 4880 esset
2523 4824 2625 4890 ibi,
2662 4821 3082 4893 Quorumpnullo
3108 4830 3268 4884 modo
3294 4832 3537 4902 diceret,

1922 4915 1925 4918 ”
1957 4915 2082 4968 deus
2106 4924 2290 4970 venter.
2323 4914 2432 4970 Nec
2461 4917 2516 4969 in
2547 4916 2759 4970 Psalmo
2793 4917 3054 4973 daemonia
3097 4935 3310 4989 possent
3342 4923 3413 4978 dii
3440 4940 3538 4995 ap-

1957 5006 2146 5076 pellari
2171 5047 2185 5071 ,
2211 5006 2309 5061 nisi
2340 5005 2624 5061 adderetur
2649 5049 2663 5073 ,
2694 5007 2964 5063 Gentium.
2997 5008 3084 5065 Sic
3111 5012 3251 5066 enim
3282 5015 3535 5084 scriptum

1957 5106 2040 5152 est
2071 5115 2084 5150 :
2110 5097 2362 5162 Quoniam
2405 5097 2478 5150 dii
2530 5096 2765 5152 Gentium
2813 5099 3062 5154 dwmonia
3100 5100 3270 5172 (Psal.
3301 5119 3425 5171 xcv,
3458 5108 3534 5176 5).

1955 5187 2054 5242 Hic
2073 5197 2274 5255 autem,
2307 5203 2425 5253 nec,
2449 5187 2588 5243 Deus
2613 5189 2769 5258 hujus
2793 5191 3002 5256 steculi;
3028 5206 3158 5259 nec,
3180 5210 3390 5264 quorum
3419 5201 3540 5254 deus

1955 5287 2160 5345 venter;
2185 5292 2323 5343 nec,
2371 5278 2443 5331 dii
2491 5277 2726 5332 Gentium
2769 5279 3061 5335 dtemonia:
3091 5282 3183 5336 sed
3225 5285 3532 5360 simpliciter.

1957 5369 2186 5440 positum
2212 5371 2299 5423 est
2319 5409 2334 5433 ,
2363 5367 2498 5422 Deus
2536 5371 2824 5439 temperavit
2855 5386 3080 5440 corpus;
3105 5374 3192 5443 qui
3224 5390 3329 5430 non
3363 5389 3538 5448 potest

1956 5461 2218 5532 intelligi,
2247 5461 2348 5516 nisi
2375 5462 2514 5516 Deus
2543 5476 2702 5516 verus
2741 5463 2976 5516 omnium
3020 5474 3246 5521 creator.
3271 5467 3362 5523 llla
3393 5474 3535 5528 enim

1957 5570 2077 5610 cum
2125 5552 2514 5623 vituperatione
2559 5551 2841 5620 dicuntur,
2873 5553 2974 5607 hoc
3011 5566 3188 5612 autem
3235 5574 3353 5614 cum
3384 5561 3538 5619 laude

1957 5646 2157 5702 dictum
2187 5653 2289 5699 est.
2315 5642 2426 5698 Nisi
2452 5642 2589 5697 forte
2616 5643 2780 5698 Deum
2818 5653 3144 5717 temperasse
3169 5665 3362 5722 corpus
3384 5693 3400 5719 ,
3429 5669 3536 5709 non

1957 5734 2307 5806 diSpositione
2335 5733 2714 5803 membrorum,
2745 5737 2846 5794 hoc
2871 5745 2971 5806 est,
2997 5738 3298 5799 fabricando
3327 5750 3379 5800 et
3404 5759 3532 5802 con-

2022 5851 2040 5884 ι
2075 5848 2264 5914 Aliquot
2282 5853 2413 5912 uss,
2433 5845 2582 5902 nobis.

2945 5935 3259 6015 (Τηνία.)
