4028 6432
415 443 434 530 ὲ

476 294 584 356 395

481 423 738 486 struendo
763 464 776 487 ,
804 417 898 477 sed
921 417 1247 476 admixtione
1266 415 1399 469 lucis
1427 427 1537 467 suae
1556 452 1570 477 ,
1602 409 1831 465 Faustus
1857 402 2066 461 intelli-

416 490 431 557 θ
483 520 601 592 git:
633 525 690 571 ut
727 512 928 571 scilicet
960 512 1077 566 haec
1122 500 1355 564 membra
1397 505 1468 558 ita
1508 494 1752 557 distincta
1797 507 1849 554 et
1896 498 2068 551 locata
2108 490 2115 495 ’

424 658 429 667 .
484 588 598 668 suis
643 606 859 663 sedibus
910 605 1043 659 alter
1091 599 1367 672 posuerit,
1414 594 1501 665 qui
1557 592 1658 647 hoc
1708 588 2066 652 fabricavit‘;

484 704 630 759 Deus
658 708 832 755 autem
863 694 1136 752 miscendo
1164 682 1452 747 bonitatem
1478 700 1650 752 suam,
1675 684 1831 753 hujus
1859 680 2069 735 fabricae

482 794 738 851 malitiam
765 786 1161 859 temperaverit.
1189 782 1409 837 Talibus
1434 780 1577 833 enim
1610 774 1797 832 fabulis
1838 769 2072 843 pueriles

485 885 694 941 animas
739 880 1014 937 hebetant.
1053 870 1165 931 Sed
1198 887 1372 943 neque
1412 872 1517 925 hoc
1558 883 1651 925 eos
1702 878 1860 937 posse
1895 862 2073 918 dicere

484 973 729 1047 permisit
749 969 1066 1027 subveniens
1089 966 1229 1019 Deus
1252 960 1486 1033 parvulis
1510 974 1603 1029 per
1623 972 1715 1012 ora
1738 964 2069 1010 sanctorum.

486 1044 667 1122 Habes
690 1060 828 1121 enim
856 1069 910 1115 et
944 1057 1101 1128 paulo
1126 1053 1370 1124 superius
1391 1094 1404 1119 ,
1434 1050 1572 1104 Deus
1612 1047 1776 1118 posuit
1816 1044 2036 1097 membra
2056 1082 2072 1109 ,

487 1156 744 1229 cingulum
769 1152 998 1223 quodque
1038 1163 1211 1201 eorum
1243 1146 1296 1199 in
1337 1158 1545 1213 corpore
1570 1146 1717 1210 prout
1740 1136 1912 1190 voluit.
1944 1132 2076 1201 Quis

482 1249 596 1319 jam
619 1262 721 1301 non
746 1244 1003 1313 intelligat
1022 1237 1310 1295 secundum
1334 1230 1435 1289 hcc
1458 1234 1622 1288 Deum
1650 1229 1851 1284 dictum
1875 1236 2077 1293 tempe~

486 1348 719 1395 ratorem
763 1336 1003 1405 corporis
1026 1375 1040 1400 ,
1071 1330 1211 1402 quod
1249 1346 1317 1385 ex
1354 1326 1539 1382 multis
1586 1320 1841 1379 membris
1883 1331 2078 1388 corpus

488 1430 781 1495 fabricavit,
812 1426 984 1482 officia
1010 1425 1343 1479 diversorum
1370 1431 1593 1489 operum
1614 1416 1668 1470 in
1692 1410 1912 1468 unitatis
1930 1423 2079 1465 com-

489 1537 623 1593 page
652 1518 1033 1576 servantibus?

506 1622 513 1631 ‘
562 1610 786 1668 CAPUT
815 1608 885 1664 Χ.
907 1638 980 1649 —
1007 1608 1193 1662 Dicant
1214 1618 1340 1673 ergo
1368 1599 1641 1656 Manichaai
1670 1606 1848 1652 utrum
1879 1594 2083 1649 anima-

491 1705 563 1760 lia
583 1746 596 1770 ,
629 1718 748 1774 quae
775 1700 1067 1757 secundum
1094 1699 1441 1753 deliramenta
1470 1708 1654 1748 eorum
1686 1690 1821 1761 Hyle
1851 1687 2080 1742 fabrica-

492 1807 641 1853 verat
666 1797 719 1851 in
743 1803 899 1867 gente
929 1793 1285 1855 tenebrarum,
1310 1798 1589 1857 antequam
1618 1784 1721 1838 illis
1742 1785 1884 1837 Deus
1910 1780 2083 1833 lucem

494 1902 642 1943 suam
688 1884 1023 1950 miscuisset,
1051 1898 1157 1936 non
1204 1880 1470 1934 habebant
1516 1878 1670 1929 istam
1718 1870 2083 1926 membrorum

494 1978 834 2035 concordiam
859 2019 873 2044 ,
902 1991 1057 2047 quam
1102 1974 1178 2028 sic
1218 1970 1397 2027 laudat
1441 1966 1729 2038 Apostolus
1759 1981 1772 2017 :
1805 1973 1978 2017 utrum
2011 1958 2085 2014 ibi

495 2073 697 2129 diceret
720 2078 881 2142 caput
907 2056 1128 2140 pedibus
1148 2107 1163 2133 ,
1194 2073 1284 2118 aut
1310 2063 1496 2118 oculus
1522 2059 1724 2126 manui,
1757 2057 1898 2126 Opus
1920 2064 1965 2108 te
1984 2069 2085 2107 non

494 2161 669 2217 habeo.
700 2160 981 2230 Nunquam
1011 2157 1112 2211 hoc
1133 2156 1402 2219 dixerunt,
1426 2166 1525 2206 nec
1546 2148 1725 2205 dicere
1754 2152 2042 2216 potuerunt
2068 2158 2083 2195 :

491 2254 629 2308 tales
676 2251 819 2307 enim
862 2249 942 2304 eis
980 2258 1129 2302 actus
1172 2255 1227 2301 et
1264 2258 1426 2314 opera
1472 2242 1746 2306 tribuunt;
1772 2237 2039 2307 ‘repebant
2068 2273 2086 2300 ,

493 2341 868 2407 ambulabant,
912 2338 1212 2404 natabant,
1251 2334 1538 2400 volabant,
1571 2344 1796 2401 quaeque
1846 2341 1944 2397 pro
1992 2338 2088 2379 suo

493 2451 718 2509 genere;
752 2434 1001 2493 videbant
1036 2446 1249 2502 quoque
1278 2470 1291 2495 ,
1322 2439 1376 2484 et
1420 2426 1740 2488 audiebant,
1778 2420 2090 2487 caeterisque

497 2526 743 2584 sensibus
773 2526 1105 2590 sentiebant,
1136 2520 1404 2576 alimentis
1425 2527 1481 2574 et
1500 2512 1933 2587 temperamentis
1959 2525 2091 2565 con-

440 2602 450 2617 ’
492 2621 641 2693 gruis
665 2619 970 2676 nutriebant
993 2625 1047 2672 et
1074 2615 1331 2670 fovebant
1355 2625 1582 2681 corpora
1610 2622 1725 2661 sua.
1760 2606 1895 2661 Hinc
1923 2603 2086 2657 etiam

496 2715 664 2788 prolis
686 2713 982 2770 fecunditas
997 2709 1312 2780 suppetebat
1336 2723 1349 2759 :
1373 2720 1496 2760 nam
1511 2714 1564 2760 et
1583 2701 1701 2771 conj
1711 2700 1827 2769 ugia
1852 2696 2093 2751 tribuunt

496 2804 596 2860 eis.
620 2806 746 2861 Haec
771 2813 914 2859 certe
935 2802 1114 2857 omnia
1139 2816 1258 2870 qua:
1290 2807 1542 2867 tanquam
1572 2794 1737 2864 Hyles
1759 2798 1921 2859 Opera
1950 2788 2092 2840 vitu~

494 2904 649 2966 perat
676 2894 1021 2959 Manichacus,
1052 2892 1167 2946 ﬁeri
1198 2906 1304 2943 non
1332 2893 1556 2957 possunt
1584 2882 1700 2938 sine
1729 2880 2091 2935 membrorum

495 2986 782 3043 concordia
806 3027 821 3053 ,
854 2999 1014 3054 quam
1057 2981 1235 3037 laudat
1272 2978 1477 3033 et’Deo
1513 2975 1746 3044 assignat
1783 2969 2089 3040 Apostolus.

496 3079 763 3137 Dubitatis
790 3077 965 3132 adhuc
990 3075 1234 3145 quisnam
1260 3071 1575 3136 sectandus,
1605 3076 1659 3123 et
1683 3067 1928 3137 quisnam
1958 3078 2091 3117 ana-

498 3172 819 3228 tLemandus
856 3170 961 3224 sit?
987 3168 1121 3237 Quid
1142 3210 1154 3232 ,
1180 3165 1321 3237 quod
1364 3173 1515 3218 erant
1553 3162 1624 3216 ibi
1664 3159 1904 3231 quzedam
1930 3198 1944 3224 ,
1974 3172 2094 3227 qua:

501 3266 660 3321 etiam
689 3264 1043 3334 loquebantur
1065 3305 1078 3324 ,
1108 3269 1165 3313 ut
1191 3259 1269 3314 eis
1300 3253 1743 3312 concionantibus
1770 3249 1945 3305 omnia
1978 3263 2092 3302 ser-

498 3357 680 3428 pentia
701 3398 715 3422 ,
747 3353 1107 3426 quadrupedia
1134 3392 1148 3418 ,
1179 3349 1416 3405 volatilia
1445 3390 1459 3414 ,
1492 3345 1728 3401 natatilia
1759 3384 1774 3409 ,
1805 3341 2049 3397 audirent
2075 3382 2092 3409 ,

501 3450 895 3521 intelligerent,
924 3444 1323 3502 consentirent?
1351 3440 1587 3496 Miranda
1636 3438 1752 3492 hmo
1787 3446 1840 3490 et
1880 3435 2095 3503 omnino

501 3545 679 3601 divina
733 3541 1074 3612 eloquentia;
1126 3548 1180 3593 et
1232 3536 1498 3590 neminem
1551 3527 1951 3603 grammaticum
2006 3532 2097 3578 aut

500 3638 769 3693 rhetorem
817 3634 1128 3700 audierant,
1162 3646 1260 3685 nec
1299 3630 1437 3683 inter
1489 3626 1753 3696 lacrymas
1805 3619 2095 3675 ferularum

502 3740 662 3799 atque
710 3727 976 3798 virgarum
1023 3725 1121 3779 ista
1163 3721 1479 3776 didicerant.
1506 3715 1711 3784 Nempe
1742 3710 1842 3766 iste
1870 3708 2097 3763 Faustus

502 3832 561 3877 ut
574 3797 670 3875 bas
687 3797 949 3875 vanitates
964 3816 1160 3871 diserte
1175 3814 1421 3884 garriret,
1441 3808 1508 3863 ad
1523 3804 1857 3874 disciplinam
1872 3797 2098 3854 faciendi

504 3913 771 3971 sermonis
792 3912 950 3967 etiam
974 3923 1126 3964 serus
1150 3908 1171 3938 ¹
1188 3904 1447 3967 accessit;
1474 3910 1527 3955 et
1549 3895 1789 3968 quamvis
1813 3900 1955 3947 esset
1976 3904 2100 3945 acer

506 4006 753 4079 ingenio,
781 4015 955 4058 tamen
992 3999 1217 4070 legendo
1266 3993 1599 4051 stomachum
1638 3988 1780 4057 rupit
1810 4027 1823 4051 ,
1852 3994 1908 4039 ut
1935 3984 1984 4038 ei
2014 3983 2099 4037 lo-

509 4099 693 4174 quenti
712 4106 817 4151 tam
834 4093 987 4165 pauci
1018 4090 1421 4145 assentirentur.
1449 4083 1493 4137 0
1516 4081 1790 4142 miserum,
1816 4076 1905 4147 qui
1927 4076 1978 4129 in
2000 4076 2101 4128 ista

507 4165 629 4250 luce
652 4232 667 4259 ,
699 4174 760 4244 ac
804 4202 908 4241 non
952 4185 1005 4239 in
1057 4182 1161 4236 illis
1202 4176 1438 4234 tenebris
1480 4180 1637 4226 natus
1665 4169 1786 4224 est!
1818 4168 1923 4221 illic
1958 4165 2101 4220 enim

510 4301 633 4343 eum
660 4289 843 4339 contra
862 4280 1038 4334 lucem
1059 4273 1461 4330 concionantem
1484 4308 1497 4330 ,
1530 4263 1704 4319 omnis
1734 4259 1905 4328 bipes,
1928 4255 2103 4311 omnis

512 4378 799 4447 multipes,
828 4372 1001 4428 omnis
1044 4367 1204 4424 etiam
1249 4374 1469 4431 serpens
1506 4374 1534 4411 a
1574 4357 1805 4410 dracone
1834 4366 2004 4421 usque
2038 4347 2105 4403 ad

515 4442 791 4530 cochleam
838 4466 1067 4520 libenter
1112 4457 1357 4521 audiret,
1409 4450 1656 4505 alacriter
1700 4444 1940 4500 obediret
1972 4459 1985 4496 :
2020 4442 2105 4496 hic

516 4576 695 4623 autem
723 4567 908 4616 contra
941 4553 1185 4611 tenebras
1216 4548 1573 4616 disputantem
1599 4581 1613 4606 ,
1637 4538 1816 4608 plures
1846 4535 2104 4603 eloquen-

516 4666 627 4715 tem
650 4698 666 4723 ,
697 4668 853 4726 quam
879 4650 1113 4710 doctum,
1146 4642 1295 4697 multi
1325 4648 1501 4693 autem
1528 4634 1861 4690 seduCtorem
1893 4644 2108 4699 perver-

520 4751 789 4808 sissimam
817 4738 1160 4796 nominabant
1189 4751 1202 4787 :
1237 4733 1376 4786 inter
1404 4742 1602 4798 paucos
1627 4740 1755 4779 vero
1790 4720 2108 4775 Manichacos

520 4852 771 4911 tanquam
797 4848 990 4905 magno
1017 4828 1267 4899 magistro
1284 4822 1617 4894 plaudentes,
1641 4816 1842 4870 nullum
1876 4813 1921 4871 ei
1950 4825 2108 4881 pecus

519 4904 790 4990 aitnuebat
814 4971 827 4994 ,
862 4904 961 4981 nec
989 4939 1055 4979 ex
1092 4922 1181 4974 illa
1218 4915 1459 4972 doctrina
1500 4910 1688 4967 saltem
1730 4905 1965 4962 caballus
1997 4904 2110 4973 ejus

523 5023 723 5095 aliquid
751 5020 989 5080 sciebat,
1020 5025 1269 5083 tanquam
1298 5006 1543 5063 omnibus
1572 5001 1889 5057 animalibus
1918 4997 1983 5051 ad
2012 4997 2112 5051 hoc

523 5086 649 5187 pars
691 5113 867 5168 divina
894 5113 1142 5162 concreta
1171 5101 1238 5155 sit
1266 5142 1280 5166 ,
1316 5106 1371 5151 ut
1409 5094 1598 5150 stolida
1635 5092 1843 5146 ﬁerent.
1872 5086 2007 5155 Quid
2032 5093 2114 5139 est

524 5179 646 5271 hoc,
668 5203 829 5275 rogo?
851 5199 1107 5269 Evigilate
1123 5190 1424 5263 aliquando,
1444 5187 1646 5252 miseri,
1665 5194 1717 5240 et
1739 5189 2040 5252 comparate
2060 5179 2114 5233 in

526 5298 703 5352 fabula
743 5303 922 5349 vestra
964 5288 1198 5344 omnium
1232 5280 1577 5336 animantium
1624 5276 1783 5357 prius.
1806 5283 2014 5341 tempus
2062 5278 2115 5325 et

509 5401 765 5459 praesens
788 5426 803 5452 ,
827 5392 953 5439 tunc
978 5381 1035 5435 in
1061 5389 1201 5434 terra
1227 5390 1343 5442 sua,
1367 5386 1506 5427 nunc
1536 5370 1591 5424 in
1615 5367 1717 5422 hoc
1746 5362 1964 5428 mundo;
1992 5372 2114 5416 tunc

530 5483 683 5535 firma
725 5483 878 5533 erant
919 5485 1178 5543 corpora,
1206 5480 1348 5522 nunc
1395 5462 1603 5519 infirma
1644 5466 1804 5523 sunt,
1829 5465 1953 5509 tunc
1978 5453 2115 5508 acris

529 5572 673 5627 acies
711 5568 985 5624 oculorum
1013 5563 1077 5618 ad
1113 5558 1400 5616 videndum
1443 5569 1563 5611 cum
1592 5549 1944 5607 delectatione
1968 5546 2117 5599 inva-

596 5708 613 5736 ι
648 5712 779 5762 Lov.,
839 5698 943 5751 luco
971 5693 1233 5760 fabricavit.
1279 5700 1335 5743 At
1356 5701 1456 5749 am.
1480 5696 1554 5740 Er.
1574 5694 1627 5740 et
1649 5694 1776 5750 Mss,
1795 5682 1881 5734 hoc
1904 5678 2115 5745 fabrica-

533 5768 615 5819 vit.
648 5762 871 5819 Subaudi,
889 5772 1078 5823 corpus.

599 5831 619 5860 ⁸
651 5834 723 5878 Er.
750 5823 898 5892 Lugd.
925 5818 1065 5881 νόω,
1082 5818 1251 5871 serius.
1316 5824 1372 5866 Μ.

1300 295 1571 356 CONTRA
1613 288 1937 351 FAUSTUM
1975 280 2427 373 MANICHEUM,
2565 283 2937 379 dUGUSTlNl

3653 278 3759 336 396

2178 400 2337 458 dendi
2364 401 2635 470 regionem
2664 398 2771 466 dei,
2803 412 2944 454 nunc
2973 397 3045 452 ita
3075 395 3284 461 obtusa,
3310 403 3365 449 ut
3394 408 3425 449 a
3448 393 3574 449 solis
3600 390 3768 447 radiis

2178 502 2481 559 avertatur;
2511 498 2635 545 tunc
2676 494 2846 545 aucta:
2882 497 3092 544 mentes
3120 474 3428 542 animalium
3461 485 3525 539 ad
3568 484 3774 539 intelli-

2177 586 2407 658 gendum
2426 584 2790 640 concionantis
2816 597 3117 639 sermonem
3146 624 3160 649 ,
3196 595 3337 635 nunc
3363 578 3581 634 hebetes
3620 588 3673 631 et
3703 577 3774 631 ab

2180 680 2479 751 bujusmodi
2519 680 2810 751 capacitate
2846 678 3054 749 penitus
3092 660 3316 741 alienae;
3349 683 3475 729 tunc
3509 672 3775 726 naturalis

2180 782 2286 829 tam
2336 790 2525 845 magna
2571 782 2624 829 et
2664 782 2773 829 tam
2822 779 3015 845 potens
3064 766 3399 839 eloquentia,
3436 781 3580 820 nunc
3622 772 3777 819 tanto

2181 869 2356 926 studio
2391 884 2453 924 ac
2495 869 2678 924 labore
2719 867 2807 922 vix
2844 881 3003 938 parva
3049 859 3103 919 et
3141 863 3350 931 exigua.
3381 858 3425 916 Ο
3458 873 3618 929 quam
3660 872 3778 911 ma-

2182 977 2280 1033 gna
2317 960 2456 1017 bona
2494 961 2879 1016 commixtione
2922 958 3049 1016 boni
3093 955 3324 1028 perdidit
3355 968 3486 1026 gens
3526 951 3779 1007 tenebra-

2182 1056 2339 1111 rum!

2252 1147 2476 1204 CAPUT
2514 1148 2608 1203 XI.
2636 1176 2702 1187 —
2731 1147 2835 1201 iste
2864 1145 2979 1215 ipse
3002 1142 3231 1199 Faustus
3258 1141 3310 1195 in
3352 1139 3456 1193 hoc
3492 1138 3618 1209 ipso
3654 1151 3779 1191 ser-

2183 1255 2341 1296 mone
2364 1282 2379 1307 ,
2409 1241 2493 1294 cui
2524 1255 2664 1295 nunc
2690 1237 2988 1308 respondeo
3012 1280 3027 1305 ,
3060 1235 3225 1290 multa
3255 1234 3463 1289 sibimet
3509 1230 3783 1286 contraria

2184 1333 2453 1403 eleganter
2480 1345 2751 1401 Opponere
2779 1330 2926 1385 visus
2952 1336 3061 1392 est,
3088 1326 3367 1380 sanitatem
3406 1331 3459 1378 et
3496 1320 3783 1376 infirmita-

2184 1433 2313 1493 tem,
2344 1420 2550 1493 copiam
2576 1432 2629 1478 et
2657 1429 2968 1493 egestatem,
2996 1419 3172 1473 album
3203 1427 3257 1473 et
3283 1417 3512 1486 nigrum,
3542 1412 3783 1468 calidum

2186 1524 2239 1572 et
2285 1514 2534 1585 frigidum
2559 1555 2574 1582 ,
2609 1514 2765 1569 dulce
2804 1522 2857 1567 et
2885 1526 3123 1565 amarum
3155 1527 3167 1563 :
3201 1509 3253 1563 in
3282 1508 3469 1578 quibus
3498 1505 3690 1559 omitto
3714 1502 3785 1557 de

2185 1608 2306 1663 albo
2333 1621 2386 1662 et
2411 1609 2563 1677 nigro
2591 1604 2786 1675 aliquid
2812 1603 2991 1658 dicere
3022 1620 3036 1657 :
3064 1610 3155 1656 aut
3180 1600 3225 1656 si
3257 1599 3423 1654 ullum
3448 1605 3783 1651 momentum

2188 1697 2310 1753 boni
2339 1707 2391 1752 et
2410 1697 2535 1751 mali
2554 1705 2634 1751 est
2663 1695 2713 1749 in
2736 1693 3021 1758 coloribus,
3041 1700 3101 1746 ut
3125 1690 3301 1744 album
3325 1688 3505 1743 dicant
3524 1686 3589 1741 ad
3611 1687 3785 1740 Deum

2188 1790 2489 1862 pertinere,
2518 1790 2724 1859 nigrum
2765 1796 2939 1841 autem
2978 1785 3044 1839 ad
3085 1784 3289 1856 Hylen;
3319 1798 3439 1837 cum
3483 1780 3663 1835 omnia
3692 1794 3789 1850 ge—
3840 1760 3847 1765 0

2190 1899 2317 1938 nera
2352 1882 2641 1937 volatilium
2687 1879 2855 1950 Hylen
2899 1891 3111 1931 creasse
3148 1874 3459 1945 perhibeant
3484 1914 3498 1938 ,
3526 1872 3571 1925 si
3602 1871 3787 1923 album

2190 1978 2425 2032 colorem
2476 1976 2669 2045 plumis
2702 1987 2887 2028 eorum
2933 1971 3075 2025 Deus
3109 1968 3370 2037 aspersit,
3403 1964 3489 2020 ubi
3548 1962 3789 2017 latebant

2192 2072 2382 2138 corvi,
2411 2070 2622 2141 quando
2667 2068 2819 2139 cycni
2865 2065 3098 2120 candore
3137 2061 3337 2133 perfusi
3367 2058 3530 2114 sunt?
3555 2058 3689 2112 item
3720 2054 3790 2111 de

2193 2164 2363 2219 calido
2390 2172 2444 2219 et
2486 2161 2678 2233 frigido
2715 2162 2987 2229 disputare
3033 2171 3139 2212 non
3182 2168 3316 2224 opus
3347 2161 3429 2207 est
3457 2168 3471 2205 :
3500 2159 3792 2219 utrumque

2193 2258 2336 2312 enim
2370 2263 2727 2325 temperanter
2751 2251 3069 2316 adhibitum,
3098 2247 3343 2311 salubre,
3369 2246 3793 2311 intemperanter

2195 2358 2391 2413 autem,
2425 2346 2781 2417 perniciosum
2813 2354 2911 2399 est.
2938 2339 3141 2397 Caetera
3166 2337 3460 2392 videamus.
3492 2333 3704 2387 Bonum
3728 2338 3787 2386 et

2195 2440 2391 2495 malum
2412 2480 2428 2504 ,
2458 2436 2597 2507 quod
2622 2438 2672 2490 in
2700 2435 2885 2505 primis
2908 2433 3046 2487 forte
3070 2445 3270 2501 ponere
3301 2426 3483 2482 debuit
3514 2425 3567 2479 in
3598 2422 3794 2477 iisdem

2198 2531 2477 2587 contrariis
2502 2531 2571 2583 ita
2620 2527 2829 2582 videtur
2855 2524 3095 2596 posuisse
3119 2563 3134 2588 ,
3163 2530 3221 2576 ut
3251 2528 3495 2589 tanquam
3520 2514 3795 2587 generalia

2197 2625 2359 2679 vellet
2385 2622 2626 2691 intelligi,
2650 2620 2855 2675 scilicet
2881 2626 2939 2672 ut
2957 2617 3023 2671 ad
3043 2616 3241 2671 bonum
3268 2613 3532 2684 pertineat
3560 2609 3791 2675 sanitas,

2198 2715 2349 2786 copia
2367 2756 2382 2782 ,
2407 2712 2583 2769 album
2607 2754 2621 2779 ,
2648 2711 2876 2767 calidum
2905 2750 2920 2774 ,
2944 2708 3116 2773 dulce;
3143 2707 3208 2761 ad
3236 2706 3430 2761 malum
3453 2712 3632 2758 autem
3655 2742 3671 2768 ,
3706 2700 3793 2755 in-

2198 2809 2441 2872 ﬁrmitas,
2471 2814 2695 2877 egestas,
2726 2805 2934 2875 nigrum
2953 2846 2966 2868 ,
2996 2800 3241 2872 frigidum
3268 2840 3281 2865 ,
3309 2810 3548 2853 amarum
3584 2813 3595 2847 :
3628 2806 3793 2863 quam

2198 2901 2444 2972 imperite
2485 2907 2539 2953 et
2580 2897 2969 2953 inconsiderate
2994 2936 3007 2961 ,
3041 2893 3215 2946 videat
3256 2890 3343 2960 qui
3394 2886 3645 2957 potuerit.
3676 2882 3793 2952 Ego

2199 3004 2377 3050 autem
2423 3009 2489 3048 ne
2517 2991 2722 3046 homini
2764 2987 3079 3045 calumniari
3106 2996 3259 3056 puter
3285 3027 3297 3050 ,
3324 2982 3454 3037 nihil
3483 2980 3685 3050 objicio
3726 2976 3795 3031 de

2198 3089 2319 3143 albo
2349 3096 2401 3143 ct
2427 3087 2578 3157 nigro
2605 3127 2618 3151 ,
2651 3083 2824 3139 calido
2853 3091 2908 3137 et
2946 3081 3135 3150 frigido
3156 3120 3168 3143 ,
3203 3078 3269 3132 de
3295 3076 3435 3131 dulci
3476 3082 3530 3129 et
3565 3084 3752 3126 amaro
3774 3109 3792 3137 ,

2201 3181 2424 3234 sanitate
2450 3187 2610 3247 atque
2640 3176 2945 3231 infirmitate
2974 3174 3011 3225 ¹.
3050 3170 3105 3225 Si
3142 3170 3283 3224 enim
3327 3167 3503 3221 album
3545 3171 3599 3218 et
3634 3160 3796 3216 dulce

2201 3274 2307 3327 duo
2336 3272 2473 3326 bona
2499 3276 2659 3335 sunt,
2692 3268 2899 3336 nigrum
2927 3272 3102 3316 autem
3134 3270 3187 3315 et
3213 3272 3449 3313 amarum
3480 3254 3583 3309 duo
3612 3252 3754 3307 mala
3774 3292 3792 3318 ,

2202 3358 2468 3437 quomodo
2506 3362 2734 3433 plurima
2768 3375 2867 3414 uva
2890 3400 2904 3425 ,
2933 3356 3213 3425 omnisque
3258 3344 3393 3407 oliva
3441 3345 3798 3421 nigrescendo

2202 3436 2502 3523 dulcescit,
2533 3454 2585 3508 id
2617 3463 2697 3508 est
2725 3495 2740 3521 ,
2772 3451 2893 3505 mali
2938 3449 3166 3517 amplius
3205 3443 3450 3499 habendo
3477 3441 3534 3495 fit
3563 3436 3803 3494 melior?

2204 3548 2333 3605 item
2361 3549 2406 3603 si
2436 3548 2539 3602 duo
2564 3547 2702 3601 bona
2734 3553 2857 3598 sunt
2886 3542 3027 3596 calor
3048 3551 3099 3594 et
3126 3540 3343 3604 sanitas,
3370 3537 3475 3591 duo
3499 3548 3629 3589 vero
3653 3532 3799 3586 mala

2204 3643 2369 3713 frigus
2404 3649 2460 3696 et
2506 3638 2787 3693 inﬁrmitas
2818 3677 2831 3701 ,
2861 3649 2955 3689 cur
2999 3629 3315 3687 calescendo
3352 3641 3576 3698 corpora
3618 3640 3799 3695 aegre-

2204 3732 2402 3791 scunt?
2423 3734 2504 3786 An
2535 3732 2669 3785 forte
2693 3744 2820 3783 sana
2850 3724 3122 3780 febriunt?
3148 3721 3261 3777 Non
3286 3735 3411 3790 ergo
3434 3719 3546 3773 haec
3572 3715 3799 3785 objicio,

2206 3843 2324 3898 quae
2358 3826 2493 3881 forte
2536 3838 2644 3877 non
2670 3832 2855 3875 cautus
2878 3861 2891 3885 ,
2918 3826 3006 3871 aut
3038 3831 3132 3886 pro
3162 3811 3480 3883 quibuslibet
3514 3807 3803 3862 contrariis

2204 3921 2402 3991 potius,
2426 3931 2582 3987 quam
2611 3928 2706 3983 pro
2731 3912 2883 3966 bonis
2912 3918 2964 3964 et
2991 3909 3140 3962 malis
3167 3900 3603 3959 commemoravit
3625 3918 3637 3953 :
3661 3914 3806 3967 prae-

2208 4011 2390 4067 sertim
2452 4009 2571 4079 quia
2635 4006 2811 4076 ignem
2868 4001 3041 4073 gentis
3113 3997 3453 4053 tenebrarum
3525 4000 3805 4060 nunquam

2210 4104 2457 4175 frigidum
2516 4101 2678 4156 fuisse
2714 4097 3009 4161 dixerunt,
3042 4091 3136 4148 sed
3179 4090 3410 4146 calorem
3455 4086 3570 4157 ejus
3614 4082 3805 4153 utique

2268 4197 2427 4250 alum.

2210 4213 2427 4252 malum.

2282 4281 2507 4340 CAPUT
2544 4280 2657 4335 Xll.
2697 4308 2769 4320 ——
2807 4277 3005 4331 Verum
3058 4282 3117 4328 ut
3156 4274 3255 4327 ista
3310 4268 3654 4331 omittamus,
3710 4263 3806 4318 illa

2210 4377 2485 4433 videamus
2505 4415 2517 4438 ,
2548 4388 2665 4442 quae
2704 4371 2775 4424 ita
2806 4364 3248 4423 commemoravit
3293 4364 3433 4418 bona
3478 4358 3532 4412 in
3559 4356 3642 4410 his
3668 4368 3809 4409 con-

2213 4470 2388 4526 trariis
2419 4510 2433 4533 ,
2463 4474 2519 4522 ut
2557 4464 2687 4520 nolit
2726 4462 2850 4516 inde
2893 4457 3121 4513 dubitari
3147 4499 3161 4523 ,
3194 4455 3472 4509 sanitatem
3501 4492 3516 4517 ,
3548 4446 3759 4517 copiam
3788 4486 3806 4515 ,

2213 4562 2567 4619 dulcedinem.
2594 4559 2737 4611 Itane
2767 4555 2821 4608 in
2852 4552 2940 4606 illa
2971 4557 3126 4620 gente
3164 4564 3268 4602 non
3297 4553 3413 4601 erat
3451 4541 3651 4597 sanitas
3678 4554 3810 4595 cor-

2215 4672 2440 4727 porum,
2475 4653 2528 4705 in
2556 4666 2657 4718 qua
2693 4657 2746 4702 et
2775 4644 2950 4708 nasci,
2975 4649 3032 4697 et
3070 4654 3314 4695 crescere
3339 4680 3353 4704 ,
3378 4645 3431 4690 et
3460 4635 3677 4705 gignere
3702 4672 3717 4698 ,
3752 4636 3814 4684 et

2216 4722 2288 4801 ita
2329 4744 2614 4814 perdurare
2643 4747 2927 4809 potuerunt
2968 4736 3052 4789 illa
3082 4731 3331 4787 animalia
3360 4771 3374 4795 ,
3402 4738 3460 4782 ut
3487 4722 3813 4797 quihusdam

2218 4852 2402 4893 eorum
2448 4832 2679 4905 gravidis
2699 4872 2711 4895 ,
2744 4830 2880 4883 sicut
2918 4826 3224 4896 desipiunt,
3253 4820 3423 4889 captis
3448 4860 3462 4884 ,
3490 4826 3544 4872 et
3585 4816 3637 4869 in
3668 4814 3815 4869 coelo

2218 4928 2496 4997 colligatis,
2516 4939 2612 4978 nec
2631 4922 2816 4976 saltem
2835 4919 2973 4989 pleni
2993 4915 3268 4986 temporis,
3296 4912 3388 4968 sed
3413 4908 3642 4964 abortivi
3668 4906 3815 4960 fetus

2220 5023 2287 5077 de
2310 5031 2415 5075 tam
2454 5016 2667 5073 excelso
2696 5016 2747 5069 in
2777 5022 2975 5068 terram
3003 5010 3256 5064 cadentes
3281 5048 3294 5071 ,
3327 5013 3381 5059 et
3405 5003 3587 5056 vivere
3613 5008 3816 5069 potue-

2219 5115 2325 5170 rint
2344 5123 2397 5168 et
2418 5125 2681 5176 crescere,
2706 5118 2759 5162 et
2787 5107 2882 5160 ista
2914 5104 3172 5165 carnium,
3202 5114 3320 5169 quae
3343 5110 3483 5151 nunc
3511 5100 3635 5148 sunt
3655 5092 3821 5146 innu-

2220 5205 2515 5271 merabilia,
2539 5216 2735 5275 genera
2765 5196 3090 5270 pmpagare?
3115 5202 3203 5247 aut
3230 5190 3383 5264 copia
3410 5190 3479 5242 ibi
3510 5201 3613 5240 non
3650 5194 3770 5238 erat
3800 5225 3820 5250 ,

2222 5300 2309 5355 ubi
2340 5298 2557 5352 arbores
2582 5309 2689 5348 non
2715 5300 2917 5344 tantum
2947 5289 2999 5341 in
3031 5285 3182 5356 aquis
3212 5292 3261 5338 et
3291 5281 3461 5335 ventis
3480 5321 3495 5346 ,
3526 5276 3621 5332 sed
3649 5276 3824 5330 etiam

2156 5430 2165 5437 -
2222 5395 2275 5449 in
2307 5393 2427 5462 igne
2452 5398 2505 5444 et
2544 5387 2688 5441 fumo
2712 5393 2771 5462 et
2812 5382 2955 5437 nasci
3002 5386 3287 5450 potuerunt
3314 5382 3532 5430 ettanta
3574 5368 3825 5425 fecundi-

2222 5492 2331 5539 tate
2358 5482 2535 5545 ditari,
2560 5487 2617 5533 ut
2637 5460 2907 5532 ent-earum
2932 5470 3188 5526 fructibus
3215 5468 3295 5522 sui
3318 5466 3578 5534 cujusque
3600 5460 3825 5532 generis

2223 5578 2469 5634 animalia
2515 5575 2890 5647 gignerentur,
2919 5576 2973 5645 et
3016 5580 3202 5621 earum
3246 5558 3495 5616 arborum
3538 5555 3827 5643 feracitate

2288 5735 2303 5765 ί
2339 5733 2413 5782 sic
2432 5738 2530 5780 am.
2553 5733 2629 5777 Er.
2656 5733 2708 5775 et
2737 5723 2904 5786 plures
2944 5727 3048 5770 Mss.
3072 5725 3131 5786 μ
3153 5725 3283 5779 Lov.,
3306 5727 3363 5766 nc
3390 5710 3521 5764 dulci
3543 5714 3589 5762 et
3625 5718 3827 5769 amaro,

2433 5797 2573 5857 atque
2593 5780 2863 5853 inﬁrmitati
2879 5780 3207 5848 prwscribam.
