4052 6434
505 529 649 588 dicat
674 525 721 599 (l
741 524 876 583 Tim.
898 521 1072 594 ι,17).
1095 518 1235 589 Quid
1254 516 1423 588 ergo?
1445 524 1499 571 et
1518 515 1631 585 ipsa
1651 510 2086 583 corruptibilitas,

506 637 613 694 qua
637 619 853 691 quidem
888 616 1123 674 nondum
1167 608 1603 679 corrumpebatur
1632 605 1718 661 illa
1745 612 1932 694 natura
1952 646 1967 670 ,
1999 602 2093 659 sed

508 693 689 768 tamen
718 726 747 764 a
771 723 874 781 qua
897 708 915 740 ⁸
944 702 1212 774 corrumpi
1236 706 1465 773 poterat,
1489 711 1598 754 non
1626 695 1775 753 vobis
1798 695 1855 751 in
1874 693 1977 750 deo
2004 708 2095 748 ve-

502 810 619 859 stro
648 801 857 857 videtur
884 795 1117 853 malum?

577 890 806 950 CAPUT
829 883 1176 945 XV.——Illud
1216 883 1376 939 etiam
1418 881 1537 953 quis
1572 893 1679 935 non
1706 877 1885 934 videa’t
1905 917 1921 944 ,
1950 874 2092 946 quod

502 994 598 1042 aut
621 980 952 1055 praescientia
978 976 1050 1033 ibi
1075 990 1181 1031 non
1206 981 1358 1039 erat;
1389 973 1477 1029 ubi
1505 979 1742 1027 vestrum
1767 976 1848 1023 est
1871 967 1979 1037 jam
2006 981 2095 1020 co-

503 1077 693 1150 gitare,
724 1082 900 1130 utrum
931 1069 1133 1124 nullum
1165 1066 1354 1122 vitium
1379 1064 1473 1119 Dei
1494 1063 1563 1117 sit
1591 1075 1775 1117 carere
1805 1056 2093 1129 praescien-

502 1145 600 1237 ila,
636 1175 690 1222 et
725 1162 854 1235 quid
882 1159 1156 1217 immineat
1180 1156 1399 1214 omnino
1424 1153 1631 1209 nescire
1655 1169 1669 1206 :
1692 1157 1781 1204 aut
1810 1149 1853 1202 si
1884 1154 1999 1202 erat
2023 1145 2095 1200 ibi

499 1255 858 1332 praescientia,
881 1252 1138 1309 securitas
1162 1249 1235 1305 ibi
1263 1262 1383 1303 esse
1416 1261 1520 1300 non
1551 1251 1780 1314 poterat,
1816 1238 1909 1295 sed
1935 1247 2094 1293 reter-

501 1328 607 1406 bus
631 1348 823 1413 timor;
851 1353 906 1401 et
931 1344 1032 1399 hoc
1054 1349 1310 1412 quantum
1336 1337 1532 1393 malum
1558 1334 1648 1399 sit,
1679 1340 1825 1388 certe
1855 1328 2099 1401 agnosci-

502 1441 595 1498 tis.
616 1439 700 1495 An
720 1452 825 1494 non
851 1436 1093 1503 timebat,
1115 1448 1181 1488 ne
1201 1431 1309 1502 jam
1335 1431 1551 1499 jamque
1567 1424 1841 1481 adveniret
1865 1431 2094 1491 tempus,

502 1549 611 1606 quo
639 1531 879 1588 membra
908 1529 1025 1600 ejus
1051 1527 1124 1582 ita
1157 1532 1496 1581 vastarentur
1523 1528 1579 1576 et
1606 1520 2013 1589 inquinarentur
2042 1514 2097 1570 in

501 1628 598 1685 illo
624 1626 830 1699 praelio,
860 1634 916 1680 ut
942 1624 1029 1678 vix
1058 1636 1181 1677 cum
1212 1627 1358 1674 tanto
1388 1616 1568 1671 labore
1588 1655 1604 1681 ,
1648 1627 1746 1669 nec
1782 1619 1961 1666 tamen
1988 1616 2098 1663 tota

500 1722 798 1780 liberentur
818 1728 977 1789 atque
998 1712 1356 1771 mundentur?
1375 1708 1481 1766 Sed
1506 1708 1551 1763 si
1571 1706 1637 1761 ad
1665 1706 1838 1776 ipsum
1864 1703 1969 1758 hoc
1991 1717 2097 1756 non

502 1815 839 1890 pertinebat;
864 1811 1005 1884 quod
1029 1810 1241 1881 quidem
1264 1805 1485 1863 cernitis
1512 1817 1671 1874 quam
1699 1800 1832 1855 dure
1855 1798 2095 1863 dicatur;

502 1918 654 1965 certe
678 1907 791 1977 ipsa
820 1904 1058 1960 membra
1082 1901 1198 1971 ejus
1218 1940 1233 1965 ,
1261 1913 1378 1969 quae
1405 1896 1492 1951 hic
1520 1901 1663 1950 tanta
1700 1890 1839 1947 mala
1880 1902 2099 1960 passura

504 2008 679 2065 erant,
707 2012 899 2067 nempe
926 1993 1254 2051 metuebant.
1278 1990 1361 2044 An
1383 1989 1484 2043 hoc
1504 1985 1737 2041 futurum
1760 1984 1872 2052 ipsa
1895 1980 2101 2036 nescie-

506 2094 671 2150 bant?
696 2093 835 2161 Ergo
864 2089 1238 2160 qualicumque
1274 2082 1414 2155 parti
1455 2077 1768 2135 substantiae
1802 2075 1892 2131 dei
1934 2072 2100 2128 vestri

507 2186 678 2242 defuit
722 2185 904 2253 utique
951 2177 1307 2252 praescientia.
1330 2174 1618 2229 Numerate
1641 2170 1780 2225 mala
1806 2169 1858 2222 in
1889 2178 2100 2220 summo

494 2270 685 2336 'vestro
716 2278 879 2332 bono.
903 2275 985 2329 An
1015 2273 1136 2328 ideo
1172 2284 1281 2325 non
1311 2266 1605 2333 timebant,
1636 2262 1761 2335 quia
1789 2275 1939 2316 suam
1966 2273 2098 2314 con-

506 2381 811 2428 secuturam
838 2366 1207 2424 liberationem
1237 2377 1300 2418 ac
1328 2357 1659 2429 triumphum
1684 2355 1883 2427 pariter
1912 2353 2103 2424 praevi-

507 2461 745 2520 debant?
766 2460 924 2517 Certe
954 2458 1038 2513 vel
1068 2471 1164 2527 pro
1192 2453 1354 2510 sociis
1394 2450 1687 2515 timebant,
1725 2460 1860 2518 quos
1886 2443 2100 2500 aeternis

505 2555 564 2611 in
616 2554 710 2609 illo
756 2552 917 2624 globo
963 2546 1187 2604 vinculis
1228 2561 1261 2601 a
1304 2557 1403 2600 suo
1442 2532 1618 2614 “regno
1668 2544 1929 2595 noverant
1970 2534 2102 2590 alie-

505 2646 734 2705 nandos.

576 2735 805 2795 CAPUT
833 2732 974 2789 XVI.
996 2761 1068 2773 —
1086 2731 1171 2786 An
1202 2729 1274 2785 ibi
1300 2726 1533 2783 charitas
1556 2737 1667 2779 non
1695 2728 1841 2785 erat,
1870 2727 1930 2774 ut
1957 2716 2102 2772 nulla

507 2843 654 2891 esset
681 2830 913 2887 fraterna
937 2823 1260 2896 compassio,
1289 2836 1387 2893 pro
1413 2819 1497 2875 his
1526 2817 1709 2888 utique
1731 2828 1959 2886 quorum
1981 2825 2104 2881 pec-

508 2935 632 2984 cato
657 2924 805 2980 nullo
830 2912 1563 2992 praecedenteimpendebant
1586 2916 1786 2964 aeterna
1812 2900 2105 2974 supplicia?

509 3020 684 3092 Quid,
726 3019 830 3074 illae
860 3016 989 3087 ipsa:
1015 3012 1206 3069 animae
1242 3009 1298 3064 in
1336 3006 1495 3078 globo
1532 3000 1795 3073 ligandae,
1836 3010 2013 3053 nonne
2052 3002 2107 3050 et

508 3118 641 3190 ipsae
667 3114 905 3172 membra
935 3111 1019 3168 dei
1046 3108 1209 3166 vestri
1236 3104 1421 3162 erant?
1442 3100 1631 3157 Nonne
1661 3111 1826 3152 unum
1854 3106 2023 3165 genus
2050 3098 2106 3147 et

509 3185 619 3267 tina
643 3207 938 3266 substantia
969 3203 1083 3259 est?
1110 3203 1238 3271 ipsae
1262 3198 1453 3254 saltem
1486 3190 1833 3263 przescientes
1870 3185 2106 3241 futurum

511 3303 900 3373 sempiternum
929 3294 1197 3351 vinculum
1227 3305 1405 3354 suum,
1433 3300 1627 3355 nempe
1650 3281 1931 3346 timebant,
1957 3293 2109 3334 nem-

510 3410 580 3468 pe
622 3370 941 3449 maerebant.
980 3388 1085 3441 Aut
1112 3385 1154 3439 si
1184 3382 1313 3452 ipsae
1349 3379 1453 3433 hoc
1496 3375 1732 3432 futurum
1762 3370 2106 3435 nesciebant,

511 3466 640 3561 pars
687 3487 774 3544 dei
809 3484 975 3541 vestri
1019 3478 1239 3551 provida
1269 3483 1423 3541 erat,
1456 3487 1581 3543 pars
1604 3466 1903 3541 improvida
1931 3484 1945 3521 :
1973 3479 2108 3536 quo-

513 3581 679 3638 modo
703 3593 831 3651 ergo
848 3591 951 3633 una
979 3572 1274 3641 eademque
1302 3565 1594 3624 substantia
1611 3564 1636 3616 ?
1655 3562 1787 3617 Cum
1817 3574 1945 3628 ergo
1965 3567 2111 3613 tanta

514 3672 658 3728 mala
685 3681 739 3726 et
776 3650 849 3725 ibi
888 3664 1124 3731 fuerint,
1152 3670 1435 3729 antequam
1461 3662 1605 3713 esset
1626 3652 1787 3709 alieni
1812 3650 1940 3707 mali
1966 3664 2113 3705 com-

516 3764 725 3827 mixtio,
756 3760 885 3833 quid
906 3760 973 3815 de
1000 3756 1092 3813 illo
1112 3765 1366 3824 tanquam
1390 3764 1526 3822 puro
1554 3756 1608 3804 et
1637 3744 1865 3817 simplici
1891 3752 1943 3799 et
1968 3757 2113 3798 sum-

516 3871 609 3912 mo
651 3855 794 3911 bono
836 3848 1172 3923 gloriamini?
1220 3846 1362 3916 Ergo
1403 3843 1568 3899 etiam
1614 3838 1754 3911 apud
1798 3836 2112 3905 semetipsas

520 3947 655 4003 istas
682 3944 815 3999 duas
844 3951 1081 4005 naturas,
1116 3945 1207 3992 aut
1229 3935 1337 3991 duo
1366 3934 1527 4000 bona,
1550 3938 1641 3987 aut
1661 3930 1768 3985 duo
1798 3926 1939 3983 mala
1959 3924 2114 3981 fateri

520 4037 794 4110 cogimini.
816 4032 1177 4089 Concedimus
1202 4029 1353 4084 vobis
1373 4068 1389 4094 ,
1434 4027 1481 4083 si
1520 4025 1626 4081 duo
1666 4023 1805 4079 mala
1834 4020 2110 4087 dixeritis,

520 4140 583 4186 ut
611 4128 753 4201 quod
778 4125 1054 4182 volueritis
1083 4122 1275 4177 horum
1301 4119 1454 4189 pejus
1477 4116 1704 4172 dicatis:
1733 4115 1779 4170 si
1803 4124 1981 4169 autem
2007 4110 2114 4167 duo

521 4220 685 4287 bona,
713 4217 985 4291 quodlibet
1012 4215 1200 4269 horum
1227 4210 1421 4267 melius
1444 4208 1635 4273 dicite,
1662 4206 1765 4262 erit
1786 4213 1971 4275 postea
1995 4201 2113 4257 dili-

524 4312 735 4386 gentior
760 4308 1116 4367 consideratio
1141 4322 1155 4371 ;
1179 4305 1307 4360 dum
1330 4312 1507 4358 tamen
1522 4308 1699 4355 vester
1719 4312 1872 4353 error
1902 4296 1990 4350 ille
2014 4294 2115 4350 tol-

524 4405 689 4472 latur,
720 4418 827 4474 quo
863 4400 1039 4455 dicitis
1064 4398 1169 4453 duo
1198 4394 1458 4467 principia
1497 4392 1719 4447 duarum
1766 4399 2073 4445 naturarum
2096 4429 2111 4455 ,

526 4498 686 4554 bonae
709 4507 764 4552 et
788 4494 980 4558 malae;
1008 4500 1063 4549 et
1088 4490 1245 4561 plane
1267 4488 1403 4544 duos
1432 4486 1580 4551 deos,
1606 4500 1769 4540 unum
1794 4483 1995 4539 bonum
2016 4523 2031 4547 ,
2060 4491 2117 4537 et

528 4591 758 4646 alterum
805 4587 1023 4643 malum.
1064 4583 1182 4640 Jam
1220 4597 1350 4638 vero
1393 4580 1438 4636 si
1481 4588 1761 4650 propterea
1797 4577 1999 4631 malum
2037 4583 2120 4630 est

529 4682 764 4755 aliquid,
786 4681 929 4752 quod
955 4679 1107 4734 alteri
1133 4684 1291 4733 nocet
1314 4717 1329 4741 ,
1372 4673 1605 4729 invicem
1644 4671 1746 4727 sibi
1784 4670 1885 4725 ista
1915 4684 2117 4723 nocue-

530 4784 660 4832 runt
687 4792 701 4830 :
731 4772 893 4829 fuerit
922 4787 1025 4827 una
1050 4784 1174 4841 pars
1198 4766 1512 4837 improbior,
1540 4763 1664 4834 quia
1691 4762 1839 4833 prior
1861 4759 2121 4830 appetivit

531 4867 787 4923 alienum.
808 4864 923 4920 Una
946 4878 1074 4933 ergo
1095 4861 1290 4916 malum
1308 4857 1507 4913 inferre
1522 4855 1710 4920 voluit,
1734 4853 1898 4907 altera
1921 4851 2119 4905 malum

530 4973 632 5029 pro
678 4956 823 5011 malo
866 4954 1152 5011 retribuit:
1181 4960 1236 5006 et
1281 4966 1387 5005 non
1435 4949 1553 5021 lege
1594 4944 1826 5009 talionis,
1869 4952 2120 5014 tanquam

532 5051 747 5107 oculum
772 5062 872 5118 pro
899 5046 1054 5101 oculo
1080 5043 1271 5118 (Exod.
1297 5057 1412 5107 XXI,
1439 5039 1554 5109 24),
1585 5036 1729 5109 quod
1760 5034 2123 5105 imprudenter

532 5138 932 5213 reprehendere
962 5136 1166 5201 soletis,
1198 5131 1294 5189 sed
1320 5131 1492 5186 multo
1517 5129 1747 5199 gravius.
1780 5127 1969 5196 Eligite
1994 5139 2123 5196 ergo

534 5251 696 5306 quam
722 5233 964 5306 pejorem
996 5229 1184 5285 dicatis
1208 5268 1223 5295 ,
1250 5240 1369 5296 qua:
1409 5222 1555 5294 prior
1596 5236 1789 5276 nocere
1817 5219 2022 5285 voluit,
2055 5232 2123 5273 an

536 5342 657 5398 qua:
682 5326 908 5396 amplius
932 5336 1126 5377 nocere
1154 5327 1208 5374 et
1232 5316 1399 5371 voluit
1427 5321 1484 5369 et
1512 5314 1701 5383 potuit.
1729 5312 1827 5366 Ista
1851 5311 1993 5366 enim
2025 5323 2123 5379 pro

535 5418 758 5475 modulo
785 5430 883 5473 suo
906 5416 1025 5471 luce
1052 5409 1255 5485 perfrui
1280 5406 1615 5476 concupivit;
1636 5404 1727 5458 illa
1748 5418 1866 5459 eam
1888 5401 2124 5456 funditus

539 5509 853 5568 eradicavit.
880 5506 983 5564 Ista
1009 5504 1056 5561 si
1078 5500 1225 5575 quod
1248 5498 1504 5571 appetivit
1529 5496 1822 5566 implesset,
1851 5494 1951 5549 sibi
1979 5499 2127 5548 certe

540 5602 678 5659 nihil
717 5600 976 5657 obfuisset
1008 5616 1021 5653 :
1053 5595 1142 5651 illa
1188 5606 1318 5649 vero
1362 5599 1419 5645 ut
1458 5588 1707 5644 hostilem
1752 5584 2126 5640 adversitatem

538 5694 755 5767 penitus
782 5698 1087 5753 everteret,
1118 5687 1279 5743 etiam
1319 5697 1430 5740 sua:
1474 5679 1610 5751 parti
1648 5677 1880 5750 graviter
1923 5674 2123 5731 nocuit.

609 5856 625 5884 ⁸
663 5852 803 5911 Editi,
827 5848 913 5902 sed
935 5854 1096 5911 tamen
1114 5843 1175 5895 ab
1336 5837 1505 5911 Melius
1528 5844 1673 5911 ‘Mss.,
1698 5833 2013 5911 sedlainen‘a
2034 5843 2132 5896 qua

544 5902 801 5977 sorrwnpi'
811 5916 1024 5977 poterat;
1048 5907 1097 5962 id
1113 5912 1209 5969 est,
1232 5902 1342 5957 talis
1365 5907 1471 5956 erat
1490 5906 1546 5953 ut
1562 5902 1800 5961 corrumpi
1824 5902 2004 5961 posset.

1317 401 1592 462 CONTRA
1629 395 1952 456 FAUSTUM
1989 394 2439 462 MANICHA'IUM,
2480 395 2537 452 S.
2566 393 2934 453 AUGUSTINI

3684 390 3792 449 400

2202 508 2351 565 Sicut
2392 517 2475 565 est
2518 509 2609 564 illa
2654 509 2967 577 notissima,
3010 515 3067 565 et
3107 506 3455 579 quarumdam
3490 507 3792 563 litterarum

2202 601 2474 656 memoria:
2526 601 2899 657 commendata
2952 599 3151 656 furiosa
3202 600 3463 656 sententia
3505 618 3520 655 :
3572 599 3796 655 Pereunt

2202 696 2383 762 amici,
2429 695 2549 749 dum
2577 696 2768 751 inimici
2795 712 2900 750 una
2926 695 3227 749 intercidant
3256 692 3277 767 (
3299 694 3447 764 Apud
3478 693 3793 760 Ciceronem,

2204 803 2296 857 pro
2317 787 2621 860 Dejotaro).
2647 789 2806 844 Missa
2832 797 2916 844 est
2941 789 3084 845 enim
3110 788 3177 843 ad
3205 786 3577 857 inexpiabilem
3607 795 3798 843 conta-

2202 879 2551 935 minationem
2578 895 2704 951 pars
2732 880 2842 948 dei,
2874 889 2932 935 ut
2956 889 3100 936 esset
3126 879 3267 935 unde
3294 887 3562 950 tegeretur
3578 878 3796 949 globus,

2201 986 2307 1041 quo
2331 972 2381 1026 in
2409 979 2668 1027 mternum
2692 971 2862 1028 hostis
2889 973 3041 1028 vivus
3067 970 3406 1042 sepeliendus
3434 979 3516 1026 est
3544 988 3557 1023 :
3590 978 3798 1025 tantum

2202 1064 2344 1120 enim
2376 1064 2648 1120 timebitur
2670 1074 2724 1121 et
2749 1065 2941 1133 victus,
2974 1074 3180 1120 tantum
3211 1063 3431 1119 terrebit
3456 1063 3714 1127 inclusus,
3740 1070 3799 1116 ut

2203 1159 2527 1229 sempiterna
2552 1160 2767 1214 miseria
2792 1159 2955 1228 partis
2985 1158 3289 1213 dei'caitero
3316 1156 3419 1211 deo
3444 1155 3642 1210 tribuat
3662 1170 3799 1225 qua-

2200 1250 2539 1321 lemcumque
2581 1252 2941 1306 securitatem.
2968 1248 3013 1305 0
3040 1264 3227 1319 magna
3259 1247 3559 1303 innocentia
3587 1246 3801 1301 bonita-

2202 1342 2307 1397 tis!
2355 1342 2497 1397 Ecce
2536 1341 2706 1413 ’faciet
2750 1351 2805 1397 et
2850 1341 2983 1396 deus
3027 1348 3227 1405 vester,
3274 1340 3415 1394 unde
3455 1340 3799 1395 tenebrarum

2201 1441 2416 1504 gentem
2452 1431 2784 1487 horribiliter
2809 1431 3103 1498 accusatis,
3136 1429 3277 1501 quod
3303 1438 3357 1486 et
3385 1430 3495 1485 suis
3525 1438 3720 1485 noceat
3747 1438 3803 1484 et

2202 1526 2414 1581 alienis.
2440 1525 2676 1596 ldipsum
2707 1523 2927 1580 omnino
2955 1524 3007 1578 in
3034 1523 3138 1579 deo
3169 1532 3347 1578 vestro
3372 1522 3546 1593 arguit
3571 1521 3664 1577 ille
3686 1522 3805 1591 glo-

2203 1617 2304 1674 bus
2332 1625 2637 1683 extremus,
2671 1632 2777 1687 quo
2808 1625 2864 1672 et
2893 1615 3063 1671 hostis
3089 1613 3403 1682 includitur,
3437 1622 3491 1669 et
3517 1614 3652 1668 civis
3676 1610 3801 1666 affi-

2202 1709 2341 1780 gitur
2380 1727 2394 1763 :
2443 1708 2552 1764 imo
2596 1722 2725 1764 vero
2777 1716 2995 1778 superat
3053 1707 3107 1761 in
3157 1706 3385 1775 amplius
3434 1704 3717 1768 nocendo,
3749 1712 3806 1757 et

2202 1800 2393 1856 alienis
2440 1806 2494 1854 et
2536 1799 2680 1866 suis,
2731 1813 2854 1869 pars
2885 1800 3002 1863 illa,
3044 1813 3204 1868 quam
3233 1797 3411 1853 dicitis
3449 1797 3631 1853 deum.
3664 1794 3805 1867 Hyle

2203 1892 2399 1963 quippe
2429 1906 2533 1946 non
2564 1892 2839 1947 eradicare
2868 1891 3101 1946 alienum
3133 1906 3352 1961 regnum
3380 1889 3569 1955 voluit,
3597 1887 3691 1943 sed
3722 1898 3804 1942 tc-

2204 1999 2361 2049 nere;
2387 1998 2513 2038 suos
2534 1990 2712 2038 autem
2744 1981 3002 2052 quosdam
3024 2023 3039 2047 ,
3075 1982 3175 2035 etsi
3206 1980 3273 2035 ab
3301 1980 3419 2036 aliis
3446 1979 3556 2033 suis
3581 1978 3805 2048 quibus-

2204 2075 2327 2131 dam
2355 2075 2720 2131 consumendo
2743 2074 3105 2142 interimebat,
3136 2073 3189 2127 in
3213 2073 3345 2128 alias
3376 2082 3554 2126 tamen
3600 2070 3806 2125 formas

2205 2167 2381 2223 denuo
2399 2166 2782 2232 commutabat,
2804 2175 2863 2220 ut
2883 2164 3161 2220 moriendo
3182 2173 3237 2218 et
3256 2162 3585 2218 renascendo
3605 2162 3801 2216 saltem

2203 2274 2302 2329 per
2331 2258 2609 2313 intervalla
2640 2266 2939 2328 temporum
2963 2272 3075 2311 suae
3102 2256 3225 2311 vita:
3252 2256 3431 2311 lzetitia
3461 2254 3765 2310 fruerentur
3789 2272 3803 2307 :

2204 2349 2348 2405 Deus
2374 2358 2552 2406 autem
2570 2392 2584 2417 ,
2616 2350 2831 2420 qualem
2860 2350 3283 2419 omnipotentem
3310 2349 3676 2419 optimumque
3713 2348 3810 2402 dc-

2205 2430 2474 2509 scribitis,
2510 2444 2563 2498 in
2604 2452 2865 2498 aeternum
2912 2452 2967 2498 et
3014 2442 3219 2497 alienos
3259 2441 3535 2507 eradicat,
3582 2451 3634 2495 et
3678 2455 3808 2494 suos

2204 2535 2422 2591 damnat
2447 2554 2460 2589 :
2492 2545 2549 2591 et
2572 2534 2715 2606 quod
2738 2534 3064 2590 mirabiliore
3084 2534 3353 2590 dementia
3382 2533 3642 2596 creditur,
3672 2532 3810 2603 llyle

2205 2628 2454 2683 animalia
2483 2642 2578 2684 sua
2606 2626 2755 2682 lmdit
2782 2628 2835 2682 in
2868 2642 3040 2697 pugna
3080 2641 3175 2682 sua
3201 2667 3216 2690 ,
3259 2626 3402 2681 Deus
3429 2626 3666 2679 membra
3686 2640 3689 2643 ·
3712 2638 3810 2677 sua

2206 2720 2361 2790 punit
2386 2719 2439 2774 in
2464 2718 2685 2775 victoria
2707 2734 2822 2773 sua.
2848 2717 2987 2785 Quid
3015 2728 3118 2781 est,
3148 2716 3273 2772 vani
3297 2716 3583 2771 homines?
3604 2715 3811 2785 Nempe

2208 2811 2564 2867 recordamini
2592 2811 2755 2866 verba
2791 2810 2979 2865 Fausti
3021 2808 3091 2865 de
3120 2809 3232 2865 Deo
3263 2819 3514 2879 tanquam
3558 2806 3627 2863 de
3666 2807 3810 2862 anti-

2209 2902 2374 2969 doto,
2411 2910 2467 2958 et
2492 2901 2629 2973 Iler
2657 2910 2912 2971 tanquam
2944 2916 3151 2957 veneno
3177 2918 3190 2954 :
3219 2914 3347 2956 ecce
3382 2900 3503 2971 plus
3532 2907 3692 2954 nocet
3719 2914 3813 2953 ve-

2210 3002 2380 3050 strum
2408 2992 2703 3049 antidotum
2725 3008 2887 3064 quam
2919 3008 3206 3049 venenum.
3232 2991 3500 3062 Numquid
3525 2991 3664 3063 ller
3700 3000 3813 3044 tam

2211 3085 2483 3142 horrendo
2502 3084 2662 3155 globo
2689 3085 2743 3139 in
2769 3088 3053 3152 aeternum,
3076 3084 3161 3139 vel
3184 3084 3359 3140 Deum
3383 3081 3702 3149 includeret,
3724 3081 3813 3136 vel

2212 3194 2310 3235 sua
2340 3180 2545 3233 viscera
2574 3177 2815 3249 afﬁgeret
2840 3179 2857 3210 ί
2883 3196 2896 3232 :
2922 3187 2977 3232 et
3016 3176 3160 3247 quod
3208 3176 3520 3232 sceleratius
3563 3183 3677 3241 est,
3723 3189 3817 3229 ca-

2211 3270 2506 3325 lumniatur
2547 3268 2750 3325 eisdem
2796 3268 3039 3339 reliquiis
3063 3309 3078 3335 ,
3129 3283 3198 3323 ne
3242 3267 3503 3322 defecisse
3544 3266 3812 3332 videatur,

2213 3360 2356 3432 quod
2378 3376 2469 3415 eas
2498 3375 2728 3431 purgare
2753 3374 2858 3416 non
2887 3360 3078 3431 potuit.
3114 3358 3252 3414 Dicit
3291 3360 3435 3415 enim
3480 3356 3809 3413 Manichacus

2214 3453 2270 3509 in
2295 3453 2533 3523 Epistula
2558 3451 2937 3519 Fundamenti,
2962 3451 3084 3507 ideo
3114 3450 3301 3523 dignas
3324 3451 3446 3506 illas
3463 3451 3670 3506 animas
3698 3448 3817 3505 fieri

2214 3546 2308 3602 tali
2338 3545 2620 3616 supplicio,
2648 3546 2791 3616 quod
2818 3560 3001 3601 errare
3022 3560 3082 3601 se
3112 3561 3140 3598 a
3168 3546 3347 3615 priore
3378 3544 3555 3599 lucida
3591 3558 3688 3600 sua
3722 3558 3819 3597 na-

2216 3648 2335 3694 tura
2352 3653 2523 3710 passa:
2544 3647 2691 3706 sunt,
2714 3649 2767 3694 et
2784 3638 3012 3693 inimicm
3029 3638 3214 3693 lumini
3240 3648 3427 3693 sancto
3448 3638 3769 3694 exstiterunt
3792 3654 3806 3667 ο

2215 3746 2338 3787 cum
2367 3746 2460 3787 eas
2490 3731 2542 3785 in
2570 3731 2721 3785 illum
2749 3745 3015 3799 errorem,
3040 3744 3147 3801 quo
3182 3730 3255 3786 ita
3292 3730 3726 3796 tenebrarentur,
3758 3738 3822 3785 ut

2216 3824 2429 3879 inimica
2461 3823 2567 3879 luci
2596 3823 2686 3878 lux
2712 3822 2885 3888 ﬁeret,
2914 3822 3031 3893 ipse
3060 3821 3303 3890 miserit;
3330 3823 3377 3877 si
3402 3822 3598 3878 invitas
3617 3864 3633 3889 ,
3676 3822 3821 3892 inju-

2218 3928 2354 3983 stus,
2385 3926 2443 3974 ut
2466 3924 2722 3988 cogeret;
2753 3917 2801 3973 si
2827 3917 3091 3980 volentes,
3121 3916 3363 3987 ingratus
3383 3957 3401 3985 ,
3438 3926 3506 3980 ut,
3525 3915 3817 3971 damnet’.

2218 4010 2349 4078 Quae
2378 4025 2439 4065 se
2464 4008 2672 4065 futuras
2697 4008 2942 4064 inimicas
2967 4009 3156 4079 origini
3184 4024 3329 4077 sum,
3367 4008 3413 4063 si
3442 4009 3693 4079 praescire
3718 4023 3820 4079 po-

2218 4109 2456 4168 tuerunt,
2486 4110 2541 4155 et
2568 4108 2693 4155 ante
2722 4099 2921 4155 bellum
2967 4102 3160 4155 timore
3188 4100 3443 4155 cruciata:
3462 4142 3479 4169 ,
3507 4108 3563 4155 et
3591 4100 3643 4154 in
3676 4099 3822 4155 bello

2219 4193 2616 4264 inexpiabiliter
2645 4193 2946 4258 maculata),
2974 4202 3028 4248 et
3076 4200 3197 4263 post
3220 4192 3423 4248 bellum
3457 4192 3510 4248 in
3551 4200 3820 4247 aeternum

2219 4285 2517 4353 damnatae,
2568 4301 2841 4355 nunquam
2885 4285 3075 4340 beatae.
3121 4285 3180 4341 Si
3207 4296 3386 4341 autem
3417 4285 3672 4353 praescire
3710 4299 3826 4340 non

2220 4387 2543 4450 potuerunt,
2573 4386 2627 4433 et
2653 4388 2779 4433 ante
2803 4377 3003 4433 bellum
3032 4378 3346 4449 improvidre
3367 4420 3382 4446 ,
3412 4388 3466 4434 et
3492 4378 3544 4433 in
3571 4378 3714 4435 bello
3741 4378 3827 4433 in-

2220 4472 2432 4541 validae,
2461 4480 2517 4527 et
2544 4480 2665 4543 post
2691 4471 2896 4527 bellum
2928 4472 3142 4527 miserae
3162 4513 3178 4539 ,
3208 4486 3481 4542 nunquam
3506 4470 3720 4526 divinae.
3754 4471 3827 4525 Et

2220 4564 2405 4634 utique
2431 4562 2573 4633 quod
2597 4563 2749 4633 ipsae,
2771 4561 2875 4617 hoc
2904 4562 3067 4627 Deus,
3099 4561 3392 4617 secundum
3419 4561 3676 4617 unitatem
3699 4561 3828 4616 sub-

2222 4654 2453 4709 SIantize.
2488 4654 2815 4709 Putamusne
2859 4654 3129 4723 respicitis
3157 4669 3319 4724 quam
3364 4654 3673 4709 immaniter
3704 4653 3826 4707 bla—

2224 4745 2556 4816 sphematis?
2583 4745 2649 4799 Et
2680 4754 2856 4798 tamen
2882 4744 3173 4815 aliquando
3200 4745 3444 4801 volentes
3467 4745 3617 4815 quasi
3636 4742 3828 4799 defen—

2225 4838 2355 4893 dere
2380 4836 2674 4893 bonitatem
2706 4836 2819 4900 Dci,
2847 4836 3008 4891 etiam
3051 4837 3151 4907 ipsi
3175 4837 3323 4909 Hylae
3359 4844 3619 4907 praestare
3644 4836 3828 4893 dicitis

2226 4927 2423 4999 aliquid
2470 4927 2628 4995 boni,
2676 4936 2733 4982 ut
2786 4927 2991 4983 inclusa
3024 4928 3080 4983 in
3109 4929 3398 4999 semetipsa
3428 4943 3533 4984 non
3566 4927 3755 4983 saeviat
3781 4928 3826 4981 ³.

2226 5021 2458 5077 Habebit
2502 5036 2631 5091 ergo
2660 5021 2865 5092 aliquid
2891 5021 3054 5089 boni,
3082 5036 3204 5077 cum
3251 5021 3299 5077 ei
3345 5021 3550 5076 nullum
3596 5021 3829 5075 mixtum

2227 5114 2330 5169 erit
2358 5113 2600 5168 bonum?
2642 5115 2724 5167 An
2766 5112 2904 5168 forte
2948 5114 3086 5169 sicut
3128 5112 3269 5168 Deus
3306 5120 3432 5168 ante
3478 5111 3678 5166 bellum
3710 5112 3833 5167 sine

2228 5206 2610 5262 commixtione
2656 5206 2783 5261 mali
2832 5205 3063 5261 habebat
3106 5204 3446 5261 necessitatis
3486 5203 3723 5270 malum,
3755 5203 3833 5257 ita

2231 5299 2367 5370 ller
2397 5307 2515 5368 post
2538 5297 2737 5353 bellum
2764 5298 2883 5353 sine‘
2905 5296 3288 5353 commixtione
3318 5296 3443 5352 boni
3471 5294 3688 5351 habebit
3712 5308 3836 5349 ces-

2232 5390 2452 5445 sationis
2496 5390 2735 5445 bonum?
2780 5390 2951 5445 Dicite
2999 5406 3128 5459 ergo
3175 5390 3282 5444 duo
3326 5390 3487 5457 mala,
3524 5387 3617 5443 sed
3663 5403 3835 5442 unum

2233 5483 2403 5538 altero
2434 5483 2623 5554 pejus:
2649 5490 2741 5537 aut
2769 5481 2879 5537 duo
2905 5497 3011 5536 non
3056 5496 3264 5536 summa
3309 5480 3449 5537 bona
3471 5522 3486 5548 ,
3533 5479 3627 5536 sed
3658 5494 3832 5535 unum

2300 5644 2317 5674 ι
2350 5642 2423 5691 sic
2445 5646 2545 5690 Am.
2566 5647 2619 5691 et
2641 5648 2746 5689 Mss.
2773 5646 2829 5689 At
2859 5646 2935 5703 Er.
2963 5648 3017 5689 et
3034 5645 3168 5699 Lov.,
3190 5636 3437 5703 afﬂigeret.

2235 5774 2269 5816 α
2472 5709 2525 5752 et
2563 5709 2709 5763 bov.,
2755 5708 2805 5751 ut
2846 5701 3115 5752 damnaret.
3155 5700 3256 5751 Ani.
3286 5700 3469 5750 'autem
3513 5705 3567 5750 et
3612 5706 3743 5758 Mss.,
3785 5700 3841 5748 ut

2271 5779 2333 5815 an
2433 5800 2443 5811 .
3603 5771 3611 5776 ‘

2240 5829 2323 5940 ωδ
2358 5835 2456 5878 Am.
2484 5833 2536 5878 et
2557 5832 2653 5887 Εικ,
2700 5825 2752 5876 in
2808 5823 3113 5889 semetipsum
3175 5838 3269 5876 non
3530 5830 3671 5875 Forte
3728 5833 3841 5874 mo-

2278 5904 2352 5939 is.

2278 5904 2334 5939 ιιδ
2341 5925 2352 5939 .
