4052 6474
281 391 383 453 ω

280 507 455 564 altero
475 502 706 571 melius;
735 501 811 559 ita
839 514 990 570 sane,
1021 507 1080 557 ut
1099 497 1242 571 quod
1267 503 1350 555 est
1375 496 1567 553 melius
1584 536 1602 563 ,
1637 493 1744 550 hoc
1779 491 1864 548 di-

278 599 414 657 catis
440 597 689 654 miserius
718 613 732 650 :
762 609 886 650 nam
922 593 968 649 si
1006 593 1150 648 illius
1175 591 1307 647 tanti
1339 589 1462 645 belli
1499 588 1586 642 hic
1625 585 1728 641 erit
1755 584 1868 640 exi-

278 701 364 747 tus
386 733 404 759 ,
453 699 512 746 ut
557 696 804 759 superata
830 688 846 720 ¹
877 686 1012 758 Hyle
1049 700 1080 740 a
1125 683 1341 756 propria
1368 680 1666 736 vastatione
1691 686 1744 733 et
1773 677 1869 732 Dei

279 783 543 840 membris
568 780 750 836 afﬁxis
775 781 828 836 in
853 779 1012 856 globo
1033 819 1049 847 ,
1077 777 1277 849 aliquid
1301 776 1428 832 boni
1455 779 1741 845 praestetur
1771 769 1870 825 ho-

277 875 476 942 stibus,
501 883 557 932 et
581 883 786 930 tantum
807 873 931 929 mali
952 871 1221 943 inﬂigatur
1238 869 1474 935 civibus;
1501 864 1731 937 cogitate
1749 861 1869 934 quis

340 988 358 1020 ⁸
397 995 500 1037 Am.
527 994 582 1039 et
602 993 714 1038 octo
735 995 862 1050 Mss,
884 991 1126 1051 separata.

1417 378 1624 462 LIBER
1660 376 2022 441 VlGESlMUS
2058 379 2437 442 SECUNDUS.

3449 387 3565 448 ιω

1977 497 2181 554 vicerit.
2204 498 2310 556 Sed
2327 496 2573 556 videlicet
2591 490 2856 556 venenum
2878 505 2962 556 est
2983 498 3138 572 Hyle,
3159 514 3278 573 quae
3297 499 3556 570 formare,

1976 592 2208 658 ﬁrmare,
2237 593 2464 660 nutrire,
2491 600 2740 665 vegetare
2761 593 2928 650 valuit
2954 594 3203 651 animalia
3222 609 3319 652 sua
3344 612 3358 650 :
3383 604 3438 652 et
3456 611 3559 654 an-

1977 684 2200 739 tidotum
2240 685 2383 740 Deus
2406 727 2421 753 ,
2458 687 2548 756 qui
2576 685 2831 743 damnare
2857 687 3060 758 potuit,
3100 688 3190 760 qui
3234 702 3424 745 sanare
3449 705 3562 749 non

1975 777 2145 847 potuit
2166 778 2405 833 membra
2431 792 2545 833 sua.
2571 779 2769 850 Insani,
2797 795 2896 837 nec
2915 780 3004 836 illa
3025 781 3264 854 estHer
3285 823 3300 848 ,
3341 796 3442 837 nec
3467 781 3562 840 ille

1974 867 2135 922 Deus.
2161 868 2251 924 Sic
2278 868 2526 937 delirant,
2547 871 2638 942 qui
2663 886 2851 926 sanam
2893 870 3190 928 doctrinam
3234 887 3343 928 non
3386 871 3553 929 sustio

1978 967 2186 1026 nentes,
2215 960 2283 1015 ad
2308 959 2514 1016 fabulas
2538 972 2920 1019 convertuntur
2947 963 3016 1036 (ll
3040 963 3171 1018 Tim.
3194 980 3268 1033 tv,
3295 961 3376 1036 5).

313 1096 3548 1126 ψ

704 1169 1183 1338 LIBER
1281 1169 1958 1291 VIGESIM
1971 1168 2138 1276 US
2210 1167 2395 1276 SE
2408 1169 2858 1279 011'va
2882 1173 3090 1280 US.

1675 1352 2152 1380 *ο

352 1453 583 1511 CAPU'I‘
613 1451 971 1509 PRIMUM.—-
983 1451 1221 1506 Ἐλθέ-,τηε
1239 1447 1373 1504 dixit
1394 1465 1407 1502 :
1426 1448 1531 1504 Cur
1541 1447 1736 1518 Legem
1753 1443 1870 1498 bla-

284 1547 580 1618 sphematis
607 1555 663 1602 et
688 1545 1018 1616 Prophetas?
1065 1544 1279 1598 Minime
1307 1541 1518 1612 quidem
1555 1555 1652 1596 nos
1689 1538 1870 1592 hostes

280 1657 484 1706 sumus,
515 1647 611 1694 aut
646 1641 846 1694 inimici
886 1637 1041 1708 Legis
1084 1652 1148 1692 ac
1189 1636 1596 1706 Prophetarum,
1636 1631 1731 1687 sed
1772 1642 1872 1685 nec

278 1734 440 1789 ullius
463 1733 686 1788 omnino
715 1751 729 1786 :
757 1731 892 1786 adeo
921 1739 979 1785 ut
1009 1730 1052 1784 si
1080 1729 1240 1784 modo
1267 1743 1362 1798 per
1385 1729 1530 1796 ipsos
1552 1741 1646 1780 vos
1675 1725 1867 1789 liceat,

277 1826 447 1881 simus
490 1825 662 1895 parati
701 1823 882 1889 fateri,
912 1822 1044 1877 falsa
1074 1821 1164 1875 illa
1202 1820 1379 1874 omnia
1408 1833 1528 1874 esse
1555 1832 1676 1888 quae
1701 1815 1770 1870 de
1792 1814 1872 1870 eis

278 1917 474 1985 scripta
517 1924 662 1980 sunt,
709 1924 762 1969 et
804 1929 1031 1985 quorum
1061 1927 1219 1968 causa
1246 1911 1494 1966 videntur
1518 1908 1672 1963 nobis
1699 1905 1869 1962 exosi.

279 2007 385 2063 Sed
406 2008 553 2064 enim
575 2020 672 2063 vos
697 2006 1004 2076 repugnatis
1026 2046 1041 2070 ,
1071 2013 1126 2060 et
1154 2002 1507 2073 scriptoribus
1531 1997 1872 2055 assentiendo

276 2100 470 2156 vesuis
490 2140 507 2166 ,
539 2100 590 2154 in
620 2097 823 2154 crimen
850 2098 1066 2151 forsitan
1103 2096 1398 2167 Prophetas
1436 2095 1745 2150 innocentes
1779 2091 1873 2148 ad-

278 2192 493 2256 ducitis,
523 2191 792 2249 infamatis
815 2189 1169 2256 Patriarchas,
1201 2188 1537 2245 dedecoratis
1566 2197 1620 2244 et
1646 2186 1869 2256 Legem,

280 2292 439 2354 atque
458 2282 602 2354 quod
623 2283 691 2338 sit
713 2281 947 2347 stultius,
974 2281 1134 2336 vultis
1155 2289 1210 2335 et
1227 2281 1516 2350 scriptores
1536 2286 1744 2334 vestros
1765 2291 1872 2330 non

280 2390 399 2431 esse
429 2374 753 2439 mendaces,
781 2382 838 2428 et
863 2387 958 2429 eos
996 2380 1170 2428 tamen
1212 2372 1492 2442 religiosos
1535 2387 1598 2426 ac
1635 2377 1870 2439 sanctos,

278 2481 505 2537 quorum
528 2465 583 2519 hi
604 2465 802 2534 ﬂagitia
821 2472 878 2520 et
903 2473 1085 2534 turpes
1107 2463 1522 2534 conscripserint
1539 2463 1696 2517 vitas.
1718 2460 1873 2529 Quod

279 2560 400 2629 quia
438 2569 728 2629 utrumque
769 2558 966 2628 pariter
992 2566 1240 2612 constare
1276 2572 1382 2612 non
1415 2563 1588 2626 potest
1619 2573 1631 2608 :
1664 2562 1874 2625 oportet

281 2651 420 2705 enim
447 2659 543 2704 aut
567 2650 666 2704 hos
689 2649 849 2704 fuisse
878 2648 1046 2704 malos
1065 2690 1081 2716 ,
1111 2657 1206 2703 aut
1228 2647 1348 2704 illos
1380 2646 1662 2702 mendaces
1689 2656 1744 2702 et
1768 2645 1871 2700 fal-

279 2754 406 2796 808:

347 2832 578 2889 CAPUT
617 2832 681 2886 ll.
703 2862 776 2873 —
794 2833 924 2902 Age,
948 2832 991 2887 si
1012 2831 1162 2899 libet,
1193 2845 1415 2887 assensu
1445 2830 1715 2886 communi
1739 2829 1875 2885 scri-

279 2925 526 2998 ptoribus
553 2925 841 2990 damnatis,
868 2924 1230 2979 defensionem
1255 2923 1606 2993 suscipiamus
1633 2921 1791 2992 Legis
1818 2927 1876 2976 et

216 3056 226 3063 .
280 3015 692 3086 Prophetarum.
739 3016 934 3086 Legem
965 3025 1142 3070 autem
1167 3029 1310 3070 nunc
1333 3015 1452 3070 dico
1471 3029 1570 3086 ego
1587 3056 1603 3080 ,
1631 3029 1737 3069 non
1764 3014 1872 3069 cir-

281 3109 687 3175 cumcisionem,
727 3122 829 3163 nec
871 3107 1110 3173 sabbata,
1151 3115 1207 3162 et
1245 3105 1521 3169 sacrificia,
1570 3113 1873 3176 caeteraque

281 3198 586 3269 hujusmodi
612 3199 955 3264 Judmorum;
1001 3197 1094 3252 sed
1125 3212 1243 3253 eam
1271 3213 1390 3267 qua:
1413 3211 1541 3252 vere
1568 3196 1638 3251 sit
1661 3195 1792 3263 Lex,
1817 3195 1873 3251 id

281 3303 378 3361 est,
397 3293 518 3347 Non
541 3293 757 3358 occides,
779 3290 901 3345 Non
916 3290 1257 3358 maechaberis,
1276 3289 1395 3344 Non
1413 3289 1656 3360 pejerabis
1674 3288 1870 3361 (Exod.

281 3401 372 3453 xx,
404 3387 492 3450 l3,
529 3387 617 3452 Μ,
648 3384 772 3454 16),
806 3392 859 3438 et
896 3392 1111 3438 caetera.
1152 3381 1249 3437 Cui
1279 3383 1402 3452 quia
1426 3382 1552 3436 olim
1585 3381 1871 3438 dillamatte

281 3476 334 3531 in
358 3478 632 3548 gentibus,
659 3475 712 3530 id
737 3482 840 3539 est,
865 3489 932 3529 ex
959 3490 1064 3545 quo
1086 3473 1268 3529 mundi
1297 3473 1456 3544 hujus
1475 3482 1717 3529 creatura
1741 3488 1872 3529 con-

281 3568 457 3636 sistit,
487 3567 836 3624 Hebraeorum
861 3565 1151 3634 scriptores
1181 3565 1474 3632 irruentes,
1512 3573 1762 3635 tanquam
1789 3564 1870 3620 le-

280 3675 433 3732 pram
459 3674 525 3715 ac
550 3658 807 3727 scabiem,
835 3657 1189 3712 abominanda
1218 3656 1334 3713 hare
1359 3672 1454 3713 sua
1479 3665 1534 3712 et
1565 3657 1870 3726 turpissima

282 3763 550 3824 pmoepta
605 3752 1091 3819 commiscuerunt,
1135 3765 1255 3820 quae
1301 3750 1368 3806 ad
1415 3750 1708 3821 peritomen
1750 3762 1873 3818 spe-

282 3854 450 3913 ctant,
471 3853 531 3900 et
553 3843 832 3911 sacrificia,
858 3859 956 3914 age
979 3844 1026 3900 si
1050 3858 1112 3900 es
1130 3850 1279 3900 certo
1303 3843 1321 3875 ¹
1357 3850 1412 3898 et
1453 3853 1508 3898 tu
1542 3843 1746 3897 amicus
1769 3840 1872 3898 Le-

279 3939 383 4010 gis,
409 3937 607 3992 damna
644 3951 736 3992 eos
779 3951 1024 4004 mecum,
1057 3936 1145 4006 qui
1187 3935 1324 3990 hanc
1356 3934 1557 3990 violare
1593 3933 1709 3990 ausi
1746 3940 1871 3990 sunt

283 4032 389 4088 hac
430 4031 806 4088 commixtione
842 4028 1328 4085 inconvenientium
1363 4026 1536 4084 eidem
1578 4035 1872 4097 praecepto-

281 4140 405 4182 rum
435 4141 452 4178 :
483 4139 599 4195 qua:
626 4131 911 4195 praecepta,
935 4122 1036 4178 nisi
1065 4131 1120 4176 et
1146 4135 1239 4176 vos
1267 4119 1465 4191 Legem
1491 4135 1595 4174 non
1623 4133 1742 4175 esse
1765 4119 1870 4174 sci-

280 4219 432 4286 retis,
459 4233 561 4274 nec
598 4219 754 4285 Legis
795 4226 1021 4287 partem,
1065 4214 1249 4286 utique
1288 4223 1382 4269 aut
1427 4213 1614 4269 eadem
1654 4228 1870 4270 servare

282 4311 587 4368 niteremini
618 4310 840 4381 professi
865 4308 1125 4379 justitiam
1146 4350 1161 4375 ,
1192 4316 1284 4362 aut
1307 4320 1404 4361 vos
1447 4320 1627 4361 coram
1664 4305 1868 4360 fatere-

282 4405 408 4459 mini
433 4419 556 4458 esse
582 4417 690 4456 non
713 4401 905 4471 justos.
933 4399 1083 4454 Nunc
1108 4413 1235 4454 vero
1264 4405 1318 4453 et
1351 4396 1419 4452 de
1456 4396 1562 4451 illis
1595 4411 1716 4466 qua:
1753 4409 1870 4453 sce-

286 4495 391 4550 lera
421 4493 708 4565 prohibent
729 4491 1013 4557 mandatis,
1050 4489 1274 4544 sollicita
1307 4487 1458 4543 vobis
1500 4496 1582 4542 est
1613 4502 1742 4542 cura
1779 4502 1870 4544 re-

287 4598 366 4642 cte
417 4588 722 4643 volentibus
759 4587 966 4650 vivere;
1012 4591 1067 4639 et
1104 4582 1172 4637 de
1216 4582 1281 4636 iis
1322 4595 1441 4651 quae
1485 4580 1754 4650 pertinent
1802 4579 1871 4636 ad

285 4679 518 4747 Judaeos,
548 4679 695 4733 nulla
731 4679 790 4732 lit
813 4675 1013 4732 mentio
1042 4692 1056 4729 :
1084 4673 1226 4744 quod
1261 4681 1523 4744 quatenus
1559 4679 1870 4727 excusatum

286 4774 433 4829 vobis
459 4773 566 4830 erit
585 4813 603 4840 ,
638 4771 740 4827 nisi
765 4770 1009 4827 eamdem
1038 4768 1237 4838 Legem
1263 4781 1370 4822 non
1395 4779 1514 4821 esse
1532 4765 1871 4821 constiterit?

286 4866 526 4937 Denique
550 4865 595 4920 si
625 4873 684 4919 ut
705 4861 1024 4928 incenderis,
1050 4858 1387 4916 intolerabile
1414 4857 1712 4914 convicium
1732 4855 1875 4928 judi-

287 4974 432 5027 cans,
465 4958 512 5012 si
539 4960 660 5027 quis
685 4964 738 5011 te
763 4955 1115 5025 negligentem
1145 4949 1398 5022 praecepti
1423 4949 1580 5020 hujus
1605 4949 1870 5019 appellet,

286 5068 390 5123 quo
431 5052 636 5107 dictum
669 5058 751 5106 est
773 5091 790 5115 ,
822 5046 946 5102 Non
982 5045 1198 5114 occides,
1221 5044 1330 5110 vel,
1357 5041 1480 5098 Non
1510 5041 1874 5108 mmehaberis;

289 5148 358 5202 ita
399 5146 565 5202 etiam
608 5142 1020 5207 exardesceres,
1051 5139 1096 5193 si
1124 5139 1244 5210 quis
1273 5145 1325 5192 te
1354 5145 1410 5192 et
1447 5135 1875 5192 incircumcisum

291 5247 530 5305 vocaret,
560 5244 618 5293 et
641 5234 997 5306 negligentem
1018 5229 1257 5294 sabbati;
1299 5236 1414 5284 erat
1441 5227 1662 5296 intelligi
1690 5225 1874 5296 procul

290 5334 449 5390 dubio
481 5330 626 5403 quod
659 5335 802 5385 esset
836 5335 1120 5394 utrumque
1158 5322 1243 5378 lex
1277 5330 1331 5377 et
1372 5319 1466 5375 Dei
1505 5318 1809 5374 mandatum
1829 5320 1872 5374 ².

289 5426 442 5483 Nunc
467 5439 600 5481 vero
637 5430 693 5479 et
727 5419 799 5477 de
838 5418 946 5474 illis
973 5414 1333 5488 superioribus
1360 5411 1571 5468 laudem
1601 5411 1796 5482 quaeris
1824 5421 1878 5467 et

356 5583 372 5614 ¹
403 5585 481 5630 Er.
503 5577 655 5641 Lugd.
679 5582 734 5627 et
752 5582 894 5634 Ven.,
915 5584 1005 5641 pro
1025 5576 1192 5641 certo.
1223 5576 1294 5641 _M.

358 5646 380 5676 ²
411 5628 484 5691 Er.
507 5628 657 5702 Lugd.
676 5645 736 5702 Aet
759 5628 890 5702 Ven.
917 5628 988 5702 sic
1029 5633 1203 5697 legunt
1223 5633 1352 5702 hunc
1371 5628 1562 5702 locum:
1597 5629 1824 5702 parique.
1835 5629 1880 5681 si

289 5706 414 5756 sicut
435 5689 815 5754 incenderis..."
832 5697 900 5749 ita
918 5695 1061 5748 etiam
1081 5689 1448 5756 Exardesceres,
1469 5692 1515 5756 si
1537 5689 1642 5756 quis
1666 5698 1710 5756 te
1730 5689 1775 5743 ei
1805 5690 1881 5742 in-

673 5765 865 5824 vocaret
900 5764 947 5810 et
986 5755 1304 5824 negligentem
1351 5754 1491 5824 quod.
1510 5752 1692 5824 sabbati
1725 5759 1882 5824 erat;

742 5813 1182 5887 dubioqueth
1201 5813 1453 5881 utrumque
1474 5813 1623 5868 laxet
1645 5813 1864 5869 Μυκη

1978 1441 2200 1511 gloriam
2226 1483 2240 1506 ,
2271 1443 2316 1498 si
2356 1457 2420 1499 ea
2457 1457 2777 1512 conserves;
2809 1453 2864 1501 et
2889 1444 2957 1501 de
2981 1445 3066 1502 his
3094 1447 3292 1502 nullam
3322 1391 3596 1518 ejusdem5

1979 1533 2102 1588 boni
2125 1535 2386 1604 jacturam
2409 1538 2621 1605 metuis,
2652 1539 2774 1608 quia
2795 1546 3125 1594 contemnas.
3155 1539 3330 1608 Quare
3354 1547 3567 1596 constat

1979 1625 2116 1693 haec,
2147 1637 2203 1681 ut
2228 1626 2356 1695 dixi,
2386 1644 2490 1683 non
2527 1645 2648 1685 esse
2677 1630 2894 1701 Legem,
2926 1631 3018 1686 sed
3057 1631 3211 1702 Legis
3250 1633 3424 1702 potius
3451 1647 3568 1686 ma-

1977 1718 2124 1774 culas
2161 1727 2217 1774 et
2264 1720 2495 1776 scabiem
2527 1740 2540 1775 :
2571 1739 2688 1792 quae
2729 1723 2772 1778 si
2814 1722 3134 1778 damnantur
3173 1741 3204 1779 a
3253 1724 3430 1790 nobis,
3471 1707 3607 1778 da-i

1977 1820 2232 1866 mnantur
2260 1821 2318 1867 ut
2341 1811 2474 1868 falsa
2494 1855 2510 1881 ,
2539 1829 2643 1869 non
2675 1822 2733 1869 ut
2758 1815 3012 1886 legitima.
3054 1816 3162 1871 Nec
3187 1816 3354 1887 tangit
3381 1815 3569 1870 convi-

1979 1904 2119 1959 cium
2158 1905 2260 1961 hoc
2289 1906 2504 1976 Legem,
2532 1923 2629 1963 nec
2659 1908 2814 1979 Legis
2834 1919 3104 1965 auctorem
3139 1911 3326 1974 Deum,
3359 1909 3452 1964 sed
3473 1923 3568 1965 eos

1979 1998 2069 2068 qui
2091 1997 2232 2054 hunc
2259 2008 2313 2055 et
2343 2000 2489 2054 illam
2521 2002 2737 2056 nefariis
2764 2002 2873 2056 suis
2902 2001 3250 2072 religionibus
3275 2002 3567 2072 inscripse-

1979 2100 2122 2146 runt.
2153 2091 2225 2148 Ut
2251 2100 2427 2147 autem
2459 2093 2724 2148 interdum
2763 2093 2922 2164 Legis
2959 2110 3056 2148 nos
3080 2093 3434 2149 reverendum
3461 2108 3563 2148 no—

1977 2199 2121 2251 men,
2146 2200 2268 2240 cum
2289 2185 2504 2241 Judaica
2525 2197 2787 2258 praecepta
2812 2188 3200 2258 persequimur,
3221 2189 3566 2256 lacessamus,

1978 2288 2160 2334 vestro
2204 2278 2262 2332 fit
2288 2278 2437 2342 vitio,
2477 2279 2566 2350 qui
2609 2279 2746 2333 inter
2791 2279 3076 2334 llebraicas
3115 2279 3472 2333 institutiones
3513 2286 3571 2334 et

1979 2369 2174 2442 Legem
2195 2413 2210 2439 ,
2247 2371 2453 2426 nullum
2478 2371 2638 2426 vultis
2665 2386 2785 2427 esse
2822 2371 3107 2426 discrimen
3140 2391 3152 2426 :
3181 2372 3416 2442 alioquin
3446 2370 3571 2426 red-

1979 2463 2089 2518 dite
2122 2462 2247 2533 Legi
2283 2463 2550 2532 propriam
2583 2463 2916 2533 dignitatem,
2950 2463 3266 2518 lsraeliticas
3288 2463 3356 2518 ab
3380 2463 3570 2517 eadem

1980 2554 2338 2624 turpitudines
2351 2562 2602 2624 tanquam
2621 2568 2872 2609 verrucas
2898 2554 3135 2617 incidite.
3159 2554 3565 2609 deformationis

1978 2647 2095 2717 ejus
2125 2648 2324 2702 crimen
2354 2648 2700 2718 scriptoribus
2725 2648 2741 2678 ί
2771 2648 3044 2718 imputate,
3074 2657 3128 2701 et
3156 2648 3334 2701 statim
3367 2646 3571 2701 videbi-

1980 2739 2048 2795 tis
2072 2753 2171 2795 nos
2199 2738 2457 2794 .ludaismi
2485 2739 2729 2794 inimicos
2750 2737 2935 2804 fuisse,
2964 2755 3070 2792 non
3092 2737 3267 2808 Legis.
3293 2737 3448 2806 Legis
3469 2751 3570 2791 no-

1979 2844 2103 2885 men
2140 2838 2224 2885 est
2259 2829 2401 2900 quod
2436 2843 2531 2883 vos
2568 2828 2765 2899 decipit
2794 2829 2953 2900 :quia
2987 2828 3070 2882 cui
3095 2828 3217 2898 jure
3252 2827 3444 2882 debeat
3470 2826 3570 2881 ad-

1979 2923 2158 2987 scribi,
2191 2938 2298 2978 non
2322 2921 2512 2977 nostis.

2049 3013 2278 3070 CAPUT
2320 3011 2408 3068 ΙΙΙ.
2433 3041 2506 3053 -—
2533 3011 2615 3068 Ad
2641 3010 2760 3067 haec
2797 3018 2852 3067 et
2891 3010 3187 3082 Prophetas
3230 3025 3294 3067 ac
3332 3010 3570 3066 Patriar-

1975 3107 2108 3164 chas
2145 3117 2354 3164 vestros
2396 3124 2492 3165 cur
2530 3124 2631 3165 nos
2673 3108 3047 3178 blasphemare
3089 3107 3425 3175 existimetis,
3469 3121 3571 3177 ego

1979 3218 2087 3258 non
2107 3203 2284 3259 video.
2311 3202 2445 3258 Nam
2471 3203 2515 3259 si
2543 3218 2576 3258 a
2606 3202 2762 3258 nobis
2787 3203 2982 3274 scripta
3013 3201 3128 3258 hrec
3153 3202 3417 3258 dictatave
3444 3201 3574 3256 fuis-

1979 3298 2139 3351 sent’
2159 3337 2175 3363 ,
2223 3312 2343 3368 quae
2373 3296 2534 3352 iidem
2564 3297 2902 3352 commisisse
2931 3297 3198 3366 leguntur,
3226 3303 3370 3350 esset
3392 3305 3573 3349 vestra

1978 3389 2098 3444 haec
2122 3389 2176 3444 in
2203 3405 2302 3445 nos
2331 3405 2438 3444 non
2465 3389 2843 3446 irrationabilis
2868 3389 3136 3444 accusatio
3169 3407 3182 3442 :
3215 3388 3304 3443 ubi
3329 3402 3458 3443 vero
3480 3395 3574 3446 aut

1979 3481 2048 3536 ab
2075 3482 2205 3552 ipsis
2225 3482 2410 3538 eadem
2435 3483 2631 3552 scripta
2659 3491 2783 3537 sunt
2809 3490 2994 3538 contra
3014 3481 3308 3536 honestatis
3337 3495 3566 3548 morem,

1976 3573 2045 3628 de
2067 3573 2212 3628 vitiis
2247 3573 2585 3642 captantibus
2607 3573 2828 3644 gloriam
2853 3613 2870 3642 ,
2903 3581 2994 3627 aut
3019 3573 3087 3627 ab
3111 3587 3296 3627 eorum
3323 3571 3484 3626 sociis
3508 3583 3573 3625 ac

1977 3665 2212 3737 paribus,
2243 3674 2426 3720 nostra
2456 3681 2575 3736 qua:
2604 3665 2723 3720 istic
2751 3666 2905 3736 culpa
2931 3665 3050 3719 est?
3077 3665 3398 3719 Damnamus
3425 3662 3570 3718 enim

1977 3756 2224 3813 detestati
2254 3763 2406 3811 actus
2435 3755 2665 3826 iniquos,
2693 3771 2828 3826 quos
2856 3756 2999 3811 ultro
3023 3755 3089 3810 de
3113 3769 3194 3821 se,
3222 3770 3323 3809 nec
3347 3755 3573 3810 interro-

1975 3848 2084 3919 gati
2127 3846 2358 3903 confessi
2397 3854 2526 3903 sunt
2550 3847 2628 3902 rei
2656 3865 2669 3902 :
2699 3855 2791 3902 aut
2815 3847 2858 3903 si
2883 3847 2998 3902 haec
3021 3861 3116 3916 per
3149 3845 3401 3901 invidiam
3431 3846 3571 3901 scri-

1975 3949 2189 4011 ptorum
2209 3940 2466 3996 adversus
2488 3954 2584 3995 eos
2607 3940 2906 4012 malignitas
2931 3939 3101 4003 ﬁnxit,
3127 3938 3413 4009 puniantur
3434 3939 3570 3994 scri-

1976 4038 2178 4101 ptores,
2202 4030 2522 4085 damnentur
2545 4045 2732 4086 eorum
2752 4031 2889 4096 libri,
2915 4037 3172 4102 purgetur
3193 4015 3567 4101 propheticum

1976 4137 2171 4178 nomen
2201 4123 2413 4194 indigna
2436 4123 2596 4190 fama,
2618 4123 2864 4195 gravitati
2887 4132 3049 4194 atque
3069 4138 3312 4180 censurae
3334 4138 3446 4179 suae
3466 4125 3569 4180 Pa-

1976 4217 2327 4272 triarcharum
2354 4217 2608 4273 reddatur
2630 4218 2941 4274 auctoritas.

2045 4309 2272 4367 CAPUT
2312 4311 2402 4367 IV.
2432 4341 2504 4351 -
2542 4311 2612 4366 Et
2644 4327 2775 4367 sane
2795 4313 2908 4367 fieri
2934 4311 3104 4382 potuit
3130 4320 3191 4368 ut
3217 4311 3569 4384 quemadmo-

1976 4402 2102 4458 dum
2140 4403 2210 4458 de
2249 4404 2358 4459 Deo
2387 4403 2724 4473 impudenter
2751 4405 2910 4460 iidem
2940 4415 3082 4461 tanta
3109 4405 3402 4471 ﬁnxerunt,
3426 4422 3571 4466 nunc

1976 4511 2099 4552 eum
2116 4497 2171 4552 in
2187 4497 2419 4552 tenebris
2436 4513 2503 4552 ex
2519 4506 2720 4553 aeterno
2737 4508 3005 4556 versatum
3034 4501 3295 4569 dicentes,
3324 4511 3380 4558 et
3407 4512 3564 4574 post-
3607 4501 3624 4524 ‘

1976 4603 2040 4644 ea
2088 4588 2333 4644 miratum
2390 4604 2512 4643 cum
2539 4589 2761 4646 vidisset
2783 4591 2993 4660 lucem;
3037 4607 3179 4648 nunc
3203 4593 3445 4666 ignarum
3477 4595 3565 4652 fu-

1975 4681 2103 4749 turi,
2129 4689 2188 4735 ut
2215 4688 2539 4760 praeceptum
2578 4680 2709 4736 illud
2737 4682 2880 4753 quod
2922 4699 3028 4739 non
3073 4694 3218 4740 esset
3258 4695 3570 4743 servaturus

1975 4774 2183 4840 Adam,
2216 4773 2267 4829 ei
2293 4772 2600 4840 mandaret;
2651 4789 2794 4830 nunc
2823 4783 2879 4830 et
2914 4774 3306 4846 improvidum,
3344 4786 3405 4832 ut
3443 4792 3570 4833 eum

1977 4868 2234 4924 latentem
2265 4865 2322 4921 in
2351 4865 2546 4938 angulo
2574 4866 2802 4936 paradisi
2835 4876 2956 4938 post
2979 4868 3275 4924 nuditatem
3299 4869 3567 4939 cognitam
3619 4915 3635 4930 .

1977 4959 2161 5015 videre
2189 4973 2295 5012 non
2321 4965 2530 5027 posset;
2571 4971 2714 5013 nunc
2734 4967 2790 5013 et
2813 4958 3050 5014 invidum
3075 4974 3140 5015 ac
3173 4960 3468 5026 timentem,
3501 4974 3571 5016 ne

1979 5052 2025 5107 si
2052 5059 2286 5122 gustaret
2307 5049 2469 5105 homo
2489 5063 2617 5106 suus
2637 5049 2705 5106 de
2734 5050 2877 5120 ligno
2895 5051 3040 5116 vitae.
3068 5051 3122 5106 in
3151 5059 3409 5108 aeternum
3431 5053 3570 5110 vive-

1980 5152 2095 5210 ret;
2126 5156 2267 5197 nunc
2295 5141 2425 5197 alias
2469 5150 2524 5196 et
2562 5150 2899 5213 appetentem
2936 5144 3206 5214 sanguinis
3250 5152 3411 5214 atque
3451 5146 3568 5203 adi-

1983 5237 2064 5308 pis
2107 5251 2179 5292 ex
2224 5236 2370 5291 omni
2419 5251 2616 5308 genere
2652 5236 3064 5304 sacriﬁciorum,
3106 5237 3474 5310 zelantemque
3522 5239 3571 5296 si

1982 5336 2038 5384 et
2082 5327 2200 5383 aliis
2251 5327 2438 5383 eadem
2494 5327 2815 5382 offerrentur
2868 5337 2926 5382 ut
2973 5327 3106 5393 sibi;
3161 5337 3218 5384 et
3268 5344 3410 5386 nunc
3466 5332 3574 5388 ira-

1983 5429 2223 5478 scentem
2275 5421 2329 5476 in
2369 5421 2594 5488 alienos,
2639 5435 2778 5476 nunc
2815 5429 2868 5476 et
2906 5421 2962 5476 in
3016 5436 3180 5488 suos;
3229 5439 3374 5480 nunc
3427 5427 3572 5496 peri-

1983 5523 2215 5569 mentem
2254 5513 2420 5568 millia
2448 5513 2720 5568 hominum
2760 5512 2847 5583 ob_
2877 5512 3013 5569 levia
3051 5514 3266 5586 quidem
3301 5527 3392 5574 aut
3421 5519 3569 5576 nulla

1985 5604 2300 5669 commissa;
2351 5618 2492 5658 nunc
2528 5604 2688 5659 etiam
2732 5604 3148 5663 comminantem
3186 5617 3468 5665 venturum
3510 5624 3573 5666 so

1985 5700 2099 5757 fore
2127 5692 2256 5754 cum
2295 5697 2490 5768 gladio,
2527 5703 2582 5752 et
2623 5697 2946 5767 parciturum
2991 5701 3220 5770 nemini,
3255 5715 3363 5758 non
3399 5701 3570 5772 justo,
