4052 6460
490 458 598 519 4105

492 591 602 632 non
630 571 897 645 peceatori
923 587 936 624 :
968 569 1113 637 ﬁeri,
1134 568 1372 638 inquam,
1400 564 1571 635 potuit
1592 571 1649 617 ut
1674 570 1732 617 et
1759 561 1825 615 de
1857 558 1953 613 Dei
1982 557 2080 613 ho-

493 668 729 726 minibus
753 666 1124 729 mentirentur,
1150 662 1239 733 qui
1267 661 1336 717 de
1362 660 1472 715 Deo
1500 659 1616 729 ipso
1642 665 1786 713 tanta
1816 654 2076 726 protervi-

493 768 605 817 tate
643 759 849 815 mentiti
892 766 1036 813 sunt.
1078 754 1184 811 Sed
1220 767 1317 815 vos
1353 751 1650 807 consentite
1687 749 1993 814 nobiscum,
2021 754 2081 802 ut

492 861 709 924 portent
748 852 1034 922 scriptores
1076 848 1300 912 crimen,
1339 846 1384 902 si
1429 845 1590 901 vultis
1625 844 1816 900 eodem
1863 840 2076 897 liberari

494 944 811 1015 Pr0phetas.
1073 1002 1077 1009 ,

565 1034 790 1093 CAPUT
812 1033 887 1089 ν.
907 1062 980 1074 -
1000 1030 1250 1101 Alioquin
1276 1043 1447 1099 neque
1476 1026 1566 1083 illa
1591 1041 1688 1085 nos
1712 1025 1778 1083 de
1805 1025 2075 1083 Abraham

492 1112 832 1198 scripsimus,
864 1123 1005 1194 quod
1045 1121 1303 1199 habenda
1326 1121 1495 1199 prolis
1519 1119 1705 1183 insana
1735 1116 1962 1199 flagrans
1985 1133 2079 1171 ru-

492 1220 693 1290 pidine,
721 1224 773 1271 et
815 1216 944 1281 Deo,
977 1214 1064 1284 Qui
1097 1208 1150 1268 id
1175 1198 1284 1283 iam
1314 1198 1415 1267 dibi
1445 1210 1511 1266 de
1538 1210 1667 1266 Sara
1698 1198 1922 1279 conjuge
1954 1219 2078 1279 pro-

490 1310 731 1375 miserat,
759 1308 981 1361 minime
1011 1305 1270 1371 credens,
1312 1320 1432 1359 cum
1474 1303 1661 1373 pellice
1704 1304 1969 1358 volutatus
2011 1301 2083 1357 sit

443 1401 456 1467 ἓ
489 1400 589 1455 sub
618 1398 939 1455 conscientia
963 1398 1091 1467 (quo
1116 1395 1557 1466 sitinhonestius)
1588 1394 1766 1451 uxoris
1788 1392 1940 1464 (Gen.
1969 1409 2076 1461 xvr,

490 1490 630 1561 2-4).
660 1489 767 1545 Nec
796 1488 935 1559 quod
959 1472 1281 1543 matrimonii
1302 1487 1382 1543 sui
1407 1485 1791 1542 infamissimus
1817 1486 2078 1541 nundina-

444 1560 460 1663 ί
489 1592 593 1657 tor,
641 1582 782 1639 idem
822 1582 1057 1661 avaritiae
1085 1596 1146 1635 ac
1172 1580 1372 1636 ventris
1400 1594 1560 1635 causa
1589 1578 1797 1635 duobus
1828 1578 2077 1648 regibus,

452 1714 456 1724 ι
488 1673 798 1732 Abimelech
827 1683 881 1731 et
910 1673 1171 1730 Pharaoni
1193 1711 1208 1734 ,
1231 1671 1454 1726 diversis
1481 1672 1836 1740 temporibus,
1866 1684 2074 1747 memo-

446 1790 456 1833 ι
488 1776 659 1831 ratam
690 1766 875 1823 Saram
905 1766 1184 1837 conjugem
1208 1778 1358 1825 suam
1385 1778 1625 1827 sororem
1655 1762 1908 1818 mentitus
1948 1761 2075 1830 (Id.

488 1875 581 1925 xx,
612 1859 669 1927 2,
701 1848 748 1912 et
781 1875 875 1925 xu,
902 1858 1012 1931 15),
1044 1857 1167 1928 quia
1190 1866 1306 1912 erat
1332 1855 1711 1929 pulcherrima,
1739 1856 1789 1910 in
1820 1855 2077 1915 concubi-

488 1960 599 2005 tum
628 1950 935 2006 venditavit.
962 1948 1071 2004 Nec
1094 1948 1235 2019 quod
1254 1947 1402 2021 Loth
1432 1947 1599 2017 ipsius
1627 1946 1790 2001 frater
1816 1946 1882 2002 de
1907 1945 2077 2013 Sodo-

487 2057 574 2096 ma
606 2034 859 2109 liberatus
878 2083 893 2108 ,
916 2056 1035 2095 cum
1062 2024 1269 2094 duabus
1297 2039 1502 2093 ﬁliabus
1529 2038 1638 2093 suis
1663 2038 1718 2094 in
1738 2046 1917 2095 monte
1945 2028 2076 2093 cou-

489 2133 671 2188 cubuit
699 2134 717 2202 (
750 2131 835 2185 Id.
880 2148 997 2195 xxx,
1030 2132 1118 2197 33,
1147 2132 1270 2201 55);
1315 2131 1403 2201 qui
1448 2130 1721 2187 honestius
1759 2131 1976 2187 arsisset
2022 2131 2076 2185 in

487 2226 716 2284 Sodoma
748 2218 854 2291 ictu
875 2210 1129 2303 fulminis,
1159 2240 1317 2295 quam
1342 2225 1392 2278 in
1422 2208 1603 2279 monte
1629 2224 1867 2296 ﬂagravit
1895 2224 2078 2281 incon-

487 2334 656 2376 cessze
693 2318 904 2373 ﬂamma
951 2315 1203 2372 libidinis.
1247 2314 1355 2371 Sed
1394 2329 1494 2371 nec
1533 2315 1675 2385 quod
1715 2314 1858 2371 Isaac
1888 2314 2075 2381 eadem

486 2411 625 2484 patri
654 2425 752 2466 suo
780 2410 942 2481 gessit
971 2424 1033 2464 ac
1072 2408 1218 2479 paria
1242 2448 1255 2474 ,
1297 2422 1422 2477 erga
1463 2405 1761 2462 Rebeccam
1796 2392 2076 2477 conjugem

488 2518 659 2566 suam.
687 2502 891 2573 ﬁngens
922 2510 975 2558 et
1002 2501 1113 2585 ipse
1139 2515 1256 2555 eam
1283 2515 1522 2556 sororem
1553 2498 1662 2579 (Id.
1696 2516 1841 2569 xxvi,
1861 2500 1937 2569 7),
1968 2488 2074 2572 quo

487 2609 585 2665 per
610 2594 777 2664 ipsam
806 2592 1009 2648 viveret
1040 2592 1280 2662 turpiter.
1310 2590 1421 2647 Nec
1440 2588 1580 2662 quod
1607 2590 1769 2653 Jacob
1794 2591 1933 2645 ﬁlius
1960 2591 2075 2663 ejus

488 2684 628 2739 inter
657 2683 857 2739 Rachel
877 2693 931 2739 et
958 2683 1117 2763 Liam
1133 2668 1267 2739 duas
1292 2688 1577 2753 germanas
1606 2698 1836 2750 sorores,
1865 2676 2076 2763 earum-

488 2792 593 2847 que
630 2772 864 2847 singulas
897 2756 1141 2843 famulas,
1174 2785 1403 2849 quatuor
1428 2792 1653 2841 uxorum
1679 2776 1924 2841 maritus,
1956 2760 2074 2835 tan-

486 2884 645 2938 quam
669 2869 849 2925 hircus
873 2871 1163 2937 erraverit;
1193 2880 1249 2925 ut
1268 2879 1412 2927 esset
1436 2870 1679 2941 quotidie,
1699 2871 1836 2935 inter
1851 2877 2076 2940 quatuor

486 2970 664 3017 scorta
710 2970 1001 3025 certamen,
1044 2978 1287 3034 quaenam
1332 2978 1455 3029 eum
1495 2964 1799 3018 venientem
1836 2961 1903 3018 de
1948 2976 2075 3032 agro

487 3054 639 3125 prior
690 3054 755 3119 ad
802 3044 1140 3111 concubitum
1193 3062 1441 3125 raperet.
1491 3054 1864 3123 interdumque
1914 3053 2073 3109 etiam

486 3134 827 3229 mercedibus
866 3148 917 3231 in
963 3157 1175 3205 noctem
1211 3148 1533 3231 ablinvicem
1561 3148 1924 3231 conducerent
1951 3162 2073 3205 eum

489 3237 599 3310 (Id.
630 3255 754 3295 xxix
779 3249 825 3293 et
857 3240 1005 3311 xxx).
1054 3240 1183 3295 Item
1227 3239 1369 3313 quod
1414 3239 1576 3296 Judas
1615 3238 1756 3295 ﬁlius
1796 3239 1917 3309 ejus
1953 3254 2074 3296 cum

488 3331 719 3387 Thamar
760 3350 894 3388 nuru
937 3348 1029 3388 sua
1069 3333 1360 3400 dormierit,
1406 3342 1526 3403 post
1567 3334 1722 3389 unius
1760 3342 1813 3389 et
1856 3333 2073 3391 alterius

488 3426 701 3496 nuptias
744 3412 858 3491 ﬁlii,
883 3426 1164 3497 deceptus,
1193 3436 1248 3481 ut
1272 3428 1441 3493 aiunt,
1468 3426 1650 3481 habitu
1687 3426 2074 3497 prostitutionis

488 3514 599 3587 (Id.
628 3506 888 3589 xxxviii),
934 3519 986 3573 in
1036 3508 1192 3597 quem
1240 3534 1297 3575 se
1340 3520 1808 3575 translormaverat
1846 3508 2029 3575 eadem
2055 3562 2071 3590 ,

486 3623 604 3678 quae
637 3624 878 3664 socerum
914 3623 1066 3685 suum
1097 3600 1235 3664 bene
1266 3617 1449 3667 nosset
1475 3624 1594 3665 cum
1626 3609 1728 3685 hoc
1762 3625 1958 3680 genere
1990 3608 2073 3687 fe-

486 3695 787 3781 minarum‘
819 3714 1031 3769 semper
1056 3698 1306 3756 habuisse
1346 3701 1744 3757 commercium.
1768 3700 1895 3763 Nec
1932 3701 2073 3785 quod

486 3788 653 3844 David
684 3798 804 3860 post
834 3799 911 3844 tot
947 3806 1169 3845 numero
1193 3805 1425 3859 uxores,
1464 3791 1828 3847 mulierculam
1863 3805 2075 3869 quoque

484 3881 628 3939 Uriae
656 3883 836 3957 militis
857 3883 938 3937 sui
968 3882 1264 3940 moechatus
1287 3885 1375 3951 sit,
1404 3885 1683 3954 ipsumque
1709 3870 2073 3957 perdideritin

484 3973 628 4029 bello
656 3974 718 4047 (ιι
747 3954 874 4047 Reg.
904 3992 977 4040 χι,
1000 3976 1055 4043 4,
1088 3976 1198 4047 ιδ).
1225 3974 1333 4031 Nec
1354 3975 1495 4047 quod
1525 3954 1777 4031 Salomon
1800 3977 1938 4032 Illius
1959 3954 2074 4048 ejus

484 4056 753 4143 trecentas
779 4084 971 4126 uxores
995 4077 1049 4124 et
1075 4070 1433 4141 septingentas
1462 4071 1785 4127 concubinas
1805 4071 2072 4145 habuerit,

484 4170 539 4216 et
566 4150 751 4232 regum
788 4162 919 4217 ﬁlias
951 4162 1065 4217 sine
1098 4178 1321 4220 numero
1364 4163 1470 4237 (Ill
1502 4164 1628 4236 Reg.
1659 4181 1734 4233 χι,
1761 4165 1915 4237 1-5).
1962 4166 2074 4224 Nec

484 4251 624 4324 quod
651 4251 786 4308 Osee
811 4252 1189 4324 prophetarum
1210 4254 1411 4324 primus
1439 4253 1506 4311 de
1536 4252 1819 4311 fornicaria
1849 4256 2072 4312 muliere

482 4342 624 4419 ﬁlios
654 4343 874 4401 fecerit:
906 4334 990 4401 cui
1021 4346 1329 4416 turpitudini
1356 4389 1371 4413 ,
1400 4362 1504 4418 quo
1531 4348 1599 4402 sit
1623 4336 1879 4417 deterius,
1908 4350 2073 4406 ascri-

482 4420 627 4495 bitur
663 4450 717 4514 et
753 4428 1035 4495 consilium
1073 4426 1165 4497 Dei
1206 4442 1374 4512 (Osee
1394 4458 1429 4510 ι,
1454 4432 1510 4508 2,
1541 4443 1630 4514 ὅ).
1660 4443 1763 4500 Sed
1790 4459 1888 4500 nec
1918 4445 2066 4512 illud,

483 4527 626 4600 quod
648 4508 853 4601 Moyses
876 4508 1222 4586 homicidium
1247 4508 1431 4587 fecerit
1459 4508 1653 4606 (Exod.
1683 4550 1755 4601 ιι,
1786 4534 1897 4605 i2),
1928 4508 2069 4607 quod

481 4619 787 4691 spoliaverit
811 4618 1097 4693 Egyptum
1122 4621 1230 4694 (Id.
1258 4639 1352 4691 xu,
1372 4625 1463 4691 55,
1485 4624 1596 4695 56),
1622 4625 1760 4695 quod
1788 4625 1924 4681 bella
1953 4642 2070 4699 ges-

481 4711 634 4779 serit,
663 4712 803 4783 quod
830 4712 1063 4768 crudelia
1094 4700 1257 4769 multa
1291 4724 1344 4770 et
1370 4715 1632 4772 mandarit
1660 4724 1713 4775 et
1734 4704 1929 4791 fecerit
1955 4698 2066 4790 (Id.

486 4821 618 4872 xvu,
651 4790 705 4871 9,
732 4803 874 4880 αα),
899 4794 1037 4878 quod
1061 4822 1127 4863 ne
1149 4806 1262 4877 ipse
1291 4807 1503 4878 quidem
1527 4824 1633 4863 uno
1653 4816 1934 4864 contentus
1957 4822 2071 4862 ma-

479 4900 731 4955 trimonio
759 4900 933 4956 fuerit.
966 4898 1118 4985 Haec,
1141 4901 1377 4971 inquam,
1405 4911 1457 4961 et
1485 4901 1673 4957 horum
1705 4901 1923 4968 similia,
1949 4917 2069 4974 qua:

476 4989 533 5046 in
559 4988 786 5048 diversis
809 5009 993 5049 eorum
1022 4990 1282 5049 habentur
1306 4993 1475 5059 libris,
1510 4994 1642 5048 nihil
1681 5009 1711 5048 a
1750 4992 1902 5048 nobis
1931 4994 2065 5051 scri-

478 5094 652 5154 ptum,
686 5080 816 5141 nihil
844 5085 1095 5141 dictatum
1125 5094 1209 5142 est
1239 5104 1252 5141 :
1284 5066 1374 5142 sed
1402 5095 1493 5141 aut
1520 5086 1836 5156 scriptorum
1865 5095 2068 5157 vestroe

476 5190 595 5230 rum
639 5177 736 5232 ista
786 5170 1086 5232 commenta
1134 5188 1256 5233 sunt
1292 5176 1452 5243 falsa,
1484 5186 1575 5231 aut
1605 5187 1812 5247 patrum
1842 5179 2063 5234 crimina

476 5287 625 5328 vera.
658 5271 766 5327 Vos
805 5282 983 5328 utrum
1009 5262 1171 5328 vultis
1213 5271 1391 5341 eligite
1426 5289 1438 5325 :
1469 5286 1589 5325 nam
1634 5286 1767 5338 nos,
1806 5280 1896 5325 aut
1942 5271 2061 5340 hos,

474 5372 568 5418 aut
595 5363 715 5419 illos
738 5364 939 5435 pariter
958 5362 1211 5419 detestari
1239 5377 1461 5418 necesse
1478 5370 1589 5429 est,
1617 5366 1737 5434 quia
1761 5371 1866 5417 tam
1895 5363 2064 5420 malos

475 5463 533 5510 et
553 5463 735 5524 turpes
759 5456 991 5524 odimus,
1021 5471 1179 5528 quam
1202 5454 1503 5511 mendaces.

545 5546 773 5605 CAPUT
818 5549 902 5605 Vl.
948 5578 1020 5590 --
1040 5550 1373 5605 AUGUSTINUS
1403 5547 1677 5618 respondit
1704 5566 1716 5602 :
1744 5546 1854 5605 Nec
1880 5563 2064 5606 sacra-

478 5636 657 5696 menta
683 5639 813 5711 legis
841 5639 1156 5711 intelligitis,
1186 5656 1283 5695 nec
1312 5639 1447 5696 facta
1479 5638 1905 5710 Prophetarum;
1936 5641 2061 5711 quia

476 5746 651 5804 neque
678 5733 1013 5789 sanctitatem
1037 5774 1051 5799 ,
1083 5749 1254 5803 neque
1306 5731 1563 5803 justitiam
1594 5733 1829 5803 cogitare
1871 5734 2058 5788 nostis.

472 5824 581 5881 Sed
610 5824 678 5880 de
703 5824 988 5896 praeceptis
1014 5833 1066 5881 et
1096 5826 1443 5883 sacramentis
1487 5824 1699 5882 Veteris
1727 5814 2058 5885 Testamenti

537 5941 557 5974 ⁸
592 5948 691 5992 Alt.
717 5946 771 5994 et
790 5948 885 6004 rm,
909 5941 1158 5995 cumomni
1176 5954 1348 6006 genere
1366 5941 1669 6005 feminamm.

1242 504 1245 507 .
1312 448 1583 508 conm
1622 410 1943 501 FAUSTUM
1981 402 2432 512 MANlCllAEUll,
2470 441 2529 501 s.
2570 406 2941 501 sucus'ruu

3661 447 3769 503 ωι

2182 570 2330 629 saepe
2355 574 2418 614 ac
2438 559 2604 615 multa
2629 560 2739 631 jam
2765 559 3016 624 diximus,
3042 565 3103 615 ut
3122 557 3503 631 intelligeretur
3525 560 3672 617 aliud
3700 564 3777 619 ibi

2187 649 2355 706 fuisse
2394 651 2536 721 quod
2584 666 2678 722 per
2706 651 2931 721 gratiam
2978 649 3112 707 Novi
3159 650 3487 707 Testamenti
3528 652 3779 709 faciendo

2186 741 2479 798 donaretur
2503 742 2862 812 implendum,
2883 742 3026 797 aliud
3063 742 3205 813 quod
3238 758 3333 813 per
3355 743 3636 799 veritatem
3666 761 3769 815 pa-

2187 833 2430 889 tefactam
2474 834 2796 890 removendo
2821 834 3278 891 demonstraretur
3304 836 3582 905 impletum
3606 854 3621 893 :
3647 852 3776 892 cum

2186 928 2282 983 Dei
2327 940 2381 984 et
2431 930 2659 1000 proximi
2690 930 2975 986 dilectione
3019 931 3379 1000 susciperetur
3423 930 3580 1000 Legis
3607 930 3775 1001 perﬁ-

2185 1023 2368 1078 cienda
2399 1026 2709 1097 praeceptio,
2742 1026 3164 1081 circumcisionis
3204 1034 3380 1080 autem
3431 1034 3589 1097 atque
3636 1025 3777 1080 alio-

2184 1131 2303 1170 rum
2332 1117 2473 1173 illius
2502 1120 2756 1191 temporis
2782 1128 3240 1175 sacramentorum
3264 1119 3561 1174 cessatione
3586 1128 3778 1174 osten-

2185 1207 2402 1263 deretur
2420 1208 2576 1280 Legis
2604 1208 2871 1281 persoluta
2898 1208 3200 1280 promissio.
3224 1211 3553 1281 Praeceptum
3575 1212 3779 1282 quippe

2183 1314 2309 1354 reos
2331 1300 2557 1356 faciebat
2581 1301 2647 1356 ad
2695 1301 3105 1357 desiderandam
3162 1303 3407 1367 salutem,
3440 1305 3770 1373 promissum

2184 1398 2358 1446 autem
2390 1392 2586 1471 ﬁguras
2630 1392 2935 1448 celebrabat
2962 1393 3028 1447 ad
3060 1394 3481 1463 exspectandum
3524 1395 3774 1469 salvato-

2183 1496 2297 1557 rem
2333 1502 2346 1539 :
2372 1493 2429 1565 ut
2458 1470 2553 1555 per
2582 1483 2872 1541 adventum
2907 1484 3039 1565 Novi
3070 1485 3399 1541 Testamenti
3429 1486 3547 1543 illos
3576 1486 3777 1571 libera-

2183 1584 2267 1643 ret
2309 1576 2475 1653 gratia
2503 1574 2719 1643 donata,
2746 1577 2866 1657 iilas
2891 1576 3125 1657 auferret
3153 1578 3347 1633 veritas
3379 1578 3602 1633 reddita.
3652 1578 3776 1647 Ipsa

2184 1668 2323 1745 enim
2366 1669 2474 1723 Lex
2500 1684 2616 1740 qua:
2643 1684 2737 1739 per
2761 1654 2975 1741 Moysen
3004 1654 3125 1751 data
3152 1677 3255 1747 est,
3287 1670 3455 1751 gratia
3487 1678 3539 1724 et
3568 1669 3773 1724 veritas

2183 1776 2279 1833 per
2303 1760 2483 1823 Jesum
2518 1759 2791 1817 Christum
2839 1746 2972 1816 facta
3003 1748 3085 1817 est
3113 1760 3297 1833 (Ioan.
3328 1777 3380 1824 ι,
3412 1746 3477 1816 i7
3513 1761 3530 1833 )
3556 1780 3571 1816 :
3600 1760 3775 1831 gratia

2183 1838 2407 1921 scilicet,
2463 1863 2518 1909 ut
2564 1854 2683 1908 data
2712 1838 3037 1923 indulgentia
3065 1860 3425 1922 peccatorum,
3458 1851 3599 1923 quod
3631 1866 3773 1929 prae-

2182 1952 2393 2013 ceptum
2422 1953 2543 2021 erat
2560 1960 2625 2000 ex
2649 1944 2742 1999 Dei
2772 1944 2912 1999 dono
2933 1942 3314 2009 custodiretur;
3343 1943 3540 1997 veritas
3566 1936 3771 2009 autem,

2181 2020 2240 2088 ut
2273 2034 2448 2091 ablata
2500 2034 2871 2089 observatione
2901 2032 3209 2089 umbrarum
3233 2076 3249 2101 ,
3278 2032 3418 2107 quod
3446 2026 3773 2106 promissum

2183 2134 2295 2180 erat
2324 2142 2387 2180 ex
2422 2126 2513 2181 Dei
2539 2126 2640 2182 ﬁde
2667 2116 3105 2203 prmsentaretur.
3340 2208 3343 2209 ν
3484 2188 3509 2218 μ

2251 2215 2473 2275 CAPUT
2514 2218 2622 2273 VII.
2648 2249 2719 2259 —
2742 2218 2970 2274 Proinde
2992 2219 3096 2285 isti,
3126 2219 3214 2297 qui
3242 2233 3302 2275 ea
3335 2234 3454 2292 quae
3484 2210 3594 2275 non
3616 2210 3775 2276 intel-

2182 2308 2351 2380 ligunt
2378 2300 3089 2383 reprehendentes,.lepram
3116 2300 3202 2368 vel
3232 2302 3471 2383 scabiem
3517 2328 3614 2370 seu
3644 2330 3772 2381 ver-

2180 2415 2337 2457 rucas
2371 2401 2528 2475 Legis
2570 2419 2691 2461 esse
2720 2404 2904 2483 dicunt
2950 2404 3297 2477 promissivas
3353 2396 3549 2477 ﬁguras
3591 2421 3772 2485 sacra-

2180 2504 2518 2563 mentorum,
2548 2498 2749 2554 similes
2791 2506 2923 2573 sunt
2966 2498 3272 2567 hominibus
3296 2524 3323 2567 -,,
3358 2500 3555 2570 quibus
3580 2500 3772 2573 displi-

2181 2595 2307 2641 cent
2333 2602 2394 2641 ea
2426 2603 2651 2657 quorum
2680 2605 2789 2645 non
2814 2591 3032 2661 capiunt
3058 2591 3337 2646 utilitatem
3364 2608 3376 2644 :
3400 2592 3559 2647 veluti
3586 2593 3631 2648 si
3652 2608 3771 2649 sur-

2181 2668 2281 2731 dus
2312 2678 2494 2734 videns
2518 2681 2716 2736 moveri
2742 2681 2877 2737 labia
2909 2683 3235 2753 loquentium
3255 2724 3270 2750 ,
3303 2666 3549 2753 tanquam
3581 2701 3771 2755 super-

2180 2767 2316 2845 iluos
2347 2771 2456 2837 oris
2488 2781 2667 2828 motus
2716 2772 3094 2847 deformesque
3123 2774 3578 2845 reprehenderet;
3609 2778 3694 2833 vel
3724 2779 3769 2833 si

2181 2852 2457 2933 quisquam
2486 2880 2660 2921 caecus
2687 2866 2903 2923 laudata
2928 2869 3031 2924 sibi
3056 2868 3232 2941 aliqua
3261 2867 3446 2937 domo,
3462 2850 3625 2926 vellet
3649 2871 3768 2942 pal-

2182 2955 2357 3028 pando
2384 2959 2614 3029 probare
2638 2961 2779 3031 quod
2808 2962 3021 3037 dicitur,
3050 2971 3105 3018 et
3148 2970 3409 3033 parietum
3435 2962 3721 3020 laevitatem
3747 2962 3767 3037 ἔ

2180 3038 2340 3115 manu
2360 3053 2797 3123 pl-rtractans,,in
2827 3054 3089 3131 fenestras
3121 3053 3369 3119 irrueret,
3397 3066 3597 3123 easque
3617 3054 3769 3110 velut

2180 3140 2615 3221 hicouvenientes
2659 3146 2736 3201 illi
2759 3146 3050 3218 aequalitati
3080 3146 3445 3218 redargueret,
3474 3162 3770 3206 cavernas-

2181 3252 2283 3309 que
2305 3238 2549 3309 ruinosas
2580 3248 2811 3308 putaret.
2844 3308 2847 3313 η
2944 3298 2947 3301 ,

2252 3328 2476 3399 CAPUT
2530 3330 2672 3409 VIII.
2717 3362 2788 3372 —
2837 3331 2954 3405 Jam
3008 3347 3139 3390 vero
3189 3334 3327 3389 facta
3377 3333 3770 3407 Prophetarum

2182 3424 2353 3495 etiam
2375 3425 2490 3499 ipsa
2522 3426 2839 3496 prophetica
2852 3435 2913 3485 et
2934 3428 3161 3499 mystica
3184 3426 3367 3495 fuisse,
3384 3428 3510 3501 quid
3708 3435 3771 3493 ut

2182 3517 2512 3587 intelligant,
2544 3533 2767 3587 quorum
2796 3528 3009 3587 mentes
3027 3521 3233 3575 vanitas
3261 3522 3540 3591 occupavit
3564 3561 3579 3587 ,
3613 3506 3685 3575 ita
3710 3529 3770 3577 ut

2180 3618 2366 3680 putent
2393 3608 2539 3664 credi
2566 3625 2598 3664 a
2620 3609 2776 3668 nobis
2793 3612 2956 3669 etiam
2983 3613 3156 3683 ipsum
3186 3614 3352 3689 Deum
3380 3616 3673 3685 aliquando
3710 3616 3767 3673 in

2181 3701 2415 3757 tenebris
2449 3716 2571 3758 esse
2619 3713 2915 3770 versatum,
2943 3705 3066 3776 quia
3092 3706 3350 3775 scriptum
3377 3717 3495 3771 est,
3526 3694 3771 3763 Tenebras

2179 3801 2320 3869 erant
2344 3810 2496 3863 super
2519 3794 2752 3866 abyssum
2784 3795 2989 3869 (ϐω.)
3010 3837 3029 3863 ,
3060 3796 3152 3867 2):
3187 3807 3438 3868 tanquam
3480 3815 3578 3854 nos
3602 3800 3770 3873 abys—

2179 3898 2295 3943 sum
2322 3884 2562 3945 dicamus
2590 3887 2753 3943 Deum
2779 3929 2794 3955 ,
2824 3888 2913 3943 ubi
2942 3889 3175 3945 tenebm
3204 3900 3376 3955 erant,
3405 3892 3525 3961 quia
3570 3891 3655 3946 lux
3690 3890 3769 3947 ibi

2180 3992 2287 4043 non
2314 3988 2451 4046 erat,
2474 3988 2759 4051 antequam
2784 3981 2936 4038 Deus
2974 3983 3140 4039 verbo
3172 3983 3370 4039 laceret
3414 3983 3627 4043 lucem?
3657 3983 3769 4041 Sed

2180 4072 2300 4142 quia
2331 4087 2434 4129 non
2463 4071 2792 4143 distinguunt
2818 4072 2956 4133 inter
2982 4074 3153 4145 lucem
3182 4074 3323 4144 quod
3349 4068 3431 4129 est
3458 4075 3572 4145 ipse
3601 4075 3767 4144 Deus,

2178 4172 2232 4221 et
2252 4164 2421 4220 lucem
2466 4180 2623 4235 quam
2657 4164 2785 4237 fecit
2833 4166 2975 4225 Deus
2995 4208 3009 4232 ,
3061 4166 3181 4222 ideo
3210 4174 3397 4236 putant
3426 4181 3543 4221 esse
3564 4182 3763 4224 conse-

2177 4269 2369 4324 quens,
2401 4256 2534 4310 utin
2586 4256 2819 4312 tenebris
2849 4257 2966 4325 ipse
3015 4256 3195 4323 fuerit,
3233 4267 3517 4329 antequam
3560 4258 3768 4315 faceret

2176 4347 2375 4416 lucem,
2395 4362 2515 4411 cum
2545 4350 2776 4404 tenebrae
2798 4358 2976 4405 essent
2996 4364 3155 4420 super
3176 4351 3455 4422 abyssum.
3476 4359 3767 4420 antequam

2175 4437 2399 4506 diceret,
2418 4436 2537 4493 Fiat
2559 4440 2679 4505 lux;
2700 4450 2745 4494 et
2772 4442 2908 4513 facta
2926 4450 2996 4495 est
3021 4441 3107 4495 luas
3132 4441 3316 4511 (Ibid.,
3342 4443 3419 4514 3).
3446 4442 3595 4497 Sicut
3617 4443 3767 4497 enim

2176 4532 2229 4589 in
2264 4533 2410 4589 Novo
2436 4533 2777 4589 Testamento
2833 4542 3113 4604 utrumque
3148 4535 3213 4590 de
3253 4535 3343 4589 illo
3383 4535 3608 4601 dicitur;
3636 4550 3765 4589 nam

2175 4637 2250 4696 et,
2281 4627 2419 4683 Deus
2444 4628 2537 4682 tua;
2562 4637 2655 4693 est,
2681 4638 2727 4681 et
2757 4628 2968 4682 tenebrae
2988 4630 3042 4681 in
3062 4645 3118 4683 eo
3140 4645 3238 4683 non
3256 4639 3369 4682 sunt
3391 4630 3510 4685 ullae
3530 4627 3576 4701 (ι
3593 4626 3756 4682 Jaan.

2172 4734 2211 4787 1,
2244 4721 2321 4790 5),
2351 4721 2425 4781 ibi
2452 4721 2705 4789 legimus;
2755 4728 2829 4784 ct,
2862 4719 2999 4775 Deus
3048 4721 3132 4791 qui
3160 4721 3289 4773 dixit
3315 4721 3378 4773 de
3418 4719 3630 4795 tenebris
3675 4720 3765 4773 lu-

2182 4828 2295 4873 men
2321 4813 2613 4878 clarescere,
2654 4812 2841 4866 claruit
2877 4812 2932 4864 in
2954 4812 3187 4866 cordibus
3212 4813 3395 4866 nostris
3421 4812 3441 4884 (
3465 4811 3504 4865 Il
3536 4811 3657 4867 Cor.
3687 4828 3763 4879 tv,

2173 4902 2444 4975 6),itidem
2464 4903 2531 4957 ibi
2551 4902 2802 4973 legimus:
2832 4902 2909 4958 sic
2935 4912 2986 4958 et
3018 4904 3069 4958 in
3102 4904 3207 4959 illis
3236 4904 3505 4977 veteribus
3530 4900 3706 4959 Libris
3737 4945 3755 4970 ,

2172 5005 2247 5063 et,
2272 4986 2474 5049 Candor
2500 5004 2570 5048 est
2594 4994 2721 5063 lucis
2755 5004 2957 5049 (eterna:
2980 4995 3139 5065 (Sap.
3164 5011 3257 5061 vu,
3281 4994 3396 5066 26),
3431 4996 3631 5050 dictum
3674 5003 3761 5049 est

2171 5084 2239 5141 de
2265 5084 2537 5154 Sapientia
2568 5084 2685 5150 Dei,
2711 5100 2828 5154 qua:
2859 5086 3039 5155 utique
3079 5086 3215 5139 facta
3239 5102 3342 5139 non
3370 5096 3472 5149 eSt,
3509 5086 3632 5155 quia
3662 5102 3763 5155 per

2172 5177 2319 5231 illam
2349 5175 2483 5230 facta
2507 5185 2633 5230 sunt
2656 5176 2833 5231 omnia
2865 5174 3063 5249 (Joan.
3092 5192 3133 5242 ι,
3160 5176 3213 5246 5)
3236 5192 3253 5241 ;
3279 5184 3335 5230 et
3361 5176 3427 5233 de
3456 5177 3573 5231 lucc
3625 5192 3759 5246 qua-

2169 5268 2311 5343 dant,
2340 5283 2457 5343 qua:
2484 5284 2587 5322 non
2616 5266 2713 5322 nisi
2734 5284 2827 5337 per
2855 5267 2996 5322 illam
3014 5268 3124 5324 ﬁeri
3148 5254 3351 5338 potest,
3368 5267 3468 5323 hoc
3498 5267 3656 5331 modo
3687 5268 3761 5322 ibi

2168 5361 2382 5427 dicitur,
2409 5360 2489 5414 Tu
2513 5360 2822 5414 illuminabis
2851 5360 3115 5435 lucernam
3132 5377 3314 5440 nteant,
3340 5360 3554 5415 Domine
3574 5378 3592 5425 ;
3616 5361 3761 5416 Deus

2168 5471 2328 5520 meus,
2355 5452 2668 5508 illuminabis
2692 5454 2918 5506 tenebras
2939 5470 3075 5506 meas
3100 5453 3271 5525 (Psal.
3308 5470 3432 5518 xvu,
3461 5453 3573 5523 29).
3606 5453 3759 5509 Sicut

2167 5554 2221 5601 et
2257 5546 2323 5599 ab
2355 5545 2503 5598 initio
2530 5559 2648 5599 cum
2670 5543 2901 5598 tenebrae
2926 5554 3109 5619 essent
3129 5559 3290 5614 super
3311 5544 3587 5616 abyssum,
3608 5544 3748 5599 dixit

2170 5636 2327 5701 Deus,
2378 5634 2496 5689 Fiat
2523 5636 2650 5700 lux;
2681 5644 2727 5690 et
2748 5639 2883 5707 facta
2912 5646 2983 5690 est
3010 5637 3098 5690 lux
3126 5652 3143 5690 :
3168 5646 3331 5707 quam
3357 5650 3465 5691 non
3497 5636 3713 5693 fecisset
3734 5676 3755 5705 ,

2167 5730 2267 5785 nisi
2296 5730 2498 5783 lueiﬁca
2531 5729 2641 5805 lux,
2672 5729 2813 5800 quod
2840 5738 2919 5783 est
2945 5729 3109 5784 Deus.

2236 5817 2462 5875 CAPUT
2518 5815 2607 5871 Ix.
2660 5849 2730 5859 —
2775 5816 2923 5873 Sient
2964 5819 3107 5874 enim
3138 5816 3277 5877 Deus
3325 5814 3425 5878 sibi
3456 5820 3650 5879 sufﬁcit
3684 5819 3752 5881 ad

2228 5937 2244 5968 ί
2282 5942 2381 5985 Am.
2408 5939 2461 5985 et
2488 5931 2656 5997 plures
2672 5939 2801 5997 lss.,
2824 5929 3079 5987 (adlatam.
