4052 6472
287 427 392 485 ωδ

285 555 542 602 internum
561 537 966 607 beatitudinem,
987 543 1042 592 et
1065 537 1130 593 ei:
1155 535 1256 593 hac
1281 533 1515 591 abundat
1551 525 1619 590 ad
1667 523 1869 614 facien-

284 641 380 698 dos
430 641 652 703 beatos;
685 635 758 692 ita
777 633 878 692 sibi
899 631 1094 690 sufﬁcit
1122 625 1188 688 ad
1216 619 1468 710 aeternam
1489 629 1661 685 lucem
1683 671 1698 696 ,
1722 634 1776 682 et
1798 641 1868 681 ex

285 736 386 790 hac
461 731 700 788 abundat
762 723 829 785 ad
903 725 1176 783 faciendos
1231 719 1555 780 illuminatos
1611 741 1624 776 :
1677 719 1871 774 nullius

285 827 485 883 bonum
518 820 778 894 cupiens,
825 833 944 878 cum
989 819 1105 891 ipso
1161 817 1367 874 fruatur
1413 817 1586 873 omnis
1626 815 1870 870 voluntas

283 919 464 982 bona;
511 909 712 972 nullius
753 913 950 970 malum
981 911 1213 977 timens,
1263 925 1384 964 cum
1429 909 1546 979 ipso
1579 907 1873 984 deseratur

285 1011 460 1064 omnis
503 1007 748 1063 voluntas
799 1005 936 1061 mala
972 1022 988 1062 :
1022 1005 1146 1075 quia
1213 1017 1313 1058 nec
1373 1007 1528 1071 auget
1571 1014 1692 1054 eum
1719 1039 1734 1064 ,
1782 994 1871 1066 qui

285 1101 398 1171 ejus
455 1100 599 1156 dono
655 1099 842 1155 beatus
895 1105 1010 1163 est;
1067 1111 1167 1152 nec
1221 1101 1386 1151 terret
1435 1091 1698 1176 eum,__qui
1751 1089 1868 1160 ejus

282 1195 484 1266 judicio
531 1195 695 1250 miser
751 1203 853 1250 est.
901 1191 1086 1248 Talem
1142 1191 1338 1256 Deum,
1393 1181 1705 1252 Manichaci,
1765 1199 1873 1266 non

284 1285 500 1352 colitis;
535 1287 691 1357 longe
727 1287 793 1341 ab
837 1285 929 1339 illo
973 1283 1094 1338 facti
1146 1283 1296 1349 estis,
1333 1282 1458 1336 dum
1491 1279 1869 1350 phantasmata

283 1389 462 1433 vestra
490 1377 786 1442 sectamini,
821 1393 937 1448 qua:
966 1373 1060 1430 cor
1081 1383 1318 1430 vestrum
1346 1389 1538 1428 vanum
1570 1379 1626 1426 et
1652 1385 1863 1440 vagum,

283 1473 458 1528 lucem
491 1474 649 1528 istam
683 1471 978 1527 cmlestium
1014 1484 1300 1539 corporum
1346 1483 1440 1538 per
1487 1463 1662 1522 carnis
1693 1463 1874 1520 oculos

287 1566 566 1632 hauriens,
597 1565 750 1618 vobis
771 1561 1048 1632 multiplici
1081 1561 1294 1614 ﬁctione
1337 1557 1576 1614 dilatavit
1600 1566 1757 1626 atque
1777 1572 1873 1610 va-

283 1657 462 1712 riavit.
498 1657 616 1712 Lux
659 1657 795 1722 ista,
851 1653 1093 1724 quamvis
1138 1661 1191 1708 et
1237 1655 1406 1720 ipsam
1465 1650 1607 1706 Deus
1646 1647 1828 1704 fecerit
1855 1653 1877 1714 ',‘

285 1751 441 1820 longe
499 1747 934 1817 incomparabilis
961 1755 1045 1801 est
1089 1745 1250 1801 etiam
1295 1743 1368 1798 illi
1396 1741 1532 1810 luci,
1561 1755 1718 1812 quam
1753 1737 1877 1794 fecit

287 1845 428 1900 Deus
451 1844 506 1898 in
552 1843 821 1897 mentibus
849 1843 1082 1912 piorum,
1126 1855 1256 1910 quas
1291 1853 1320 1891 a
1365 1837 1599 1892 tenebris
1623 1833 1872 1904 luciﬁcat,

287 1937 423 1990 sicut
473 1935 544 1990 ab
571 1935 843 2004 impietate
865 1931 1122 2004 justiﬁcat
1152 1950 1164 1986 :
1190 1939 1387 2002 quanto
1424 1927 1591 2000 magis
1621 1927 1695 1982 illi
1727 1929 1875 1996 inac-_

285 2025 522 2082 cessibili
549 2069 562 2090 ,
596 2043 716 2096 quae
745 2025 844 2080 ista
878 2027 1058 2080 omnia
1107 2023 1277 2078 facit?
1313 2017 1421 2078 Nec
1453 2021 1700 2076 omnibus
1730 2020 1877 2076 inac-

287 2117 556 2174 cessibilis
583 2125 702 2172 est:
734 2117 880 2171 Beati
923 2117 1064 2172 enim
1093 2109 1467 2181 mundicordes,
1506 2099 1740 2182 quoniam
1779 2113 1877 2183 ipsi

285 2209 451 2266 Deum
477 2197 714 2268 videbuut
749 2207 768 2284 (
794 2197 979 2268 Matth.
1007 2229 1060 2278 v,
1091 2213 1167 2285 8).
1196 2211 1334 2266 Deus
1363 2220 1540 2266 autem
1570 2211 1661 2264 lux
1701 2217 1772 2264 est
1793 2251 1806 2276 ,
1832 2217 1878 2274 et

287 2307 509 2361 tenebrw
527 2307 580 2360 in
605 2324 662 2360 eo
691 2323 789 2360 non
819 2315 935 2360 sunt
959 2307 1120 2360 ullae:
1151 2305 1296 2373 impii
1328 2319 1460 2358 vero
1490 2318 1598 2356 non
1625 2301 1878 2356 videbunt

289 2397 468 2454 lumen
497 2442 512 2466 ,
565 2399 702 2454 sicut
746 2400 872 2454 dicit
919 2399 1080 2453 Isaias
1108 2397 1260 2472 (Isai.
1293 2413 1402 2463 th,
1431 2394 1622 2466 9,10).
1659 2393 1878 2468 Talibus

289 2506 414 2560 ergo
431 2501 515 2544 est
543 2490 927 2546 inaccessibilis
953 2490 1038 2544 illa
1069 2487 1275 2544 luciﬁca
1299 2487 1542 2556 lux,qu:c
1569 2499 1674 2540 non
1706 2486 1878 2540 solum

289 2582 436 2636 illam
468 2583 803 2652 Spiritualcm
841 2581 1014 2638 lucem
1048 2581 1100 2636 in
1128 2587 1436 2636 sanctorum
1465 2578 1752 2642 mentibus,
1783 2576 1880 2632 sed

292 2675 449 2728 ctiam
477 2676 634 2729 istam
654 2677 986 2745 corporalem
1017 2673 1144 2730 fecit
1166 2691 1178 2726 :
1204 2688 1308 2728 non
1327 2671 1392 2726 ad
1421 2686 1576 2741 quam
1601 2669 1881 2741 prohibeat

289 2769 548 2823 accedere
579 2769 771 2834 malos,
803 2767 896 2822 sed
927 2782 1084 2838 quam
1116 2765 1242 2822 facit
1269 2764 1400 2820 oriri
1427 2779 1587 2835 super
1613 2763 1784 2818 bonos
1826 2771 1881 2818 et

289 2859 457 2913 malos
490 2859 708 2940 (.lfatlh.
737 2875 790 2922 v,
825 2860 936 2929 45).

357 2933 585 3006 CAPUT
607 2949 751 3005 X.—
771 2949 904 3006 Cum
931 2933 1060 3020 ergo
1083 2955 1266 3005 essent
1290 2947 1526 3004 tenebrat
1545 2961 1705 3020 super
1719 2946 1882 3018 abys-

291 3057 428 3106 sum,
455 3042 546 3097 ille
575 3042 666 3114 qui
699 3050 815 3098 erat
839 3042 930 3098 lux
959 3083 973 3108 ,
1012 3041 1164 3106 dixit,
1201 3039 1322 3096 Fiat
1362 3039 1472 3095 lux.
1502 3039 1630 3107 Qua:
1677 3039 1766 3094 lux
1793 3039 1878 3094 lu-

300 3151 416 3190 cem
471 3137 681 3202 fcccrit,
712 3121 1052 3190 manifestum
1082 3143 1198 3200 est;
1251 3133 1532 3188 manifeste
1563 3133 1704 3188 enim
1736 3132 1882 3204 posi-

291 3237 398 3282 tum
426 3219 532 3296 est,
563 3225 706 3281 Dixit
735 3226 877 3281 Deus
907 3244 925 3282 :
954 3241 1113 3295 quam
1137 3235 1310 3280 tamen
1343 3225 1516 3280 lucem
1544 3223 1750 3290 fecerit,
1771 3238 1878 3278 non

293 3321 362 3374 ita
395 3317 746 3375 manifestum
779 3328 880 3374 est.
911 3318 1094 3374 Utrum
1117 3318 1258 3373 enim
1285 3317 1426 3372 illam
1456 3332 1576 3388 quae
1606 3316 1659 3370 in
1688 3315 1880 3372 menti-

287 3409 388 3466 bus
415 3411 749 3486 Angelorum
780 3419 884 3476 est,
912 3409 963 3464 id
988 3417 1091 3476 est,
1120 3409 1264 3478 ipsos
1295 3417 1421 3464 tunc
1463 3409 1684 3479 spiritus
1711 3409 1877 3464 ratio-

293 3503 444 3558 nales
465 3502 614 3557 Dcus
639 3501 845 3569 fecerit,
875 3517 943 3556 an
972 3502 1302 3572 corporalem
1352 3501 1635 3582 quamdam
1664 3502 1835 3557 lucem
1859 3543 1876 3570 ,

290 3605 554 3653 remotam
601 3597 764 3652 etiam
805 3597 872 3650 ab
908 3594 1212 3666 aspectibus
1248 3595 1445 3650 nostris
1482 3593 1542 3648 in
1567 3594 1879 3650 sublimibus

291 3687 448 3758 hujus
483 3687 672 3742 mundi
709 3686 842 3742 locis
864 3729 880 3754 ,
921 3689 1062 3743 inter
1092 3686 1360 3742 studiosos
1389 3686 1686 3742 divinarum
1735 3685 1878 3742 Scri-

293 3791 574 3851 pturarnm
621 3778 960 3836 concorditer
999 3778 1320 3858 disputatur.
1378 3778 1577 3856 Quarto
1607 3777 1748 3848 enim
1792 3777 1880 3834 die

287 3873 412 3930 fecit
439 3874 542 3928 ista
565 3871 852 3942 conspicua
880 3871 1002 3926 cceli
1023 3871 1322 3930 luminaria.
1345 3869 1474 3938 Qum
1489 3885 1674 3926 rursus
1698 3879 1876 3925 utrum
1895 3905 1910 3916 η

289 3964 454 4021 simul
486 3980 604 4020 cum
649 3979 746 4018 sua
783 3965 902 4018 luce
942 3962 1074 4018 facta
1107 3963 1244 4027 sint,
1272 3977 1338 4016 an
1393 3977 1458 4017 ex
1489 3961 1578 4016 illa
1605 3977 1722 4030 qua:
1767 3960 1876 4032 jam

293 4055 438 4111 facta
465 4065 598 4122 erat,
628 4055 858 4136 quodam
888 4054 1045 4112 modo
1070 4067 1294 4128 accensa
1315 4053 1444 4120 sint,
1470 4052 1713 4108 similiter
1734 4066 1880 4122 qua:-

291 4149 452 4205 ritur.
487 4148 754 4216 Quaelibet
789 4162 919 4204 sane
953 4147 1040 4204 lux
1069 4145 1216 4222 facta
1242 4146 1346 4212 sit,
1377 4144 1608 4216 quando,
1639 4160 1760 4200 cum
1787 4159 1877 4200 es-

295 4251 416 4298 sent
447 4243 682 4298 tenebrat
707 4257 868 4313 super
895 4240 1146 4314 abyssum
1166 4279 1181 4305 ,
1213 4235 1341 4294 dixit
1379 4236 1536 4300 Deus,
1569 4235 1690 4290 Fiat
1717 4235 1877 4302 Lux;

298 4340 532 4388 creatam
581 4343 760 4389 tamen
812 4332 984 4388 lucem
1008 4346 1039 4386 a
1077 4329 1339 4386 creatrice
1377 4329 1496 4384 luce
1525 4327 1718 4382 factam
1759 4342 1880 4384 esse

295 4439 398 4479 non
445 4424 690 4490 dubitat,
739 4423 982 4494 quisquis
1022 4431 1237 4478 sanctas
1265 4421 1624 4490 Litterasnpie
1653 4419 1880 4490 legendo

297 4514 352 4570 fit
371 4517 566 4588 dignus
592 4517 680 4588 qui
703 4516 977 4587 intelligat.
1545 4575 1552 4582 ,

363 4607 594 4664 CAPUT
637 4606 730 4662 XI.
761 4637 830 4646 —
851 4605 960 4661 Nec
1001 4604 1122 4660 ideo
1147 4604 1416 4676 putandus
1434 4611 1516 4660 est
1543 4603 1706 4668 Deus,
1731 4611 1880 4658 ante-

299 4713 448 4770 quam
501 4700 702 4754 faceret
759 4699 966 4762 lucem,
1008 4698 1062 4752 in
1117 4695 1350 4752 tenebris
1409 4694 1710 4760 habitasse,
1756 4694 1882 4764 quia

299 4792 520 4864 Spiritus
549 4790 646 4845 Dei
683 4789 1086 4861 superferebatur
1113 4803 1263 4860 super
1304 4803 1460 4856 aquas
1501 4784 1520 4858 (
1549 4783 1676 4840 Gen.
1703 4802 1742 4852 1,
1773 4785 1808 4839 2
1835 4785 1878 4858 ),

300 4899 416 4940 cum
441 4883 760 4955 prmdictum
789 4882 994 4946 fuisset,
1029 4880 1264 4935 Tenebrae
1287 4889 1428 4934 erant
1453 4896 1603 4950 super
1623 4879 1878 4952 abyssum.

299 4978 538 5050 Abyssus
563 4989 796 5046 namque
843 4982 929 5029 est
965 4988 1219 5046 aquarum
1251 4971 1636 5026 inaestimabilis
1665 4969 1881 5040 profun-

297 5069 451 5126 ditas.
476 5069 634 5126 Unde
663 5075 840 5139 potest
859 5080 1142 5122 occurrere
1167 5065 1364 5122 carnali
1383 5063 1676 5134 prudentiae
1695 5103 1710 5128 ,
1737 5062 1882 5117 velut

301 5163 352 5218 in
395 5164 461 5218 iis
515 5163 753 5218 tenebris
779 5201 796 5228 ,
845 5175 963 5230 quas
1001 5167 1154 5216 erant
1181 5173 1339 5230 super
1368 5159 1642 5228 abyssum,
1675 5154 1882 5210 habita-

299 5257 432 5312 verit
453 5255 684 5327 Spiritus
709 5255 820 5318 Dei,
850 5253 918 5308 de
951 5267 1058 5324 quo
1082 5251 1278 5307 dictum
1300 5257 1400 5316 est,
1434 5247 1714 5302 Ferebatur
1733 5263 1882 5318 super

303 5362 490 5418 aquas;
519 5363 628 5404 non
649 5345 964 5418 iutelligenti
990 5341 1436 5415 quemadmodum
1467 5341 1558 5396 lux
1611 5339 1786 5393 luceat
1827 5338 1878 5391 in

304 5442 556 5508 tenebris,
581 5449 636 5495 et
667 5439 900 5496 tenebrae
924 5453 1042 5493 eam
1077 5451 1184 5492 non
1213 5432 1664 5504 comprehendant
1686 5429 1878 5503 (Joan.

303 5547 350 5598 l,_
363 5533 442 5604 5),
471 5533 576 5588 nisi
609 5547 704 5602 per
732 5531 830 5587 Dei
859 5531 1078 5588 verbum
1124 5529 1251 5584 ﬁant
1289 5529 1404 5594 lux,
1433 5535 1490 5584 et
1531 5525 1738 5582 dicatur
1758 5525 1836 5582 eis
1863 5563 1878 5590 ,

305 5623 495 5680 Fuistis
519 5624 798 5694 aliquando
827 5625 1076 5690 tenebras;
1105 5637 1237 5675 nunc
1265 5629 1434 5675 autem
1463 5619 1550 5673 lux
1570 5619 1622 5672 in
1655 5617 1873 5672 Domino

307 5714 516 5788 (Ep/tes.
564 5729 618 5782 v,
647 5715 722 5786 8).
771 5713 921 5782 Quod
952 5711 996 5768 si
1035 5710 1324 5766 rationales
1353 5718 1556 5766 mentes
1584 5723 1678 5780 per
1704 5709 1884 5764 volun-

305 5817 464 5862 tatem
512 5806 728 5875 impiam
769 5803 1068 5859 tenebr‘osae
1117 5801 1288 5857 lucem
1323 5801 1611 5872 sapientiae
1639 5801 1734 5856 Dei
1758 5817 1886 5856 nus-

309 5915 472 5972 quam
525 5899 802 5956 absentem
836 5893 1292 5968 comprehendere
1317 5911 1424 5952 non
1457 5903 1716 5968 possunt,
1744 5895 1885 5966 quod

1445 413 1646 475 LIBER
1684 403 2049 474 VlGESIMUS
2079 377 2453 475 sticuunus.

3461 432 3568 488 406

1980 533 2047 589 ab
2084 552 2144 591 ea
2194 535 2350 610 longe
2395 517 2502 594 sint
2530 535 2722 595 ail'ectu
2746 580 2762 610 ,
2793 554 2898 598 non
2935 523 3090 608 meo;
3120 543 3248 616 quid
3277 546 3472 602 mirum
3514 549 3563 605 si

1980 617 2204 700 Spiritus
2227 631 2344 702 Dei,
2375 634 2462 704 qui
2490 633 2918 704 superferebatur
2931 650 3093 708 super
3112 653 3298 708 aquas,
3319 639 3563 709 superfe-

1979 724 2194 780 rebatur
2218 727 2374 782 etiam
2397 743 2556 798 super
2575 743 2831 800 aquarum
2859 730 3127 798 tenebras,
3158 731 3565 802 incomparabili

1979 817 2192 886 quidem
2213 819 2620 892 longinquitate,
2649 823 2742 879 sed
2769 824 3099 893 substantiis,
3131 841 3238 880 non
3268 826 3510 884 locorum
3531 828 3558 884 ἲ

2050 907 2274 964 CAPUT
2318 909 2432 966 Xll.
2463 941 2532 952 —
2573 911 2698 994 Scio
2732 915 2946 994 quidem
2993 915 3108 972 istis
3171 933 3330 988 quam
3383 919 3561 980 surdis

1981 999 2096 1056 haec
2145 1012 2350 1060 cantem
2379 1020 2512 1060 :nec
2556 993 2728 1064 tamen
2759 993 2988 1078 despero
3020 1007 3162 1078 quod
3220 1009 3410 1066 cantici
3457 1011 3562 1068 mei

1979 1093 2175 1150 veritas
2205 1095 2480 1152 inventura
2511 1107 2576 1152 su
2604 1113 2788 1153 aurem
2827 1115 2976 1154 suam
3013 1142 3028 1168 ,
3081 1116 3237 1172 quam
3292 1101 3558 1158 Dominus

1981 1191 2284 1259 aperuerit,
2336 1207 2366 1246 a
2395 1207 2498 1261 quo
2533 1201 2810 1260 suntvera
2846 1209 2964 1264 qute
3013 1194 3261 1250 dicimus.
3295 1194 3432 1250 Istos
3469 1211 3562 1258 au-

1981 1291 2107 1348 tem,
2129 1284 2312 1354 quales
2338 1284 2633 1340 divinarum
2654 1284 3050 1356 Scripturarum
3068 1287 3274 1356 judices
3303 1288 3560 1360 patimur,

1980 1375 2172 1444 quibus
2195 1377 2352 1430 etiam
2384 1377 2630 1447 diSplicet
2648 1375 2788 1448 quod
2819 1379 2926 1434 Deo
2949 1379 3240 1448 placuerint
3256 1394 3418 1450 opera
3440 1394 3558 1448 sua,

1982 1484 2139 1536 quem
2173 1477 2424 1540 tanquam
2455 1471 2722 1526 insolitam
2751 1472 2924 1526 lucem
2951 1471 3198 1528 miratum
3234 1488 3355 1530 esse
3377 1487 3565 1542 repre-

1977 1559 2220 1626 hendunt
2245 1605 2260 1628 ,
2289 1564 2412 1632 quia
2439 1565 2694 1634 scriptum
2721 1573 2823 1632 est,
2851 1565 2916 1618 Et
2948 1565 3070 1620 vidit
3095 1566 3232 1622 Deus
3264 1568 3425 1622 lucem
3444 1567 3564 1638 quia

1981 1653 2112 1720 bona
2135 1665 2204 1708 est
2229 1655 2379 1730 (Gen.
2409 1673 2448 1726 ι,
2479 1658 2576 1728 4)?
2603 1659 2880 1728 Approbat
2905 1659 3046 1714 enim
3085 1673 3248 1727 opera
3286 1675 3402 1724 sua,
3440 1661 3564 1729 quia

1981 1747 2195 1817 placent
2215 1749 2262 1804 ei
2293 1765 2409 1820 quae
2431 1749 2576 1814 fecit,
2601 1760 2655 1806 et
2677 1751 2778 1806 hoc
2807 1760 2890 1808 est
2913 1751 3097 1808 videre
3121 1752 3242 1822 quia
3261 1753 3402 1808 bona
3417 1761 3562 1808 sunt.
3617 1745 3624 1762 δ

1983 1839 2170 1909 Neque
2194 1841 2334 1896 enim
2359 1841 2560 1912 aliquid
2587 1844 2785 1898 invitus
2809 1843 2986 1900 facere
3010 1845 3238 1914 cogitur,
3266 1854 3326 1900 ut
3348 1843 3492 1912 quod
3515 1843 3568 1900 ei
3599 1857 3602 1860 ‘

1984 1947 2090 1986 non
2117 1931 2292 2002 placet
2331 1931 2524 2000 faciat;
2555 1942 2646 1988 aut
2700 1935 2754 1990 in
2795 1935 2994 2004 aliquid
3033 1934 3332 1990 faciendum
3365 1934 3568 2004 impru-

1984 2024 2116 2080 dens
2151 2025 2374 2088 labitur,
2411 2035 2468 2080 nt
2501 2026 2694 2082 factum
2756 2043 2874 2083 esse
2924 2028 3222 2099 displiceat.
3253 2027 3364 2084 Cur
3389 2037 3568 2085 autem

1981 2116 2098 2172 istis
2127 2133 2234 2172 non
2278 2118 2577 2189 displiceat,
2601 2120 2740 2189 quod
2769 2121 2908 2176 Deus
2937 2129 3121 2196 noster
3141 2135 3277 2192 opus
3303 2135 3458 2176 suum
3481 2121 3564 2176 vi.

1985 2210 2080 2278 dit,
2109 2212 2230 2281 quia
2253 2210 2450 2266 bonum
2471 2221 2583 2277 est;
2613 2212 3042 2282 quandoquidem
3068 2213 3202 2268 deus
3231 2227 3420 2270 eorum
3445 2227 3568 2268 cum

1985 2302 2224 2360 membra
2269 2317 2364 2358 sua
2411 2305 2599 2358 mersit
2651 2304 2702 2358 in
2747 2303 3036 2371 tenebras,
3079 2304 3256 2360 velum
3283 2313 3469 2360 contra
3507 2317 3572 2360 so

1987 2395 2200 2466 posuit?
2228 2395 2348 2450 Non
2388 2397 2530 2452 enim
2559 2396 2700 2466 quod
2727 2395 2854 2452 fecit
2875 2395 3026 2464 vidit,
3055 2395 3178 2466 quia
3216 2395 3413 2452 bonum
3438 2405 3522 2452 est
3551 2410 3568 2450 :

1987 2487 2080 2543 sed
2113 2487 2284 2542 noluit
2316 2488 2520 2553 videre,
2551 2489 2672 2558 quia
2703 2487 2902 2544 malum
2933 2498 3036 2544 est.

2055 2578 2284 2636 CAPUT
2323 2579 2461 2634 Xlll.
2493 2610 2562 2620 --
2587 2580 2830 2636 Miratum
2859 2595 2990 2638 sane
3018 2581 3246 2636 Faustus
3271 2579 3438 2636 Deum
3469 2593 3570 2635 no-

1987 2678 2156 2726 strum
2182 2668 2338 2736 dixit,
2367 2671 2506 2740 quod
2533 2673 2788 2742 scriptum
2817 2687 2926 2728 non
2966 2680 3048 2730 est
3077 2690 3092 2728 :
3120 2686 3223 2730 nec
3244 2671 3462 2728 omnino
3490 2677 3573 2727 est

1987 2776 2320 2832 consequens
2337 2771 2396 2818 ut
2419 2779 2538 2820 cum
2558 2761 2748 2833 aliquis
2770 2763 2900 2818 vidit
2919 2763 3040 2834 quia
3067 2762 3264 2820 bonum
3284 2771 3387 2830 est,
3411 2763 3572 2818 etiam

1985 2857 2211 2930 miratus
2229 2856 2456 2912 dicatur.
2485 2857 2646 2914 Multa
2670 2858 2816 2914 enim
2843 2858 2982 2912 bona
3005 2857 3248 2914 videntes
3271 2871 3378 2914 non
3407 2857 3572 2912 mira-

1987 2965 2124 3017 mur,
2152 2959 2402 3020 tanquam
2421 2958 2614 3020 prieter
2633 2951 2938 3020 opinionem
2961 2952 3033 3006 ita
3059 2952 3166 3006 sint
3183 2967 3198 3017 ;
3223 2950 3318 3007 sed
3339 2959 3575 3030 tantum-

1987 3045 2146 3101 modo
2187 3045 2565 3116 approbamus,
2595 3045 2738 3122 quod
2763 3046 2838 3102 ita
2863 3061 2982 3102 esse
3011 3046 3312 3102 debuerint.
3342 3045 3573 3102 Verum-

1987 3147 2162 3194 tamen
2191 3137 2523 3194 ostendimus
2547 3139 2647 3204 eis,
2678 3151 2782 3194 non
2809 3139 2864 3194 in
2903 3138 3092 3194 Vetere
3117 3136 3462 3195 Testamento
3487 3137 3573 3193 cui

1984 3231 2248 3288 malitiose
2267 3234 2674 3300 calumniantur,
2699 3235 2792 3290 sed
2811 3235 2864 3289 in
2882 3233 3032 3290 Novo
3051 3235 3190 3306 quod
3215 3243 3274 3290 ut
3297 3235 3574 3306 imperitos

1983 3323 2174 3380 fallant
2194 3326 2477 3396 accipiunt,
2503 3327 2666 3382 Deum
2690 3341 2810 3382 esse
2831 3327 3098 3382 miratum.
3127 3327 3396 3384 Christum
3424 3327 3568 3382 enim

1983 3415 2217 3473 fatentur
2235 3417 2483 3484 Deum,et
2497 3418 2699 3474 hanein
2715 3419 2904 3489 laqueo
2918 3434 3014 3474 suo
3031 3419 3362 3476 velutescam
3380 3419 3570 3474 dulcis-

1923 3572 1926 3574 .
1985 3512 2174 3568 simam
2193 3519 2416 3582 ponunt,
2441 3527 2542 3584 qua
2561 3512 2998 3568 Christo-deditos
3019 3513 3251 3584 capiant.
3281 3514 3424 3568 Deus
3437 3527 3568 3584 ergo

1985 3603 2208 3658 miratus
2239 3611 2340 3668 est,-
2364 3617 2484 3657 eum
2502 3603 2750 3659 Christus
2777 3603 2999 3659 miratus
3023 3613 3106 3658 est
3131 3605 3241 3659 :sic
3261 3605 3403 3658 enim
3437 3603 3570 3657 scri-

1985 3703 2132 3764 ptum
2149 3703 2231 3749 est
2243 3695 2294 3747 in
2311 3693 2766 3764 Evangelio,quod
2778 3695 2956 3750 audita
2973 3695 3076 3750 ﬁde
3089 3695 3364 3764 cujusdam
3381 3694 3574 3750 Centu-

1984 3785 2152 3842 rionis
2167 3787 2376 3841 miratus
2391 3795 2482 3854 est,
2502 3796 2548 3840 et
2572 3787 2644 3840 ait
2669 3787 2930 3858 discipulis
2947 3789 3075 3855 suis,
3095 3787 3254 3842 Amen
3271 3787 3384 3842 dico
3407 3788 3567 3852 vobis,

1987 3895 2085 3933 non
2103 3879 2268 3933 inveni
2289 3887 2482 3932 tantam
2497 3879 2650 3948 ﬁdem
2669 3880 2722 3932 in
2739 3879 2902 3934 Israel
2917 3879 3129 3952 (Matth.
3149 3893 3264 3946 vm,
3286 3877 3395 3950 10).
3431 3877 3580 3934 Ecce

1986 3988 2084 4028 nos
2109 3981 2168 4028 ut
2216 3973 2504 4044 potuimus,
2525 3975 2886 4042 exposuimus,
2923 3973 3062 4028 Vidit
3091 3972 3230 4028 Deus
3251 3973 3372 4043 quia
3387 3972 3572 4027 bonum

1984 4075 2098 4129 est;
2123 4071 2178 4120 et
2217 4064 2408 4119 melius
2435 4063 2675 4119 fortassis
2718 4071 2990 4133 exponunt
3017 4065 3118 4118 ista
3148 4063 3396 4119 meliores
3425 4055 3446 4118 ἐ
3471 4077 3570 4118 ex-

1984 4167 2188 4230 ponant
2211 4167 2266 4213 et
2290 4158 2374 4213 isti
2393 4173 2556 4228 quare
2581 4159 2650 4214 sit
2679 4159 2902 4213 miratus
2921 4151 3095 4224 Jesus,
3121 4157 3262 4230 quod
3283 4159 3569 4230 antequam

1985 4250 2158 4319 ﬁeret,
2199 4251 2550 4322 praesciebat;
2583 4259 2639 4306 et
2678 4247 2962 4320 antequam
2993 4249 3221 4318 audiret,
3265 4251 3448 4322 utiQue
3473 4263 3572 4305 no-

1983 4349 2150 4396 verat.
2203 4341 2514 4412 Quanquam
2563 4341 2704 4396 enim
2757 4341 3043 4412 plurimum
3092 4341 3337 4406 intersit,
3389 4329 3568 4396 utrum

1985 4435 2162 4491 videat
2191 4435 2378 4505 aliquis
2407 4435 2526 4504 quia
2557 4433 2754 4490 bonum
2783 4442 2886 4502 est,
2933 4449 2999 4490 an
3027 4435 3185 4490 etiam
3216 4434 3440 4490 miretur
3467 4451 3482 4488 :
3515 4433 3572 4489 in

1985 4529 2088 4584 hoc
2115 4537 2290 4583 tamen
2336 4535 2414 4582 est
2445 4528 2699 4581 nonnulla
2730 4527 3043 4592 similitudo,
3077 4527 3198 4598 quia
3226 4528 3384 4584 etiam
3416 4527 3571 4583 Jesus

1985 4620 2160 4674 lucem
2186 4617 2310 4673 ﬁdei
2349 4617 2572 4672 miratus
2595 4625 2696 4686 est,
2729 4625 2886 4688 quam
2915 4618 2970 4672 in
3011 4619 3174 4674 corde
3205 4615 3349 4674 illius
3377 4617 3572 4674 Centun

1984 4711 2152 4766 rionis
2203 4710 2318 4780 ipse
2373 4708 2610 4775 fecerat,
2663 4709 2753 4780 qui
2801 4719 2988 4764 verum'
3033 4719 3113 4765 est
3162 4711 3376 4776 lumen,
3429 4707 3572 4778 quod

1985 4803 2247 4858 illuminat
2273 4817 2486 4857 omnem
2519 4801 2786 4856 hominem
2825 4803 3126 4859 venientem
3155 4803 3208 4858 in
3239 4803 3382 4858 hunc
3411 4815 3571 4856 mun-

1986 4895 2112 4952 dum
2155 4893 2329 4966 (Joan.
2361 4911 2398 4958 ι,
2432 4895 2529 4964 9)?

2029 4986 2279 5043 CAPUT
2315 4985 2455 5042 XIV.
2484 5015 2554 5026 -ο
2581 4987 2748 5056 Quem
2777 4987 2960 5058 pdsse‘t
2988 4987 3134 5043 certe
3158 4985 3346 5057 aliquis
3367 4985 3565 5056 impius

1985 5091 2220 5149 paganus
2247 5078 2316 5130 ita
2340 5077 2650 5132 calumniari
2679 5087 2734 5133 et
2759 5077 3150 5148 reprehendere
3177 5077 3232 5132 in
3251 5065 3566 5148 Evangelia”,

1986 5171 2122 5226 sicut
2171 5169 2336 5224 Deum
2380 5167 2605 5224 Faustus
2649 5169 2702 5224 in
2743 5173 2921 5224 vetere
2965 5161 3326 5224 Testamento;
3359 5163 3572 5223 Diceret

1985 5263 2126 5318 enim
2151 5269 2204 5317 et
2224 5261 2312 5316 ille
2337 5262 2688 5332 improvidum
2717 5259 3009 5329 Christum,
3039 5276 3144 5317 non
3173 5259 3345 5317 solum
3376 5261 3440 5319 e'x
3465 5259 3572 5318 hoc

1986 5354 2128 5427 quod
2171 5356 2393 5410 miratus
2435 5363 2518 5412 est
2561 5352 2901 5411 Centurionis
2948 5355 3144 5420 ﬁdem;
3187 5369 3369 5410 verum
3409 5353 3572 5411 etiam

1986 5447 2128 5520 quod
2152 5447 2339 5503 Judam
2367 5448 2507 5502 inter
2529 5445 2818 5518 discipulos
2852 5447 3030 5518 elegit,
3063 5445 3152 5517 qui
3179 5441 3427 5502 mandata
3455 5445 3574 5518 ejus
3610 5465 3619 5506 ξ

1987 5557 2093 5596 non
2137 5547 2252 5596 erat
2295 5547 2600 5595 servaturns
2631 5537 2738 5612 (Id.
2783 5553 2860 5605 vr,
2893 5525 2981 5618 ’71)
3013 5555 3028 5594 :
3055 5539 3188 5595 sicut
3231 5537 3576 5612 reprehendit

1989 5635 2108 5702 iste,
2137 5650 2232 5691 cur
2259 5643 2580 5706 praeceptum
2607 5633 2660 5688 in
2687 5631 2938 5704 paradiso
2959 5633 3140 5689 datum
3171 5631 3331 5689 fuerit
3367 5629 3572 5687 homini
3618 5701 3628 5714 δ

1990 5745 2094 5785 non
2123 5727 2328 5783 facturo
2357 5724 2507 5800 (Gen.
2535 5741 2594 5794 ll,
2625 5725 2714 5794 16,
2746 5725 2832 5792 l7,
2856 5733 2904 5781 et
2929 5739 3006 5794 ιιι,
3033 5725 3112 5800 6).
3140 5725 3393 5796 Culpa'ret
3411 5717 3573 5780 etiam

1990 5822 2140 5890 illud,
2169 5819 2316 5892 quod
2360 5821 2498 5874 scire
2543 5833 2652 5874 non
2699 5819 2932 5882 potuerit
2972 5819 3090 5890 Quis
3134 5833 3256 5876 eum
3301 5817 3570 5888 tetigerit,

1997 5914 2211 5988 quando
2237 5913 2406 5985 tetigit
2432 5911 2698 5971 ﬁmbriam
2725 5913 3028 5970 vestimenti
3055 5911 3191 5983 ejus,
3221 5925 3340 5983 quae
3369 5907 3573 5965 ﬂuxum
