4052 6430
473 362 580 417 407

476 471 748 544 sanguinis
795 471 1131 542 patiebatur:
1159 469 1296 525 sicut
1336 470 1438 523 iste
1478 466 1710 537 culpavit
1745 465 1911 520 Deum
1955 479 2054 520 ne-

477 567 643 621 scisse
671 564 759 618 ubi
789 564 978 620 lateret
1015 562 1205 618 Adam.
1237 561 1408 618 Credo
1450 560 1574 630 quia
1599 558 1816 623 dixerit,
1846 556 2012 611 Adam
2034 599 2051 625 ,

474 658 564 711 ubi
583 674 635 711 es
662 654 817 725 (Gen.
846 670 924 718 ιιι,
952 656 1007 725 9)
1028 654 1201 709 τείοιιι
1225 652 1355 708 dixit
1377 651 1639 719 Christus,
1660 650 1873 717 Quisme
1898 650 2056 721 tetigit

485 748 630 820 (Luc.
656 762 770 812 vm,
800 746 889 812 44,
918 744 1009 815 45)
1034 744 1059 798 ?
1082 745 1291 799 Diceret
1318 752 1372 799 et
1397 743 1629 797 invidum
1651 757 1715 797 ac
1734 744 2011 796 timentem
2034 781 2051 808 ,

475 858 545 898 ne
568 842 611 897 si
639 842 893 895 intrarent
918 838 1149 910 quinque
1174 838 1291 892 alia:
1317 837 1550 908 virgines
1580 838 1631 891 in
1660 850 1881 905 regnum
1911 834 2046 905 ejus,

478 934 718 989 viverent
746 933 795 987 in
826 940 1079 987 teternum
1104 947 1119 994 ;
1150 940 1335 985 contra
1360 945 1490 999 quas
1520 928 1590 983 ita
1620 929 1830 992 clausit,
1862 937 1919 982 ut
1948 941 2048 981 nec

480 1023 851 1079 miserabiliter
866 1021 1193 1091 pulsantibus
1208 1020 1437 1091 aperiret
1452 1019 1661 1091 (Matth.
1679 1034 1811 1083 xxv,
1828 1019 1916 1083 11,
1938 1017 2048 1087 12),

470 1116 615 1169 velut
644 1114 957 1168 obliviscens
984 1112 1124 1182 quod
1154 1112 1265 1181 ipse
1308 1112 1645 1181 promiserat,
1677 1108 1882 1173 dicens,
1916 1108 2052 1162 Pul-

468 1215 580 1259 sate
602 1214 649 1259 et
688 1203 937 1273 aperietur
974 1203 1109 1256 vobis
1139 1200 1247 1273 (Id.
1276 1217 1369 1267 vn,
1397 1200 1452 1271 7)
1486 1219 1500 1254 :
1533 1202 1670 1255 sicut
1708 1199 1809 1253 iste
1838 1198 2051 1253 invidiae

472 1298 779 1367 timorisque
801 1297 971 1367 arguit
1001 1298 1186 1362 Deum,
1215 1294 1355 1365 quod
1376 1294 1441 1349 ad
1468 1295 1629 1349 vitam
1655 1302 1909 1348 mternam
1940 1307 2048 1347 non

468 1389 743 1444 admiserit
786 1398 1137 1458 peccatorem.
1189 1388 1396 1443 Diceret
1439 1394 1493 1442 et
1539 1394 1898 1456 appetentem,
1943 1399 2049 1439 non

466 1481 753 1551 pecudum,
802 1481 895 1535 sed
936 1480 1210 1535 hominum
1252 1477 1541 1548 sanguinis,
1574 1476 1695 1545 quia
1742 1474 1897 1540 dixit,
1948 1473 2050 1540 Qui

466 1572 739 1642 perdiderit
765 1572 985 1624 animant
1013 1587 1157 1625 suam
1192 1579 1395 1640 propter
1419 1585 1515 1632 me,
1548 1568 1599 1620 in
1628 1568 1779 1620 vitam
1808 1577 2049 1620 aeternam

464 1664 679 1716 inveniet
717 1680 822 1717 eam
850 1661 961 1728 (Id.
994 1678 1048 1727 x,
1080 1658 1170 1732 59)
1202 1678 1215 1713 :
1248 1662 1382 1714 sicut
1410 1660 1510 1713 iste
1539 1657 1605 1712 de
1630 1656 1905 1712 sacriﬁciis
1932 1656 2049 1709 ani-

465 1755 703 1819 malium,
730 1755 918 1825 quibus
944 1753 1123 1824 figuris
1150 1751 1555 1821 promittebatur
1578 1749 1899 1804 sacriﬁcium
1925 1762 2047 1802 san-

464 1848 660 1917 guinis,
689 1862 793 1915 quo
821 1846 1079 1912 redempti
1110 1859 1313 1909 sumus,
1361 1842 1527 1895 voluit
1568 1840 1906 1897 calumniari.
1938 1839 2047 1894 Re-

464 1938 821 2008 prehenderet
842 1948 891 1991 ct
910 1936 1191 1999 zelantem,
1213 1934 1333 2003 quia
1351 1948 1469 1986 cum
1488 1940 1727 1986 ementes
1744 1939 1797 1984 et
1818 1928 2045 1983 venden-

464 2041 547 2087 tes
586 2032 652 2086 de
680 2032 874 2100 templo
923 2027 1239 2099 ﬂagellando
1290 2026 1553 2095 ejecisset,
1604 2022 2045 2077 commemoravit

466 2122 802 2191 Evangelista
842 2122 910 2176 de
947 2122 1038 2175 illo
1079 2135 1198 2175 esse
1227 2119 1502 2187 scriptum,
1545 2114 1696 2170 Zelus
1740 2115 1917 2169 domus
1945 2123 2046 2169 tua:

464 2212 677 2265 comedit
718 2227 797 2264 me
840 2210 1033 2280 (Joan.
1064 2225 1123 2273 tt,
1170 2208 1376 2277 15-17)
1409 2226 1421 2258 :
1450 2207 1585 2261 sicut
1632 2206 1729 2259 iste
1774 2204 2047 2259 accusavit

464 2304 723 2357 zelantcm
754 2303 938 2366 Deum,
966 2300 1107 2370 quod
1134 2298 1252 2353 aliis
1272 2298 1558 2353 sacrificari
1586 2296 1858 2351 vetuisset.
1885 2296 2046 2350 Dice-

463 2402 546 2447 ret
571 2394 885 2446 irascentem
914 2392 966 2443 in
988 2405 1113 2444 suos
1138 2398 1191 2444 et
1219 2390 1271 2442 in
1303 2389 1507 2441 alienos
1540 2405 1553 2440 :
1584 2387 1636 2440 in
1658 2401 1784 2440 suos
1804 2386 2039 2455 quidem,

463 2485 584 2553 quia
635 2483 786 2547 dixit,
821 2482 1008 2537 Servus
1048 2483 1133 2552 qui
1162 2482 1253 2535 scit
1296 2481 1597 2534 voluntatem
1636 2479 1826 2532 domini
1855 2480 1954 2543 sui,
1996 2487 2043 2533 et

467 2593 565 2630 non
592 2577 710 2647 facit
732 2577 904 2647 digna,
930 2576 1094 2647 plagis
1115 2574 1372 2644 vapulabit
1392 2574 1563 2627 multis
1586 2573 1602 2603 ¹
1627 2571 1779 2641 (Luc.
1803 2587 1896 2633 xu,
1916 2572 2039 2641 47);

464 2672 519 2726 in
544 2672 746 2726 alienos
775 2679 971 2735 autem,
994 2669 1115 2740 quia
1141 2668 1292 2734 dixit,
1322 2666 1382 2721 Si
1405 2666 1515 2732 quis
1540 2682 1625 2719 vos
1653 2682 1752 2718 non
1778 2665 2038 2733 receperit,

465 2763 676 2816 excutitc
718 2762 819 2816 illis
868 2761 1117 2829 pulverem
1161 2758 1225 2812 de
1261 2756 1608 2811 calceamentis
1648 2756 1822 2809 vestris
1849 2771 1867 2808 :
1895 2771 2044 2809 amen

466 2855 579 2908 dico
602 2855 757 2920 vobis,
783 2854 901 2924 quia
932 2850 1243 2906 tolerabilius
1272 2851 1362 2904 erit
1390 2849 1629 2904 Sodomae
1656 2849 1710 2901 in
1739 2849 1819 2901 die
1834 2848 2041 2918 judicii,

464 2964 617 3017 quam
641 2947 715 3001 illi
740 2945 923 3001 civitati
948 2942 1161 3016 (Matth.
1190 2958 1248 3009 x,
1278 2942 1367 3007 14,
1397 2941 1489 3010 15)
1519 2959 1532 2994 :
1566 2941 1701 2995 sicut
1730 2940 1832 2994 iste
1857 2939 2041 2994 crimi-

468 3045 625 3092 natur
669 3038 984 3092 irascentem
1026 3034 1213 3099 Deum,
1258 3046 1397 3085 nunc
1424 3031 1478 3085 in
1524 3029 1746 3095 alienos,
1804 3042 1944 3082 nunc
1987 3028 2040 3083 in

458 3143 614 3194 suos,
647 3143 779 3198 quos
808 3136 1063 3196 utrosque
1092 3124 1377 3193 Apostolus
1401 3129 1806 3185 commemorat,
1837 3118 2040 3185 dicens,

471 3223 783 3293 Quicumque
806 3222 937 3275 enim
972 3220 1079 3273 sine
1102 3218 1234 3289 Lege
1259 3222 1601 3286 peccaverunt,
1632 3213 1740 3267 sine
1763 3210 1896 3282 Lege
1922 3227 2041 3281 per-

466 3314 648 3378 ibunt;
675 3321 723 3367 et
762 3313 1055 3380 quicumque
1106 3310 1160 3362 in
1198 3308 1332 3377 Lege
1360 3311 1702 3377 peccaverunt,
1743 3320 1832 3372 per
1860 3301 2044 3373 Legem

463 3406 826 3477 iudicabuntur
858 3404 1031 3476 (Rom.
1064 3417 1122 3469 tt,
1156 3402 1268 3471 12).
1301 3401 1511 3455 Diceret
1535 3408 1589 3454 et
1612 3397 1964 3452 trucidantem
1989 3406 2043 3453 et

467 3498 823 3554 effundentem
868 3497 1152 3551 multorum
1202 3492 1511 3563 sanguinem
1541 3492 1611 3546 ob
1652 3490 1785 3546 levia
1829 3490 2041 3560 quidem

466 3591 550 3645 vel
573 3590 712 3645 nulla
739 3590 1041 3645 commissa.
1064 3588 1203 3642 Leve
1230 3586 1423 3656 quippe
1443 3592 1532 3639 aut
1558 3583 1758 3637 nullum
1782 3581 2039 3638 commis-

468 3698 582 3737 sum
629 3676 832 3753 pagano
879 3681 1166 3746 videretur,
1187 3678 1272 3733 vel
1314 3691 1417 3731 non
1464 3676 1656 3729 habere
1705 3673 1757 3728 in
1800 3672 2042 3727 convivio

467 3775 767 3845 nuptiarum
798 3782 1001 3827 vestem
1041 3770 1346 3839 nuptialem,
1397 3774 1609 3836 propter
1635 3764 1772 3835 quod
1800 3764 1910 3817 Rex
1941 3777 2041 3816 no-

465 3873 575 3921 ster
604 3866 657 3919 in
702 3863 984 3933 Evangelio
1008 3860 1167 3931 jussit
1209 3858 1477 3912 hominem
1521 3856 1693 3925 ligatis
1723 3854 1961 3908 manibus
1987 3860 2043 3907 et

465 3954 689 4026 pedibus
737 3952 918 4022 projici
944 3952 996 4005 in
1045 3950 1288 4005 tenebras
1316 3946 1605 4003 exteriores
1648 3943 1854 4016 (Matth.
1886 3957 2040 4008 xm,

470 4046 657 4115 11-13)
681 4061 694 4109 ;
727 4044 808 4097 vel
830 4043 967 4096 nolle
996 4056 1154 4110 super
1181 4056 1241 4094 se
1269 4039 1536 4093 Christum
1563 4050 1806 4105 regnare,
1829 4043 2044 4104 propter

467 4136 609 4209 quod
638 4144 907 4207 peccatum
935 4135 1027 4199 ait,
1068 4131 1195 4185 Illos
1222 4140 1389 4183 autem
1431 4130 1515 4197 qui
1556 4128 1818 4181 noluerunt
1860 4143 1938 4180 me
1962 4143 2041 4180 re-

468 4246 624 4301 gnare
650 4229 764 4295 sibi,
796 4227 1049 4290 adducite,
1079 4234 1125 4278 et
1148 4222 1411 4291 interﬁcite
1438 4236 1606 4274 coram
1636 4235 1713 4273 me
1740 4218 1887 4288 (Luc.
1929 4235 2040 4285 nx,

467 4322 560 4392 27)
595 4339 608 4374 :
638 4320 773 4374 sicut
796 4320 895 4373 iste
923 4315 1190 4371 accusavit
1212 4314 1376 4367 Deum
1398 4313 1449 4366 in
1473 4310 1661 4365 Vetere
1680 4308 2040 4377 Testamento,

428 4452 431 4455 γ
468 4414 560 4484 qui
604 4414 654 4467 ei
685 4411 831 4465 visus
859 4416 942 4463 est
988 4414 1200 4476 propter
1245 4404 1379 4457 levia
1418 4401 1500 4456 vel
1530 4400 1674 4455 nulla
1717 4400 1998 4455 commissa
2023 4439 2039 4466 ,

467 4503 743 4559 hominum
769 4498 930 4554 millia
958 4492 1369 4551 trucidareJam
1388 4505 1515 4547 vero
1536 4490 1662 4545 illud
1692 4490 1830 4561 quod
1860 4505 2043 4561 repre-

469 4596 655 4653 hendit
674 4593 917 4657 Faustus,
939 4591 1225 4645 minantem
1242 4587 1407 4641 Deum
1418 4592 1697 4640 venturum
1718 4597 1775 4639 se
1790 4598 1907 4639 esse
1923 4598 2043 4637 cum

469 4686 645 4757 gladio
665 4727 678 4747 ,
710 4699 816 4755 quo
843 4697 947 4738 non
974 4687 1233 4751 parceret,
1268 4692 1365 4731 nec
1390 4677 1554 4746 justo,
1611 4690 1709 4730 nec
1744 4673 2007 4744 peccatori
2026 4715 2041 4739 ,

471 4775 738 4849 quomodo
755 4787 989 4846 paganus
1010 4771 1100 4827 ille
1130 4767 1565 4839 reprehenderet,
1584 4766 1803 4820 audiens
1831 4772 2047 4833 aposto-

470 4872 579 4925 lum
610 4867 830 4922 Paulum
855 4864 1030 4919 dicere
1070 4860 1136 4916 de
1154 4861 1262 4915 Deo
1291 4868 1496 4924 nostro,
1522 4856 1654 4922 Quia
1680 4854 1815 4909 Filio
1846 4854 2048 4923 proprio

472 4976 573 5013 uon
596 4957 836 5029 pepercit,
860 4954 948 5009 sed
986 4969 1077 5024 pro
1102 4952 1242 5006 nobis
1267 4950 1494 5005 omnibus
1517 4947 1720 5001 tradidit
1740 4962 1851 4999 eum
1867 4943 2044 5015 (Rom.

472 5066 588 5119 vm,
612 5050 736 5121 52):
758 5048 980 5103 audiens
1004 5057 1057 5100 et
1071 5044 1306 5107 Petrum,
1329 5056 1448 5095 cum
1468 5040 1531 5093 de
1546 5038 1747 5106 magnis
1765 5035 2049 5091 tribulatio-

474 5143 634 5197 nibus
664 5146 971 5197 sanctorum
990 5144 1045 5191 et
1066 5130 1519 5188 interiectionibus
1547 5129 1870 5197 loqueretur,
1885 5125 1949 5181 ad
1975 5135 2049 5181 to-

472 5234 749 5291 lerandum
764 5230 1130 5287 exhortantem
1144 5234 1198 5279 et
1221 5223 1502 5284 dicentem,
1526 5218 1739 5289 Tempus
1754 5227 1826 5271 est
1844 5227 1896 5270 ut
1911 5217 2050 5287 iudi-

474 5326 606 5381 cium
618 5323 825 5395 incipiat
852 5338 884 5374 a
903 5320 1052 5373 domo
1077 5315 1316 5371 Domini:
1332 5323 1378 5367 et
1402 5314 1446 5368 si
1464 5310 1662 5366 initium
1688 5326 1720 5363 (ι
1744 5310 1905 5377 nobis,
1927 5327 2051 5379 qua.

475 5419 541 5473 lis
566 5417 683 5487 ﬁnis
720 5416 811 5469 erit
851 5413 920 5468 eis
946 5412 1033 5482 qui
1058 5425 1157 5464 non
1176 5406 1384 5462 credunt
1402 5402 1606 5457 Domini
1635 5400 1957 5472 Evangelia?
1986 5400 2050 5454 Et

474 5510 518 5563 si
534 5510 705 5580 justus
751 5504 950 5577 quidem
990 5502 1072 5557 vix
1094 5500 1261 5555 salvus
1284 5497 1395 5561 erit,
1424 5503 1655 5566 peccator
1675 5503 1720 5547 et
1744 5494 1930 5564 impius
1966 5493 2051 5547 ubi

476 5602 717 5674 parebunt
740 5599 780 5671 (l
804 5599 944 5653 Petr.
968 5612 1041 5660 tv,
1064 5596 1151 5662 17,
1176 5590 1305 5663 18)?
1331 5588 1467 5657 Quid
1483 5586 1625 5642 enim
1642 5586 1835 5656 justius
1856 5584 2046 5654 Unico,

476 5697 563 5753 cui
606 5703 781 5749 tamen
825 5691 981 5746 Pater
1010 5703 1114 5743 non
1142 5681 1419 5755 pepercit?
1449 5678 1517 5734 Et
1542 5676 1668 5749 quid
1710 5676 2007 5733 evidentius
2029 5717 2047 5746 ,

541 5788 561 5845 δ
592 5803 757 5860 Plures
774 5811 902 5863 Mssa
926 5796 1103 5865 etfacit
1126 5792 1272 5862 digna
1293 5788 1461 5857 pingit,
1484 5788 1722 5853 «mutabit
1742 5785 1910 5844 inultm

1288 352 1559 411 CONTRA
1599 346 1923 407 FAUSTUM
1960 347 2413 419 MANICHIEUM,
2451 351 2510 407 S.
2550 351 2913 409 AUGUSTINI

3616 359 3727 417 408

2162 468 2303 537 quod
2328 482 2428 524 nec
2451 469 2611 539 justis
2636 479 2837 541 parcat,
2867 472 3155 528 emendans
3174 486 3269 529 eos
3287 473 3541 531 varietate
3563 476 3738 532 tribu-

2162 555 2437 626 lationum,
2460 574 2577 614 cum
2603 560 2670 616 de
2690 561 2789 617 hac
2806 576 2865 617 re
2884 571 3064 632 aperte
3084 564 3152 618 sit
3175 563 3396 633 dictum,
3422 566 3488 620 Et
3506 567 3552 621 si
3560 567 3741 638 justus

2160 652 2246 704 vix
2280 653 2447 707 salvus
2495 654 2629 708 erit?
2672 653 2787 709 Non
2836 655 3008 710 solum
3056 657 3197 711 enim
3244 658 3295 711 in
3326 657 3518 714 Vetere
3546 659 3741 715 Testa-

2159 752 2341 798 mento
2359 745 2613 814 scriptum
2639 755 2739 813 est,
2774 746 2932 812 Quem
2957 750 3088 803 enim
3115 751 3278 822 diligit
3302 751 3458 817 Deus,
3488 755 3742 823 corripit;

2157 835 2385 904 ﬂagellat
2412 848 2576 890 autent
2623 854 2816 892 onmem
2845 838 3007 907 [ilium
3035 857 3177 910 quem
3222 844 3397 911 recipit
3436 842 3620 911 (Prov.
3657 860 3737 910 ιιι,

2160 924 2288 995 12);
2320 935 2389 991 et,
2440 926 2503 981 Si
2539 928 2667 982 bona
2712 930 3019 999 percepimus
3048 931 3111 985 de
3152 949 3304 987 manu
3333 933 3557 999 Domini,
3598 936 3744 989 mala

2156 1030 2311 1085 quare
2356 1035 2455 1071 non
2498 1019 2832 1074 sustineamus
2879 1020 2999 1092 (Job
3041 1037 3118 1086 ιι,
3156 1023 3289 1092 10)?
3333 1024 3425 1078 sed
3466 1024 3627 1079 etiam
3681 1026 3742 1080 in

2156 1104 2323 1173 Novo,
2355 1108 2465 1179 Ego
2488 1126 2633 1179 quem
2654 1128 2788 1177 amo,
2819 1129 2977 1182 arguo
3000 1122 3048 1166 et
3074 1115 3263 1184 castigo
3289 1115 3471 1183 (Apoc.
3494 1130 3572 1179 ιιι,
3600 1116 3691 1185 19)
3716 1132 3734 1182 ;

2155 1207 2209 1253 et
2249 1198 2396 1262 illud,
2430 1200 2491 1254 Si
2518 1202 2651 1255 enim
2694 1219 2784 1255 nos
2818 1204 2955 1272 ipsos
2998 1203 3412 1272 dijudicaremus,
3453 1222 3484 1258 a
3514 1205 3737 1260 Domino

2155 1307 2254 1343 non
2271 1292 2617 1360 judicaremur
2641 1309 2659 1347 :
2681 1311 2793 1347 cum
2812 1294 3106 1363 judicamur
3120 1306 3306 1362 autem,
3333 1312 3365 1349 α
3388 1296 3603 1351 Domino
3620 1314 3740 1350 cor-

2154 1382 2387 1453 ripintur,
2418 1402 2480 1439 ne
2506 1401 2621 1439 cum
2648 1388 2834 1440 mundo
2859 1389 3153 1441 damnentur
3179 1388 3219 1459 (l
3248 1389 3365 1442 Cor.
3395 1404 3466 1454 ιιι,
3498 1390 3587 1455 51,
3612 1389 3734 1458 52).

2155 1474 2261 1530 Sed
2301 1484 2475 1531 tamen
2501 1479 2544 1531 si
2585 1493 2820 1548 paganus
2850 1479 2902 1532 in
2934 1479 3081 1532 Novo
3112 1480 3453 1534 Testamento
3485 1480 3604 1533 talia
3648 1496 3737 1535 re-

2152 1568 2523 1637 prehenderet,
2552 1572 2724 1639 qualia
2751 1572 2836 1625 isti
2863 1572 3261 1640 reprehendunt
3288 1573 3339 1626 in
3364 1572 3573 1638 Vetere,
3596 1588 3739 1627 non-

2152 1677 2221 1716 ne
2247 1670 2301 1717 et
2330 1664 2428 1732 ipsi
2456 1678 2520 1718 ea
2545 1664 2872 1719 defendenda
2902 1665 3277 1733 susciperent?
3305 1665 3455 1733 Quod
3482 1666 3524 1719 si
3555 1664 3736 1719 facere

2151 1763 2387 1823 possent,
2416 1771 2516 1824 qua
2547 1755 2756 1810 tandem
2780 1755 3022 1810 vecordia
3053 1756 3137 1810 hic
3163 1755 3282 1809 talia
3309 1755 3728 1825 reprehendunt,

2148 1846 2323 1916 qualia
2355 1847 2423 1901 ibi
2467 1847 2795 1901 defendunt?
2820 1848 2871 1902 Si
2904 1857 3081 1902 autem
3114 1863 3219 1901 non
3249 1856 3485 1917 possent,
3533 1862 3629 1900 cur
3674 1847 3730 1899 in

2149 1951 2256 1991 uno
2287 1946 2506 2003 tantum,
2539 1952 2601 1992 ac
2626 1955 2733 1993 non
2776 1939 2949 2007 potius
2979 1939 3031 1993 in
3076 1948 3300 2008 utroque
3342 1938 3687 1994 Testamento
3708 1980 3725 2004 ,

2149 2030 2287 2099 quod
2305 2045 2409 2083 non
2427 2030 2833 2101 intelligentibus
2852 2030 3025 2099 impiis
3043 2045 3259 2099 pravum
3278 2029 3563 2095 videretur,
3587 2028 3731 2082 idem

2148 2135 2257 2174 non
2300 2121 2709 2190 intelligentibus
2734 2123 2749 2152 ¹
2783 2120 2882 2191 piis
2925 2128 3151 2187 rectum,
3200 2120 3295 2176 sed
3342 2129 3537 2175 tectum
3582 2119 3732 2174 credi

2148 2221 2395 2280 oportere
2421 2211 2717 2265 concedunt
2734 2211 2759 2261 τ

2217 2302 2442 2357 CAPUT
2480 2302 2595 2357 XV.
2613 2304 2778 2357 —-An
2798 2302 2954 2369 forte,
2977 2317 3094 2373 quae
3119 2303 3186 2357 de
3210 2302 3362 2357 Novo
3382 2304 3728 2357 Testamento

2147 2395 2339 2450 similia
2370 2396 2698 2463 protulimus,
2746 2395 2857 2466 ipsa
2887 2410 3095 2465 quoque
3124 2394 3321 2448 audent
3367 2394 3547 2448 dicere
3593 2394 3728 2447 falsa

2147 2499 2266 2539 esse
2298 2494 2458 2555 atque
2504 2500 2773 2554 perversa,
2804 2486 3079 2554 privilegio
3111 2485 3201 2539 illo
3230 2499 3327 2539 suo
3355 2484 3638 2550 diabolico,
3670 2493 3731 2538 ut

2146 2574 2398 2646 quidquid
2428 2583 2509 2629 est
2534 2576 2585 2628 in
2613 2574 2901 2645 Evangelio
2917 2576 2997 2629 vel
3033 2575 3280 2643 Epistolis
3302 2574 3592 2637 canonicis,
3615 2587 3725 2642 quo

2146 2666 2383 2736 adjuvari
2426 2666 2668 2721 lueresim
2708 2680 2856 2719 suam
2886 2674 3087 2735 putent,
3136 2664 3187 2718 id
3230 2679 3349 2719 esse
3377 2680 3407 2717 a
3434 2664 3646 2719 Christo
3675 2670 3731 2717 et

2146 2759 2414 2828 Apostolis
2440 2758 2638 2814 dictum
2684 2767 2897 2813 teneant
2939 2768 3095 2827 atque
3124 2757 3419 2822 suadeant;
3470 2755 3729 2825 quidquid

2147 2858 2322 2905 autem
2369 2866 2433 2905 ex
2476 2849 2661 2904 iisdem
2696 2848 2968 2904 codicibus
3011 2848 3265 2903 adversus
3308 2862 3401 2903 eos
3440 2850 3681 2902 sonuerit
3709 2887 3726 2914 ,

2146 2941 2442 2996 immissum
2472 2942 2539 2996 ab
2570 2940 2983 3006 infalsatoribus,
3011 2955 3105 2994 ore
3130 2938 3421 3009 impudenti
3452 2953 3515 2992 ac
3557 2938 3727 2992 sacri-

2147 3032 2268 3104 lego
2295 3049 2400 3088 non
2429 3033 2669 3088 dubitent
2693 3033 2913 3088 dicere?
2936 3031 3030 3087 Cui
3063 3032 3225 3088 furori
3254 3047 3463 3097 eorum,
3492 3031 3728 3086 auctori-

2146 3132 2307 3180 tatem
2350 3126 2585 3179 omnium
2628 3124 2883 3179 librorum
2926 3124 3261 3193 exstinguere
3302 3132 3461 3193 atque
3506 3123 3723 3177 abolere

2145 3218 2379 3283 conanti,
2416 3218 2525 3287 jam
2574 3232 2754 3287 supra,
2785 3227 3037 3288 quantum
3086 3218 3321 3286 suscepti
3366 3216 3544 3287 Operis
3588 3216 3724 3271 ratio

2146 3312 2323 3366 sinere
2350 3309 2646 3378 videbatur,
2685 3325 2790 3364 non
2833 3325 2996 3379 pauca
3024 3310 3296 3379 respondi.

2215 3400 2441 3456 CAPUT
2478 3400 2617 3455 XVI.
2638 3431 2708 3441 —-
2726 3400 2875 3455 Nunc
2900 3400 3028 3455 illud
3054 3400 3333 3464 admoneo,
3356 3406 3414 3454 ut
3432 3413 3553 3453 cum
3583 3399 3729 3453 insa-

2147 3509 2243 3550 nas
2266 3505 2320 3549 et
2344 3494 2627 3564 sacrilegas
2652 3493 2854 3548 fabulas
2874 3508 2994 3547 suas
3018 3493 3289 3547 christiani
3317 3491 3544 3546 nominis
3567 3491 3727 3558 pallio

2146 3587 2322 3641 velare
2342 3585 2683 3648 contendant.
2712 3585 2923 3639 videant
2950 3594 3146 3648 tamen,
3178 3584 3389 3655 quando
3414 3585 3513 3638 ista
3538 3593 3725 3638 contra

2147 3678 2446 3747 Scripturas
2473 3676 2793 3731 Christianas
2815 3676 3104 3745 disputant,
3146 3691 3250 3729 non
3282 3690 3312 3728 a
3344 3675 3495 3729 nobis
3538 3684 3725 3728 contra

2146 3768 2385 3841 Paganos
2410 3776 2634 3834 tantum,
2680 3767 2773 3822 sed
2801 3768 2957 3821 etiam
2995 3775 3181 3821 contra
3221 3764 3556 3829 Manicbazos,
3588 3765 3729 3819 veri-

2144 3870 2307 3915 tatem
2337 3860 2578 3916 codicum
2609 3858 2904 3913 divinorum
2946 3856 3270 3912 Testamenti
3312 3858 3585 3925 utriusque
3628 3855 3727 3909 de—

2147 3952 2309 4008 fendi.
2344 3951 2411 4006 Et
2440 3953 2539 4006 ista
2567 3950 2799 4021 quidem,
2828 3964 2946 4019 qua:
2977 3947 3136 4003 modo
3165 3947 3394 4003 Faustus
3420 3948 3561 4001 velut
3586 3945 3729 4000 indi-

2146 4060 2247 4115 gna
2273 4045 2382 4098 Deo
2410 4042 2476 4098 de
2504 4043 2698 4097 nostris
2736 4040 3003 4096 veteribus
3029 4038 3243 4094 Litteris
3268 4039 3320 4092 in
3358 4052 3603 4093 sermone
3629 4050 3730 4091 suo

2146 4136 2343 4205 posuit,
2388 4144 2572 4189 contra
2602 4135 2864 4203 Paganum
2895 4141 2950 4188 et
2976 4132 3030 4187 in
3060 4130 3366 4201 evangelico
3396 4130 3479 4185 vel
3507 4138 3729 4199 aposto-

2147 4226 2250 4281 lico
2277 4239 2523 4281 sermone
2549 4224 2671 4278 talia
2696 4224 3173 4293 reprehendentem
3200 4221 3270 4275 ita
3292 4222 3514 4276 fortasse
3534 4218 3725 4273 defen-

2148 4317 2351 4382 derem,
2384 4323 2443 4369 ut
2484 4315 2631 4385 paria
2676 4314 2743 4369 de
2769 4315 3073 4369 auctoribus
3102 4328 3309 4377 eorum,
3355 4311 3491 4367 sicut
3532 4310 3730 4365 Paulus

2148 4418 2329 4466 noster
2352 4406 2492 4477 apud
2521 4406 2871 4461 Athenienses
2916 4406 3037 4461 fecit
3069 4408 3087 4477 (
3104 4406 3214 4459 Act.
3244 4420 3379 4469 xvn,
3410 4402 3549 4475 28),
3576 4418 3728 4457 com-

2148 4512 2524 4555 memorarem.
2574 4495 2865 4551 lnvenirem
2908 4496 3049 4551 enim
3095 4496 3317 4551 fortasse
3356 4503 3409 4549 et
3446 4497 3496 4547 in
3539 4492 3730 4547 litteris

2148 4607 2351 4658 eorum,
2396 4592 2565 4647 Deum
2605 4589 2788 4645 mundi
2817 4598 3107 4644 creatorem
3152 4604 3215 4642 ac
3251 4588 3644 4651 fabricatorem,
3675 4592 3732 4639 et

2150 4684 2286 4739 lucis
2323 4684 2478 4753 hujus
2520 4683 2908 4747 institutorem;
2940 4681 3029 4751 qui
3072 4688 3246 4734 tamen
3284 4689 3563 4747 antequam
3607 4690 3728 4731 eam

2150 4776 2422 4837 conderet,
2452 4789 2556 4828 non
2592 4772 2800 4841 jacebat
2843 4772 2896 4826 in
2938 4771 3172 4828 tenebris
3203 4790 3215 4824 :
3244 4780 3296 4825 et
3324 4786 3388 4825 ex
3436 4783 3599 4839 apere
3626 4781 3729 4822 suo

2150 4866 2388 4939 perfecto
2432 4865 2626 4919 elatmn
2679 4877 2799 4918 esse
2838 4862 3060 4931 gaudio;
3111 4862 3253 4932 quod
3300 4869 3446 4915 certe
3496 4858 3730 4929 amplius

2149 4965 2251 5019 est.
2295 4970 2473 5026 quam,
2526 4952 2662 5007 Vidit
2702 4954 2818 5023 quia
2865 4954 3047 5006 bonum
3075 4964 3145 5006 est
3177 4969 3196 5006 :
3225 4962 3275 5006 et
3308 4952 3436 5021 legis
3465 4951 3685 5005 latorem
3712 4989 3727 5012 ,

2149 5065 2308 5121 quam
2354 5049 2399 5103 si
2445 5048 2604 5101 homo
2649 5056 2962 5117 sequeretur
2998 5048 3049 5113 ³,
3081 5062 3177 5099 suo
3218 5046 3359 5099 bono
3405 5043 3639 5107 faceret;
3684 5041 3732 5095 si

2150 5152 2329 5197 autem
2357 5147 2651 5211 sperneret,
2678 5154 2776 5193 suo
2815 5138 2978 5193 malo.
3009 5138 3175 5205 Quem
3210 5152 3315 5190 non
3348 5134 3465 5189 ideo
3490 5134 3731 5187 dicerent

2152 5234 2391 5302 ignarum
2420 5231 2597 5296 futuri,
2630 5230 2751 5300 quia
2777 5240 2833 5285 et
2860 5230 3046 5283 futuris
3073 5228 3529 5297 contemptoribus
3552 5225 3730 5296 legem

2152 5323 2316 5377 dedit.
2342 5322 2458 5377 iam
2488 5335 2619 5375 vero
2660 5320 2781 5375 ideo
2824 5320 3196 5389 improvidum,
3229 5318 3373 5389 quod
3409 5317 3607 5388 aliquid
3651 5315 3735 5370 in-

2154 5420 2405 5483 terroget,
2452 5427 2552 5467 nec
2590 5412 2859 5467 hominem
2902 5411 3158 5475 dicerent,
3210 5411 3263 5464 in
3306 5424 3532 5480 quorum
3581 5406 3734 5463 libris

2153 5506 2318 5561 multa
2344 5520 2450 5560 non
2479 5505 2547 5559 ob
2565 5503 2706 5558 aliud
2730 5504 3137 5573 interrogantur,
3163 5502 3259 5557 nisi
3285 5511 3342 5555 ut
3368 5501 3479 5555 suis
3508 5500 3735 5571 quisque

2216 5665 2236 5755 ξ
2269 5662 2407 5719 Fditi,
2431 5660 2560 5710 idem
2588 5658 2991 5730 iguelligentibus;
3014 5660 3190 5709 omissa
3210 5654 3696 5773 ιὲῗριιιιὲωιίατιὶοιιια.

2272 5730 2366 5773 Fax.
2398 5732 2535 5773 auem
2573 5735 2615 5773 st
2658 5721 2795 5771 homo
2838 5728 3129 5773 seaueretun
3181 5730 3219 5772 at
3289 5734 3348 5773 tut
3479 5732 3554 5771 ert
3594 5711 3696 5770 libri

2226 5721 2240 5792 ξ
2272 5730 2366 5783 F.r..
2396 5711 2406 5719 ’
2463 5732 2535 5793 ent
2598 5716 2615 5769 ἰ
2658 5711 2795 5771 Itonia
2838 5711 3129 5784 seth,th
3181 5711 3348 5774 melius
3385 5711 3554 5773 Meri
3594 5711 3728 5777 ιιιπιι

2226 5788 2295 5834 tm
2314 5790 2332 5834 t
2353 5734 2554 5834 remeet.
2573 5736 2762 5834 iuvui.

2151 5785 2295 5839 uentu
2314 5790 2332 5846 κ
2353 5780 2554 5845 κιιωρι.
2578 5780 2762 5844 ιψω.
