4052 6442
233 525 672 601 responsionibus
704 522 1087 587 convincatur;
1117 534 1238 576 cum
1268 518 1359 574 ille
1386 517 1476 588 qui
1502 517 1813 583 interrogat,

233 637 335 679 non
361 621 538 675 solum
569 618 705 673 sciat
731 615 872 686 quod
900 613 1000 669 sibi
1029 612 1144 666 vult
1169 611 1238 665 ab
1263 610 1433 670 altero
1461 605 1773 677 responderi
1800 646 1816 670 ,

231 712 321 768 sed
346 710 514 765 etiam
545 709 696 764 illum
725 706 826 762 hoc
850 718 1251 776 responsurum.
1284 701 1611 756 lnvidcntcm
1640 707 1820 752 autem

231 806 476 874 cuiquam
509 803 700 867 Deum,
729 798 870 870 quod
898 798 1064 852 malos
1102 797 1285 851 beatos
1314 793 1430 849 ﬁeri
1459 808 1566 847 non
1594 792 1816 858 sineret,

231 897 271 950 si
299 893 467 948 vellet
511 891 732 957 dicere;
762 890 948 961 plenos
990 888 1253 943 inveniret
1294 900 1513 940 suorum
1544 884 1710 940 libros
1753 881 1822 938 de

230 985 326 1040 hac
348 1000 412 1039 re
440 983 510 1038 ad
539 983 774 1038 divinam
805 979 1189 1051 providentiam
1217 978 1514 1048 pertinente
1539 977 1579 1030 ⁸.
1703 1015 1708 1020 -

296 1075 531 1132 CAPUT
569 1073 732 1130 XVII.
768 1103 840 1115 —-
873 1073 948 1128 De
999 1072 1274 1128 sacriﬁciis
1323 1084 1451 1125 vero
1498 1069 1627 1124 nihil
1680 1067 1821 1123 aliud

231 1167 355 1223 mihi
388 1181 632 1236 paganus
660 1165 936 1235 objiceret,
966 1163 1069 1218 nisi
1093 1178 1189 1218 cur
1213 1161 1351 1233 apud
1376 1176 1469 1217 eos
1503 1161 1590 1217 illa
1638 1175 1823 1231 repre-

231 1255 553 1322 hendamus,
595 1270 714 1311 cum
742 1255 795 1310 in
825 1253 1020 1310 nostris
1044 1253 1310 1310 veteribus
1339 1252 1512 1308 Libris
1556 1252 1678 1306 talia
1722 1251 1824 1307 sibi

233 1349 369 1404 Deus
401 1358 594 1403 noster
611 1347 836 1417 jussisse
859 1347 1124 1417 legeretur
1143 1343 1342 1400 oﬁ'erri.
1363 1345 1460 1400 Hic
1478 1360 1577 1416 ego
1601 1344 1668 1400 de
1693 1359 1822 1400 vero

232 1440 497 1496 sacriﬁcio
529 1441 683 1494 latius
713 1439 939 1494 fortasse
979 1439 1271 1505 disserens,
1318 1437 1741 1493 demonstrarem
1772 1436 1824 1492 id

232 1551 334 1589 non
364 1534 558 1589 deberi
602 1533 702 1588 nisi
732 1533 822 1588 uni
867 1547 996 1588 vero
1045 1532 1174 1594 Deo,
1218 1529 1359 1601 quod
1386 1531 1435 1586 ei
1484 1544 1623 1584 unus
1667 1543 1825 1584 verus

232 1625 495 1681 Sacerdos
541 1623 752 1688 obtulit,
783 1622 1040 1678 Mediator
1062 1623 1153 1678 Dei
1188 1631 1242 1677 et
1284 1622 1556 1676 hominum
1602 1620 1822 1693 (lTim.

235 1735 291 1781 ιι.
321 1719 376 1788 5)
414 1736 427 1772 :
456 1717 608 1788 cujus
632 1717 879 1772 sacrificii
923 1716 1267 1787 promissivas
1293 1715 1488 1786 ﬁguras
1518 1715 1570 1769 in
1597 1716 1826 1772 victimis

233 1811 547 1865 animalium
593 1810 851 1866 celebrari
894 1809 1193 1881 oportebat,
1233 1818 1449 1879 propter
1487 1807 1828 1863 commenda-

235 1904 434 1958 tionem
476 1902 670 1958 futurm
699 1902 874 1958 carnis
902 1910 957 1957 et
993 1901 1285 1972 sanguinis,
1331 1916 1426 1971 per
1462 1915 1619 1972 quam
1665 1915 1825 1955 unam

237 1997 512 2051 victimam
566 1995 718 2051 ﬁeret
761 1994 1007 2051 remissio
1059 2003 1397 2064 peccatorum
1452 1993 1520 2048 de
1569 2008 1729 2048 carne
1773 2001 1828 2048 et

232 2089 497 2157 sanguine
526 2095 919 2143 contractorum
943 2102 958 2152 ;
987 2101 1105 2156 qua:
1131 2100 1352 2156 regnum
1385 2085 1478 2140 Dei
1517 2099 1622 2140 non
1649 2084 1826 2155 possi-

232 2179 457 2245 debunt,
489 2180 613 2250 quia
643 2179 829 2236 eadem
875 2177 1169 2234 substantia
1199 2177 1441 2247 corporis
1469 2180 1522 2234 in
1552 2178 1826 2232 caelestem

230 2270 654 2324 commutabitur
701 2269 1006 2340 qualitatem
1049 2267 1235 2338 :quod
1284 2268 1419 2338 ignis
1467 2268 1522 2322 in
1564 2267 1828 2323 sacriﬁcio

231 2360 590 2430 signiﬁcabat,
640 2361 782 2416 velut
830 2359 1122 2416 absorbens
1174 2369 1402 2414 mortem
1450 2361 1505 2413 in
1552 2360 1829 2414 victoriam

237 2454 277 2523 (l
303 2453 428 2509 Cor.
458 2468 553 2516 xv,
581 2453 791 2524 50-54).
837 2452 894 2507 ln
923 2467 990 2508 eo
1030 2461 1208 2506 autem
1241 2451 1435 2521 populo
1465 2451 1577 2506 lucc
1615 2453 1717 2506 rite
1742 2467 1832 2506 ce-

236 2546 441 2600 lebrata
487 2554 632 2611 sunt,
678 2547 828 2614 cujus
857 2554 913 2601 et
956 2561 1176 2615 regnum
1223 2554 1277 2599 et
1303 2545 1658 2600 sacerdotium
1706 2561 1831 2614 pro-

239 2637 418 2702 phetia
448 2646 568 2690 erat
610 2637 817 2692 venturi
848 2636 1006 2705 Regis
1044 2645 1099 2691 et
1124 2635 1428 2692 Sacerdotis
1456 2637 1523 2690 ad
1567 2635 1830 2706 regendos

237 2736 292 2780 et
318 2729 718 2782 consecrandos
767 2727 951 2782 ﬁdeles
978 2728 1033 2782 in
1062 2727 1308 2782 omnibus
1351 2726 1617 2797 gentibus,
1649 2737 1703 2783 et
1751 2729 1826 2782 in-

239 2817 602 2872 troduceudos
630 2817 682 2873 in
726 2833 946 2889 regnum
973 2819 1230 2874 caelorum
1257 2826 1311 2873 et
1336 2819 1626 2872 sacrarium
1657 2819 1832 2890 Ange-

239 2908 416 2962 lorum
442 2923 504 2962 ac
531 2910 694 2964 vitam
722 2919 996 2964 :eternam.
1027 2909 1193 2978 Hujus
1223 2909 1398 2980 itaque
1439 2909 1551 2965 veri
1582 2910 1833 2966 sacriﬁcii

237 2999 383 3054 sicut
425 3001 670 3070 religiosa
711 3002 1118 3070 praedicamenta
1150 3002 1358 3058 Hebraei
1388 3002 1830 3070 celebraverunt,

239 3092 313 3145 ita
359 3093 621 3162 sacrilega
649 3094 976 3150 imitamenta
1022 3095 1217 3165 Pagani
1254 3095 1547 3166 :quoniam
1576 3112 1691 3167 qua:
1733 3097 1832 3151 im-

238 3184 439 3238 molant
483 3183 682 3252 Gentes,
729 3188 804 3240 ait
830 3187 1132 3256 Apostolus,
1182 3188 1442 3242 daemoniis
1470 3189 1758 3257 immolant,
1787 3199 1833 3245 et

240 3292 347 3328 non
376 3274 486 3330 Deo
530 3277 585 3345 (l
612 3276 730 3332 Cor.
757 3293 816 3344 x,
846 3276 971 3347 20).
1003 3277 1234 3348 Antiqua
1279 3279 1420 3332 enim
1465 3293 1554 3334 res
1579 3288 1660 3334 est
1689 3295 1832 3350 prac-

240 3369 537 3423 nuntiativa
581 3369 870 3424 immolatio
914 3357 1207 3441 sanguinis,
1256 3370 1484 3426 futuram
1532 3371 1833 3441 passionem

241 3459 550 3515 Mediatoris
578 3461 646 3515 ab
677 3462 826 3516 initio
853 3464 1066 3532 generis
1092 3462 1308 3518 humani
1333 3463 1624 3520 testiﬁcans
1651 3483 1664 3518 :
1696 3464 1836 3522 hanc

241 3555 388 3608 enim
421 3555 626 3624 primus
652 3555 784 3611 Abel
814 3556 1070 3611 obtulisse
1097 3557 1148 3610 in
1180 3557 1346 3611 sacris
1374 3557 1587 3613 Litteris
1633 3559 1836 3614 inveni-

243 3655 334 3700 tur
364 3645 514 3718 (Gen.
545 3663 620 3712 iv,
651 3646 728 3717 4).
759 3646 875 3702 Νοη
908 3648 1065 3718 igitur
1090 3649 1282 3703 mirum
1309 3657 1409 3712 est,
1441 3650 1485 3703 si
1515 3651 1831 3720 praevarica—

244 3749 394 3793 tores
418 3739 612 3809 angeli,
643 3754 867 3810 quorum
894 3739 1000 3794 duo
1029 3740 1258 3795 maxima
1285 3741 1409 3795 vitia
1434 3750 1558 3796 sunt
1586 3741 1834 3812 superbia

240 3839 408 3900 atque
449 3830 673 3896 fallacia,
707 3845 804 3901 per
842 3831 982 3887 hunc
1019 3846 1198 3888 aerem
1229 3832 1529 3900 volitantes,
1559 3832 1700 3904 quod
1742 3833 1835 3890 uni

238 3937 381 3977 vero
412 3923 520 3978 Deo
544 3923 724 3979 deberi
773 3932 1052 3991 noverant,
1094 3924 1196 3979 hoc
1223 3924 1324 3980 sibi
1349 3940 1381 3978 a
1406 3925 1517 3979 suis
1541 3925 1836 3982 cultoribus

240 4024 564 4084 exegerunt,
595 4031 623 4068 a
645 4015 836 4086 quibus
877 4015 951 4070 dii
979 4016 1150 4086 putari
1195 4017 1510 4082 voluerunt;
1543 4017 1702 4073 dante
1729 4018 1831 4074 sibi

237 4108 431 4163 locum
462 4109 684 4163 vanitate
728 4108 904 4163 cordis
931 4108 1146 4163 humani
1182 4127 1196 4164 :
1227 4109 1459 4164 maxime
1487 4124 1610 4164 cum
1639 4125 1705 4164 ex
1734 4110 1830 4165 de-

241 4199 448 4254 siderio
495 4208 820 4255 mortuorum
865 4201 1314 4256 constituerentur
1357 4199 1645 4270 imagines,
1695 4199 1834 4255 unde

242 4292 654 4348 simulacrorum
701 4287 829 4347 us'us
880 4301 1096 4347 exortus
1144 4301 1226 4347 est
1267 4291 1425 4362 (Sap.
1472 4308 1580 4356 xuv,
1616 4293 1741 4364 15);
1782 4301 1836 4348 et

244 4383 448 4452 majore
497 4383 802 4437 adulatione
848 4382 1015 4437 divini
1067 4383 1296 4437 honores
1342 4381 1676 4438 deferrentur
1720 4391 1836 4437 tan-

242 4490 402 4544 quam
434 4474 490 4529 in
535 4475 731 4530 celum
773 4475 1022 4544 receptis,
1083 4488 1177 4544 pro
1223 4473 1414 4544 quibus
1466 4490 1524 4528 se
1571 4475 1624 4529 in
1680 4474 1835 4530 terris

243 4565 510 4620 daemonia
558 4565 782 4624 colenda
827 4572 1212 4637 supponerent,
1261 4571 1316 4618 et
1356 4564 1456 4618 sibi
1487 4564 1775 4620 sacriﬁeari
1804 4581 1836 4620 a

197 4659 209 4705 ῗ
242 4657 484 4726 deceptis
513 4667 568 4712 et
597 4655 819 4728 perditis
845 4655 1164 4726 flagitarent.
1212 4653 1538 4709 Sacriﬁcium
1568 4670 1694 4725 ergo
1727 4670 1834 4710 non

199 4823 204 4826 _
241 4748 417 4802 solum
443 4763 567 4804 cum
605 4750 747 4818 juste
777 4749 998 4817 imperat
1028 4759 1188 4802 verus
1212 4746 1371 4812 Deus,
1402 4745 1498 4801 sed
1523 4746 1681 4800 etiam
1713 4761 1835 4801 eum

205 4838 208 4839 ⁷
239 4841 474 4908 superbe
499 4840 660 4909 exigit
685 4838 846 4894 falsus
872 4839 1024 4906 deus,
1052 4838 1182 4893 satis
1206 4836 1435 4893 ostendit
1452 4838 1536 4892 cui
1560 4837 1833 4892 debeatur.

241 4932 372 4987 Haec
404 4933 480 4987 illi
514 4947 715 5003 pagano
743 4933 788 4986 si
831 4941 1011 4988 essent
1035 4930 1332 4987 difﬁciliora
1357 4930 1425 4984 ad
1468 4929 1792 4985 credendum
1818 4971 1833 4998 ,

241 5029 407 5080 etiam
438 5027 553 5094 ipsa
600 5025 876 5096 prephelia
905 5023 1302 5095 persuaderem,
1334 5023 1386 5076 in
1414 5037 1516 5093 qua
1546 5031 1650 5076 tam
1679 5023 1838 5092 longe

239 5127 367 5173 ante
396 5119 698 5188 conscripta
721 5127 863 5181 sunt,
894 5132 1011 5186 quae
1039 5131 1179 5169 nunc
1207 5113 1422 5183 impleta
1451 5121 1833 5167 monstrarem.

237 5209 399 5276 Quod
421 5210 467 5264 si
494 5219 547 5264 et
572 5209 709 5264 hanc
727 5217 1114 5271 contemneret,
1138 5206 1240 5262 hoc
1259 5220 1472 5276 quoque
1493 5220 1839 5276 agnoscerem

235 5305 459 5375 potius,
511 5318 669 5373 quam
722 5303 946 5356 mirarer
984 5319 997 5355 :
1029 5299 1454 5371 quandoquidem
1501 5313 1608 5352 non
1653 5312 1840 5354 omnes

233 5398 407 5453 fuisse
472 5397 806 5463 credituros,
859 5395 915 5449 in
965 5393 1204 5464 ejusdem
1272 5391 1566 5462 prophetiae
1613 5391 1841 5447 veritate

234 5491 560 5546 recolerem.

311 5580 542 5637 CAPUT
566 5577 754 5634 XVIII.
793 5607 860 5619 ——
884 5575 942 5632 Si
969 5583 1146 5631 autem
1174 5575 1435 5630 zelantem
1465 5573 1731 5631 Christum
1754 5573 1839 5630 vel

235 5677 414 5733 Deum
428 5690 494 5730 ex
504 5667 1838 5743 utroqueTestamentomihiobjiceret,atqueipsum

237 5768 468 5823 verbum
489 5765 806 5834 exagitaret,
834 5762 965 5817 nihil
989 5760 1129 5816 aliud
1153 5774 1311 5833 quam
1342 5774 1400 5818 se
1429 5760 1666 5817 omnium
1694 5759 1836 5816 litle‘l

305 5866 324 5914 δ
365 5874 464 5926 ιω.
491 5872 566 5928 ﬂ‘l
594 5867 789 5936 “ut.
811 5859 1114 5936 ΜΜσ

1371 401 1573 460 LIBER
1610 395 1970 457 V’lGESlMUS
1993 397 2370 460 SECUNDUS.

3401 401 3508 462 ιω

1926 530 2103 570 rarum
2130 515 2212 570 vel
2239 522 2512 588 expertem
2531 514 2616 572 vel
2646 513 2996 587 negligentem
3025 510 3346 571 ostenderet.
3368 513 3504 572 Cum

1927 612 2068 667 enim
2097 612 2238 668 docti
2277 626 2460 668 eorum
2485 611 2788 667 discernant
2811 611 2950 666 inter
2976 609 3307 666 voluntatem
3328 618 3382 666 et
3408 626 3504 667 cu-

1926 705 2219 776 piditatem,
2250 705 2496 776 gaudium
2526 713 2578 759 et
2600 705 2854 769 laetitiam,
2885 703 3183 759 cautionem
3206 710 3260 758 et
3281 712 3502 770 metum,

1929 797 2261 853 clementiam
2306 805 2361 852 et
2402 798 2850 863 misericordiam,
2886 797 3220 868 prudentiam
3265 806 3318 853 et
3359 809 3507 853 astu-

1930 890 2077 956 tiam,
2101 890 2342 944 ﬁduciam
2369 897 2422 944 et
2447 889 2740 955 audaciam;
2765 898 2820 945 et
2844 891 3006 944 multa
3031 890 3083 944 in
3109 888 3251 945 hunc
3269 889 3506 958 modum,

1888 1035 1890 1038 ,
1929 981 2000 1036 ita
2030 989 2090 1036 ut
2117 981 2168 1036 in
2196 981 2278 1035 his
2303 981 2440 1035 binis
2467 981 2659 1046 verbis,
2691 995 2752 1036 ea
2790 997 2909 1052 qure
2935 981 3111 1050 priora
3136 982 3305 1050 posui,
3335 981 3504 1036 virtu-

1931 1071 2104 1138 tibus;
2135 1088 2252 1143 qua:
2279 1081 2455 1127 autem
2501 1073 2791 1142 posteriora
2818 1115 2831 1136 ,
2861 1074 3002 1127 vitiis
3031 1080 3300 1143 apponant
3328 1092 3340 1128 :
3367 1073 3511 1144 pleni

1929 1173 2052 1220 sunt
2077 1173 2252 1220 tamen
2286 1165 2407 1220 libri
2446 1179 2632 1220 eorum
2658 1165 2914 1220 abusione
2943 1167 3166 1221 istorum
3194 1166 3467 1221 nominum
3493 1207 3510 1234 ,

1930 1272 2048 1327 qua:
2075 1258 2286 1328 proprie
2317 1257 2438 1311 vitia
2466 1256 2764 1326 signiﬁcant
2783 1299 2797 1322 ,
2828 1272 2947 1312 cum
2983 1259 3142 1313 etiam
3168 1258 3392 1314 virtutes
3432 1261 3511 1315 sic

1931 1351 2281 1420 appellantur;
2310 1365 2429 1405 cum
2454 1351 2534 1405 vel
2564 1349 2824 1420 cupiditas
2848 1365 2945 1420 pro
2965 1351 3235 1407 voluntate
3254 1394 3269 1417 ,
3297 1352 3382 1407 vel
3412 1351 3511 1406 lce—

1931 1442 2046 1496 titia
2081 1459 2178 1513 pro
2200 1442 2422 1512 gaudio,
2459 1442 2542 1496 vel
2574 1449 2746 1496 metus
2772 1456 2868 1511 pro
2891 1442 3137 1498 cautione
3155 1483 3169 1505 .
3196 1443 3280 1498 vel
3306 1443 3514 1497 miseri—

1931 1532 2114 1587 cordia
2144 1547 2239 1602 pro
2260 1532 2538 1586 clementia
2564 1573 2578 1596 ,
2609 1531 2690 1587 vel
2717 1531 2912 1586 astutia
2943 1546 3039 1602 pro
3083 1531 3359 1600 prudentia
3383 1574 3397 1599 ,
3426 1531 3511 1587 vel

1931 1623 2148 1678 audacia
2170 1639 2268 1694 pro
2297 1622 2488 1677 ﬁducia
2511 1623 2743 1692 ponitur.
2768 1623 2834 1678 Et
2855 1621 2974 1693 quis
2993 1623 3166 1677 omnia
3189 1638 3514 1678 commemo-

1933 1731 2052 1770 rare
2078 1715 2270 1782 valeat,
2303 1730 2422 1785 qua:
2449 1714 2514 1769 ad
2545 1715 2771 1769 similem
2801 1714 3066 1769 licentiam
3087 1729 3204 1770 mos
3233 1714 3514 1771 locutionis

1933 1809 2188 1879 usurpat?
2220 1809 2332 1864 llue
2377 1807 2581 1862 accedit
2623 1807 2781 1862 etiam
2821 1807 3144 1878 singularum
3189 1821 3518 1876 quarumque

1933 1902 2227 1972 linguarum
2269 1916 2362 1955 sua
2388 1900 2628 1971 quaedam
2665 1901 2982 1971 proprietas.
3013 1899 3144 1955 Nam
3174 1901 3227 1954 in
3262 1901 3518 1956 ecclesia-

1933 1996 2079 2050 sticis
2127 1993 2342 2048 Litteris
2374 2008 2633 2062 nusquam
2679 1991 3096 2047 misericordiam
3146 1991 3198 2046 in
3250 1993 3520 2064 vitupera-

1934 2088 2078 2143 tione
2120 2081 2344 2157 positam
2387 2087 2586 2141 recolo.
2614 2086 2711 2140 Cui
2752 2088 2827 2141 rei
2860 2086 3121 2141 sermonis
3158 2087 3317 2142 etiam
3347 2088 3522 2157 quoti-

1935 2183 2074 2236 diani
2104 2181 2431 2236 consuetudo
2474 2180 2781 2236 concordat.
2811 2179 2984 2236 Graeci
3028 2180 3160 2236 duas
3187 2196 3274 2236 res
3318 2181 3519 2237 vicinas

1935 2274 2146 2345 quidem
2165 2315 2179 2339 ,
2211 2273 2303 2328 sed
2332 2283 2508 2328 tamen
2537 2272 2834 2339 distinctas,
2862 2287 2970 2327 uno
2991 2273 3207 2328 nomine
3228 2272 3518 2344 appellant,

1935 2366 2170 2422 laborem
2201 2374 2255 2420 et
2291 2365 2532 2420 dolorem
2571 2365 2685 2435 (a);
2717 2379 2816 2420 nos
2844 2380 2935 2420 eas
2964 2365 3185 2435 singulis
3213 2364 3518 2420 nominibus

1937 2458 2275 2514 enuntiamus
2316 2473 2330 2509 :
2369 2456 2506 2511 sicut
2552 2470 2581 2510 a
2620 2455 2774 2511 nobis
2820 2471 2927 2510 uno
2967 2455 3181 2511 nomine
3222 2438 3523 2524 appellatur

1925 2535 2063 2614 'vita,
2092 2551 2204 2604 sive
2227 2548 2520 2604 secundum
2549 2564 2705 2618 quam
2737 2548 2994 2614 dicimus,
3026 2547 3188 2614 Vlvit,
3220 2548 3360 2617 quod
3389 2561 3517 2602 exa-

1937 2645 2080 2695 nime
2109 2655 2216 2695 non
2242 2650 2352 2702 est;
2397 2638 2512 2694 sive
2552 2639 2842 2694 secundum
2886 2653 3042 2708 quam
3072 2636 3295 2692 dicimus
3315 2680 3329 2704 ,
3361 2639 3522 2694 Bona:

1936 2735 2058 2788 vita:
2083 2733 2245 2788 homo
2270 2740 2352 2788 est
2378 2749 2392 2788 :
2422 2731 2595 2788 Graeci
2623 2741 2797 2787 autem
2825 2732 2921 2785 ista
2951 2731 3056 2785 duo
3075 2730 3284 2786 duobus
3311 2743 3522 2800 quoque

1937 2826 2209 2882 vocabulis
2241 2825 2536 2897 signiﬁcant
2562 2822 2658 2896 (b).
2687 2823 2836 2879 Unde
2864 2821 2978 2878 ﬁeri
3010 2831 3195 2892 potest
3221 2832 3273 2876 ut
3301 2829 3524 2892 excepta

1938 2922 2220 2976 verborum
2243 2919 2500 2986 abusione
2520 2959 2534 2983 ,
2563 2933 2680 2988 qua:
2711 2915 2763 2970 in
2791 2916 3038 2970 omnibus
3064 2914 3257 2984 linguis
3287 2913 3391 2968 late
3431 2929 3524 2983 pa-

1938 3023 2016 3069 tct
2035 3055 2050 3080 ,
2077 3013 2248 3083 aliqua
2279 3012 2438 3065 etiam
2466 3010 2692 3066 hebraea:
2717 3009 2908 3079 lingua:
2937 3011 3259 3078 proprietate
3290 3007 3434 3061 zelus
3469 3005 3524 3062 in

1941 3114 2167 3174 utroque
2193 3111 2460 3173 ponatur;
2489 3101 2606 3155 sive
2629 3115 2750 3154 cum
2780 3099 3020 3168 conjugis
3047 3097 3309 3151 adulterio
3339 3095 3523 3150 turba-

1940 3206 2024 3254 tus
2051 3197 2263 3253 animus
2301 3194 2665 3262 contabescit,
2705 3193 2843 3265 quod
2888 3194 2941 3248 in
2985 3193 3151 3248 Deum
3195 3191 3386 3247 cadere
3415 3205 3523 3246 non

1941 3298 2146 3363 potest;
2185 3291 2296 3346 sive
2323 3305 2442 3346 cum
2471 3289 2745 3344 servanda:
2780 3287 3042 3358 pudicitia:
3062 3286 3322 3358 conjugali
3348 3293 3530 3342 custo-

1940 3383 2026 3438 dia
2055 3382 2282 3453 diligens
2308 3381 2610 3448 adhibetur,
2638 3377 2780 3450 quod
2822 3379 2987 3434 Deum
3018 3376 3196 3433 facere
3218 3419 3235 3444 ,
3262 3392 3382 3433 cum
3414 3374 3528 3446 ple-

1939 3475 2060 3530 bem
2102 3489 2251 3528 suam
2297 3481 2545 3543 tanquam
2585 3471 2863 3541 conjugem
2892 3469 3180 3538 alloquitur
3201 3511 3216 3533 ,
3237 3477 3402 3538 quam
3429 3481 3526 3538 per

1942 3568 2140 3622 multos
2163 3566 2325 3621 falsos
2349 3565 2481 3620 deos
2506 3564 2757 3620 fornicari
2786 3579 2891 3620 non
2914 3564 3044 3629 vult,
3077 3577 3185 3617 non
3212 3561 3385 3616 solum
3407 3560 3523 3615 sine

1941 3660 2271 3716 dubitatione
2293 3699 2307 3725 ,
2339 3673 2522 3713 verum
2549 3658 2708 3712 etiam
2735 3672 2855 3712 cum
2883 3655 3169 3727 gratiarum
3193 3652 3402 3707 actione
3428 3665 3526 3706 no-

1942 3752 2026 3807 bis
2053 3751 2179 3806 utile
2207 3759 2290 3805 est
2313 3749 2577 3804 conﬁteri.
2609 3748 2720 3803 Hoc
2747 3757 2801 3803 et
2827 3746 2894 3802 de
2923 3746 3000 3800 ira
3028 3745 3120 3799 Dei
3143 3742 3371 3799 dixerim
3394 3756 3527 3798 :ne—

1941 3859 2044 3915 que
2070 3844 2211 3899 enim
2240 3841 2580 3913 perturbatur
2609 3841 2769 3904 Deus,
2791 3854 2912 3894 cum
2943 3835 3104 3892 infert
3134 3836 3303 3900 iram;
3332 3833 3426 3890 sed
3449 3834 3525 3889 ira

1939 3951 2040 4008 pro
2078 3935 2310 3991 vindicta
2336 3934 2571 4004 ponitur,
2599 3933 2711 3988 sive
2737 3931 3024 3998 abusione,
3051 3929 3163 3984 sive
3187 3927 3362 3997 aliqua
3391 3940 3530 3997 pra:-

1941 4026 2180 4083 cedentis
2220 4027 2411 4097 lingua:
2440 4025 2783 4096 proprietate.

2010 4121 2238 4178 CAPUT
2281 4119 2426 4175 XIX.
2464 4149 2535 4160 —
2574 4119 2648 4174 De
2695 4115 2989 4173 interfectis
3030 4122 3206 4171 autem
3252 4112 3530 4168 hominum

1940 4212 2174 4268 millibus
2204 4226 2310 4266 non
2333 4211 2633 4276 miraretur,
2664 4208 2712 4263 si
2740 4207 2836 4263 Dei
2858 4207 3115 4276 judicium
3140 4221 3246 4260 non
3274 4212 3524 4275 negaret:

1941 4305 2084 4376 quod
2110 4320 2283 4375 neque
2313 4303 2507 4374 Pagani
2538 4309 2753 4372 negant,
2783 4299 2873 4372 qui
2898 4300 2987 4354 Dei
3018 4298 3350 4370 providentia
3373 4297 3528 4352 istam

1941 4397 2340 4453 universitatem
2370 4395 2479 4465 regi
2506 4401 2560 4450 et
2578 4392 2936 4449 administrari
2965 4407 2996 4447 a
3017 4391 3239 4446 summis
3268 4405 3432 4460 usque
3460 4387 3529 4444 ad

1942 4490 2048 4545 ima
2076 4487 2391 4542 concedunt.
2423 4485 2575 4554 Quod
2602 4487 2647 4540 si
2690 4494 2746 4540 et
2782 4484 2883 4540 hoc
2923 4491 3172 4554 negaret,
3200 4482 3283 4537 vel
3310 4496 3530 4537 suorum

1941 4581 2256 4636 auctoritate
2278 4579 2504 4647 facilius,
2530 4579 2613 4634 vel
2635 4579 2903 4650 aliquanto
2923 4577 3122 4634 diutius
3141 4586 3406 4633 certarum
3441 4591 3528 4630 ra-

1944 4674 2146 4728 tionum
2176 4671 2534 4742 disputatione
2561 4671 3006 4736 convinceretur;
3037 4670 3121 4724 vel
3165 4679 3411 4739 tanquam
3441 4668 3526 4722 ni-

1943 4765 2109 4820 mium
2140 4763 2304 4818 durus
2333 4773 2385 4818 ct
2409 4762 2652 4828 stolidus,
2683 4761 2961 4833 ipsi,quod
2983 4776 3101 4817 esse
3126 4778 3232 4816 non
3260 4760 3522 4827 crederet,

1943 4856 2124 4911 divino
2149 4855 2350 4926 judicio
2392 4855 2801 4925 relinqueretur.
2846 4853 3007 4909 Levia
3054 4867 3213 4923 porro
3256 4853 3340 4906 vel
3383 4851 3526 4906 nulla

1944 4949 2248 5015 commissa,
2281 4955 2499 5020 propter
2521 4963 2641 5018 qua:
2672 4948 2810 5003 Deus
2840 4944 3168 5001 interfecerit
3188 4943 3451 5009 homines,
3484 4944 3530 4997 si

1945 5056 2197 5112 expresse
2245 5049 2722 5108 commemoraret,
2773 5039 3178 5096 ostenderemus
3233 5050 3330 5091 nec
3386 5035 3530 5091 nulla

1947 5149 2097 5202 esse,
2125 5149 2224 5190 nec
2256 5134 2391 5190 levia
2418 5152 2430 5188 :
2463 5134 2608 5189 velut
2633 5133 2774 5204 quod
2802 5133 3030 5204 exempli
3055 5131 3224 5202 gratia
3251 5128 3526 5198 posuimus

1947 5227 2013 5282 de
2042 5235 2191 5282 veste
2217 5227 2436 5297 nuptiali
2471 5227 2680 5299 (Matth.
2711 5243 2855 5289 xxu,
2890 5226 3102 5296 1145),
3130 5223 3531 5280 demonstrare-

1946 5332 2067 5372 mus
2090 5326 2344 5388 quantum
2373 5327 2516 5373 esset
2538 5318 2683 5372 nefas
2707 5359 2723 5386 ,
2753 5332 2933 5372 sacras
2962 5315 3172 5385 nuptias
3199 5315 3346 5370 adire
3371 5331 3522 5388 qure-

1946 5419 2152 5466 rentem
2182 5410 2251 5465 ibi
2277 5410 2519 5481 gloriam,
2547 5425 2652 5464 non
2679 5409 2880 5480 sponsi,
2908 5408 3001 5465 sed
3021 5423 3192 5476 suam;
3219 5409 3303 5464 vel
3329 5409 3374 5464 si
3399 5409 3527 5481 quid

1947 5504 2086 5560 forte
2121 5504 2264 5560 aliud
2312 5505 2401 5559 illa
2448 5504 2610 5559 vestis
2652 5503 2870 5558 meliore
2913 5503 3184 5560 intellectu
3229 5502 3529 5573 signiﬁcare

1947 5597 2312 5651 inveniretur:
2340 5605 2431 5651 aut
2457 5595 2598 5667 quod
2628 5605 2753 5651 ante
2781 5595 2966 5652 oculos
3010 5597 3151 5669 regis
3193 5596 3526 5652 interﬁciun-

1945 5684 2063 5756 tur,
2091 5690 2182 5760 qui
2210 5705 2332 5745 eum
2362 5689 2461 5745 sibi
2487 5705 2709 5761 regnare
2747 5691 3031 5750 noluerunt
3057 5690 3210 5766 (Luc.
3243 5705 3368 5760 xix,
3393 5688 3526 5760 27).

2007 5802 2082 5928 ξεῖ
2105 5810 2366 5925 me.
