4028 6432
564 401 663 465 lii

567 531 673 572 non
699 516 858 588 longe
882 513 1018 571 forte
1041 523 1288 570 sermone
1310 519 1492 568 nostro
1515 517 1812 582 appareret,
1839 523 1942 564 non
1964 519 2149 580 quem-

565 608 848 664 admodum
875 607 1016 662 nulla
1046 608 1200 677 culpa
1226 613 1308 662 est
1333 604 1597 671 hominis,
1638 603 1682 658 si
1722 602 1882 658 nollet
1919 601 2020 657 sibi
2059 615 2148 656 re-

565 715 729 774 gnare
769 709 1086 771 quemquam
1131 700 1436 762 hominem,
1463 698 1536 752 ita
1564 697 1760 753 nullam
1807 697 1889 751 vel
1928 709 2146 766 parvam
2192 742 2197 747 .

565 810 686 853 esse
709 795 915 866 culpam
945 804 1066 850 eum
1094 794 1195 850 sibi
1235 793 1378 848 nolle
1403 807 1661 862 regnare,
1695 791 1747 846 iu
1787 790 1937 860 cujus
1981 789 2147 845 solius

565 904 732 959 regno
757 895 902 942 recte
919 929 935 954 ,
960 887 1113 942 beate
1131 927 1146 953 ,
1179 899 1494 955 semperque
1518 885 1730 939 vivitur.

635 979 860 1035 CAPUT
885 978 1002 1034 XX.
1025 979 1098 1019 4-
1118 975 1234 1033 Jam
1275 978 1404 1032 illud
1437 978 1679 1032 ultimum
1702 1019 1716 1042 ,
1749 975 1889 1046 quod
1921 975 2149 1030 Faustus

565 1073 761 1142 posuit,
787 1072 1039 1125 insidians
1063 1071 1330 1126 veteribus
1363 1070 1535 1124 Libris
1563 1079 1809 1139 tanquam
1840 1069 2147 1137 vituperan-

567 1165 705 1219 tibus
732 1165 920 1232 Deum,
953 1165 1094 1236 Quod
1124 1166 1351 1220 minetur
1379 1165 1612 1235 gladium
1633 1205 1647 1230 ,
1679 1178 1784 1233 quo
1806 1162 2002 1217 nemini
2028 1176 2148 1231 par-

561 1265 665 1321 cat,
699 1270 798 1311 nec
821 1256 984 1326 justo,
1014 1272 1111 1312 nec
1140 1257 1404 1327 peccatori
1426 1299 1440 1322 ,
1471 1267 1591 1311 cum
1623 1269 1828 1326 pagano
1856 1267 2150 1323 exponere.

563 1356 650 1401 tur
678 1348 945 1418 quomodo
970 1349 1335 1418 accipiendum
1367 1349 1452 1413 sit,
1478 1347 1718 1402 fortassis
1746 1361 1844 1400 nec
1871 1345 2018 1399 Novo
2048 1357 2147 1399 nec

563 1440 742 1496 Veteri
772 1439 1110 1496 TeStame'nto
1149 1443 1454 1508 resisteret,
1497 1440 1652 1510 eique
1697 1441 1929 1509 placeret
1965 1436 2151 1492 simili-

562 1533 690 1588 tudo
721 1535 1024 1604 evangelica
1050 1577 1065 1599 ,
1088 1550 1206 1605 quae
1234 1535 1348 1589 istis
1371 1576 1384 1599 ,
1418 1533 1508 1604 qui
1532 1548 1590 1588 se
1614 1533 1933 1587 christianos
1965 1530 2148 1585 haberi

560 1627 768 1688 volunt,
793 1632 885 1679 aut
912 1641 1016 1680 non
1037 1632 1256 1696 apparet
1277 1635 1338 1679 ut
1355 1625 1530 1688 czecis,
1563 1629 1654 1678 aut
1677 1623 1920 1694 displicet
1941 1631 1999 1677 ut
2019 1637 2146 1693 per-

562 1717 754 1771 versis.
789 1716 1038 1772 Summus
1062 1719 1256 1788 quippe
1302 1716 1390 1772 ille
1431 1715 1552 1770 vitis
1579 1717 1806 1786 agricola
1833 1715 2007 1786 (Joan.
2039 1731 2106 1769 xv
2129 1756 2144 1780 ,

562 1807 631 1879 1)
659 1810 811 1863 aliter
842 1817 991 1879 parat
1024 1809 1208 1864 falcem
1232 1809 1514 1863 sarmentis
1539 1807 1822 1863 fructuosis
1841 1849 1856 1876 ,
1889 1807 2041 1862 aliter
2067 1807 2149 1861 in-

562 1900 849 1956 fructuosis
881 1920 894 1956 :
928 1911 1101 1957 tamen
1129 1917 1233 1956 non
1261 1903 1449 1972 parcit,
1477 1917 1571 1955 nec
1602 1901 1801 1971 probis,
1835 1915 1932 1955 nec
1959 1916 2147 1970 repro-

562 1995 664 2060 bis;
691 1995 790 2049 illis
820 1995 1128 2066 purgandis,
1162 1996 1264 2051 illis
1286 1982 1639 2065 amptitandis.
1673 1994 1856 2048 Nullus
1886 1996 2028 2049 enim
2051 1993 2148 2048 ho-

561 2087 762 2142 minum
794 2096 872 2141 est
902 2095 1040 2141 tanta
1064 2087 1266 2156 justitia
1288 2086 1540 2156 przeditus
1563 2129 1576 2151 ,
1619 2086 1701 2140 cui
1734 2102 1836 2139 non
1863 2085 1930 2141 sit
1958 2100 2146 2140 ncces-

560 2177 703 2233 saria
730 2177 950 2233 tentatio
991 2179 1376 2243 tribulationis,
1410 2178 1488 2232 vel
1519 2177 1584 2231 ad
1623 2176 2036 2246 perficiendam,
2065 2177 2148 2231 vel

559 2269 625 2322 ad
667 2268 1113 2335 confirmandam,
1143 2270 1224 2324 vel
1252 2269 1317 2323 ad
1357 2268 1684 2338 probandam
1719 2273 1964 2322 virtutem
1999 2282 2013 2319 :
2045 2268 2147 2322 nisi

560 2360 695 2416 forte
733 2376 833 2417 nec
879 2361 1099 2416 Paulum
1143 2363 1228 2416 isti
1259 2362 1555 2431 apostolum
1597 2361 1734 2416 inter
1761 2361 1932 2430 justus
1963 2376 2148 2416 nume-

559 2462 712 2523 rant,
743 2455 833 2526 qui
861 2456 1102 2526 quamvis
1129 2455 1399 2509 humiliter
1425 2466 1478 2508 et
1505 2454 1765 2508 Veraciter
1788 2468 1880 2507 sua
1923 2463 2146 2524 praeter-

560 2549 636 2604 ita
694 2557 912 2618 peccatu
943 2547 1203 2614 fateatur,
1239 2555 1414 2602 tamen
1458 2562 1518 2602 se
1559 2561 1624 2600 ex
1659 2545 1765 2600 ﬁde
1795 2545 1922 2600 Jesu
1953 2544 2147 2599 Christi

552 2639 900 2711 justiiicatum
939 2640 1134 2710 gratias
1170 2638 1276 2708 agit
1306 2637 1348 2709 (Ι
1377 2637 1506 2691 Tim.
1556 2653 1604 2703 ι,
1641 2637 1750 2707 15).
1784 2637 1864 2690 An
1909 2649 2036 2690 vero
2071 2635 2147 2690 illi

561 2732 812 2803 parcebat
848 2733 937 2788 ille
959 2773 975 2800 ,
1019 2747 1177 2801 quem
1208 2731 1328 2786 vani
1359 2746 1461 2786 non
1492 2730 1794 2800 intelligunt
1840 2729 2102 2784 dicentem
2128 2770 2142 2796 ,

559 2821 678 2877 Non
709 2837 943 2893 parcam,
976 2838 1075 2878 nec
1099 2823 1278 2893 justo,
1309 2838 1408 2878 nec
1434 2822 1734 2892 peccatori?
1765 2821 1996 2876 Audiant
2021 2835 2147 2890 ergo

559 2915 733 2986 ipsum
762 2932 777 2975 :
805 2915 874 2970 Et
900 2933 962 2970 ne
988 2917 1353 2987 magnitudine,
1378 2916 1576 2986 inquit,
1605 2915 1962 2969 revelationum
1981 2915 2146 2969 extol-

561 3008 640 3062 lar
657 3050 671 3076 ,
699 3009 848 3070 datus
869 3017 941 3063 est
961 3009 1086 3062 mihi
1104 3008 1340 3063 stimulus
1367 3008 1552 3073 carnis,
1576 3008 1785 3078 angelus
1813 3015 2003 3061 satana:
2021 3047 2035 3073 ,
2062 3007 2148 3078 qui

560 3115 640 3155 me
666 3100 944 3174 cotap’hizct
980 3117 998 3156 :
1039 3109 1245 3173 propter
1281 3101 1416 3172 quod
1455 3109 1526 3154 ter
1552 3099 1828 3153 Dominum
1853 3099 2026 3170 rogavi
2050 3141 2064 3165 ,
2093 3107 2148 3154 ut

560 3199 780 3267 auferret
804 3211 917 3248 eum
944 3211 975 3248 a
1000 3209 1098 3261 me,
1122 3203 1168 3248 et
1187 3193 1315 3248 dixit
1340 3194 1465 3247 mihi
1487 3193 1697 3263 :su/[icit
1724 3191 1810 3244 tibi
1829 3191 1994 3262 gratia
2014 3205 2150 3255 mea;

560 3302 680 3344 nam
706 3291 863 3344 virtus
888 3289 940 3344 in
979 3289 1275 3358 inﬁrmitate
1313 3288 1570 3358 perﬁcitur
1601 3285 1676 3358 (Il
1707 3285 1823 3340 Cor.
1861 3300 1973 3352 xu,
2015 3283 2145 3356 7-9).

561 3383 700 3438 Ecce
723 3398 821 3439 nec
852 3383 996 3453 justo
1025 3381 1307 3453 parcebat,
1339 3389 1396 3434 ut
1425 3380 1538 3449 ejus
1563 3379 1812 3432 virtutem
1840 3377 1893 3430 in
1923 3373 2147 3430 infirmi-

562 3479 667 3528 tate
692 3473 990 3544 perficeret,
1017 3473 1107 3544 qui
1132 3473 1182 3529 ei
1204 3472 1426 3528 dederat
1449 3470 1866 3539 colaphizantem
1903 3466 2148 3536 angelum

561 3580 759 3623 satanm
788 3585 799 3621 :
834 3568 930 3622 nisi
968 3567 1142 3623 dicitis
1181 3567 1320 3638 quod
1352 3581 1473 3622 eum
1504 3563 1746 3620 diabolus
1776 3561 2000 3618 dederit.
2035 3561 2151 3616 Dia-

558 3659 724 3731 bolus
766 3675 892 3731 ergo
943 3661 1165 3731 agebat,
1220 3675 1288 3715 ne
1338 3658 1699 3729 magnitudine
1762 3657 2148 3711 revelationmu

559 3750 754 3806 Paulus
804 3752 1174 3818 extolleretur,
1223 3760 1277 3806 et
1315 3757 1373 3806 ut
1412 3751 1580 3805 virtus
1623 3750 1738 3819 ejus
1784 3749 2146 3820 perliceretur.

561 3844 689 3911 Quis
712 3845 815 3898 hoc
837 3844 1062 3899 dixerit?
1083 3842 1164 3898 Ah
1188 3843 1278 3898 illo
1305 3843 1462 3914 igitur
1481 3843 1706 3898 traditus
1727 3851 1839 3896 erat
1861 3841 2036 3912 justus
2061 3854 2150 3894 co-

562 3935 908 4006 laphizandus
938 3938 1125 4005 angelo
1159 3946 1356 3991 satanae
1378 3979 1392 4003 ,
1423 3938 1512 4007 qui
1543 3943 1636 4006 per
1663 3953 1782 3991 eum
1831 3935 2071 3990 tradebat
2097 3943 2150 3989 et

564 4029 789 4100 injustas
815 4027 912 4096 ipsi
943 4037 1142 4082 satana:
1172 4045 1184 4080 :
1217 4027 1283 4083 de
1308 4029 1500 4098 quibus
1527 4028 1665 4081 idem
1695 4027 1842 4092 dicit,
1879 4026 2018 4093 Quos
2043 4034 2149 4078 tra-

565 4121 673 4175 didi
695 4127 886 4175 sataua:
905 4163 919 4185 ,
943 4129 996 4173 ut
1022 4120 1221 4174 discant
1242 4136 1341 4173 non
1370 4121 1716 4189 blaspltemare
1740 4119 1778 4190 (1
1801 4119 1934 4173 Tim.
1960 4135 1976 4173 ι
1997 4161 2011 4183 ,
2032 4119 2145 4190 20).

565 4213 753 4269 Jamne
783 4211 1077 4283 intelligitis
1111 4211 1377 4281 quomodo
1406 4212 1491 4266 ille
1519 4211 1747 4278 desuper
1789 4227 1893 4264 non
1931 4218 2146 4280 parcat,

566 4321 666 4361 nec
681 4305 843 4375 justo,
877 4319 978 4360 uec
1005 4303 1304 4374 peccatori?
1331 4304 1409 4357 An
1439 4304 1557 4372 quia
1592 4303 1696 4356 illic
1728 4301 1934 4370 gladius
1977 4301 2151 4355 nomi-

566 4408 720 4454 natus
747 4408 828 4453 est
847 4440 861 4464 ,
892 4397 1120 4468 amplius
1148 4396 1556 4451 exhorrescitis?
1597 4397 1754 4450 Aliud
1784 4404 1863 4451 est
1891 4396 2032 4450 enim
2060 4410 2151 4451 co-

567 4491 820 4560 laphizari
847 4533 860 4557 ,
889 4492 1029 4546 aliud
1057 4489 1247 4546 occidi.
1280 4489 1438 4558 Quasi
1470 4505 1596 4546 vero
1627 4506 1730 4544 non
1758 4489 1983 4545 diversis
2011 4505 2153 4544 mor-

570 4583 698 4638 tium
730 4583 1020 4654 generibus
1055 4592 1315 4654 prostrata
1358 4583 1463 4638 sint
1498 4591 1787 4654 martyrum
1819 4581 2014 4650 millia,
2062 4592 2152 4639 aut

571 4677 673 4732 hoc
698 4692 882 4732 revera
922 4685 1294 4746 persecutores
1338 4677 1389 4730 in
1421 4686 1682 4745 potestate
1723 4677 2011 4741 haberent,
2051 4677 2151 4733 nisi

569 4773 649 4827 eis
675 4772 904 4842 desuper
923 4772 1043 4825 data
1072 4778 1213 4824 esset
1241 4770 1307 4825 ab
1333 4769 1424 4823 illo
1444 4771 1532 4840 qui
1557 4770 1722 4835 dixit,
1758 4771 1871 4824 Non
1901 4785 2110 4840 parcam
2133 4814 2147 4839 ,

566 4881 668 4921 nec
692 4867 836 4935 justo
856 4906 869 4927 ,
895 4879 990 4918 nec
1018 4865 1278 4934 peccatori
1305 4879 1319 4929 ;
1366 4877 1486 4917 eum
1537 4864 1646 4932 ipse
1675 4864 1927 4917 Dominus
1956 4873 2153 4935 marty-

571 4972 702 5020 rum,
734 4957 817 5012 eui
846 4953 984 5010 Filio
1010 4955 1024 4987 ¹
1059 4955 1264 5026 praprio
1286 4971 1386 5008 non
1416 4955 1636 5025 pepercit
1666 4953 1839 5024 (Rom.
1870 4970 1958 5007 vut
1980 4995 1993 5019 ,
2025 4954 2112 5024 5'2)
2134 4997 2149 5023 ,

567 5047 905 5117 apertissime
934 5047 1105 5101 Pilato
1135 5045 1295 5111 dicat,
1334 5044 1452 5098 Non
1499 5046 1704 5098 haberes
1748 5043 1800 5097 iu
1827 5061 1906 5098 me
1935 5053 2154 5114 potesta-

569 5149 687 5205 tem,
721 5142 818 5196 nisi
858 5139 980 5194 data
1019 5139 1106 5194 tibi
1134 5149 1257 5193 esset
1286 5139 1501 5208 desuper
1532 5137 1709 5194 (Joau.
1746 5153 1835 5192 χιι
1859 5181 1872 5205 ,
1909 5138 2018 5209 Η).
2050 5138 2155 5194 llas

570 5247 847 5303 pressuras
876 5234 1384 5302 persecutionesque
1407 5231 1670 5298 jnstorum
1699 5229 1825 5283 dicit
1856 5229 1994 5285 idem
2021 5229 2157 5285 Pau-

572 5326 651 5378 lus
676 5326 980 5393 exemplum
1027 5335 1147 5379 esse
1190 5322 1372 5392 judicii
1408 5321 1496 5375 Dei
1531 5319 1595 5391 (ll
1625 5319 1798 5373 Thess.
1848 5337 1891 5385 ι,
1921 5321 1997 5391 5).
2029 5323 2157 5388 Qure

573 5417 835 5470 sententia
856 5416 1013 5470 latius
1042 5416 1108 5469 ab
1130 5414 1372 5485 apostolo
1399 5413 1555 5467 Petro
1584 5412 1977 5477 manifestatur,
2023 5414 2159 5467 sicut

573 5521 729 5575 supra
752 5509 1183 5574 commemoravi,
1214 5507 1300 5562 ubi
1330 5507 1434 5572 ait,
1468 5516 1660 5577 tempus
1695 5521 1813 5560 esse
1840 5515 1894 5558 ut
1907 5505 2160 5575 judicium

573 5599 784 5668 incipiat
806 5615 837 5652 a
866 5599 1014 5652 domo
1038 5599 1263 5655 Domini.
1293 5600 1357 5655 Et
1378 5601 1420 5655 s’i
1442 5600 1638 5654 initium
1665 5642 1678 5666 ,
1714 5599 1906 5669 inquit,
1936 5615 1966 5652 a
1997 5601 2156 5668 nobis,

572 5693 739 5766 qualis
767 5693 886 5763 finis
913 5694 1004 5747 erit
1029 5693 1100 5747 eis
1125 5695 1209 5764 qui
1241 5711 1339 5748 non
1373 5694 1582 5748 credunt
1609 5691 1702 5747 Dei
1737 5690 2055 5762 Evangelia?
2096 5691 2162 5747 Et

639 5828 655 5858 ί
691 5835 814 5891 Am.,
1132 5833 1208 5877 Er.
1235 5833 1287 5878 et
1307 5834 1439 5890 Lov.,
1463 5826 1548 5892 qui
1581 5826 1725 5880 Filio.
1764 5829 2064 5894 castigantur
2097 5842 2164 5881 ex

1376 398 1650 456 CONTRA
1688 393 2010 453 FAUSTUM
2050 383 2501 470 MANlCHEUM,
2541 395 2598 455 S.
2641 387 3010 459 AUGUSTINI

3721 403 3816 468 lii

2259 510 2304 563 si
2338 511 2512 581 justus
2537 512 2622 566 vix
2664 514 2830 567 salvus
2855 515 2973 580 erit,
3015 521 3243 585 peccator
3285 523 3332 570 et
3355 516 3543 586 impius
3577 519 3661 574 ubi
3683 539 3820 592 pare-

2258 603 2377 657 bunt
2403 605 2446 675 (l
2471 604 2612 659 Petr.
2642 613 2724 672 iv,
2749 599 2815 661 17
2835 647 2849 671 ,
2882 607 3006 677 18)?
3036 607 3169 662 Hinc
3189 608 3330 662 enim
3362 609 3670 681 intelligitur
3697 631 3816 685 quo-

2257 694 2416 752 modo
2443 712 2548 752 non
2581 706 2828 768 parcatur
2856 698 3030 768 impiis
3055 740 3069 764 ,
3100 707 3348 769 tanquam
3395 701 3673 758 sarmentis
3699 721 3822 774 prae-

2255 792 2380 847 cisis
2422 793 2487 848 ad
2534 793 2994 860 combusuonem;
3040 793 3250 864 quando
3290 794 3444 865 justis
3475 809 3579 851 non
3605 801 3821 868 parcitur

2255 893 2474 956 propter
2499 885 2874 956 perficiendam
2913 885 3302 956 purgationem.
3344 886 3475 940 Nam
3504 893 3557 942 et
3599 889 3708 959 ipse
3733 891 3821 947 Pe-

2258 986 2369 1031 trus
2411 986 2632 1033 testatur
2658 978 2770 1033 haec
2801 978 2941 1034 illius
2967 979 3234 1033 voluntate
3263 979 3376 1034 fieri
3397 1021 3412 1044 ,
3453 981 3541 1050 qui
3579 981 3629 1035 in
3662 982 3819 1040 Libris

2254 1071 2522 1125 veteribus
2549 1072 2619 1124 ait
2639 1114 2654 1138 ,
2682 1070 2795 1125 Non
2825 1087 3033 1142 parcam
3051 1116 3064 1137 ,
3095 1087 3190 1125 nec
3218 1072 3361 1140 justo
3379 1115 3392 1138 ,
3421 1083 3520 1127 nec
3546 1078 3817 1144 peccatori.

2257 1160 2394 1214 Dicit
2419 1163 2558 1215 enim
2600 1171 2651 1217 et
2691 1164 2802 1233 ipse
2833 1181 2846 1216 :
2882 1161 3068 1217 Metius
3097 1171 3168 1218 est
3191 1164 3310 1217 bene
3348 1165 3619 1235 facientes,
3659 1169 3700 1221 si
3718 1169 3822 1225 velit

2257 1251 2478 1322 Spiritus
2510 1253 2634 1317 Dei,
2677 1259 2783 1323 pati
2800 1297 2814 1320 ,
2844 1255 2991 1325 qimm
3026 1256 3157 1308 male
3194 1256 3429 1324 facientes
3456 1256 3565 1330 (Id.
3597 1271 3654 1312 ιιι
3674 1301 3687 1324 ,
3721 1261 3818 1331 17).

2255 1342 2386 1398 Cum
2413 1359 2538 1413 ergo
2566 1359 2630 1398 ex
2648 1346 2920 1399 voluntate
2942 1346 3167 1415 Spiritus
3200 1347 3288 1400 Dei
3308 1349 3580 1417 patiuntur
3607 1350 3736 1406 bene
3755 1351 3824 1406 fa-

2253 1433 2458 1489 cientes
2478 1476 2492 1498 ,
2523 1450 2626 1488 non
2653 1436 3093 1505 parciturjustis;
3119 1453 3238 1492 cum
3269 1448 3445 1494 autem
3473 1441 3611 1495 male
3640 1441 3822 1497 facien-
3862 1431 3869 1438 ’

2253 1534 2335 1580 tes
2356 1569 2371 1593 ,
2405 1541 2507 1580 non
2539 1527 2771 1596 parcitur
2807 1529 3173 1597 peccatoribus
3202 1547 3214 1582 :
3253 1529 3542 1584 secundmn
3584 1532 3720 1586 illius
3756 1542 3825 1588 ta-

2253 1627 2378 1674 men
2410 1620 2732 1674 voluntatem
2762 1620 2820 1675 ﬂt
2851 1629 3128 1690 utrumque
3150 1663 3162 1687 ,
3196 1623 3282 1692 qui
3313 1622 3414 1688 ait,
3439 1622 3551 1677 Non
3585 1639 3786 1693 parcam
3809 1668 3823 1693 ,

2253 1727 2353 1766 nec
2375 1711 2534 1782 justo,
2563 1727 2662 1767 nec
2698 1712 2994 1783 peccatori;
3025 1712 3171 1767 illum
3202 1712 3520 1784 ﬂagellando
3548 1724 3606 1769 ut
3637 1713 3789 1770 filium
3808 1756 3822 1783 ,

2253 1803 2404 1858 illum
2429 1804 2695 1874 puniendo
2725 1811 2781 1858 ut
2812 1804 3054 1873 impium.

2325 1899 2549 1955 CAPUT
2573 1897 2716 1954 XXI.
2747 1925 2818 1940 ο·-
2843 1899 2981 1955 Ecce
3009 1898 3236 1965 ostendi,
3265 1909 3523 1972 quantum
3551 1902 3718 1972 potui,
3741 1917 3826 1959 nos

2254 2007 2360 2046 non
2404 1993 2583 2047 colere
2615 2001 2883 2048 versatum
2924 2007 2990 2048 ex
3036 2001 3238 2049 aeterno
3269 1995 3321 2048 in
3367 1995 3603 2050 tenebris
3633 1996 3826 2061 Deum;

2254 2083 2349 2138 sed
2377 2098 2494 2138 eum
2520 2083 2608 2153 qui
2635 2085 2721 2137 lux
2758 2093 2839 2139 ρει
2859 2127 2872 2150 ,
2901 2092 2953 2140 et
2993 2085 3228 2140 tenebrae
3255 2085 3306 2140 in
3335 2101 3401 2142 eo
3427 2103 3532 2141 non
3569 2096 3692 2142 sunt
3719 2088 3829 2143 ullze

2259 2174 2301 2246 (Ι
2322 2174 2475 2228 Ιοαη.
2512 2191 2548 2241 ι,
2577 2175 2657 2246 5),
2677 2183 2836 2246 atque
2868 2177 2919 2229 in
2947 2190 3004 2232 se
3033 2175 3147 2246 ipso
3173 2175 3375 2232 habitat
3404 2178 3572 2233 lucem
3603 2180 3830 2234 inacces-

2254 2265 2464 2321 sibilem
2495 2267 2538 2337 (l
2569 2266 2700 2320 Tim.
2747 2283 2834 2333 v1,
2868 2267 2986 2338 16),
3037 2268 3187 2337 cujus
3232 2269 3364 2324 lucis
3400 2279 3618 2326 aeterna:
3647 2270 3832 2326 candor

2256 2369 2336 2414 est
2377 2368 2638 2415 co:eterua
2668 2360 2936 2430 Sapientia
2970 2361 3121 2434 (Sap.
3163 2377 3269 2428 vu,
3315 2361 3427 2436 23).
3459 2363 3566 2418 Nec
3611 2365 3742 2419 lucis
3770 2365 3830 2418 in-

2255 2454 2483 2524 opinata:
2504 2453 2879 2508 admiratorem
2912 2471 2925 2508 :
2951 2454 3043 2509 sed
3077 2455 3211 2509 lueis
3240 2456 3388 2509 facta:
3416 2466 3749 2523 creatorem,
3783 2465 3834 2511 ut

2255 2547 2600 2612 subsisteret;
2624 2546 3032 2616 approbatorem
3058 2589 3072 2614 ,
3097 2555 3155 2601 ut
3182 2557 3440 2602 maneret.
3463 2547 3574 2604 Nec
3605 2549 3834 2618 ignarum

2255 2638 2420 2695 futuri
2451 2659 2462 2693 :
2490 2640 2583 2695 sed
2629 2640 2992 2696 mandatorem
3042 2643 3327 2711 prmccpti,
3380 2650 3434 2697 et
3475 2643 3834 2698 damnatorem

2255 2733 2465 2798 delicti;
2513 2742 2568 2788 ut
2598 2733 2853 2790 adversus
2883 2729 3298 2790 inobedientiam
3325 2736 3466 2804 juste
3496 2737 3706 2807 prolata
3740 2737 3838 2791 vin-

2254 2827 2393 2883 dicta
2425 2838 2714 2897 praesentes
2743 2837 3050 2896 coerceret,
3093 2827 3401 2900 futurosque
3445 2837 3693 2906 terreret.
3741 2829 3837 2884 Nec

2256 2919 2606 2990 improvidmu
2630 2920 2916 2975 nesciendo
2943 2929 3268 2990 quaerentem
3311 2941 3322 2976 :
3350 2921 3442 2976 sed
3471 2919 3838 2992 interrogando

2249 3010 2597 3082 judicantem.
2626 3011 2734 3066 Nec
2765 3011 2998 3066 invidum
3030 3025 3090 3066 ac
3119 3013 3391 3067 timentem
3414 3013 3535 3067 :sed
3561 3014 3634 3067 ab
3653 3021 3836 3068 aeterna

2254 3107 2381 3169 vita,
2415 3121 2532 3175 quae
2548 3105 2692 3176 juste
2722 3105 2988 3160 obedienti
3012 3105 3184 3172 datur,
3217 3106 3684 3176 pra2varicatorcm
3708 3107 3840 3176 juste

2255 3196 2646 3267 prohibentem.
2684 3195 2792 3251 Nec
2835 3198 3105 3266 sanguinis
3147 3204 3199 3252 et
3245 3196 3414 3266 adipis
3458 3205 3837 3269 appetentem:

2257 3289 2348 3344 sed
2382 3289 2582 3343 carnali
2613 3289 2806 3358 populo
2835 3290 3084 3359 congruis
3110 3290 3385 3345 sacrificiis
3415 3289 3684 3360 impositis
3704 3332 3719 3356 ,
3756 3305 3842 3361 per

2256 3381 2510 3452 quasdam
2569 3380 2762 3452 figuras
2815 3395 2997 3436 verum
3049 3382 3366 3438 sacrificium
3418 3384 3836 3455 promittentem.

2255 3475 2366 3530 Nec
2390 3475 2548 3529 livida
2591 3474 2985 3545 perturbatione
3007 3518 3019 3540 ,
3051 3475 3143 3530 sed
3177 3475 3457 3546 tranquilla
3496 3477 3739 3532 bonitate
3765 3491 3844 3531 ze-

2254 3567 2488 3634 lantem,
2529 3583 2593 3622 ne
2638 3567 2726 3622 uni
2769 3567 2876 3622 Deo
2915 3566 3114 3623 debens
3156 3569 3331 3622 anima
3373 3570 3674 3625 castitatem
3699 3611 3714 3636 ,
3757 3585 3843 3639 per

2257 3655 2451 3713 multos
2485 3658 2645 3713 falsos
2671 3666 2921 3730 corrupta
2947 3669 3000 3715 et
3028 3661 3308 3730 prostituta
3340 3669 3602 3733 turpetur.
3638 3661 3745 3717 Nec
3772 3661 3843 3715 ira

2254 3751 2404 3806 velut
2435 3750 2662 3805 humana
2685 3792 2698 3815 ,
2733 3751 2942 3826 turbide
2981 3751 3309 3819 szevientem;
3351 3751 3442 3807 sed
3468 3754 3569 3807 alia
3599 3753 3779 3809 divina
3807 3753 3840 3818 ',

2257 3851 2443 3898 severe
2469 3841 2607 3912 justa
2636 3842 3015 3898 retribuentem
3033 3885 3049 3910 ,
3072 3859 3189 3914 qum
3220 3858 3324 3898 non
3349 3854 3566 3914 propter
3594 3837 3845 3900 ulciscen-

2255 3935 2311 3991 di
2355 3935 2661 4003 libidinem,
2707 3935 2799 3990 sed
2843 3946 3059 4005 propter
3096 3934 3369 4005 judicandi
3414 3936 3654 4006 vigorem
3703 3945 3843 3991 certo

2259 4042 2355 4083 usu
2392 4027 2676 4082 locutionis
2707 4029 2784 4082 ira
2825 4027 3146 4080 nominatur.
3177 4025 3286 4080 Nec
3327 4025 3396 4081 ob
3426 4027 3558 4080 levia
3591 4029 3677 4083 vel
3709 4027 3844 4082 nulla

2257 4121 2542 4175 commissa
2581 4118 2856 4176 hominum
2888 4119 3049 4173 millia
3093 4119 3440 4189 perimentem
3475 4138 3488 4173 :
3517 4120 3614 4174 sed
3657 4122 3843 4192 requis-

2257 4211 2394 4265 simo
2437 4211 2680 4265 examine
2709 4226 2806 4281 per
2839 4210 3156 4280 temporales
3183 4211 3486 4264 mortalium
3519 4221 3724 4268 mortes
3754 4210 3847 4265 uti-

2257 4302 2460 4357 litatem
2493 4303 2696 4357 timoris
2719 4304 2799 4357 sui
2830 4303 3037 4372 populis
3063 4302 3444 4373 imponentem.
3470 4301 3580 4358 Nec
3610 4304 3727 4359 sine
3749 4301 3850 4358 ullo

2257 4393 2465 4450 delectu
2493 4409 2632 4451 caeca
2658 4394 2970 4450 confusione
2995 4394 3169 4465 justos
3187 4405 3603 4466 peccatoresque
3627 4396 3847 4467 punien-

2259 4495 2365 4543 tem
2400 4507 2413 4544 :
2442 4488 2537 4544 sed
2572 4487 2730 4559 justis
2759 4487 3025 4543 salubrem
3055 4498 3447 4559 correptionem
3474 4500 3701 4562 propter
3729 4506 3848 4561 per-

2257 4581 2574 4649 fectionem,
2621 4582 2962 4652 peccantibus
3009 4591 3188 4636 autem
3228 4581 3464 4638 debitam
3508 4585 3848 4640 severitatem

2258 4687 2475 4749 propter
2503 4676 2805 4747 aequitatem
2836 4676 3265 4732 distribuentem.
3291 4676 3444 4732 Unde
3473 4692 3569 4732 vos
3593 4688 3847 4749 apparet,

2261 4769 2563 4832 Manichzci,
2593 4767 2982 4840 suspicionibus
3028 4771 3218 4825 vestris
3247 4785 3365 4826 esse
3389 4769 3648 4840 deceptos
3672 4813 3687 4839 ,
3735 4784 3849 4826 cum

2260 4863 2396 4917 male
2427 4861 2771 4933 intelligendo
2793 4861 3093 4932 Scripturas
3117 4873 3348 4928 nostras,
3379 4863 3461 4918 vel
3489 4863 3664 4919 malos
3693 4864 3853 4918 intel-

2259 4954 2487 5010 lectores
2513 4953 2868 5024 experiendo,
2899 4955 3026 5011 falsa
3060 4953 3134 5009 de
3161 4955 3447 5010 Catholicis
3488 4956 3752 5021 creditis;
3796 4969 3856 5008 ac

2262 5049 2337 5104 sic
2364 5049 2549 5104 relicta
2579 5064 2705 5102 sana
2734 5047 2974 5102 doctrina
2992 5090 3008 5116 ,
3034 5047 3279 5103 conversi
3309 5046 3373 5102 ad
3401 5045 3692 5118 sacrilegas
3721 5047 3860 5104 fabu-

2262 5141 2360 5206 las,
2389 5140 2711 5210 nimiumque
2734 5140 2969 5208 perversi
2995 5148 3048 5195 et
3075 5139 3288 5195 alienati
3311 5154 3340 5193 a
3362 5139 3618 5194 societate
3646 5148 3860 5194 sancto-

2263 5247 2379 5287 rum
2404 5273 2417 5294 ,
2464 5246 2563 5285 nec
2604 5246 2670 5285 ex
2698 5229 2846 5284 Novo
2877 5229 3218 5285 Testamento
3242 5231 3436 5301 corrigi
3478 5230 3635 5285 vultis
3659 5273 3674 5296 ,
3722 5228 3863 5284 unde

2265 5323 2386 5378 talia
2418 5324 2735 5393 proferimus
2755 5364 2768 5388 ,
2797 5322 2971 5393 qualia
3015 5324 3066 5377 in
3096 5322 3287 5379 Vetere
3328 5323 3568 5394 arguitis.
3615 5319 3779 5377 Unde
3810 5318 3864 5373 iit

2264 5424 2322 5470 ut
2351 5415 2604 5470 adversus
2645 5429 2772 5477 vos,
2804 5413 2940 5468 sicut
2969 5413 3230 5470 adversus
3269 5415 3542 5486 Paganos,
3571 5422 3868 5485 utrumque

2264 5508 2662 5563 Testamentum
2689 5505 2977 5561 defendere
3019 5507 3423 5577 compellamur.

2337 5599 2559 5656 CAPUT
2591 5597 2757 5652 XXII.
2788 5625 2858 5639 -ι
2878 5595 2980 5654 Sed
3001 5599 3169 5670 facile
3212 5595 3440 5669 aliquem
3469 5611 3698 5668 prorsus
3738 5610 3866 5652 car-

2268 5693 2456 5748 naliter
2485 5690 2553 5746 ita
2580 5689 2968 5762 desipientem,
3011 5701 3068 5746 ut
3097 5691 3264 5747 Deum
3313 5691 3468 5760 colat,
3501 5704 3610 5745 non
3645 5687 3871 5761 qualem

2335 5892 2353 5925 ι
2386 5887 2602 5941 Nonnulli
2635 5895 2742 5939 Mss.
2766 5891 3012 5954 omittunt,
3048 5889 3147 5942 alia
3167 5889 3344 5943 divina.
