4052 6452
231 405 332 484 ita

229 533 470 603 colimus,
509 529 600 604 qui
625 549 763 592 unus
787 539 842 592 et
866 525 1024 592 v'ei-u's
1068 539 1189 602 est;
1220 529 1312 589 sed
1337 531 1550 602 qualem
1583 547 1679 588 nos
1707 547 1802 588 co-

229 641 330 685 lere
355 625 539 682 dicitis
561 668 577 694 ,
609 626 700 698 qui
725 625 917 683 vestris
959 619 1045 682 'vei
1076 611 1356 681 calumniis
1383 619 1464 678 vel
1495 617 1808 694 Suspicioni-

228 719 318 794 otis
347 713 509 772 fictus
535 725 619 773 est
649 733 663 772 :
691 729 870 772 nonne
897 713 1055 772 etiam
1079 711 1178 772 iste
1195 715 1470 770 meliorem
1500 707 1626 769 colit
1649 727 1808 784 quam

228 809 352 866 vos?
377 809 578 878 Qumso
603 811 746 866 enim
767 853 782 877 ,
812 807 1070 865 advertite
1100 817 1154 865 et
1187 801 1598 880 qualescumque
1627 807 1809 862 oculos

227 901 471 974 aperite:
515 905 692 972 neque
737 897 878 957 enim
927 915 1060 972 opus
1100 909 1182 955 est
1209 913 1401 971 magno
1441 891 1686 976 acumine
1725 897 1810 953 in-

227 993 381 1066 genii,
415 1001 476 1049 ut
505 993 608 1049 hoc
629 993 770 1064 quod
785 995 981 1060 dicam,
999 993 1230 1064 perspici
1255 993 1452 1062 possit;
1477 1007 1662 1047 omnes
1684 1007 1812 1061 pru-

226 1086 408 1142 dentes
439 1081 914 1156 imprudentesque
941 1085 1150 1155 appello
1180 1101 1194 1140 :
1235 1083 1414 1139 audite
1438 1126 1453 1152 ,
1509 1083 1768 1138 advertite
1789 1123 1803 1147 ,

226 1175 472 1246 iudicate.
503 1177 714 1244 Quanto
757 1175 898 1232 enim
923 1175 1114 1231 melius
1141 1175 1275 1231 deus
1290 1183 1468 1230 vester
1507 1189 1572 1229 ex
1598 1173 1812 1228 :eterni-

226 1277 328 1324 tate
353 1277 601 1324 versatus
631 1279 774 1326 esset
799 1269 852 1325 in
883 1269 1138 1336 tenebris,
1173 1283 1328 1340 quam
1363 1277 1682 1324 coaeternam
1709 1265 1810 1321 sibi

227 1369 275 1416 et
322 1357 609 1432 cognatam
655 1357 826 1416 lucem
877 1361 1150 1416 mersisset
1181 1361 1233 1415 in
1275 1359 1571 1432 tenebras?
1601 1359 1810 1426 Quanto

227 1431 412 1506 melius
431 1461 670 1506 exortam
697 1451 799 1506 sibi
825 1463 1013 1506 novam
1041 1451 1212 1506 lucem
1256 1449 1322 1504 ad
1360 1431 1613 1521 fuga'ndas
1656 1457 1810 1502 tene-

225 1541 342 1596 bras
385 1539 610 1595 miratus
653 1539 925 1606 laudaret,
974 1533 1132 1611 quam
1181 1539 1444 1594 irruentes
1479 1537 1580 1594 sibi
1603 1547 1811 1593 veteres

225 1627 474 1688 tenebras
529 1633 630 1690 nisi
673 1647 768 1690 sua
809 1631 927 1689 luce
975 1633 1397 1701 contenebrata,
1456 1633 1660 1688 evitare
1704 1647 1810 1686 non

223 1723 454 1795 posset?
481 1721 687 1791 Infelix,
733 1723 778 1781 si
811 1717 1186 1795 perturbatus;
1219 1723 1476 1792 crudelis,
1507 1723 1552 1778 si
1591 1737 1812 1778 securus

149 1843 162 1856 -
224 1814 320 1870 hoc
347 1811 496 1871 fecit.
529 1809 712 1870 Melius
741 1815 882 1870 enim
917 1823 1062 1871 certe
1082 1831 1110 1870 a
1139 1829 1196 1872 se
1227 1813 1421 1870 factam
1447 1815 1618 1870 lucem
1661 1813 1811 1868 vide-

224 1903 320 1972 ret,
351 1913 406 1960 et
435 1907 722 1962 miraretur
749 1903 943 1961 bonam
965 1901 1004 1972 ⁸,
1032 1915 1189 1978 quam
1218 1919 1248 1958 a
1275 1919 1330 1961 se
1351 1906 1580 1976 genitam
1613 1904 1814 1960 faceret

223 2001 418 2057 malam
453 2019 466 2056 :
495 2015 616 2072 qua:
656 1999 734 2056 sic
759 2001 825 2056 ab
854 2015 918 2055 eo
963 1999 1158 2070 repulit
1183 1997 1431 2054 tenebras
1461 1997 1722 2064 inimicas,
1757 2005 1814 2052 ut

223 2097 268 2152 ei
291 2095 450 2151 fieret
487 2095 726 2150 inimica.
763 2093 875 2149 Hoc
900 2093 1043 2150 enim
1083 2093 1252 2163 culpae
1279 2089 1625 2163 imputabitur
1656 2089 1811 2145 dam-

221 2189 416 2246 nandis
443 2189 498 2244 in
529 2187 688 2260 ‘giobo
718 2187 824 2242 illis
844 2185 1101 2264 reliquiis,
1131 2185 1268 2264 quod
1294 2199 1476 2239 errare
1506 2199 1562 2237 se
1583 2199 1610 2236 a
1635 2181 1814 2252 priore

221 2281 396 2338 lucida
431 2295 526 2335 sua
557 2289 743 2335 natura
771 2261 942 2349 passm
965 2283 1087 2332 sunt
1111 2318 1126 2344 ,
1152 2285 1205 2332 et
1232 2261 1460 2331 inimicm
1494 2271 1675 2327 lumini
1693 2289 1816 2327 san-

219 2377 302 2430 clo
329 2375 663 2430 exstiterunt
709 2391 724 2429 :
770 2371 910 2442 quod
956 2379 1238 2441 antequam
1294 2367 1372 2423 eis
1415 2361 1704 2433 accideret,
1748 2379 1814 2420 ex

221 2465 556 2534 aeternitate,
604 2463 650 2520 si
681 2461 992 2519 nesciebant
1021 2461 1122 2516 hoc
1152 2459 1250 2514 sibi
1283 2459 1543 2524 futurum,
1587 2465 1814 2511 aeternas

219 2559 544 2632 ignorantia:
593 2553 874 2621 tenebras;
907 2555 952 2609 'si
995 2559 1171 2609 autem
1202 2551 1460 2618 sciebant,
1497 2559 1724 2604 aeternas
1750 2549 1816 2602 ti-

219 2649 393 2706 moris
441 2649 691 2704 tenebras
717 2647 1073 2717 patiebantur.
1105 2639 1244 2700 Ecce
1281 2645 1412 2698 v‘cre
1451 2655 1576 2712 pars
1606 2647 1659 2696 et
1685 2639 1814 2695 sub-

221 2741 418 2796 stantia
441 2737 530 2795 dei
553 2739 714 2794 vestri
757 2739 810 2791 in
851 2737 962 2792 suis
993 2735 1229 2790 tenebris
1264 2749 1328 2788 ex
1355 2731 1656 2788 aeternitate
1691 2747 1814 2786 ver-

223 2841 336 2887 sata
362 2839 448 2886 est
491 2849 506 2885 :
555 2843 655 2886 nec
685 2837 870 2900 postea
915 2829 1088 2884 lucem
1129 2841 1320 2881 novam
1361 2823 1549 2879 mirata
1573 2831 1676 2890 est,
1723 2821 1816 2876 sed

225 2923 356 2978 alias
385 2921 641 2978 tenebras
663 2921 863 2976 alienas
891 2921 942 2988 ⁸,
974 2933 1108 2990 quas
1134 2931 1346 2985 semper
1372 2913 1612 2980 timebat,
1644 2913 1819 2967 incur-

225 3013 316 3071 rit.
349 3013 526 3071 Porro
563 3014 680 3083 ipse
711 3013 872 3080 Deus,
921 3009 1070 3080 cujus
1113 3009 1198 3064 illa
1243 3015 1543 3078 parserat,
1571 3003 1614 3059 si
1643 3003 1816 3060 eidem

227 3107 366 3178 parti
409 3113 520 3162 suae
569 3103 802 3160 futurum
847 3111 1048 3157 tantum
1105 3101 1304 3156 malum
1357 3098 1596 3165 timebat,
1655 3097 1816 3152 etiam

227 3197 404 3268 ipsum
432 3199 824 3267 occupaverant
869 3193 1075 3249 timoris
1102 3189 1338 3248 tenebrae
1366 3209 1378 3244 :
1409 3191 1453 3245 si
1492 3195 1669 3243 autem
1719 3189 1820 3244 hoc

227 3291 466 3346 futurum
509 3289 824 3356 nesciebat,
867 3285 1179 3358 ignorantiae
1211 3283 1446 3339 tenebris
1471 3280 1814 3337 creabatur:

229 3383 276 3437 si
305 3391 483 3437 autem
515 3381 616 3436 hoc
635 3379 768 3462 parti
798 3395 908 3435 suae
935 3379 1170 3434 futurum
1191 3376 1429 3443 sciebat,
1457 3383 1512 3429 et
1533 3387 1636 3429 non
1667 3373 1822 3429 time-

228 3475 358 3542 bat,
389 3475 602 3545 pejores
633 3482 756 3528 sunt
789 3473 1023 3528 tenebrae
1054 3479 1215 3526 tantae
1244 3467 1577 3524 crudelitatis
1597 3510 1611 3534 ,
1659 3481 1820 3538 quam

229 3567 314 3621 vel
335 3559 651 3636 ignorantiae
679 3563 762 3619 Vel
793 3553 996 3619 timoris
1025 3579 1037 3616 :
1069 3576 1238 3633 neque
1268 3559 1410 3616 enim
1441 3559 1666 3614 habebat
1687 3557 1821 3612 deus

233 3667 422 3713 vester
447 3659 590 3730 quod
639 3659 691 3713 in
719 3657 830 3728 ipsa
859 3671 1052 3724 carne,
1085 3669 1242 3726 quam
1272 3669 1376 3708 non
1416 3667 1445 3707 a
1476 3651 1606 3718 Deo,
1636 3649 1728 3706 Sed
1755 3649 1822 3704 ab

230 3749 370 3822 lier
401 3749 592 3804 factam
623 3737 1026 3805 dementissime
1061 3745 1298 3810 creditis,
1330 3741 1408 3799 sic
1449 3742 1629 3798 laudat
1673 3741 1820 3812 Apo-

231 3841 428 3907 stolus,
459 3841 522 3896 Si
537 3841 728 3911 patitur
756 3855 910 3894 unum
931 3837 1227 3902 membrum,
1259 3835 1640 3905 compatiuntuf
1654 3833 1823 3887 omnia

229 3935 462 3988 membra
493 3933 534 4005 (l
553 3931 668 3989 Cor.
698 3947 796 4000 xu,
829 3931 943 4004 26).
971 3929 1078 3988 Sed
1111 3945 1214 3985 non
1245 3942 1556 3984 accusamus
1584 3925 1604 3957 ³
1638 3944 1651 3981 :
1681 3940 1824 3996 pra-1

227 4027 486 4092 sciebat,
518 4025 759 4093 timebat,
793 4023 1043 4088 dolebat,
1072 4021 1170 4078 sed
1200 4020 1326 4092 quid
1355 4021 1551 4076 faceret
1582 4033 1687 4073 non
1729 4017 1824 4072 ha-

229 4119 424 4173 bebat.
451 4117 505 4172 fu
537 4115 616 4172 his
641 4133 766 4188 ergo
783 4131 894 4173 sum
915 4115 1146 4171 miseriae
1173 4113 1410 4168 tenebris
1432 4127 1498 4166 ex
1523 4109 1823 4165 aeternitate

233 4215 488 4265 versatus
525 4217 606 4264 est
643 4225 656 4263 :
713 4223 810 4263 nec
857 4217 1038 4278 postea
1099 4219 1290 4260 novam
1335 4203 1545 4267 lucem,
1592 4215 1710 4272 quae
1757 4199 1824 4254 ab

235 4301 332 4356 illo
377 4300 643 4366 tenebras,
671 4297 916 4370 fugaret,
969 4297 1190 4352 miratus
1217 4303 1338 4362 est;
1384 4294 1478 4350 sed
1503 4293 1635 4348 alias
1672 4301 1823 4348 tene-

233 4396 362 4450 bras
391 4437 408 4462 ,
458 4409 590 4464 quas
635 4407 844 4462 semper
874 4391 1080 4458 timuit,
1125 4405 1318 4460 magno
1363 4389 1504 4444 malo
1531 4403 1642 4444 sure
1688 4387 1824 4444 lucis

235 4491 491 4554 expertus
523 4493 626 4539 est.
659 4481 867 4550 Quanto
911 4482 1122 4546 melius,
1155 4495 1260 4536 non
1289 4480 1465 4535 dicam
1495 4477 1823 4552 praeceptum

235 4577 392 4633 daret
420 4577 558 4632 sicut
588 4575 752 4642 Dens,
789 4575 880 4632 sed
913 4583 1233 4648 praeceptum
1261 4575 1526 4644 acciperet
1553 4573 1691 4628 sicut
1721 4573 1820 4626 ho-

236 4677 360 4734 mo;
393 4667 538 4740 quod
567 4667 710 4724 bono
746 4681 844 4722 suo
869 4665 1186 4730 custodiret,
1219 4665 1481 4719 malo'suo
1511 4671 1824 4720 contemne-

235 4771 350 4828 ret,
401 4761 453 4816 in
501 4772 726 4832 utroque
771 4769 946 4816 tamen
977 4769 1124 4816 motu
1152 4759 1316 4813 animi
1357 4759 1523 4814 libera
1555 4759 1826 4814 voluntate

235 4861 502 4920 uteretur,
526 4853 702 4923 potius
727 4867 885 4924 quam
915 4861 1097 4907 contra
1121 4851 1450 4906 voluntatem
1481 4849 1546 4904 ad
1573 4859 1828 4906 contene-

233 4943 495 4998 brandam
543 4943 710 4998 lucem
741 4957 890 4998 suam
923 4941 1215 4998 inevitabili
1259 4941 1579 4997 necessitate
1615 4955 1824 5012 preme-

235 5033 420 5090 retur?
443 5033 577 5090 Nam
611 5033 738 5090 iilud
773 5029 940 5089 multo
968 5035 1147 5104 utique
1188 5033 1378 5089 melius
1407 5039 1571 5100 esset,
1605 5039 1662 5086 ut
1691 5047 1827 5103 prm-

235 5135 452 5195 ceptum
484 5123 636 5180 daret
659 5123 904 5181 humana:
938 5133 1139 5180 natura:
1162 5139 1318 5196 quam
1343 5133 1678 5194 peccaturam
1707 5109 1827 5178 esse

238 5217 504 5284 nesciret,
537 5231 694 5288 quam
722 5228 964 5272 naturam
997 5232 1144 5272 suam
1172 5217 1404 5271 divinam
1445 5214 1468 5246 ⁸
1509 5215 1828 5272 necessitate

231 5325 456 5382 pressus
482 5325 704 5381 peccare
729 5311 1090 5381 compelleret.
1121 5309 1398 5380 Evigilate,
1430 5315 1484 5363 et
1521 5307 1679 5362 dicite
1723 5321 1828 5361 no-

231 5405 318 5460 bis
349 5403 620 5475 quomodo
651 5405 814 5458 vincit
845 5403 866 5436 ⁸
889 5405 1160 5470 tenebras,
1190 5417 1346 5474 quem
1385 5401 1547 5456 vincit
1595 5399 1826 5456 necessi-

229 5503 336 5550 tas.
393 5495 519 5550 iiaec
553 5495 661 5565 jam
695 5503 808 5550 erat
858 5493 996 5566 apud
1046 5493 1193 5548 illum
1239 5493 1408 5548 hostis
1449 5493 1638 5563 major,
1669 5507 1697 5546 a
1725 5507 1826 5562 qua

299 5607 316 5637 ι
356 5605 552 5679 Aliquot
569 5613 698 5679 bis-sq
727 5605 882 5658 lucem
906 5607 1071 5679 uidens
1094 5604 1353 5679 miraretur
1385 5605 1568 5655 bonam.
1593 5605 1828 5666 Nonnulli,

229 5669 396 5718 tatem
421 5667 602 5718 rideret
623 5667 824 5729 bonam;
845 5671 1038 5727 omisso,
1065 5675 1108 5720 et
1130 5667 1407 5718 miraretur.

297 5733 319 5761 ³
354 5729 464 5794 sola
488 5729 594 5780 fere
618 5731 919 5794 editioiLov.,
942 5731 1232 5794 alienasque.

300 5793 322 5825 ⁸
361 5791 530 5840 Plures
549 5797 676 5852 me,
701 5793 792 5841 sed"
809 5805 902 5842 non
925 5791 1218 5843 accusemus.

295 5855 320 5918 ξ
357 5855 510 5918 Editio
521 5861 650 5915 Lov.,
663 5849 842 5918 divina.
857 5857 1120 5918 testigatur
1145 5867 1205 5918 ex
1229 5851 1520 5918 editionibus
1538 5849 1644 5905 aliis
1655 5857 1707 5906 et
1719 5859 1828 5904 Mss.

295 5917 322 5951 ⁵
357 5913 552 5982 Aliquot
571 5913 680 5968 Mss.
703 5917 796 5970 hoc
819 5923 872 5970 et
892 5913 1114 5982 proiimo
1143 5917 1271 5982 loco,

1326 381 1531 476 triten
1571 381 1934 478 vicasruus'
1971 377 2348 480 secundus.

2901 495 2904 500 ι
3385 423 3489 488 411

1909 535 2080 612 victus
2103 545 2158 592 et
2177 537 2355 608 jussus
2376 529 2498 593 cum
2527 525 2736 593 minore
2757 519 3025 610 pugnavit.
3059 523 3271 610 Quanto
3301 544 3496 600 melius

1914 627 2142 684 nesciret
2169 623 2273 700 quo
2295 627 2360 684 ab
2386 631 2503 702 ejus
2543 617 2677 685 facie
2713 630 2934 702 fugisset
2969 617 3166 700 Adam,
3198 650 3354 700 quam
3383 635 3498 706 ipse

1914 721 2133 790 primoa
2163 723 2293 777 facie
2321 723 2466 778 durae
2503 739 2564 778 ac
2602 711 2734 780 dirae
2760 723 3114 792 necessitatis,
3160 733 3213 780 et
3241 709 3424 798 postea
3465 727 3496 784 ἡ

1913 811 2044 866 facie
2073 813 2294 868 diversae
2336 823 2493 886 atque
2519 811 2755 870 adversae
2795 817 2966 888 gentis
2997 803 3102 888 quo
3151 815 3352 887 fugeret
3384 833 3492 876 non

1913 895 2178 959 haberet?
2227 905 2435 972 Quanto
2487 907 2678 962 melius
2707 919 2908 964 natura:
2941 909 3188 964 humana:
3237 911 3502 968 invideret

1913 995 2074 1049 vitam
2103 993 2335 1060 beatam,
2372 1013 2528 1068 quam
2556 1007 2796 1052 naturam
2830 999 3058 1054 divinam
3088 999 3238 1056 daret
3263 1001 3312 1055 in
3337 1003 3500 1058 mise-

1915 1085 2047 1139 riam
2082 1104 2094 1139 :
2124 1085 2454 1142 desideraret
2483 1085 2793 1158 sanguinem
2817 1091 3092 1161 etadipem
3119 1091 3498 1147 sacrificiorum

1916 1175 2125 1249 potius,
2173 1195 2328 1250 quam
2365 1181 2480 1252 ipse
2527 1181 2684 1236 toties
2733 1181 2890 1236 etiam
2949 1167 3104 1238 idolis
3149 1177 3492 1248 mactaretur,

1916 1267 2111 1324 mixtus
2153 1271 2292 1342 adipi
2329 1281 2383 1328 et
2407 1273 2648 1342 sanguini
2677 1275 2914 1328 omnium
2950 1275 3284 1330 victimarum
3317 1293 3331 1329 :
3367 1293 3491 1346 per-

1917 1351 2218 1418 turbarctur
2245 1363 2378 1430 zelo,
2409 1363 2452 1418 si
2496 1365 2579 1418 illa
2610 1365 2867 1419 sacrificia
2887 1375 2940 1420 et
2961 1365 3062 1420 diis
3089 1367 3204 1421 aliis
3224 1367 3486 1422 oll‘crren-
3569 1365 3574 1370 ’
3623 1362 3634 1368 ”

1915 1462 2021 1524 tur,
2049 1455 2226 1524 potius
2251 1470 2406 1524 quam
2433 1457 2545 1526 ipse
2575 1457 2770 1526 ligatus
2791 1499 2806 1524 ,
2841 1473 2944 1510 non
2969 1457 3138 1510 solum
3167 1457 3218 1511 in
3249 1457 3496 1512 omnibus

1915 1545 2174 1602 fructibus
2209 1547 2246 1612 ί,
2283 1563 2466 1602 verum
2503 1549 2662 1604 etiam
2707 1549 2760 1604 in
2796 1549 3044 1604 on'mibus
3084 1551 3360 1616 carnibus,
3405 1565 3502 1620 per

1917 1629 2103 1692 omnes
2129 1653 2268 1706 aras,
2295 1639 2539 1694 omnibus
2569 1639 2901 1696 (ἱιριιιυιιίὺυς
2945 1641 3268 1696 offerretur?
3289 1643 3496 1710 Quanto

1917 1721 2109 1783 melius
2137 1729 2220 1784 vel
2251 1729 2480 1785 lmmana
2511 1731 2872 1802 indignatione
2914 1743 3212 1788 commotus
3241 1748 3304 1787 ac
3331 1734 3500 1788 turbi-

1917 1819 2015 1876 dus
2059 1823 2399 1892 peccantibus
2429 1831 2484 1878 et
2509 1827 2617 1880 suis
2649 1835 2703 1881 et
2730 1826 2919 1880 alienis
2967 1827 3307 1894 irasceretur,
3341 1843 3500 1898 quam

1919 1913 2031 1982 ipse
2067 1929 2172 1966 non
2205 1915 2378 1969 solum
2407 1916 2457 1970 in
2485 1916 2730 1970 omnibus
2759 1917 3144 1984 irascentibus,
3195 1915 3288 1972 sed
3341 1917 3502 1972 etiam

1918 2002 1970 2058 in
1994 2005 2240 2060 omnibus
2269 2007 2578 2062 timentibus
2607 2009 2928 2076 turbaretur,
2951 2009 3000 2064 in
3021 2009 3363 2080 peccantibus
3391 2025 3508 2064 om-

1918 2093 2075 2148 nibus
2099 2095 2554 2165 eoinquinaretur,
2583 2099 2633 2152 in
2653 2097 2916 2154 damnatis
2936 2099 3183 2154 erunibus
3209 2101 3502 2170 puniretur;

1919 2185 2111 2254 ubique
2137 2187 2328 2256 ligatus
2355 2204 2416 2242 cx
2457 2189 2544 2242 illa
2577 2206 2669 2243 sua
2705 2201 2853 2258 parte
2875 2233 2889 2256 ,
2922 2208 3079 2260 quam
3108 2191 3174 2245 ad
3207 2193 3308 2245 tale
3344 2187 3505 2246 dede-

1919 2292 2013 2332 cus
2043 2271 2377 2335 innocentem
2409 2281 2521 2351 ipse
2553 2281 2850 2346 damnavit,
2884 2291 2940 2336 ut
2969 2299 3066 2353 per
3097 2275 3236 2338 illam
3271 2284 3508 2339 vinceret

1919 2367 2058 2438 quod
2085 2367 2330 2436 timebat;
2364 2373 2521 2427 etiam
2549 2375 2662 2443 ipse
2688 2375 2786 2428 sub
2811 2385 2913 2428 tam
2940 2375 3161 2430 exitiosa
3189 2375 3506 2430 necessitate

1919 2459 2222 2530 damnatus,
2257 2471 2314 2516 ut
2348 2461 2396 2518 ei
2425 2463 2670 2518 damnata
2698 2481 2822 2538 pars
2851 2465 2968 2536 ejus
2999 2473 3179 2535 posset
3206 2468 3501 2537 ignoscere,

1921 2552 1964 2607 si
1990 2565 2108 2606 cum
2134 2553 2242 2623 jam
2270 2555 2431 2608 miser
2459 2555 2547 2621 sit,
2579 2555 2662 2611 vel
2695 2555 2912 2613 humilis
2949 2557 3127 2612 esset?
3152 2547 3302 2612 Nunc
3329 2565 3503 2611 autem

1919 2645 2038 2715 quis
2081 2645 2214 2700 ferat
2251 2647 2570 2715 reprehendi
2607 2663 2635 2702 a
2665 2649 2817 2702 vobis
2849 2649 3014 2702 Deum
3047 2648 3362 2704 irascentem
3395 2649 3506 2702 suis

1921 2737 2216 2808 alienisque
2273 2739 2650 2808 peccantibus,
2704 2755 2822 2794 cum
2883 2739 3013 2794 deus
3065 2747 3222 2812 quem
3277 2741 3502 2810 fingitis,

1922 2829 2160 2884 membra
2187 2844 2302 2896 sua,
2324 2847 2441 2900 quae
2469 2841 2685 2884 coactus
2715 2831 2888 2902 coegit
2907 2832 2982 2885 ire
3006 2831 3055 2884 iu
3082 2831 3260 2886 fauces
3279 2831 3504 2902 peccati,

1923 2913 2106 2990 postea
2135 2919 2352 2976 damnet
2393 2921 2444 2976 in
2495 2921 2697 2994 globo?
2726 2923 2878 2990 Quod
2920 2923 3134 2994 quidem
3165 2940 3284 2978 cum
3315 2913 3504 2990 faciet,

1923 3007 1982 3065 u't
2012 3011 2207 3080 dicitis,
2239 3013 2371 3066 iram
2404 3029 2508 3068 non
2563 3013 2798 3070 habebit.
2844 3013 2949 3071 Sed
2993 3017 3157 3071 miror
3187 3017 3230 3072 si
3277 3013 3506 3071 frontem

1924 3101 2142 3158 habebit
2191 3103 2469 3160 inferendo
2513 3105 2564 3159 in
2596 3121 2689 3161 eos
2729 3111 2878 3178 quasi
2909 3107 3215 3173 vindictam,
3247 3123 3277 3162 a
3318 3107 3510 3178 quibus

1924 3208 2108 3269 petere
2125 3197 2344 3256 deberet
2368 3201 2578 3255 veniam
2596 3242 2611 3268 ,
2641 3209 2696 3256 et
2716 3201 2892 3258 dicere
2919 3221 2931 3258 :
2952 3183 3206 3268 Obsecro,
3233 3197 3508 3272 ignoscite,

1923 3293 2162 3346 membra
2214 3307 2332 3348 mea
2381 3293 2543 3358 estis;
2591 3293 2803 3363 quando
2833 3309 2930 3364 ego
2975 3293 3026 3348 in
3070 3309 3164 3350 vos
3209 3291 3380 3357 istud,
3412 3291 3512 3347 nisi

1923 3381 2096 3437 victus
2117 3383 2451 3454 necessitate,
2483 3381 2666 3438 facere
2686 3399 2894 3454 possem
2917 3383 2940 3438 ?
2963 3383 3124 3439 Scitis
3152 3393 3204 3439 et
3228 3395 3343 3450 vos,
3371 3381 3510 3454 quod

1925 3485 2051 3532 tunc
2077 3475 2290 3548 quando
2319 3489 2410 3532 vos
2437 3475 2540 3532 huc
2579 3475 2735 3544 misi,
2768 3477 3066 3533 horrendus
3113 3477 3281 3533 hostis
3319 3493 3513 3547 erupe-

1925 3565 2010 3624 rat
2043 3585 2055 3621 :
2089 3567 2230 3638 quod
2259 3578 2436 3623 autem
2466 3583 2608 3622 nunc
2636 3583 2730 3622 vos
2761 3567 2848 3622 hic
2877 3567 3040 3640 illigo,
3075 3565 3236 3624 timeo
3279 3584 3345 3622 ne
3391 3583 3510 3622 rur-

1927 3673 2018 3714 sus
2054 3667 2318 3728 erumpat.
2348 3657 2464 3712 Jam
2492 3666 2640 3713 certe
2678 3657 2838 3712 etiam
2883 3657 3010 3713 illud
3044 3655 3312 3722 fatemini,
3345 3655 3514 3710 multo

1926 3749 2120 3806 melius
2145 3765 2265 3804 esse
2283 3747 2558 3804 hominum
2589 3747 2752 3803 millia
2780 3749 2848 3804 ob
2869 3749 3068 3804 nullam
3093 3751 3172 3804 vel
3205 3749 3372 3804 levem
3398 3747 3514 3802 cul-

1927 3856 2049 3912 pam
2083 3841 2360 3910 temporali
2385 3847 2558 3895 morte
2585 3839 2902 3908 interficere,
2933 3855 3088 3910 quam
3117 3839 3356 3895 membra
3380 3853 3474 3893 sua
3495 3881 3512 3906 ,

1928 3925 1982 3988 id
2012 3943 2112 4000 est,
2142 3931 2384 3988 membra
2407 3931 2522 3998 Dei,
2552 3931 2900 3986 substantiam
2931 3931 3045 3996 Dei,
3075 3943 3125 3986 et
3150 3932 3305 4000 plane
3325 3931 3513 3996 Deum,

1928 4029 1982 4077 et
2011 4021 2064 4076 in
2089 4023 2294 4094 peccati
2327 4022 2634 4093 voraginem
2669 4019 2913 4086 tradere,
2948 4027 3000 4075 et
3037 4035 3208 4089 poenae
3237 4021 3517 4090 sempiter-

1929 4130 2012 4170 n:e
2055 4113 2389 4184 colligatione
2419 4113 2689 4166 damnare.
2740 4101 2796 4167 Si
2843 4111 2983 4166 enim
3029 4120 3172 4166 esset
3207 4109 3310 4166 illis
3337 4125 3510 4166 mem-

1929 4208 2040 4264 bris
2070 4206 2320 4276 peccandi
2351 4205 2432 4260 vel
2476 4220 2581 4259 non
2633 4203 2889 4275 peccandi
2933 4205 3154 4260 liberum
3187 4202 3464 4258 arbitrium
3500 4221 3516 4260 :

1931 4313 2230 4368 quanquam
2269 4295 2336 4352 de
2385 4296 2678 4351 substantia
2725 4295 2853 4360 Dei,
2904 4311 3022 4366 quze
3051 4309 3172 4349 vcre
3217 4293 3509 4349 substantia

1931 4391 2026 4446 Dei
2059 4399 2173 4458 est,
2207 4405 2268 4445 ac
2297 4405 2392 4462 per
2419 4389 2521 4444 hoc
2542 4390 2760 4444 omnino
2807 4389 3282 4456 incommutabilis,
3313 4383 3508 4460 quem-

1937 4483 2222 4540 admodum
2281 4483 2382 4538 hoc
2431 4481 2658 4551 dicatur,
2691 4498 2796 4537 non
2857 4483 3140 4538 invenitur.
3189 4483 3328 4538 Deus
3371 4483 3515 4537 enim

1933 4575 2152 4630 omnino
2200 4589 2422 4644 peccare
2466 4589 2572 4628 non
2607 4583 2812 4643 potest,
2847 4573 2984 4630 sicut
3021 4589 3215 4646 negare
3260 4591 3318 4631 se
3345 4575 3520 4646 ipsum

1933 4683 2040 4723 non
2065 4675 2241 4738 potest
2267 4665 2336 4736 (ll
2361 4665 2492 4720 Tim.
2527 4681 2582 4732 ιι,
2611 4666 2736 4738 i3):
2779 4665 2943 4722 homo
2980 4675 3157 4723 autem
3187 4675 3364 4739 potest
3395 4683 3518 4738 pec-

1932 4775 2078 4826 care,
2108 4767 2160 4813 et
2189 4759 2356 4812 Deum
2379 4773 2610 4828 negare;
2637 4757 2730 4812 sed
2751 4759 2794 4812 si
2812 4759 2965 4826 nolit,
2995 4773 3098 4814 non
3123 4759 3246 4814 facit
3275 4779 3288 4814 :
3321 4759 3364 4814 si
3390 4773 3519 4829 ergo

1934 4851 2049 4906 istis
2075 4850 2330 4906 membris
2353 4849 2436 4904 dei
2465 4849 2648 4917 vestri,
2679 4849 2823 4904 velut
2849 4851 3040 4906 animae
3065 4851 3308 4904 humanae
3337 4865 3400 4904 ac
3429 4865 3518 4904 ra-

1935 4941 2120 4996 tionali
2146 4981 2160 5006 ,
2189 4949 2349 5005 esset,
2381 4947 2437 4994 ut
2464 4939 2595 5008 dixi,
2625 4940 2882 5010 peccandi
2917 4942 3002 4996 vel
3031 4955 3134 4996 non
3157 4939 3410 5012 peccandi
3448 4939 3518 4996 li-

1935 5033 2123 5089 berum
2151 5033 2440 5088 voluntatis
2470 5031 2746 5087 arbitrium
2773 5075 2787 5098 ,
2837 5041 2980 5088 recte
3025 5031 3248 5087 fortasse
3277 5045 3373 5101 pro
3395 5045 3520 5101 gra-

1933 5127 2088 5184 vibus
2137 5125 2449 5182 criminibus
2491 5125 2583 5180 illo
2630 5125 2772 5196 globi
2813 5125 3076 5196 supplicio
3115 5125 3519 5194 plecterentur:

1933 5238 2078 5277 nunc
2098 5229 2274 5276 autem
2311 5219 2609 5275 libertatem
2646 5215 2934 5273 voluntatis
2963 5217 3079 5272 illas
3107 5215 3391 5285 particulas
3427 5215 3524 5270 ha-

1935 5314 2152 5379 buisse,
2202 5311 2382 5366 dicere
2425 5327 2528 5366 non
2577 5310 2838 5380 potestis,
2886 5323 3042 5380 quam
3083 5315 3224 5362 totus
3255 5303 3384 5363 deus
3409 5309 3522 5380 ipse

1936 5423 2044 5463 non
2071 5403 2252 5460 habuit
2282 5421 2294 5459 :
2326 5403 2448 5474 quia
2499 5403 2544 5456 si
2589 5401 2680 5456 eas
2719 5416 2822 5456 non
2857 5399 3090 5455 mitteret
3127 5401 3178 5454 in
3211 5411 3482 5470 peccatum
3506 5444 3520 5468 ,

1937 5512 2080 5558 totus
2101 5515 2130 5555 a
2153 5499 2491 5555 tenebrarum
2517 5503 2674 5566 gente
2693 5507 2948 5566 pervasus
2966 5507 3187 5564 peccare
3204 5505 3486 5566 cogeretur
3507 5513 3519 5550 :

1938 5591 2079 5665 quod
2104 5591 2148 5647 si
2170 5591 2286 5661 cogi
2311 5603 2414 5644 non
2448 5593 2703 5658 possent,
2737 5585 2995 5655 peccavit,
3022 5601 3140 5641 cum
3166 5603 3256 5642 eas
3282 5603 3348 5642 eo
3377 5587 3524 5641 misit

1937 5685 2028 5739 ubi
2054 5685 2166 5754 cogi
2200 5690 2452 5754 possent;
2484 5689 2534 5734 et
2559 5677 2678 5732 ideo
2707 5678 2874 5750 magis
2917 5679 3031 5750 ipse
3059 5679 3148 5736 illo
3183 5679 3328 5736 Velut
3347 5677 3520 5752 parri-

1937 5775 2094 5832 cidali
2120 5775 2270 5829 cnleo
2291 5773 2502 5841 dignus,
2529 5771 2620 5841 qui
2639 5769 2742 5826 hoc
2761 5769 2886 5825 fecit
2905 5769 3072 5829 libero
3093 5771 3338 5844 imperio,
3355 5784 3513 5842 quam

2005 5907 2024 5939 ⁸
2055 5916 2158 5955 am.
2184 5907 2238 5958 et
2265 5909 2340 5955 Er.
2365 5911 2418 5956 et
2437 5903 2603 5969 plures
2623 5910 2752 5970 Mss,
2775 5881 3010 5970 frugibus.
