4052 6460
511 356 619 414 815

513 472 619 529 illa:
644 482 761 540 quae
777 454 1197 537 obtemperando
1222 460 1346 517 illuc
1370 460 1565 524 ierunt,
1595 457 1686 512 ubi
1710 466 1856 527 recte
1875 456 2088 513 vivendi

429 604 438 611 .
513 562 795 619 arbitrium
821 559 1047 614 liberum
1076 553 1441 627 perdiderunt.
1465 549 1523 606 Si
1563 556 1741 605 autem
1770 549 1839 605 ad
1870 564 2096 620 peccan-

513 657 639 711 dum
669 662 723 708 et
749 655 863 724 ipse
882 651 1096 705 invasus
1131 657 1291 716 atque
1312 656 1591 714 possessus
1619 642 1734 713 cogi
1760 650 1962 712 posset,
1993 641 2094 696 nisi

512 761 610 818 per
644 760 758 800 sua:
784 743 949 813 partis
990 739 1161 811 primo
1187 734 1443 805 ﬁagitium
1468 775 1483 799 ,
1512 733 1704 789 deinde
1732 732 2050 803 supplicium
2077 772 2093 799 ,

512 840 613 895 sibi
643 836 976 908 providisset,
1026 831 1272 899 nullaque
1317 828 1413 882 fuit
1454 827 1508 882 in
1536 828 1639 883 deo
1660 837 1860 895 vestro,
1909 842 2010 883 nec
2036 825 2095 880 in

513 929 627 998 ejus
655 926 892 996 partibus
928 923 1092 977 libera
1121 921 1365 974 voluntas
1395 937 1408 971 :
1440 934 1546 973 non
1570 934 1628 974 se
1650 918 1811 988 ﬁngat
1832 918 2093 989 judicem,

511 1021 607 1075 sed
663 1024 915 1089 agnoscat
960 1030 1142 1079 reum;
1191 1028 1297 1067 non
1336 1012 1462 1081 quia
1497 1025 1685 1081 passus
1722 1022 1805 1065 est
1832 1010 1975 1081 quod
2003 1024 2097 1064 no-

511 1115 653 1169 lebat
675 1156 690 1181 ,
723 1112 813 1167 sed
839 1110 961 1181 quia
990 1125 1049 1165 se
1089 1108 1461 1177 simulatjusta
1483 1107 1799 1171 retribuere,
1832 1105 2094 1160 damnan-

511 1206 578 1259 do
600 1220 693 1260 eos
718 1218 850 1274 quos
903 1202 1050 1257 novit
1098 1201 1294 1254 malum
1338 1213 1524 1269 passos
1552 1212 1670 1253 esse
1698 1197 1907 1267 potius,
1935 1210 2092 1265 quam

511 1296 700 1350 fecisse
734 1312 747 1348 :
776 1293 915 1362 quod
940 1292 1004 1346 ad
1026 1291 1125 1345 hoc
1150 1300 1356 1345 tantum
1386 1290 1622 1355 simulat,
1654 1304 1720 1343 ne
1743 1289 1914 1343 victus
1940 1288 2092 1341 inve-

511 1386 707 1446 niatur;
735 1384 884 1453 quasi
915 1382 1111 1452 aliquid
1141 1382 1311 1452 prosit
1341 1381 1497 1435 alicui
1526 1380 1745 1445 misero,
1776 1380 1821 1433 si
1846 1378 1974 1433 felix
2002 1387 2094 1434 aut

448 1466 459 1517 ἓλ
508 1478 808 1532 fortunatus
833 1486 1071 1531 vocetur.
1095 1474 1298 1544 Nempe
1314 1475 1423 1543 jam
1446 1482 1501 1528 ct
1524 1474 1623 1527 hoc
1656 1472 1842 1527 melius
1864 1480 1998 1536 erat,
2037 1478 2096 1526 ut

448 1596 458 1621 ι
510 1570 642 1625 deus
668 1580 846 1624 vester
879 1570 995 1623 sine
1025 1568 1133 1622 ullo
1173 1565 1436 1635 {equitatis
1486 1564 1731 1618 examine
1787 1562 2091 1618 hominibus

451 1664 462 1708 ί
508 1676 608 1715 nec
632 1660 789 1730 justis
818 1674 917 1714 nec
951 1657 1316 1728 peccatoribus
1362 1664 1603 1725 parceret
1636 1654 1796 1723 (quod
1824 1655 1877 1708 in
1907 1669 2094 1724 repre-

508 1750 766 1807 hensione
794 1751 887 1804 Dei
918 1750 1083 1804 nostri
1112 1748 1336 1802 Faustus
1360 1746 1487 1799 nihil
1512 1745 1817 1814 intelligens
1842 1744 2091 1800 ultimum

508 1844 728 1915 posuit),
759 1858 914 1913 quam
943 1843 993 1896 in
1037 1841 1270 1897 membra
1298 1855 1392 1894 sua
1432 1839 1509 1893 sic
1534 1840 1748 1893 saeviret
1772 1856 1784 1892 :
1818 1849 1875 1893 ut
1903 1854 2092 1909 parum

507 1936 577 1989 sit
604 1934 743 2006 quod
772 1950 833 1989 ea
860 1933 1246 2003 inexpiabiliter
1272 1931 1591 1987 venenanda
1616 1932 1632 1962 ί
1662 1930 1902 1986 hostibus
1932 1932 2091 1986 obtu-

508 2028 593 2093 lit,
627 2027 725 2082 nisi
746 2029 905 2081 etiam
933 2026 1065 2080 falso
1094 2026 1318 2080 crimine
1344 2025 1641 2095 iniquitatis
1685 2033 1920 2081 accuset.
1962 2023 2092 2093 Quae

510 2118 631 2173 ideo
675 2119 867 2173 merito
895 2118 1023 2172 dicit
1048 2116 1282 2186 pendere
1309 2124 1413 2170 tam
1445 2115 1681 2171 immane
1719 2131 1781 2171 ac
1826 2116 1943 2171 sine
1985 2115 2093 2171 ﬁne

507 2212 818 2281 supplicium
842 2252 855 2275 ,
887 2210 1027 2280 quod
1055 2224 1236 2264 errare
1284 2224 1342 2264 se
1370 2224 1399 2263 a
1434 2210 1611 2279 priore
1658 2224 1753 2264 sua
1787 2208 1962 2263 lucida
1990 2223 2091 2263 na-

506 2313 623 2359 tura
647 2319 797 2374 passa
824 2312 966 2368 sunt,
995 2303 1278 2359 etinimica
1310 2301 1497 2356 lumini
1524 2310 1709 2356 sancto
1751 2302 2088 2356 exstiterunt.

508 2394 680 2458 Unde,
727 2394 827 2448 nisi
858 2394 979 2465 quia
1000 2436 1015 2461 ,
1048 2403 1103 2447 ut
1133 2393 1248 2463 ipse
1273 2392 1442 2461 dicit,
1490 2392 1561 2447 ita
1591 2400 1745 2447 erant
1776 2393 2093 2448 inviscerata

509 2486 695 2557 prima:
733 2484 971 2540 aviditati
1016 2486 1314 2555 principum
1342 2484 1684 2540 tenebrarum
1706 2525 1722 2550 ,
1753 2494 1811 2539 ut
1833 2484 2093 2555 originem

508 2593 660 2633 suam
689 2577 957 2642 recolere,
1006 2592 1170 2646 seque
1218 2575 1285 2630 ab
1328 2575 1508 2630 hostili
1549 2583 1735 2629 natura
1789 2575 2094 2631 discernere

508 2683 616 2723 non
645 2668 918 2723 valerent?
939 2669 1078 2738 Ergo
1098 2667 1290 2722 animae
1320 2666 1626 2736 hujusmodi
1656 2665 1789 2720 nihil
1820 2666 1946 2720 mali
1966 2666 2094 2735 ipsa:

508 2760 769 2827 fecerunt,
824 2760 916 2816 sed
958 2761 1271 2815 innocentes
1323 2767 1529 2813 tantum
1567 2758 1767 2812 malum
1825 2770 2095 2827 perpessae

511 2863 654 2910 sunt.
680 2854 797 2923 Quo
823 2854 1050 2910 faciente
1069 2895 1084 2920 ,
1131 2853 1232 2907 nisi
1263 2852 1352 2907 illo
1382 2852 1631 2922 primitus
1650 2891 1665 2916 ,
1695 2849 1787 2920 qui
1816 2857 1925 2903 uta
1955 2864 2013 2903 se
2039 2849 2096 2904 in

510 2953 715 3001 tantum
738 2946 936 3000 malum
960 2944 1330 3015 procederent,
1351 2942 1675 3014 imperavit?
1700 2940 1943 3010 Pejorem
1968 2953 2097 3008 ergo

512 3047 745 3109 expertae
771 3047 895 3092 sunt
924 3046 1151 3108 patrem,
1185 3052 1342 3107 quam
1374 3035 1607 3091 hostem.
1641 3033 1801 3087 Pater
1841 3031 1983 3087 enim
2003 3044 2098 3086 eas

513 3133 579 3187 ad
627 3140 830 3186 tantum
881 3132 1080 3185 malum
1142 3130 1320 3195 misit;
1375 3129 1546 3183 hostis
1598 3135 1776 3181 autem
1844 3132 2096 3194 tanquam

514 3223 712 3279 bonum
743 3222 1033 3292 appetivit,
1064 3222 1288 3290 cupiens
1314 3219 1552 3289 perfrui,
1582 3232 1689 3272 non
1727 3230 1925 3271 nocere
1959 3234 1973 3270 :
2005 3215 2099 3271 ille

513 3316 687 3370 sciens
718 3315 897 3369 nocuit
919 3354 935 3381 ,
954 3312 1059 3367 ille
1084 3312 1346 3367 nesciens.
1374 3309 1479 3365 Sed
1509 3310 1640 3363 deus
1676 3306 1916 3362 inﬁrmus
1937 3314 2100 3376 atque

512 3406 665 3475 inops
694 3406 847 3459 aliter
875 3402 974 3458 sibi
1001 3402 1283 3457 consulere
1308 3414 1416 3455 non
1454 3398 1699 3464 valebat,
1731 3398 1878 3468 prius
1906 3397 2098 3452 adver-

515 3515 606 3554 sus
645 3498 851 3553 hostem
901 3496 1199 3566 improbum
1220 3535 1235 3559 ,
1267 3501 1322 3549 et
1348 3501 1471 3564 post
1507 3492 1766 3547 adversus
1812 3490 2097 3545 inclusum.

516 3590 714 3647 Saltem
736 3606 863 3661 ergo
888 3604 993 3642 non
1030 3594 1247 3641 accuset
1278 3600 1369 3640 eas
1393 3627 1408 3652 ,
1436 3599 1659 3655 quarum
1682 3582 1986 3637 obedientia
2013 3590 2099 3635 tu-

513 3690 601 3737 tus
629 3690 743 3747 est,
774 3694 996 3751 quarum
1023 3687 1195 3732 morte
1238 3690 1456 3733 securus
1480 3683 1583 3731 est.
1617 3675 1674 3730 Si
1713 3674 1855 3728 enim
1884 3681 2101 3729 coactus

515 3784 597 3832 est
617 3773 843 3845 prteliari
862 3815 877 3840 ,
918 3770 1172 3841 numquid
1197 3779 1251 3825 et
1277 3768 1621 3824 calumniari?
1648 3766 1780 3821 Nam
1807 3766 2021 3837 quando
2041 3778 2102 3821 se

516 3882 698 3924 errare
727 3881 757 3920 a
786 3866 962 3935 priore
988 3879 1083 3919 sua
1118 3863 1289 3918 lucida
1317 3872 1510 3916 natura
1551 3875 1722 3931 passae
1752 3869 1876 3914 sunt
1914 3868 1967 3915 et
1996 3858 2101 3913 ini-

515 3959 669 4014 mica:
706 3957 892 4012 lumini
937 3964 1121 4011 sancto
1170 3953 1522 4019 exstiterunt,
1568 3951 1635 4006 ad
1663 3950 1764 4006 hoc
1808 3951 1990 4020 utique
2034 3949 2102 4006 ab

515 4051 670 4107 hoste
699 4059 895 4105 coactae
926 4056 1079 4113 sunt,
1109 4047 1192 4102 cui
1215 4047 1257 4101 si
1287 4046 1541 4101 resistere
1563 4059 1669 4099 non
1694 4045 1992 4110 valuerunt,
2017 4044 2101 4097 in-

522 4152 777 4199 nocentes
804 4141 1155 4196 damnantur:
1174 4137 1219 4192 si
1239 4144 1417 4191 autem
1445 4135 1757 4201 valuerunt,
1790 4148 1889 4189 nec
1911 4133 2100 4188 volue-

523 4245 683 4303 runt,
725 4235 851 4306 quid
895 4233 1070 4288 adhuc
1109 4240 1217 4286 tam
1269 4230 1506 4284 fabulose
1555 4226 1804 4283 inducitis
1858 4234 2103 4281 naturam

518 4329 643 4384 mali
668 4368 683 4393 ,
711 4340 832 4382 cum
857 4340 887 4380 a
910 4324 1120 4396 propria
1148 4321 1419 4378 voluntate
1443 4321 1513 4376 sit
1541 4318 1692 4390 origo
1719 4318 1963 4389 peccati?
1990 4317 2104 4373 Hoc

518 4422 659 4478 enim
687 4430 831 4476 certe
856 4434 950 4474 sua
976 4418 1152 4488 culpa,
1185 4431 1290 4471 non
1332 4414 1389 4471 vi
1432 4414 1604 4470 aliena
1635 4412 1908 4479 fecerunt,
1959 4409 2104 4482 quod

519 4530 638 4570 cum
672 4520 886 4583 possent
912 4510 1053 4565 malo
1081 4491 1360 4572 resistere,
1396 4506 1699 4561 noluerunt.
1728 4503 1880 4570 Quod
1902 4503 2045 4558 enim
2075 4503 2098 4535 ⁸

520 4609 563 4662 si
601 4610 852 4668 facerent,
884 4604 1023 4659 bene
1067 4602 1331 4664 facerent;
1381 4600 1425 4654 si
1474 4608 1649 4654 autem
1682 4613 1788 4653 non
1819 4597 2099 4661 facerent,

519 4698 750 4769 graviter
802 4696 1207 4761 immaniterque
1252 4698 1536 4759 peccarenl
1569 4708 1582 4749 :
1612 4689 1654 4743 si
1695 4695 2010 4758 potuerunt,
2048 4693 2104 4741 et

521 4806 624 4845 non
654 4789 929 4852 fecerunt,
959 4786 1140 4855 utique
1174 4784 1480 4838 noluerunt.
1514 4780 1570 4836 Si
1616 4795 1745 4849 ergo
1775 4779 2101 4843 noluerunt,

519 4882 803 4937 voluntatis
850 4880 1052 4935 crimen
1092 4885 1210 4943 est,
1242 4892 1347 4931 non
1379 4873 1733 4931 necessitatis.
1765 4874 1809 4926 A
1833 4871 2104 4926 voluntate

521 4976 679 5045 igitur
708 4974 915 5028 initium
952 4969 1155 5040 peccati
1186 4986 1198 5021 :
1233 4967 1374 5022 unde
1404 4974 1580 5021 autem
1620 4964 1826 5019 initium
1879 4962 2101 5032 peccati,

522 5068 644 5122 inde
674 5066 883 5121 initium
910 5065 1064 5129 mali,
1116 5061 1203 5117 vel
1230 5058 1455 5115 faciendi
1500 5066 1684 5112 contra
1727 5055 1929 5125 justum
1962 5070 2104 5125 prte-

520 5169 771 5229 eeptum,
826 5157 909 5211 vel
961 5152 1193 5225 patiendi
1234 5149 1525 5206 secundum
1575 5148 1775 5215 justum
1828 5146 2102 5216 judicium.

523 5252 753 5308 Proinde
783 5251 926 5305 nulla
952 5262 1109 5305 causa
1137 5254 1219 5301 est
1245 5259 1341 5299 cur
1365 5248 1664 5313 quaerentes
1694 5239 1836 5294 unde
1880 5240 1949 5293 sit
1988 5253 2105 5292 ma-

526 5344 657 5406 lum,
691 5342 954 5397 irrueritis
974 5340 1026 5394 in
1057 5338 1213 5407 hujus
1237 5334 1435 5390 erroris
1468 5339 1573 5386 tam
1604 5346 1855 5401 magnum
1881 5330 2101 5397 malum,

458 5452 462 5456 ‘
524 5446 582 5492 nt
608 5447 849 5492 naturam
878 5444 953 5491 tot
980 5432 1135 5488 bonis
1164 5427 1519 5485 abundantem
1541 5466 1555 5490 ,
1585 5435 1828 5479 naturam
1860 5423 1982 5477 mali
2026 5422 2107 5476 di-

524 5533 752 5596 ceretis;
781 5531 914 5585 etin
939 5536 1127 5585 natura
1155 5523 1344 5580 summi
1364 5520 1489 5576 boni
1516 5528 1642 5575 ante
1671 5518 2105 5577 commixtionem

586 5690 604 5721 ί
639 5690 889 5740 vaticanus
908 5686 1083 5746 codex,
1107 5682 1231 5747 quod
1247 5694 1305 5731 ea
1324 5680 1374 5731 in
1392 5677 1663 5747 eepiatione
1684 5676 1760 5727 sui
1776 5676 2067 5747 Wda.

588 5753 610 5783 ⁸
640 5738 692 5800 In
712 5738 927 5799 editione
950 5738 1340 5805 Lovfonilssum;
1370 5738 1515 5804 enim,
1542 5748 1594 5791 et
1638 5752 1781 5804 prava
1809 5738 2002 5790 inducta
2029 5741 2106 5790 est

526 5820 699 5867 vocum
720 5808 1061 5875 lnterpunctlot

1348 296 1631 402 comas
1661 289 1981 400 rAUsruM
2015 339 2463 411 MANICIIIEUM,
2503 343 2562 402 s.
2604 344 2969 407 mensum

3673 360 3783 419 ιω

2207 467 2409 514 natura:
2434 460 2581 528 mali,
2612 461 2939 519 horrendum
2973 466 3305 523 necessitatis
3330 469 3527 528 malum
3547 486 3783 544 ponere-1

2206 551 2292 606 tis.
2324 551 2392 606 Et
2415 551 2574 622 hujus
2597 554 2742 609 enim
2764 555 2960 611 erroris
3000 559 3167 614 vestri
3207 574 3363 617 causa
3393 564 3638 633 superbia
3664 577 3748 625 est
3766 611 3786 638 ,

2198 657 2361 720 quam
2389 658 2495 698 non
2524 644 2814 713 habebitis,
2846 647 2890 701 si
2940 647 3119 704 nolitis
3160 668 3175 705 :
3206 651 3301 707 sed
3327 667 3425 709 vos
3462 654 3590 711 dum
3622 659 3791 717 vultis

2204 733 2332 789 illud
2355 750 2462 806 quo
2488 735 2737 805 irruistis,
2765 753 2979 809 quoquo
2998 741 3156 797 modo
3197 743 3516 815 defendere,
3562 749 3792 809 aufertis

2204 828 2464 899 originem
2507 832 2709 899 peccati
2734 846 2765 885 a
2796 832 3085 890 voluntatis
3114 836 3337 894 arbitrio
3357 881 3373 907 ,
3407 850 3463 897 et
3504 843 3703 913 ponitis
3728 846 3791 901 in

2204 936 2338 976 vana
2364 932 2417 977 et
2442 922 2571 978 falsa
2602 923 2777 980 fabula
2806 935 3050 982 naturam
3080 931 3227 986 mali.
3259 931 3336 987 Ae
3364 949 3462 1004 per
3490 934 3592 992 hoc
3619 947 3794 994 restat

2205 1023 2261 1069 ut
2281 1015 2469 1070 dicatis
2493 1017 2652 1071 etiam
2684 1018 2800 1074 illas
2823 1020 3031 1077 animas
3048 1022 3102 1078 in
3126 1024 3367 1083 horribili
3393 1028 3556 1098 globo
3581 1039 3789 1087 aeterna

2203 1106 2537 1176 colligatione
2562 1108 2890 1167 damnandas
2908 1152 2925 1180 ,
2952 1129 3059 1169 non
3087 1116 3380 1183 voluntate,
3420 1119 3516 1174 sed
3546 1123 3793 1177 necessi-

2203 1205 2310 1251 tate
2336 1198 2575 1253 inimicas
2600 1201 2785 1257 lumini
2806 1214 2991 1260 sancto
3012 1207 3280 1263 exstitisse
3304 1225 3319 1274 ;
3348 1210 3613 1281 talemque
3626 1212 3795 1268 deum

2215 1295 2447 1342 vestrum
2487 1290 2718 1359 iudicem
2740 1294 3094 1363 constituatis,
3118 1296 3257 1367 apud
3286 1314 3442 1369 quem
3469 1300 3600 1356 nihil
3629 1302 3799 1372 prod-

2201 1392 2320 1433 esse
2362 1379 2576 1448 possitis
2616 1382 2727 1447 eis,
2784 1399 3005 1454 quarum
3046 1401 3257 1442 causam
3304 1389 3664 1447 demonstrata
3691 1410 3797 1450 ne-

2201 1468 2452 1524 cessitate
2478 1469 2760 1527 defenditis
2785 1490 2799 1539 ;
2830 1485 2884 1529 et
2911 1477 3067 1532 talem
3094 1494 3296 1550 regem,
3326 1496 3357 1535 a
3382 1498 3489 1552 quo
3531 1482 3797 1541 fratribus

2198 1560 2392 1615 vestris
2413 1602 2428 1627 ,
2456 1561 2580 1617 ﬁliis
2610 1574 2665 1618 et
2706 1566 2961 1621 membris
3010 1568 3155 1623 illius
3181 1612 3195 1637 ,
3229 1587 3454 1641 quorum
3485 1575 3797 1633 inimicitias

2199 1649 2456 1706 adversus
2485 1669 2580 1708 vos
2609 1662 2664 1709 et
2704 1656 2876 1724 ipsum
2902 1698 2917 1724 ,
2948 1674 3055 1714 non
3096 1661 3389 1732 voluntate,
3431 1666 3526 1721 sed
3552 1668 3799 1723 necessi-

2200 1749 2309 1797 tate
2333 1744 2603 1800 exstitisse
2622 1746 2936 1815 perhibetis,
2960 1764 3061 1805 nec
3084 1750 3467 1823 indulgentiam
3490 1756 3799 1826 impetrare

2199 1835 2441 1891 valeatis.
2489 1836 2534 1891 Ο
2578 1838 3019 1896 immanissimam
3059 1844 3465 1902 crudelitatem!
3504 1847 3609 1902 nisi
3647 1848 3799 1919 quod

2198 1926 2512 1981 convcrtitis
2534 1942 2629 1983 vos
2651 1930 2717 1984 ad
2741 1931 2907 2001 ipsius
2922 1932 3312 2005 defensionem,
3344 1948 3401 1994 ut
3425 1955 3548 1995 eum
3579 1957 3800 2013 quoque

2199 2017 2299 2073 ista
2323 2019 2466 2090 quod
2496 2022 2819 2078 necessitate
2847 2023 3009 2080 faciat
3044 2031 3331 2085 excusetis.
3361 2030 3419 2086 Si
3446 2046 3573 2102 ergo
3600 2048 3797 2102 posse-

2200 2110 2268 2165 tis
2294 2111 2536 2168 invenire
2561 2114 2791 2169 alterum
2809 2115 3065 2185 judicem,
3096 2120 3189 2185 qui
3216 2120 3352 2176 liber
3369 2121 3584 2178 vincqu
3605 2138 3800 2180 neces—

2198 2205 2369 2259 sitatis
2404 2206 2709 2261 moderator
2755 2208 3011 2264 existerct
3051 2212 3342 2280 aequitatis;
3375 2215 3533 2269 istum
3559 2224 3706 2271 certe
3734 2216 3799 2271 in

2199 2294 2292 2349 illo
2317 2295 2475 2366 globo
2493 2311 2600 2352 non
2627 2297 2927 2355 forinsecus
2956 2301 3173 2371 ﬁgeret,
3203 2303 3299 2359 sed
3330 2320 3449 2359 cum
3481 2307 3598 2377 ipso
3628 2308 3798 2362 terri-

2198 2384 2299 2441 bili
2316 2387 2470 2444 hoste
2518 2389 2660 2445 intus
2689 2391 3007 2447 includeret.
3039 2392 3148 2449 Cur
3170 2399 3313 2450 enim
3344 2412 3451 2452 non
3474 2397 3618 2467 juste
3644 2399 3803 2468 prior

2198 2480 2270 2534 sit
2313 2480 2381 2535 ad
2423 2496 2637 2551 poenam
2672 2483 3054 2551 damnationis,
3081 2488 3169 2558 qui
3201 2490 3343 2557 prior
3372 2499 3455 2545 est
3487 2492 3552 2545 ad
3582 2492 3801 2547 crimen

2200 2572 2575 2628 necessitatis?
2615 2574 2826 2641 Quanto
2865 2590 2993 2646 ergo
3023 2579 3215 2632 melius
3245 2580 3511 2650 eligeretis
3550 2581 3710 2637 deum
3736 2582 3800 2637 in

2199 2663 2598 2732 comparatione
2626 2665 2844 2734 pejoris,
2877 2682 2982 2722 non
3009 2669 3220 2739 qualem
3253 2672 3477 2727 colimus
3496 2714 3509 2738 ,
3540 2673 3634 2729 sed
3661 2690 3800 2744 qua-

2200 2750 2307 2805 lem
2350 2768 2448 2808 nos
2482 2754 2659 2811 colere
2683 2756 2768 2810 vel
2804 2757 3002 2827 ﬁngitis
3042 2760 3123 2814 vel
3155 2763 3371 2830 putatis,
3403 2764 3492 2833 qui
3533 2764 3649 2820 sine
3676 2765 3799 2820 ullo

2200 2846 2466 2915 aequitatis
2506 2849 2783 2914 examine,
2818 2850 2934 2906 sine
2975 2852 3078 2906 ulla
3108 2851 3452 2911 distinctione
3484 2856 3801 2913 damnatio-

2201 2936 2285 2990 nis
2305 2948 2361 2991 et
2389 2938 2702 3008 disciplinae,
2727 2956 2833 2996 non
2855 2951 3096 3013 parceret
3117 2946 3286 3000 servis
3312 2946 3422 3001 suis
3450 2947 3491 3012 ⁸,
3517 2963 3616 3003 nec
3641 2948 3802 3018 justo

2202 3042 2302 3082 nec
2327 3032 2624 3098 peccaturi,
2674 3034 2850 3102 potius
2890 3050 3047 3105 quam
3092 3052 3198 3091 non
3244 3049 3487 3107 parceret
3534 3043 3805 3098 membris

2203 3119 2333 3185 suis,
2365 3120 2447 3174 vel
2477 3120 2871 3191 innocentibus,
2907 3127 2950 3179 si
2977 3128 3272 3182 necessitas
3306 3130 3507 3185 crimen
3530 3146 3637 3187 non
3666 3142 3753 3187 est
3779 3149 3798 3199 ;

2204 3212 2289 3265 vel
2315 3210 2391 3265 illi
2418 3212 2835 3283 obtemperando
2862 3216 3014 3272 factis
3032 3221 3371 3285 nocentibus,
3402 3224 3446 3277 si
3473 3233 3527 3278 et
3552 3226 3804 3279 necessi-

2204 3311 2287 3358 tas
2315 3303 2515 3359 crimen
2545 3315 2627 3361 est
2651 3324 2663 3359 :
2689 3308 2831 3361 utab
2873 3309 2963 3363 ilIo
3009 3311 3061 3365 in
3099 3320 3358 3368 aeternum
3387 3313 3800 3383 damnarentur,

2204 3410 2323 3450 cum
2355 3412 2462 3466 quo
2483 3398 2565 3452 vel
2596 3399 2753 3453 simul
2795 3401 3035 3470 absolvi,
3066 3405 3110 3458 si
3142 3415 3263 3471 post
3306 3408 3586 3463 victoriam
3614 3410 3803 3480 respl-

2203 3498 2349 3544 raret
2368 3489 2604 3558 libertas,
2632 3492 2712 3547 vel
2733 3493 2891 3549 simul
2910 3495 3155 3553 damnari
3185 3499 3503 3570 debuerunt,
3530 3504 3575 3558 si
3600 3512 3655 3559 et
3675 3514 3805 3574 post

2204 3580 2480 3635 victoriam
2510 3590 2712 3638 tantum
2740 3586 2929 3641 saltem
2953 3589 3155 3645 valeret
3176 3594 3489 3661 necessitas,
3515 3604 3574 3649 ut
3595 3596 3803 3666 aliquid

2205 3671 2405 3726 valeret
2431 3680 2486 3726 et
2509 3673 2753 3742 aequitas.
2796 3676 2944 3731 Sicut
2969 3688 3147 3735 autem
3176 3681 3358 3751 deum,
3391 3699 3500 3740 non
3525 3686 3679 3741 illum
3702 3703 3805 3743 ve-

2206 3776 2321 3815 rum
2352 3771 2406 3816 et
2420 3778 2696 3822 summum
2726 3782 2885 3835 quem
2938 3771 3201 3840 colimus,
3253 3774 3349 3829 sed
3401 3776 3563 3831 alium
3613 3780 3806 3835 nescio

2206 3869 2363 3924 quem
2386 3855 2573 3910 falsum
2604 3858 2926 3929 conﬁngitis,
2951 3878 3111 3932 quem
3137 3880 3233 3921 nos
3262 3867 3439 3923 colere
3461 3870 3545 3924 vel
3566 3870 3806 3927 arbitra-

2208 3949 2340 4003 mini
2361 3950 2446 4004 vel
2472 3950 2891 4019 calumniamini,
2940 3956 3032 4025 qui
3064 3966 3242 4013 tamen
3270 3961 3431 4015 ctiam
3480 3963 3594 4031 ipse
3628 3964 3806 4020 multo

2206 4051 2289 4098 est
2330 4044 2520 4099 melior
2571 4046 2673 4101 deo
2701 4056 2920 4114 vestro;
2963 4049 3122 4104 ambo
3170 4052 3311 4106 enim
3342 4069 3445 4109 non
3483 4065 3638 4123 sunt,
3672 4064 3727 4111 et
3769 4073 3805 4113 a

2206 4135 2356 4192 vobis
2384 4136 2541 4191 ambo
2582 4138 2853 4209 ﬁnguntur
2900 4158 2913 4194 :
2960 4142 3055 4210 sed
3105 4143 3380 4201 meliorem
3412 4146 3611 4218 ﬁngitis
3637 4164 3801 4217 eum,

2207 4241 2363 4295 quem
2396 4235 2646 4297 tanquam
2678 4239 2921 4288 nostrum
2966 4235 3264 4304 accusatis,
3301 4251 3458 4307 quam
3487 4255 3606 4293 eum
3634 4256 3805 4311 quem

2207 4325 2442 4371 vestrum
2472 4318 2731 4374 adoratis.

2277 4407 2501 4466 CAPUT
2530 4410 2718 4467 XXIII.
2748 4443 2815 4453 —
2844 4413 2933 4470 Sic
2966 4423 3020 4471 et
3055 4416 3393 4474 Patriarehas
3422 4428 3475 4476 et
3502 4421 3808 4492 Prophetas

2207 4515 2314 4556 non
2342 4502 2474 4556 tales
2502 4504 2833 4574 vituperatis,
2864 4508 3046 4577 quales
3072 4507 3403 4566 honorantur
3426 4528 3455 4567 a
3483 4513 3671 4580 nobis;
3703 4516 3808 4572 sed

2206 4593 2389 4662 quales
2415 4592 2588 4649 Libris
2614 4596 2812 4651 nostris
2836 4613 2944 4653 non
2971 4599 3253 4656 intellectis
3280 4603 3539 4660 malevola
3566 4606 3809 4665 vanitate

2206 4682 2433 4739 ﬁnxistis
2459 4703 2472 4739 :
2495 4701 2627 4755 quos
2656 4694 2829 4743 tamen
2855 4691 3013 4745 etiam
3043 4692 3190 4761 ipsos
3218 4696 3402 4765 quales
3429 4696 3591 4753 fuisse
3618 4701 3805 4770 suspix

2207 4776 2421 4839 camini,
2455 4791 2638 4845 parum
2665 4788 2746 4833 est
2772 4781 2818 4833 si
2847 4781 3019 4837 dicam
3049 4786 3239 4841 vestris
3266 4788 3462 4844 Electis
3487 4792 3665 4847 omnia
3686 4792 3802 4848 Ma-

2208 4866 2399 4920 nichari
2425 4870 2672 4924 mandata
2698 4874 3053 4941 servantibus,
3077 4877 3177 4931 nisi
3199 4879 3358 4934 etiam
3381 4882 3657 4938 ostendam
3683 4885 3807 4954 ipso

2209 4956 2310 5012 deo
2332 4967 2514 5014 vestro
2536 4975 2654 5017 esse
2676 4963 2923 5018 meliores
2950 4982 2962 5018 :
2986 4967 3125 5036 quod
3151 4983 3256 5022 non
3279 4973 3557 5041 aggrediar
3578 4973 3810 5031 demon~

2209 5057 2381 5103 strare
2402 5090 2415 5113 ,
2444 5049 2549 5104 nisi
2587 5053 2734 5121 prius
2759 5064 2973 5109 sanctos
3005 5066 3184 5127 patres
3215 5071 3426 5117 nostros
3462 5063 3809 5124 Patriarchas

2211 5149 2265 5194 et
2292 5140 2584 5210 Pr0phetas
2612 5157 2641 5195 a
2671 5145 3125 5202 criminationibus
3151 5152 3371 5218 vestris,
3400 5153 3683 5222 adjuvante
3712 5174 3809 5214 me

2212 5233 2457 5298 Domino,
2483 5233 2764 5289 adversum
2790 5238 2950 5292 corda
2976 5240 3229 5303 carnalia,
3255 5244 3536 5314 perspicua
3557 5247 3765 5302 ratione
3781 5250 3807 5281 ³

2210 5326 2519 5383 defendere.
2544 5327 2611 5381 Et
2632 5329 2781 5383 vobis
2802 5330 3035 5399 quidem,
3060 5331 3352 5401 Maniehmi,
3378 5336 3455 5392 sic
3476 5339 3811 5408 respondere

2212 5417 2502 5485 sufficeret,
2534 5428 2594 5473 ut
2622 5420 2781 5474 etiam
2808 5421 2934 5475 vitia
2960 5438 3079 5493 quae
3110 5427 3302 5493 putatis
3327 5436 3651 5497 nostrorum,
3680 5431 3807 5486 Iau-

2212 5508 2367 5564 dibus
2410 5517 2709 5564 vestrorum
2756 5512 3111 5580 prreponenda
3154 5514 3496 5587 doceremus;
3540 5520 3809 5578 addentes

2213 5601 2279 5657 ad
2304 5600 2570 5655 cumulum
2600 5600 2923 5658 confusionis
2948 5613 3160 5673 vestrae,
3188 5616 3246 5662 ut
3273 5608 3432 5665 etiam
3462 5612 3593 5669 deus
3621 5622 3811 5670 vester

2278 5736 2298 5830 ἲ
2329 5732 3356 5847 ἒίἓὶιξῖἑεξίέιῖῗ’λί⁸⁰⁹²υᾶἲ⁰ιῐι⁶ἵέῧὲἐ3ω⁶ῗνυί³
3374 5740 3491 5796 ⁸⁸⁸⁸⁸

2277 5791 2298 5830 ί
2329 5789 2403 5849 sto
2423 5784 2591 5860 νιιιω
2611 5793 2717 5847 κιαι
2746 5784 2802 5848 λι
2822 5784 2829 5785 ί
2853 5784 3241 5860 with
