4052 6448
265 377 370 436 ιιι

260 491 418 558 longe
443 485 598 558 pejor
620 486 948 543 inveniretur
966 484 1292 555 hominibus,
1312 489 1500 560 quales
1523 497 1735 546 nostros
1757 503 1854 560 pa.

260 591 368 638 tres
393 580 562 636 fuisse
577 581 811 650 jactatis.
839 580 929 636 Sic
952 596 1101 652 ergo,
1126 590 1186 636 ut
1203 581 1335 651 dixi,
1358 583 1510 639 vobis
1530 583 1854 655 respondere

258 671 532 729 sufﬁceret
561 689 577 728 :
606 671 703 729 sed
731 672 980 743 quoniam
1007 673 1242 728 nonnulli
1272 674 1430 730 etiam
1459 683 1654 745 praeter
1677 682 1852 730 vestra

257 763 564 833 vaniloquia
585 777 683 818 sua
707 771 899 833 sponte
921 774 1343 834 commoventur,
1370 766 1530 820 vitam
1556 765 1852 836 Propheta-

255 873 372 914 rum
398 856 458 912 in
487 856 684 912 Vetere
713 855 1054 912 Testamento
1081 866 1452 928 comparantes
1478 857 1602 913 vitae
1629 859 1854 927 Aposto-

253 950 430 1006 lorum
461 948 518 1003 in
552 947 702 1002 Novo
731 946 1074 1003 Testamento
1094 989 1109 1016 ,
1151 963 1251 1003 nec
1283 949 1522 1003 valentes
1549 947 1853 1003 discernere

253 1042 701 1100 consuetudinem
727 1043 980 1115 temporis
1009 1043 1152 1099 illius
1178 1056 1286 1115 quo
1318 1043 1603 1114 promissio
1638 1040 1850 1096 velaba-

252 1143 368 1201 tur,
417 1149 453 1189 a
496 1135 884 1192 consuetudine
922 1135 1176 1205 temporis
1221 1134 1374 1189 istius
1416 1147 1522 1204 quo
1571 1132 1853 1204 promissio

251 1227 556 1294 revelatur;
599 1229 679 1284 eis
720 1229 888 1300 magis
926 1227 1253 1298 respondere
1285 1228 1609 1298 compellor,
1641 1227 1730 1298 qui
1768 1226 1854 1282 vel

254 1322 665 1390 temperantiam
709 1336 858 1376 suam
899 1321 1098 1377 audent
1133 1319 1386 1391 praeferre
1415 1319 1694 1390 Prophetis
1718 1360 1732 1385 ,
1765 1318 1852 1374 vel

251 1412 504 1482 nequitiae
534 1427 646 1466 suae
672 1423 921 1482 quaerunt
949 1411 1240 1482 patrocinia
1271 1411 1339 1467 de
1369 1410 1670 1481 Prophetis.

317 1501 557 1559 CAPUT
580 1502 775 1558 XXIV.
805 1533 877 1544 -—
901 1503 1014 1570 Qua
1040 1503 1092 1557 in
1121 1517 1182 1558 re
1210 1502 1312 1558 hoc
1338 1502 1567 1572 primum
1597 1500 1716 1556 dico
1736 1542 1752 1569 ,
1784 1500 1851 1556 il-

202 1589 207 1593 ’
248 1595 423 1651 lorum
468 1595 748 1652 hominum
785 1612 891 1651 non
932 1605 1134 1652 tantum
1172 1596 1440 1666 linguam,
1477 1611 1662 1650 verum
1692 1595 1850 1649 etiam

246 1689 409 1742 vitam
433 1687 602 1745 fuisse
623 1688 1019 1759 propheticam;
1046 1696 1321 1758 totumque
1340 1687 1467 1742 illud
1489 1702 1708 1757 regnum
1731 1701 1853 1756 gen~

249 1778 312 1833 tis
353 1777 712 1834 Hebraeorum
733 1819 749 1846 ,
782 1794 1032 1849 magnum
1073 1777 1353 1848 quemdam
1379 1819 1394 1844 ,
1427 1778 1549 1848 quia
1581 1787 1638 1832 et
1674 1777 1852 1847 magni

245 1868 528 1938 cujusdam
555 1910 570 1936 ,
604 1869 769 1925 fuisse
803 1869 1138 1940 prophetam.
1169 1869 1428 1936 Quocirca
1468 1867 1608 1938 quod
1649 1867 1716 1922 ad
1757 1882 1852 1923 eos

246 1959 463 2030 quidem
492 1961 705 2026 attinet,
733 1961 822 2032 qui
849 1961 956 2016 illic
979 1969 1132 2016 erant
1155 1960 1348 2015 eruditi
1374 1960 1536 2015 corde
1561 1959 1614 2014 in
1641 1959 1852 2030 sapien-

245 2054 318 2109 tia
348 2056 478 2122 Dei,
510 2071 624 2110 non
651 2055 822 2110 solum
851 2054 903 2109 in
931 2055 998 2110 iis
1025 2070 1144 2126 qua:
1171 2054 1449 2121 dicebant,
1480 2053 1576 2108 sed
1605 2053 1766 2108 etiam
1795 2053 1851 2108 in

245 2146 309 2202 iis
337 2162 461 2217 quae
491 2147 798 2213 faciebant;
831 2147 974 2218 quod
1010 2155 1190 2202 autem
1227 2145 1293 2200 ad
1332 2153 1558 2201 caeteros
1592 2159 1655 2198 ac
1692 2144 1852 2199 simul

244 2255 436 2296 omnes
465 2240 614 2295 illius
642 2241 813 2311 gentis
843 2239 1108 2304 homines,
1142 2239 1196 2293 in
1221 2238 1285 2293 iis
1310 2253 1429 2308 quae
1458 2238 1511 2292 in
1542 2237 1646 2292 illis
1670 2236 1756 2292 vel
1783 2236 1851 2293 de

245 2335 347 2390 illis
376 2333 636 2390 divinitus
661 2334 879 2401 ﬁebant,
907 2332 1184 2403 prephetia
1211 2330 1419 2387 venturi
1444 2329 1642 2385 Christi
1669 2336 1724 2384 et
1745 2328 1850 2383 Ec-

244 2429 427 2486 clesiae
460 2428 848 2499 perscrutanda
877 2437 980 2483 est.
1011 2426 1199 2482 Omnia
1229 2426 1372 2480 enim
1407 2423 1494 2478 illa
1516 2464 1530 2490 ,
1561 2423 1698 2478 sicut
1723 2421 1852 2478 dicit

243 2519 562 2591 Apostolus,
591 2521 774 2591 ﬁgurae
798 2528 983 2575 nostra:
1005 2523 1210 2590 fuerunt
1241 2517 1292 2588 (I
1322 2516 1439 2571 Cor.
1472 2532 1525 2582 χ,
1559 2515 1634 2586 6).

317 2614 550 2670 CAPUT
569 2613 744 2671 XXV.
759 2643 830 2654 -—
847 2613 935 2668 Sic
954 2622 1130 2667 autem
1151 2611 1237 2666 isti
1259 2609 1312 2664 in
1333 2607 1648 2680 quibusdam
1673 2606 1847 2670 Iactis,

243 2723 278 2764 ι
311 2723 544 2779 quorum
587 2706 864 2762 altitudine
902 2706 1057 2775 longe
1094 2711 1254 2770 sunt,
1295 2699 1696 2772 reprehendunt
1729 2707 1850 2753 tan-

243 2817 409 2872 quam
429 2799 707 2855 libidinem
729 2798 1138 2868 Prophetarum,
1161 2795 1300 2850 sicut
1324 2792 1561 2848 nonnulli
1583 2791 1744 2846 etiam
1765 2804 1849 2844 sa-

245 2895 432 2966 crilegi
469 2894 806 2964 Paganorum
845 2888 1244 2961 reprehendunt
1283 2895 1538 2957 tanquam
1575 2883 1851 2939 stultitiam

245 2989 335 3044 vel
363 2988 545 3059 potius
573 2994 826 3058 tanquam
855 2984 1178 3040 dementiam
1208 2980 1428 3044 Christi,
1457 2979 1580 3049 quia
1614 2987 1854 3046 tempore

247 3080 381 3135 anni
419 3095 527 3134 non
566 3092 807 3149 congruo
843 3090 1001 3147 poma
1030 3072 1276 3146 quaesivit
1309 3072 1363 3126 in
1400 3070 1591 3125 arbore
1620 3065 1848 3139 (Matth.

247 3170 419 3242 xm);
451 3179 542 3226 aut
577 3169 803 3241 puerilis
837 3167 1113 3238 cujusdam
1144 3163 1400 3219 fatuitatis
1434 3161 1681 3217 allectum
1709 3159 1852 3231 quod

247 3262 512 3318 inclinato
537 3261 711 3332 capite
738 3260 904 3330 digito
938 3257 1205 3314 scribebat
1233 3257 1286 3310 in
1319 3263 1459 3310 terra
1477 3295 1492 3320 ,
1520 3261 1574 3308 et
1603 3267 1723 3308 cum
1752 3252 1853 3306 ho-

248 3355 488 3412 minibus
517 3351 966 3425 interrogantibus
995 3350 1397 3421 respondisset,
1425 3362 1610 3404 rursus
1640 3347 1743 3402 hoc
1771 3345 1854 3401 fa-

249 3463 379 3504 cere
403 3449 565 3518 cmpit
592 3447 775 3516 (Joan.
802 3446 944 3516 vm).
971 3443 1116 3500 Nihil
1144 3443 1285 3498 enim
1317 3441 1550 3513 sapiunt,
1578 3454 1679 3495 nec
1708 3439 1857 3495 intel-

250 3539 425 3610 ligunt
457 3540 510 3595 in
541 3540 749 3610 magnis
783 3537 977 3592 animis
1010 3535 1267 3606 quasdam
1305 3534 1526 3588 virtutes
1559 3531 1701 3586 vitiis
1735 3546 1858 3601 par-

251 3647 448 3689 vorum
489 3647 610 3687 esse
648 3630 980 3695 simillimas,
1029 3626 1282 3682 nonnulla
1321 3625 1499 3695 specie
1523 3665 1537 3690 ,
1579 3622 1673 3678 sed
1713 3621 1858 3676 nulla

254 3725 524 3796 :rquitatis
563 3722 963 3794 comparatione
985 3723 1027 3774 ¹.
1060 3719 1274 3775 Similes
1302 3726 1480 3772 autem
1519 3723 1644 3771 sunt
1673 3714 1764 3784 qui
1802 3713 1857 3767 in

252 3818 468 3889 magnis
492 3818 589 3872 ista
619 3812 1036 3886 reprehendunt,
1067 3810 1249 3882 pueris
1277 3807 1540 3878 imperitis
1568 3807 1623 3861 in
1649 3804 1855 3870 schola,

252 3910 350 3981 qui
376 3924 497 3964 cum
522 3922 619 3979 pro
646 3921 840 3976 magno
863 3903 1175 3968 didicerint,
1207 3899 1410 3957 nomini
1438 3898 1648 3954 numeri
1674 3898 1857 3965 singu-

253 4004 399 4061 laris
427 4003 639 4060 verbum
669 4002 878 4057 numeri
907 3997 1190 4069 singularis
1218 4009 1336 4051 esse
1369 3991 1697 4049 reddendum
1719 4032 1733 4056 ,
1765 4004 1853 4044 re-

254 4096 602 4170 prehendunt
620 4097 799 4151 latina:
819 4095 1014 4164 linguae
1035 4088 1402 4147 doctissimum
1422 4093 1716 4151 auctorem,
1737 4083 1854 4153 quia

254 4189 418 4258 dixit,
442 4186 576 4244 Pars
596 4189 648 4242 in
672 4191 836 4260 frusta
862 4193 1031 4240 secant
1053 4181 1268 4254 (Virgil.
1293 4177 1502 4234 Αἰηεὶά.
1533 4176 1621 4230 lib.
1650 4177 1703 4239 1,
1728 4190 1856 4228 vers.

254 4279 419 4351 212).
453 4279 644 4334 Debuit
668 4278 840 4344 enim,
883 4274 1159 4345 inquiunt,
1188 4272 1396 4335 dicere,
1427 4270 1601 4325 Secat.
1643 4266 1711 4321 Et
1738 4266 1862 4336 quia

258 4380 461 4429 norunt
497 4369 831 4439 Religionem
858 4368 997 4432 dici,
1029 4367 1245 4435 culpant
1271 4377 1395 4419 eum
1435 4361 1557 4432 quia
1595 4358 1862 4429 geminata

201 4471 212 4483 ‘
257 4464 440 4520 littera
464 4463 617 4524 dixit,
648 4460 932 4530 Reliigione
963 4467 1166 4528 patrum
1186 4453 1317 4522 (Id.,
1351 4453 1438 4506 lib.
1467 4450 1523 4518 2,
1553 4464 1681 4502 vers.
1711 4447 1858 4515 715).

258 4555 417 4612 Unde
450 4570 560 4610 non
597 4553 827 4608 absurde
861 4550 1089 4604 fortasse
1126 4546 1365 4608 dicatur,
1403 4543 1456 4595 in
1497 4554 1695 4611 genere
1733 4552 1858 4602 suo,

261 4659 520 4720 quantum
557 4644 759 4700 distant
798 4642 1070 4698 schemata
1110 4645 1165 4693 et
1201 4632 1536 4704 metaplasmi
1579 4630 1863 4685 doctorum

262 4759 295 4800 a
322 4742 649 4799 soloecismis
676 4747 731 4796 et
758 4735 1103 4794 barbarismis
1132 4732 1516 4803 imperitorum,
1546 4736 1750 4782 tantum
1778 4723 1863 4778 di-

261 4844 408 4891 stare
433 4835 658 4905 ligurata
683 4831 820 4885 facta
849 4827 1233 4898 Prophetarum
1259 4839 1290 4877 a
1312 4819 1606 4876 libidinosis
1635 4815 1864 4887 peccatis

263 4927 572 4996 iniquorum
602 4941 616 4977 :
645 4938 706 4978 ac
730 4937 828 4992 per
856 4920 980 4986 hoc,
1009 4918 1146 4974 sicut
1178 4929 1309 4985 puer
1335 4913 1388 4968 in
1418 4910 1749 4966 barbarismo
1773 4921 1864 4962 re-

265 5019 567 5089 prehensus
586 5056 604 5082 ,
631 5015 678 5071 si
707 5013 775 5068 de
801 5010 1004 5081 Virgilii
1034 5009 1384 5077 metaplasmo
1411 5019 1469 5058 se
1493 5002 1656 5057 vellet
1679 4998 1865 5054 defen-

264 5109 426 5177 dere,
455 5107 642 5164 l'erulis
664 5105 991 5166 caederetur;
1024 5101 1095 5155 ita
1123 5097 1363 5169 quisquis
1388 5109 1508 5150 cum
1538 5092 1727 5147 ancilla
1755 5105 1867 5146 suae

265 5201 510 5272 conjugis
531 5199 818 5263 volutatus,
845 5193 1072 5250 Abrahae
1097 5192 1314 5256 factum,
1339 5185 1482 5258 quod
1502 5185 1570 5240 de
1591 5185 1733 5253 Agar
1757 5197 1869 5252 pro-

267 5295 377 5352 lem
411 5292 690 5365 genuerit,
722 5290 776 5344 in
803 5285 1105 5356 exemplum
1135 5279 1458 5338 delensionis
1485 5274 1865 5344 assumpserit,

266 5389 474 5443 utinam
510 5400 618 5439 non
657 5384 815 5454 plane
845 5378 1061 5446 ferulis,
1101 5374 1197 5431 sed
1225 5373 1310 5429 vel
1349 5369 1574 5425 fustibus
1605 5366 1869 5422 coercitus

266 5478 609 5542 emendetur,
634 5491 704 5530 ne
727 5489 849 5530 cum
872 5470 1080 5529 caeteris
1104 5464 1358 5522 adulteris
1383 5471 1584 5518 aeterno
1607 5457 1869 5529 supplicio

269 5571 543 5644 puniatur.
571 5567 802 5623 Minima:
823 5563 1036 5637 quidem
1063 5561 1166 5615 illae
1190 5573 1298 5624 res,
1325 5557 1440 5611 istae
1462 5561 1638 5609 autem
1665 5562 1870 5644 magna:

270 5641 433 5729 sunt;
460 5676 560 5718 nec
582 5659 651 5716 ad
676 5659 778 5716 hoc
802 5655 928 5714 inde
952 5655 1110 5711 ducta
1133 5646 1424 5708 similitudo
1449 5653 1551 5714 est,
1575 5651 1632 5698 ut
1653 5641 1871 5698 schema

338 5823 379 5889 !__
401 5818 585 5889 Aliquot
608 5828 734 5878 Mss,
755 5809 1215 5889 nulla
1237 5803 1610 5875 CWW°
1651 5800 1867 5865 Quidum

269 5883 413 5939 mlta
433 5883 658 5948 necuim

1404 373 1610 432 LIBER
1635 369 1996 434 VICESIMUS
2029 369 2404 431 SECUNDUS.

3439 375 3545 440 ‘18

1959 496 2312 552 sacramento,
2342 495 2394 544 et
2419 485 2755 546 solmcismus
2781 486 3043 546 adulterio
3066 488 3407 562 coaequatur:
3435 510 3533 552 ve-

1959 590 2254 635 rumtamen
2293 580 2635 650 proportione
2661 581 2742 638 sui
2771 581 3023 653 cujusque
3049 583 3288 654 generis,
3319 585 3462 655 quod
3490 588 3545 642 in

1959 667 2065 723 illis
2091 669 2418 725 locutionum
2439 671 2752 742 quibusdam
2775 673 3054 730 virtutibus
3078 690 3173 730 seu
3195 675 3337 732 vitiis
3356 678 3546 747 peritia

1957 761 2040 816 vel
2065 762 2345 832 imperitia,
2377 761 2479 818 hoc
2506 764 2558 818 in
2586 763 2670 820 his
2698 780 2905 820 morum
2935 767 3175 837 quamvis
3203 768 3360 839 longe
3387 770 3438 824 in
3465 768 3546 825 di-

1957 866 2113 908 verso
2152 869 2348 924 genere
2383 853 2666 912 virtutibus
2701 870 2797 914 seu
2833 857 2974 914 vitiis
3014 859 3271 930 sapientia
3298 861 3384 917 vel
3411 861 3544 918 insi-

1957 943 2154 1013 pientia
2179 946 2338 1001 valet.

2030 1033 2253 1092 CAPUT
2282 1035 2470 1092 XXVI.
2501 1068 2568 1079 —
2595 1037 2959 1110 Quapropter,
2991 1057 3058 1097 ne
3087 1042 3140 1097 in
3169 1057 3393 1114 quicque
3427 1043 3544 1100 lau-

1958 1126 2130 1185 danda
2173 1129 2257 1186 vel
2297 1131 2641 1202 vituperanda
2665 1172 2680 1200 ,
2728 1133 3021 1190 accusanda
3058 1135 3143 1190 vel
3181 1135 3544 1206 defendenda,

1957 1220 2252 1276 coercenda
2278 1222 2364 1278 vel
2397 1223 2684 1279 relaxanda
2706 1263 2720 1289 ,
2753 1223 3050 1281 damnanda
3075 1227 3158 1282 vel
3186 1228 3507 1284 absolvenda
3527 1270 3544 1297 ,

1957 1313 2254 1384 appetenda
2290 1316 2376 1370 vel
2417 1315 2663 1385 vitanda,
2697 1325 2897 1373 temere
2932 1319 3226 1385 irruamIts,
3262 1321 3314 1375 in
3354 1323 3546 1392 quibus

1957 1406 2203 1462 omnibus
2226 1416 2443 1478 peccata
2468 1423 2561 1464 seu
2587 1417 2732 1465 recte
2758 1409 2894 1465 facta
2922 1419 3222 1479 versantur,
3252 1413 3398 1482 prius
3420 1413 3548 1484 quid

1955 1499 2027 1554 sit
2063 1511 2337 1571 peccatum
2377 1501 2717 1559 considerare
2746 1502 3035 1570 debemus;
3067 1512 3191 1560 tunc
3231 1505 3424 1560 deinde
3460 1506 3546 1560 in-
3579 1515 3582 1518 ’

1957 1590 2164 1660 spicere
2191 1590 2330 1648 facta
2359 1591 2695 1659 Sanclorum,
2726 1593 2902 1649 Libris
2930 1595 3226 1665 conscripta
3252 1596 3464 1662 divinis,
3488 1605 3549 1652 ut

1956 1681 2004 1735 si
2033 1697 2136 1752 qua
2160 1691 2214 1738 et
2241 1684 2477 1753 ipsorum
2507 1693 2722 1754 peccata
2753 1683 3132 1752 invenerimus,
3165 1685 3236 1740 ob
3261 1701 3418 1757 quam
3444 1687 3548 1742 uti-

1956 1773 2159 1830 litatem
2199 1777 2307 1831 sint
2339 1778 2499 1832 etiam
2533 1777 2647 1847 ipsa
2674 1777 2888 1833 condita
2916 1778 3141 1846 litteris,
3171 1781 3550 1851 memoriaeque

1954 1867 2200 1922 mandata
2221 1909 2236 1934 ,
2267 1869 2504 1940 diligenti
2535 1877 2788 1941 quantum
2823 1884 3104 1940 possumus
3131 1871 3337 1927 ratione
3366 1870 3550 1928 videa-

1954 1972 2095 2015 mus.
2118 1959 2247 2028 Quae
2269 1970 2447 2017 autem
2473 1963 2829 2032 repererimus
2853 1962 3031 2019 stultis
3055 1978 3148 2018 seu
3175 1963 3449 2019 malevolis
3472 1964 3550 2018 vi-

1955 2049 2069 2106 deri
2092 2061 2308 2122 peccata
2333 2068 2453 2110 esse
2473 2069 2592 2124 qua:
2615 2071 2720 2109 non
2746 2063 2889 2122 sunt,
2915 2070 3014 2110 nec
3040 2051 3219 2110 tamen
3243 2056 3295 2110 in
3323 2055 3399 2110 eis
3418 2054 3550 2110 emi-

1955 2153 2084 2198 nent
2109 2144 2282 2213 aliqua
2309 2144 2551 2214 exempla
2573 2144 2847 2208 virtutum,
2879 2145 2992 2199 haec
3013 2159 3227 2215 quoque
3249 2145 3548 2201 intueamur

1955 2248 2114 2303 quam
2136 2233 2204 2288 ob
2228 2249 2443 2290 causam
2466 2234 2567 2289 illis
2592 2235 2789 2311 inserta
2813 2235 2922 2289 sint
2947 2235 3178 2300 Litteris,
3203 2250 3334 2305 quas
3354 2235 3418 2289 ad
3445 2236 3546 2290 uti-

1956 2324 2156 2381 litatem
2175 2327 2299 2382 vita:
2328 2327 2605 2397 praesentis
2629 2327 2877 2397 regendae
2901 2335 2954 2383 et
2979 2327 3169 2382 futurae
3194 2327 3548 2397 adipiscendae

1955 2417 2200 2473 conditas
2236 2418 2518 2473 salubriter
2552 2417 2837 2473 credimus.
2871 2417 3036 2472 Porro
3071 2425 3248 2472 autem
3282 2433 3549 2486 quaecum-

1955 2523 2060 2578 que
2089 2508 2142 2563 in
2173 2507 2326 2563 factis
2363 2508 2679 2564 Sanctorum
2709 2509 2921 2564 elucent
2944 2508 3259 2564 documenta
3293 2507 3545 2576 justitiae,

1955 2601 2135 2656 nullus
2155 2602 2240 2656 vel
2267 2601 2633 2671 imperitorum
2656 2601 2863 2657 dubitat
2886 2600 3135 2657 debuisse
3156 2600 3442 2656 conscribi.
3473 2599 3550 2654 De

1956 2691 2060 2746 illis
2085 2706 2213 2762 ergo
2237 2701 2412 2762 potest
2434 2707 2554 2748 esse
2578 2693 2822 2762 quaestio,
2845 2707 2964 2763 quae
2988 2691 3072 2746 vel
3099 2692 3328 2746 inaniter
3349 2691 3548 2761 scripta

1958 2781 2129 2838 videri
2167 2794 2408 2852 possunt,
2439 2784 2486 2839 si
2513 2799 2613 2840 nec
2641 2793 2787 2839 recte
2815 2781 2955 2838 facta
2983 2791 3261 2853 apparent,
3291 2795 3390 2837 nec
3421 2795 3548 2849 pec-

1956 2883 2074 2929 cata
2101 2883 2258 2941 sunt;
2293 2877 2380 2931 vel
2408 2877 2568 2931 etiam
2600 2876 2928 2946 perniciose,
2959 2869 3245 2945 si’peccata
3271 2887 3394 2930 esse
3418 2887 3548 2930 con-

1956 2966 2276 3033 vincuntur,
2306 2983 2376 3023 ne
2404 2970 2613 3024 valeant
2653 2970 2721 3024 ad
2761 2969 3148 3036 imitationem,
3179 2969 3291 3024 sive
3329 2969 3382 3023 in
3421 2968 3552 3038 ipsis

1956 3056 2108 3114 libris
2131 3059 2455 3129 reprehensa
2477 3075 2583 3115 non
2606 3060 2733 3128 sint,
2756 3069 2810 3116 et
2830 3060 2950 3116 ideo
2969 3059 3142 3130 putari
3163 3061 3323 3115 etiam
3345 3061 3551 3130 possint

1957 3165 2063 3206 non
2095 3165 2215 3207 esse
2255 3161 2468 3222 peccata
2492 3170 2508 3220 ;
2541 3154 2653 3209 sive
2683 3153 2789 3208 illic
2817 3167 3029 3223 quoque
3058 3153 3380 3224 reprehensa
3408 3154 3547 3222 sint,

1957 3242 2052 3298 sed
2077 3242 2178 3299 sub
2204 3243 2344 3298 facili
2372 3258 2467 3314 spe
2489 3245 2660 3301 veniae
2683 3245 3100 3310 committantur,
3121 3244 3246 3315 quia
3270 3252 3325 3300 et
3346 3243 3401 3299 in
3427 3257 3551 3299 san-

1957 3333 2058 3388 ctis
2085 3333 2299 3388 inventa
2328 3345 2470 3388 sunt.

2029 3421 2256 3480 CAPUT
2294 3423 2507 3479 XXVII.
2535 3455 2606 3465 —
2632 3425 2774 3496 Ergo
2801 3434 3073 3495 peccatum
3100 3435 3216 3494 est,
3245 3425 3440 3481 factum
3466 3425 3550 3481 vel

1959 3515 2160 3571 dictum
2184 3516 2265 3572 vel
2289 3517 2627 3586 concupitum
2652 3517 2849 3587 aliquid
2869 3528 3055 3574 contra
3077 3527 3330 3574 aeternam
3356 3520 3548 3590 legem.

1961 3607 2072 3665 Lex
2103 3624 2231 3664 vero
2268 3616 2468 3664 aeterna
2499 3618 2613 3674 est,
2653 3609 2790 3665 ratio
2823 3610 2998 3665 divina
3027 3611 3111 3666 vel
3139 3611 3384 3666 voluntas
3417 3611 3546 3678 Dei,

1962 3699 2204 3755 ordinem
2233 3699 2529 3754 naturalem
2557 3701 2866 3756 conservari
2891 3701 3107 3771 jubens,
3142 3700 3439 3770 perturbari
3462 3715 3554 3757 ve-

1962 3799 2101 3846 tans.
2141 3790 2398 3858 Quisnam
2441 3791 2600 3869 igitur
2635 3792 2704 3847 sit
2742 3791 2798 3847 in
2837 3791 3053 3847 homine
3087 3792 3342 3848 naturalis
3380 3792 3549 3859 ordo,

1963 3883 2310 3950 quaerendum
2337 3891 2438 3938 est.
2465 3882 2684 3942 Constat
2710 3883 2851 3940 enim
2882 3883 3045 3939 homo
3070 3899 3135 3940 ex
3165 3885 3340 3939 anima
3360 3893 3415 3940 et
3436 3899 3555 3942 cor-

1965 3989 2132 4044 pore:
2157 3973 2252 4029 sed
2278 3973 2379 4028 hoc
2405 3981 2459 4029 et
2485 3989 2666 4043 pecus.
2697 3973 2838 4028 Nulli
2862 3982 3040 4029 autem
3066 3974 3285 4030 dubium
3311 3983 3412 4039 est,
3439 3974 3555 4030 ani-

1963 4084 2105 4124 mam
2132 4068 2376 4138 corpori,
2409 4067 2634 4122 naturali
2669 4067 2856 4122 ordine
2890 4067 3324 4138 praeponendam.
3359 4067 3555 4122 Verum

1963 4159 2156 4214 anima:
2176 4158 2407 4213 hominis
2431 4159 2571 4213 inest
2588 4157 2745 4223 ratio,
2769 4173 2888 4227 qua:
2913 4158 3092 4227 pecori
3119 4173 3226 4213 non
3247 4160 3403 4213 inest.
3428 4157 3558 4212 Pro-

1964 4252 2108 4319 inde,
2142 4251 2279 4306 sicut
2305 4251 2481 4304 anima
2506 4250 2740 4319 corpori,
2773 4249 2845 4304 ita
2876 4249 3043 4320 ipsius
3067 4249 3259 4304 animae
3286 4249 3426 4304 ratio
3449 4263 3556 4304 cae-

1967 4349 2096 4404 teris
2113 4347 2230 4418 ejus
2256 4346 2514 4416 partibus,
2536 4360 2668 4415 quas
2697 4343 2896 4399 habent
2915 4352 2970 4399 et
2987 4345 3192 4410 bestiae,
3218 4352 3421 4399 natura:
3444 4343 3559 4414 lege

1967 4441 2294 4513 praeponitur
2324 4458 2338 4494 :
2365 4438 2529 4507 inque
2557 4437 2670 4506 ipsa
2701 4436 2936 4500 ratione,
2962 4451 3080 4505 quae
3108 4436 3298 4505 partim
3321 4444 3560 4490 contem-

1967 4535 2163 4606 plativa
2191 4543 2294 4600 est,
2326 4531 2521 4602 partim
2552 4531 2745 4595 activa,
2784 4529 2968 4598 procul
2997 4528 3157 4582 dubio
3183 4526 3560 4596 contemplatio

1969 4626 2246 4699 praecellit.
2273 4624 2328 4679 In
2355 4625 2455 4678 hac
2473 4623 2618 4679 enim
2639 4630 2694 4677 et
2719 4622 2892 4692 imago
2915 4621 3008 4675 Dei
3029 4630 3130 4688 est,
3153 4636 3258 4691 qua
3286 4635 3380 4690 per
3400 4617 3559 4674 ﬁdem

1969 4720 2036 4776 ad
2066 4719 2296 4790 speciem
2326 4715 2698 4772 reformamur.
2729 4714 2886 4769 Actio
2923 4714 3101 4784 itaque
3129 4712 3402 4768 rationalis
3427 4725 3560 4765 con-

1972 4812 2296 4884 templationi
2322 4809 2569 4866 rationali
2591 4807 2750 4864 debet
2775 4807 3012 4869 obedire,
3035 4807 3147 4862 sive
3171 4821 3266 4875 per
3287 4804 3440 4857 [idem
3463 4802 3564 4854 im-

1971 4908 2178 4981 peranti
2202 4908 2241 4972 ί,
2269 4905 2423 4961 sicuti
2450 4912 2532 4958 est
2559 4900 2813 4972 quamdiu
2849 4899 3249 4969 peregrinamur
3276 4910 3305 4948 a
3337 4893 3562 4948 Domino

1977 5001 2042 5072 (Il
2061 4999 2181 5055 Cor.
2202 5013 2258 5064 v,
2283 4995 2336 5067 6)
2361 5012 2374 5060 ;
2402 4997 2516 5050 sive
2539 5008 2633 5064 per
2655 4993 2910 5064 speciem,
2934 4989 3075 5060 quod
3097 4988 3200 5043 erit
3218 5001 3336 5042 cum
3359 4983 3564 5039 similes

1972 5095 2022 5151 ei
2049 5094 2270 5157 erimus,
2297 5087 2548 5160 quoniam
2576 5086 2870 5142 videbimus
2893 5098 3016 5139 eum
3042 5081 3198 5138 sicuti
3222 5085 3306 5134 est
3332 5075 3377 5146 (l
3401 5077 3560 5130 Joan.

1974 5204 2050 5252 ιιι,
2071 5185 2150 5256 2),
2173 5181 2350 5240 elfecti
2370 5181 2530 5236 etiam
2557 5180 2610 5235 in
2635 5176 2897 5248 spirituali
2921 5187 3146 5243 corpore
3171 5186 3236 5226 ex
3259 5167 3426 5240 gratia
3446 5167 3564 5238 ejus

1975 5277 2206 5350 aequales
2233 5273 2450 5344 Angelis
2475 5271 2591 5342 ejus
2616 5268 2842 5340 (Matth.
2875 5281 3004 5330 χιιι,
3036 5261 3161 5332 50),
3190 5269 3403 5350 recepta
3428 5257 3566 5313 stola

1976 5348 2144 5442 prima
2174 5363 2588 5423 immortalitatis
2613 5369 2667 5417 et
2694 5354 3108 5426 incorruptionis
3128 5395 3143 5421 ,
3175 5367 3277 5423 qua
3314 5348 3566 5408 induetur

1975 5465 2078 5520 hoc
2115 5462 2342 5518 mortale
2367 5468 2423 5515 et
2450 5453 2794 5526 corruptibile
2831 5458 3104 5515 nostrum,
3135 5455 3193 5502 ut
3219 5443 3568 5501 absorbeatur

1976 5570 2122 5612 mors
2146 5554 2202 5610 in
2228 5551 2501 5608 victoriam
2530 5549 2574 5618 (l
2601 5546 2716 5602 Cor.
2745 5559 2834 5611 xv,
2863 5542 2953 5608 53,
2983 5537 3080 5612 54)
3100 5536 3303 5610 justitia
3333 5535 3568 5605 perlecta

1978 5666 2076 5722 per
2094 5647 2335 5720 gratiam.
2360 5643 2494 5711 Quia
2519 5648 2574 5697 et
2601 5637 2771 5694 sancti
2796 5651 2860 5691 ac
2882 5633 3138 5691 sublimes
3157 5630 3353 5722 Angeli
3370 5627 3566 5722 habent

1977 5720 2477 5811 contemplationem
2497 5740 2551 5788 et
2568 5729 2830 5788 actionem
2851 5742 3036 5794 suam;
3061 5725 3112 5783 id
3131 5724 3273 5783 enim
3296 5720 3397 5779 sibi
3414 5731 3570 5790 agen-

2047 5857 2064 5890 ί
2099 5861 2200 5907 Am.
2229 5858 2302 5903 Er.
2329 5854 2382 5902 et
2401 5830 2628 5913 plerique
2653 5850 2780 5908 Nam,
2805 5836 3039 5906 operam.
