4028 6442
496 414 503 420 .
528 346 639 415 419

534 464 660 519 dum
691 465 970 531 imperant,
999 461 1141 533 quod
1175 461 1261 517 ille
1288 476 1442 530 quem
1472 460 1915 529 contemplantur,
1942 459 2112 530 jubet,

532 556 687 625 cujus
724 566 926 613 aeterno
965 556 1187 625 imperio
1226 554 1528 621 liberaliter,
1559 554 1680 622 quia
1719 554 1971 620 suaviter,
2003 568 2119 608 ser-

532 649 684 705 viunt
711 667 724 704 :
747 663 844 707 nos
869 663 1011 712 vero,
1041 663 1265 718 quorum
1292 662 1483 715 corpus
1508 654 1771 701 mortuum
1800 657 1881 702 est
1906 656 2121 717 propter

534 753 829 812 peccatum,
849 751 1133 810 antequam
1154 740 1381 795 vivilicet
1402 740 1540 794 Deus
1560 747 1613 792 et
1634 740 1873 793 mortalia
1895 754 2118 808 corpora

532 842 711 888 nostra
740 849 832 902 per
861 832 1241 895 inhabitantem
1268 829 1523 899 Spiritum
1550 830 1663 900 ejus
1687 831 1739 885 in
1767 830 1919 886 nobis
1942 830 2116 902 (Rom.

533 938 646 983 vin.
669 924 755 989 10,
781 924 888 995 11),
916 938 1011 992 pro
1030 921 1246 976 modulo
1268 920 1586 975 inﬁrmitatis
1608 928 1804 975 nostrai
1825 921 2119 977 secundum

530 1025 783 1071 teternam
816 1016 983 1085 legem
1011 1030 1113 1085 qua
1145 1014 1398 1069 naturalis
1426 1013 1557 1067 ordo
1587 1022 1846 1078 servatur,
1874 1015 2015 1082 juste
2042 1013 2120 1067 vi-

531 1107 723 1172 vimus,
755 1107 800 1161 si
826 1106 1063 1162 vivamus
1087 1122 1152 1162 ex
1181 1106 1282 1163 [ide
1309 1122 1414 1160 non
1445 1105 1586 1170 ﬁcta,
1615 1120 1733 1174 qua:
1761 1120 1855 1174 per
1879 1105 2119 1159 dilectio-

531 1215 651 1256 nem
680 1212 931 1270 operatur
965 1198 1166 1271 (Galat.
1196 1216 1244 1264 ν,
1280 1197 1346 1270 6)
1379 1216 1392 1253 :
1425 1198 1682 1254 habentes
1712 1198 1764 1252 in
1795 1198 2117 1253 conscientia

528 1291 664 1346 bona
686 1308 833 1361 spem
857 1292 1141 1360 repositam
1168 1292 1219 1346 in
1244 1291 1396 1346 ccelis
1423 1291 1832 1345 immortalitatis
1858 1298 1914 1345 et
1943 1290 2119 1346 incor-

528 1383 829 1454 ruptionis,
877 1391 931 1438 et
974 1383 1138 1449 ipsius
1192 1381 1527 1451 perﬁcienda:
1574 1380 1791 1450 justitiae
1839 1396 2005 1451 usque
2050 1380 2117 1435 ad

528 1477 812 1547 quamdam
834 1474 1173 1531 ineﬂ'abiliter
1192 1474 1559 1529 suavissimam
1583 1474 1936 1540 saturitatem,
1960 1488 2115 1545 quam

527 1570 581 1626 in
602 1571 697 1627 ista
725 1568 1145 1639 peregrinatione
1164 1576 1376 1637 oportet
1398 1566 1671 1622 esuririac
1691 1566 1845 1631 sitiri,
1867 1566 2114 1636 quamdiu

525 1676 622 1730 per
640 1661 794 1717 ﬁdem
815 1659 1168 1725 ambulamus,
1186 1674 1292 1713 non
1319 1674 1414 1727 per
1433 1658 1663 1728 speciem
1701 1656 1763 1729 (ll
1794 1657 1920 1712 Cor.
1942 1673 1996 1724 v,
2030 1656 2113 1729 7).

596 1748 819 1811 CAPUT
852 1749 1085 1807 XXVIII.
1112 1780 1184 1791 ——
1210 1749 1547 1819 Quapropter
1574 1748 1803 1803 hominis
1832 1749 1969 1803 actio
2000 1763 2115 1803 ser-

523 1843 677 1903 viens
722 1841 843 1899 tidei
884 1842 1138 1899 servienti
1184 1843 1316 1908 Deo,
1364 1840 1597 1896 refrenat
1632 1843 1823 1896 omnes
1865 1840 2114 1896 mortales

524 1933 940 1999 delectationes,
974 1942 1030 1989 et
1057 1947 1149 1989 eas
1186 1940 1399 1988 coercet
1438 1933 1506 1989 ad
1548 1932 1843 1989 naturalem
1873 1932 2110 2001 modum,

524 2025 745 2085 meliora
784 2024 1123 2085 inferioribus
1170 2025 1410 2080 ordinata
1452 2023 1733 2080 dilectione
1773 2038 2109 2093 prmponens.

520 2113 580 2172 Si
632 2117 772 2173 enim
824 2116 955 2185 nihil
995 2116 1287 2173 delectaret
1337 2115 1598 2182 illicitum,
1644 2130 1805 2171 nemo
1847 2125 2108 2184 peccaret.

524 2208 718 2263 Peccat
757 2222 886 2279 ergo
907 2247 921 2271 ,
952 2209 1041 2277 qui
1074 2207 1482 2265 delectationem
1515 2207 1681 2262 illiciti
1707 2206 1910 2262 relaxat
1940 2206 2112 2276 potius

516 2314 676 2370 quam
723 2297 977 2355 refrenat.
1028 2298 1125 2357 Est
1168 2307 1346 2355 autem
1393 2298 1660 2366 illicitum,
1701 2298 1848 2369 quod
1893 2298 1976 2355 lex
2021 2298 2111 2353 illa

521 2391 792 2461 prohibet,
824 2407 929 2461 qua
959 2390 1216 2447 naturalis
1246 2390 1378 2446 ordo
1404 2400 1666 2445 servatur.
1710 2390 1901 2445 Utrum
1929 2398 2109 2445 autem

521 2482 592 2537 sit
620 2482 794 2552 aliqua
821 2481 1096 2539 rationalis
1125 2490 1389 2547 creatura,
1412 2496 1571 2550 quam
1597 2481 1727 2535 nihil
1758 2482 1924 2550 possit
1952 2481 2108 2536 illici-

520 2583 632 2630 tum
658 2575 923 2633 delectare
942 2615 957 2640 ,
987 2589 1178 2644 magna
1204 2575 1429 2644 quresuo
1457 2583 1558 2631 est.
1608 2574 1761 2641 Quod
1787 2574 1832 2631 si
1858 2582 1940 2630 est
1958 2616 1973 2642 ,
2000 2590 2107 2631 non

521 2667 580 2723 in
622 2682 689 2724 eo
726 2682 920 2737 genere
949 2666 1117 2721 factus
1144 2675 1226 2721 est
1253 2664 1417 2724 homo
1441 2707 1455 2733 ,
1487 2681 1585 2721 nec
1612 2665 1698 2720 illa
1730 2676 1914 2722 natura
1942 2681 2107 2737 ange-

515 2760 639 2827 lica,
667 2776 784 2829 qua:
815 2761 867 2814 in
894 2761 1117 2815 veritate
1145 2774 1254 2815 non
1283 2759 1431 2814 stetit
1455 2776 1468 2812 :
1500 2759 1595 2813 sed
1624 2760 1674 2814 in
1701 2774 1766 2815 eo
1786 2774 1981 2829 genere
2006 2760 2106 2814 ista

516 2851 792 2906 rationalia
820 2851 956 2906 facta
982 2860 1143 2918 sunt,
1192 2860 1248 2905 ut
1286 2850 1488 2907 inesset
1515 2850 1592 2905 eis
1633 2850 1962 2919 possibilitas
1995 2850 2104 2905 fre-

517 2942 680 3001 nandi
718 2942 1126 2999 delectationem
1155 2942 1223 2998 ab
1253 2941 1473 3008 illicito,
1506 2956 1666 3011 quam
1696 2956 1804 2997 non
1842 2940 2105 2997 frenando

518 3041 899 3107 peccaverunt.
931 3033 1117 3105 Magna
1146 3042 1228 3089 est
1269 3033 1447 3102 itaque
1474 3042 1529 3087 et
1570 3033 1796 3088 humana
1837 3042 2101 3101 creatura,

515 3125 942 3197 quandoquidem
999 3141 1093 3194 per
1138 3140 1257 3180 eam
1306 3123 1709 3193 possibilitatem
1756 3124 2101 3191 instauratur,

514 3232 610 3288 per
645 3233 805 3287 quam
844 3218 890 3274 si
932 3216 1208 3280 voluisset,
1261 3230 1358 3270 nec
1396 3215 1695 3271 cecidisset.
1728 3215 1949 3286 Magnus
1977 3231 2104 3287 ergo

515 3310 788 3375 Dominus,
844 3320 897 3364 et
941 3308 1217 3363 laudabilis
1246 3308 1399 3362 valde
1452 3307 1621 3380 (Psal.
1667 3323 1843 3374 nvn,
1892 3308 1973 3377 2),
2013 3310 2104 3378 qui

513 3402 755 3459 condidit
792 3416 933 3461 eam.
966 3402 1215 3457 Condidit
1242 3402 1387 3457 enim
1416 3410 1471 3455 et
1495 3400 1809 3469 inferiores,
1840 3417 1959 3471 qua:
1995 3417 2101 3457 non

512 3504 738 3566 possunt
778 3510 1031 3565 peccare;
1077 3494 1316 3549 condidit
1355 3502 1408 3549 et
1446 3494 1698 3550 meliores
1722 3536 1736 3562 ,
1768 3510 1886 3564 qua:
1914 3496 2103 3550 nolunt

511 3601 752 3658 peccare.
814 3586 1057 3642 Bestialis
1112 3587 1255 3641 enim
1307 3597 1496 3641 natura
1548 3603 1655 3641 non
1711 3596 1922 3656 peccat,
1979 3589 2099 3657 quia

511 3681 644 3736 nihil
700 3681 821 3735 facit
869 3689 1057 3739 contra
1106 3690 1360 3735 aeternam
1404 3681 1597 3751 legem,
1646 3682 1732 3737 cui
1772 3683 1848 3736 sic
1890 3682 2099 3737 subdita

511 3783 614 3841 est,
641 3782 700 3829 ut
718 3775 833 3843 ejus
852 3774 1118 3845 particeps
1140 3787 1260 3829 esse
1285 3788 1391 3827 non
1412 3774 1597 3843 possit.
1630 3774 1834 3829 Rursus
1862 3775 2098 3844 angelica

510 3865 753 3919 sublimis
801 3875 984 3920 natura
1041 3881 1144 3919 non
1189 3874 1389 3934 peccat,
1422 3866 1545 3935 quia
1589 3866 1659 3919 ita
1707 3865 1975 3935 particeps
2018 3874 2100 3920 est

512 3956 643 4026 legis
671 3966 885 4011 aeternae
908 4000 921 4020 ,
956 3966 1013 4011 ut
1041 3959 1187 4012 solus
1216 3974 1334 4012 eam
1363 3958 1592 4013 delectet
1618 3959 1755 4013 Deus
1779 4001 1792 4025 ,
1825 3958 1976 4029 cujus
2004 3974 2100 4013 vo-

513 4048 700 4103 luntati
734 4050 847 4103 sine
876 4048 984 4103 ullo
1012 4051 1374 4117 experimento
1410 4050 1716 4103 tentationis
1742 4051 2096 4120 obtemperat.

514 4143 688 4198 Homo
737 4153 933 4210 autem,
980 4143 1131 4211 cujus
1180 4152 1394 4211 propter
1438 4152 1712 4211 peceatum
1757 4144 1978 4197 tentatio
2016 4152 2098 4197 est

510 4238 620 4292 vita
645 4252 805 4306 super
832 4246 1029 4290 terram
1054 4232 1174 4304 (Job
1224 4250 1318 4299 vn,
1345 4231 1419 4303 l),
1439 4232 1630 4287 subdat
1654 4233 1752 4287 sibi
1777 4234 1916 4302 quod
1937 4233 2097 4290 habet

510 4345 797 4386 commune
819 4343 940 4383 cum
971 4327 1154 4382 bestiis
1178 4342 1193 4391 ;
1226 4324 1416 4380 subdat
1444 4325 1552 4380 Deo
1579 4324 1721 4394 quod
1762 4323 1922 4379 habet
1944 4340 2094 4379 com-

511 4436 673 4476 mune
702 4435 822 4476 cum
869 4419 1083 4489 Angelis
1119 4435 1131 4471 :
1172 4417 1341 4472 donec
1367 4416 1569 4486 justitia
1607 4426 1662 4471 et
1699 4416 2096 4473 immortalitate

514 4510 743 4581 perlecta
806 4518 964 4579 atque
1018 4516 1304 4579 percepta,
1365 4508 1433 4562 ab
1482 4506 1599 4563 istis
1644 4507 1935 4575 exaltetur,
1990 4508 2095 4565 illis

511 4613 771 4672 aequetur.

580 4692 806 4752 CAPUT
856 4692 1052 4747 XXIX.
1094 4722 1165 4734 --
1204 4692 1450 4747 Mortales
1489 4700 1664 4746 autem
1711 4692 2093 4750 delectationes

511 4801 683 4856 usque
722 4786 788 4841 ad
816 4784 1166 4854 reparandam
1193 4799 1289 4839 seu
1325 4783 1728 4839 custodiendam
1759 4784 1913 4840 istam
1949 4800 2092 4841 mor-

509 4880 671 4934 talem
718 4881 980 4948 salutem,
1035 4879 1148 4937 sive
1196 4878 1609 4948 uniuscujusque
1661 4876 1932 4944 hominis,
1977 4879 2092 4934 sive

508 4971 677 5041 ipsius
705 4971 921 5027 humani
950 4970 1162 5041 generis
1182 5011 1197 5037 ,
1228 4970 1314 5024 vel
1344 4968 1644 5035 excitanda:
1669 4970 1753 5025 vel
1790 4970 2090 5025 relaxandte

508 5076 633 5120 sunt
663 5084 678 5119 :
721 5066 856 5120 ultra
884 5065 929 5119 si
960 5064 1221 5135 prolapsa:
1250 5062 1462 5131 fuerint,
1485 5072 1538 5118 et
1567 5073 1753 5118 contra
1783 5072 2087 5133 temperan-

507 5157 596 5213 tiae
624 5157 881 5214 rationem
910 5156 1176 5212 hominem
1206 5169 1311 5209 non
1343 5170 1402 5211 se
1432 5165 1705 5225 regentem
1734 5155 2085 5226 abripuerint,

507 5248 754 5305 libidines
782 5257 936 5305 erunt
976 5247 1210 5319 profecto
1239 5248 1433 5303 illicitae
1476 5263 1538 5302 ac
1573 5258 1773 5317 turpes,
1816 5256 1870 5303 et
1914 5248 2089 5318 dignte

510 5339 785 5396 doloribus
821 5341 1113 5397 emendari.
1157 5340 1310 5407 Quod
1338 5340 1381 5394 si
1411 5340 1568 5395 etiam
1608 5340 1975 5411 perturbatum
2003 5356 2089 5397 re-

511 5442 714 5489 ctorem
756 5435 811 5489 in
854 5444 1053 5489 tantam
1092 5434 1398 5504 voraginem
1429 5432 1651 5503 perditae
1687 5434 2087 5492 consuetudinis

512 5536 777 5598 mergant,
802 5536 862 5582 ut
878 5530 963 5583 vel
990 5529 1186 5585 inultas
1226 5528 1339 5585 fore
1362 5527 1609 5591 credens,
1659 5526 2018 5583 confessionis.
2035 5536 2089 5582 et

506 5618 836 5691 ponitentiaa
860 5619 1091 5690 negligat
1117 5619 1455 5687 medicinam,
1487 5634 1590 5691 qua
1615 5628 1889 5675 correctus
1907 5634 2085 5675 emer-

510 5722 630 5785 gat;
674 5713 757 5767 vel
788 5710 968 5782 pejore
994 5721 1169 5768 morte
1206 5712 1383 5768 cordis
1428 5720 1613 5768 contra
1658 5711 1803 5766 illam
1829 5720 2085 5769 aeternam

512 5802 859 5879 providentiae
887 5802 1063 5874 legem
1098 5804 1465 5878 hlaspbemum
1498 5805 1576 5875 eis
1606 5804 1955 5877 patrocinium
1984 5803 2081 5862 de-

1346 343 1617 403 CONTRA
1653 343 1973 403 FAUSTUM
1996 342 2448 422 MANICHAZUM,
2488 351 2548 410 S.
2586 353 2953 417 AUGUSTINI

3696 362 3808 429 ιω

2226 463 2484 524 fensionis
2527 470 2797 539 adhibeat,
2847 482 3005 546 atque
3049 476 3122 532 ita
3150 475 3290 534 diem
3337 478 3588 552 fungatur
3620 492 3806 542 extre-

2225 572 2369 613 mum
2415 578 2429 615 :
2474 578 2580 617 non
2618 564 2727 633 jam
2759 566 3147 634 emendatione,
3196 570 3290 625 sed
3327 570 3668 631 damnatione
3722 576 3807 631 di-

2223 666 2385 722 gnum
2418 654 2500 710 lex
2528 655 2612 712 illa
2646 658 3123 729 irreprehensibilis
3148 672 3350 719 censet.

2294 743 2521 803 CAPUT
2547 747 2718 804 XXX.
2755 780 2828 792 —-
2858 751 3081 809 Eterna
3102 769 3230 827 ergo
3253 755 3369 828 lege
3391 757 3660 827 consulta,
3685 776 3811 832 qua:

2224 840 2464 898 ordinem
2540 847 2835 904 naturalem
2894 851 3200 907 conservari
3248 836 3443 923 jubet,
3501 856 3810 926 perturbari

2224 941 2385 999 vetat,
2417 935 2691 994 videamus
2718 940 2841 1010 quid
2872 944 3196 1012 peccaverit,
3240 944 3295 999 id
3328 955 3429 1011 est,
3462 945 3589 1018 quid
3616 958 3811 1004 contra

2225 1025 2378 1081 istam
2410 1028 2577 1099 legem
2608 1030 2795 1088 fecerit
2830 1044 2983 1105 pater
3022 1037 3290 1094 Abraham
3315 1040 3366 1095 in
3398 1039 3483 1095 his
3508 1056 3628 1113 qua:
3659 1044 3812 1100 velut

2223 1134 2411 1189 magna
2459 1124 2680 1179 crimina
2724 1125 2950 1184 Faustus
3002 1129 3217 1202 objecit.
3266 1130 3565 1202 Habendos,
3610 1136 3808 1207 inquit,

2225 1210 2382 1279 prolis
2416 1214 2595 1269 insana
2618 1220 2844 1290 ﬂagrans
2882 1222 3134 1293 cupidine,
3176 1234 3221 1279 et
3246 1224 3374 1290 Deo,
3398 1229 3484 1298 qui
3504 1229 3560 1282 id
3574 1230 3687 1299 jam
3711 1230 3814 1284 sibi

2222 1303 2286 1355 de
2307 1303 2439 1358 Sara
2459 1310 2672 1380 conjuge
2685 1313 3001 1382 promiserat,
3024 1316 3230 1371 minime
3247 1318 3473 1383 credens,
3497 1337 3607 1374 cum
3630 1321 3815 1390 pellice

2222 1400 2474 1458 volutatus
2494 1407 2577 1461 sit.
2620 1407 2811 1465 lnsana
2834 1426 2961 1466 vero
2986 1412 3084 1468 iste
3106 1413 3331 1485 Faustus
3353 1414 3666 1471 criminandi
3708 1433 3813 1471 cu-

2221 1493 2439 1563 piditate
2486 1506 2730 1568 caecatus,
2758 1511 2810 1557 et
2837 1502 3053 1559 haeresis
3103 1520 3213 1560 suae
3257 1505 3407 1562 nefas
3452 1508 3701 1577 prodidit,
3758 1519 3815 1563 ct

2219 1588 2449 1645 Abraha:
2475 1594 2812 1650 concubitum
2836 1597 3077 1653 nesciens
3098 1614 3390 1669 erransque
3419 1600 3666 1655 laudavit.
3689 1599 3814 1655 Sic—

2220 1688 2278 1735 ut
2332 1684 2473 1738 enim
2513 1685 2598 1740 lex
2648 1697 2866 1756 aeterna,
2906 1689 2960 1744 id
3003 1700 3104 1759 est,
3136 1691 3380 1747 voluntas
3410 1693 3501 1748 Dei
3532 1706 3813 1749 creatura-

2218 1788 2336 1827 rum
2365 1776 2603 1831 omnium
2648 1780 2942 1837 conditoris
2968 1783 3334 1838 conservando
3367 1782 3593 1838 naturali
3631 1784 3814 1839 ordini

2217 1869 2502 1924 consulens
2525 1912 2539 1931 ,
2568 1887 2672 1926 non
2697 1882 2754 1927 ut
2779 1874 3032 1931 satiandze
3060 1877 3261 1932 libidini
3292 1878 3585 1945 serviatur,
3614 1877 3709 1933 sed
3742 1886 3806 1933 ut

2217 1959 2373 2014 saluti
2412 1963 2620 2030 generis
2650 1966 3024 2034 prospiciatur,
3072 1968 3139 2022 ad
3186 1969 3389 2038 prolem
3422 1968 3803 2024 tantummodo

2216 2053 2609 2123 propagandam
2633 2097 2645 2115 .
2686 2058 2927 2113 mortalis
2971 2060 3146 2114 carnis
3185 2060 3591 2117 delectationem
3631 2062 3810 2118 domi-

2215 2151 2341 2196 natu
2372 2145 2587 2199 rationis
2620 2146 2677 2215 in_
2700 2147 3039 2204 concubitum
3064 2152 3290 2206 relaxari
3317 2153 3441 2208 sinit
3465 2170 3477 2207 :
3510 2154 3587 2209 sic
3614 2169 3646 2209 e
3666 2169 3804 2209 con-

2215 2235 2379 2291 trario
2423 2253 2672 2306 perversa
2714 2240 2797 2297 lex
2840 2242 3270 2309 Manichaeorum,
3316 2262 3383 2302 ne
3420 2246 3550 2302 deus
3591 2262 3807 2314 eorum,

2215 2342 2373 2397 quem
2418 2329 2636 2400 ligatum
2686 2333 2738 2387 in
2789 2336 3033 2392 omnibus
3084 2337 3374 2395 seminibus
3425 2338 3701 2410 plangunt,
3747 2338 3807 2394 in

2214 2429 2474 2489 conceptu
2530 2422 2736 2479 femina;
2795 2427 2991 2482 arctius
3037 2428 3353 2499 colligetur,
3416 2426 3613 2503 prolem
3676 2410 3807 2486 ante

2214 2512 2390 2567 omnia
2425 2512 2652 2569 devitari
2683 2530 2711 2569 a
2753 2519 3233 2575 concumbentibus
3257 2521 3433 2590 jubet,
3463 2531 3520 2597 ut
3545 2519 3676 2576 deus
3706 2536 3807 2577 eo-

2212 2619 2331 2659 rum
2360 2605 2497 2675 turpi
2526 2607 2674 2676 lapsu
2701 2610 2878 2678 potius
2901 2609 3225 2681 effundatur,
3248 2627 3406 2681 quam
3432 2592 3632 2667 crudeli
3656 2629 3804 2668 nexu

2210 2698 2493 2754 vinciatur.
2524 2700 2639 2755 Non
2670 2701 2829 2772 igitur
2859 2703 3125 2758 Abraham
3151 2704 3314 2773 prolis
3333 2704 3591 2760 habenda:
3614 2705 3804 2760 insana

2211 2791 2503 2861 cupiditate
2536 2793 2812 2863 ﬂagrabat,
2844 2795 2938 2850 sed
2966 2796 3287 2851 Manichmus
3313 2797 3477 2866 prolis
3501 2797 3806 2860 devitanda:

2210 2884 2395 2941 insana
2440 2887 2675 2943 vanitate
2703 2888 2983 2943 delirabat.
3035 2888 3263 2945 Proinde
3310 2889 3398 2945 ille
3426 2898 3628 2945 natum
3657 2890 3806 2945 ordi-

2210 2994 2333 3035 nem
2361 2994 2601 3046 servans,
2633 2979 2765 3035 nihil
2805 2980 3038 3036 humano
3067 2981 3350 3037 concubitu
3375 2982 3585 3053 agebat,
3612 2982 3714 3037 nisi
3746 2988 3805 3037 ut

2208 3070 2370 3126 homo
2398 3080 2744 3127 nasceretur:
2778 3073 2877 3127 iste
2926 3076 3325 3143 perversitatem
3370 3075 3558 3130 fabulae
3599 3076 3796 3131 obser-

2208 3180 2358 3230 vans,
2387 3166 2515 3220 nihil
2545 3167 2594 3220 in
2618 3167 2853 3236 quolibet
2871 3168 3154 3224 concubitu
3179 3170 3419 3239 timebat,
3439 3168 3542 3226 nisi
3568 3185 3634 3224 ne
3661 3169 3800 3226 deus

2210 3256 2587 3326 captivaretur.

2276 3350 2504 3406 CAPUT
2551 3349 2743 3405 XXXI.
2792 3382 2865 3392 -—-
2908 3350 3011 3408 Ubi
3059 3360 3235 3408 autem
3280 3352 3507 3409 Faustus
3553 3354 3604 3407 in
3653 3351 3801 3409 facto

2207 3442 2436 3497 Abrahm
2473 3442 2617 3496 velut
2659 3444 3041 3499 conscientiam
3070 3432 3264 3514 culpat
3304 3444 3504 3511 uxoris,
3537 3443 3607 3500 ibi
3652 3444 3800 3500 malo

2205 3533 2418 3604 quidem
2464 3535 2642 3589 animo
2676 3545 2728 3590 et
2776 3534 3065 3591 intentione
3100 3535 3456 3606 vituperandi,
3485 3536 3578 3590 sed
3615 3546 3797 3592 tamen

2206 3630 2450 3683 nesciens
2490 3636 2545 3683 et
2579 3629 2767 3683 nolens
2797 3637 3082 3699 utrumque
3112 3628 3397 3682 collaudat.
3436 3627 3618 3699 Neque
3648 3629 3797 3683 enim

2205 3720 2588 3776 conscientiam
2617 3734 2767 3775 suam
2808 3719 3006 3789 ﬂagitio
3036 3720 3276 3790 conjugis
3303 3721 3534 3786 miscuit,
3568 3736 3674 3789 quo
3704 3722 3800 3775 ille

2204 3826 2355 3867 suam
2390 3811 2664 3867 libidinem
2702 3811 2841 3880 turpi
2884 3821 2937 3866 et
2974 3809 3156 3865 illicita
3204 3811 3474 3881 voluptate
3511 3811 3735 3865 satiaret
3779 3826 3798 3865 :

2204 3906 2297 3960 sed
2318 3906 2477 3960 etiam
2501 3905 2589 3959 illa
2620 3904 2848 3959 naturali
2876 3904 3063 3959 ordine
3094 3904 3231 3957 ﬁlios
3258 3905 3464 3970 volens,
3494 3920 3657 3974 seque
3683 3913 3799 3959 ste-

2203 3999 2357 4053 rilem
2397 3999 2593 4063 sciens,
2643 3998 2910 4053 aucillaris
2942 3997 3077 4051 uteri
3119 3996 3496 4052 fecunditatem
3545 3997 3597 4050 in
3636 4013 3797 4051 usum

2198 4092 2333 4164 juris
2366 4094 2445 4147 sui
2484 4100 2745 4162 potestate
2785 4091 2926 4145 licita
2957 4090 3269 4156 vindicavit;
3317 4105 3422 4145 non
3450 4088 3647 4169 cedens
3674 4091 3800 4144 viro

2202 4186 2648 4256 conCUpisccntis,
2682 4184 2774 4239 sed
2800 4184 2995 4253 jubens
3016 4183 3282 4240 obedienti
3315 4182 3470 4255 (Gen.
3500 4199 3611 4251 xvr,
3644 4183 3793 4252 2-4).

2200 4277 2383 4348 Neque
2432 4277 2535 4332 hoc
2580 4277 2883 4331 inordinata
2929 4276 3176 4346 superbia
3216 4295 3228 4331 :
3276 4276 3395 4346 quis
3436 4277 3575 4331 enim
3618 4278 3799 4331 nescit

2201 4386 2421 4425 uxorem
2456 4370 2647 4424 marito
2670 4378 2917 4440 tanquam
2942 4370 3156 4423 domino
3185 4369 3380 4424 debere
3409 4367 3655 4423 servire?
3681 4366 3799 4422 Sed

2200 4461 2343 4533 quod
2381 4461 2447 4516 ad
2474 4462 2713 4516 membra
2738 4461 2978 4530 corporis
3004 4461 3212 4526 attinet,
3251 4460 3441 4530 quibus
3482 4473 3643 4513 sexus
3674 4459 3798 4527 ipse

2199 4554 2559 4625 distinguitur,
2600 4554 2887 4624 Apostolus
2922 4552 3067 4619 dicit,
3118 4553 3365 4607 Similiter
3393 4562 3440 4606 et
3463 4552 3539 4606 vir
3566 4551 3648 4606 sui
3671 4567 3795 4604 cor-

2200 4649 2337 4719 poris
2370 4657 2661 4718 potestatem
2691 4664 2789 4700 non
2817 4646 2983 4711 habet,
3014 4646 3103 4700 sed
3134 4645 3312 4700 mulier
3337 4645 3377 4718 (1
3411 4645 3526 4700 Cor.
3557 4659 3651 4708 vu,
3680 4644 3739 4717 4)
3776 4663 3793 4699 :

2198 4750 2257 4796 ut
2281 4757 2403 4796 cum
2427 4742 2481 4795 in
2506 4739 2715 4795 caeteris
2755 4738 2961 4793 actibus
3000 4738 3065 4793 ad
3095 4738 3379 4793 humanam
3410 4753 3591 4807 pacem
3622 4738 3797 4807 perti-

2198 4834 2466 4899 ncntibus,
2500 4834 2692 4889 mulier
2715 4832 2832 4886 viro
2857 4831 3047 4887 debeat
3074 4831 3405 4897 servitutem,
3444 4830 3599 4900 hujus
3630 4829 3796 4885 unius

2197 4927 2297 4993 rei,
2329 4942 2430 4997 qua
2462 4940 2617 4981 sexus
2644 4925 2920 4995 utriusque
2948 4923 3147 4978 carnali
3175 4931 3320 4978 sorte
3352 4922 3703 4987 discernitur,
3737 4930 3797 4976 et

2198 5018 2397 5075 carnali
2440 5016 2815 5071 commixtione
2850 5012 3223 5081 concerpitur,
3254 5014 3481 5068 similem
3524 5013 3577 5067 in
3609 5028 3669 5067 se
3689 5011 3796 5067 ha-

2195 5110 2356 5166 beant
2401 5118 2737 5181 potestatem,
2779 5110 2859 5162 vir
2899 5108 2948 5162 in
2988 5122 3227 5169 uxorem,
3261 5115 3314 5160 et
3341 5120 3478 5160 uxor
3506 5105 3556 5159 in
3589 5106 3792 5159 virum.

2198 5203 2409 5259 Prolem
2440 5203 2616 5274 igitur,
2659 5215 2817 5271 quam
2848 5198 2914 5254 de
2936 5214 2994 5253 se
3020 5198 3217 5252 habere
3243 5198 3373 5252 Sara
3414 5212 3519 5251 non
3551 5204 3787 5265 poterat,

2195 5298 2263 5371 de
2311 5297 2501 5352 ancilla
2550 5296 2746 5350 habere
2791 5294 2957 5349 voluit
2988 5312 2999 5347 :
3033 5308 3097 5347 ex
3137 5309 3201 5348 eo
3233 5302 3407 5347 tamen
3441 5290 3645 5348 semine
3671 5335 3683 5358 ,
3717 5308 3793 5348 ex

2197 5406 2303 5463 quo
2328 5388 2472 5445 etde
2498 5402 2577 5454 se,
2609 5386 2651 5441 si
2696 5395 2895 5457 posset,
2936 5384 3130 5439 habere
3158 5383 3383 5439 debebat
3412 5385 3448 5436 ⁸.
3500 5382 3793 5454 Nunquam

2200 5484 2304 5539 hoc
2332 5482 2535 5537 faceret
2560 5480 2753 5536 mulier
2772 5522 2786 5547 ,
2816 5480 2860 5533 si
2889 5478 2943 5532 in
2970 5492 3195 5548 corpore
3218 5477 3318 5530 viri
3348 5476 3546 5531 carnali
3574 5490 3791 5530 concu-

2195 5577 2454 5651 piscentia
2508 5582 2807 5639 teneretur;
2850 5555 3047 5628 zelaret
3090 5573 3233 5627 enim
3280 5572 3456 5641 potius
3510 5571 3789 5640 pellicem,

2196 5688 2305 5729 non
2330 5671 2530 5728 faceret
2550 5681 2773 5726 matrem
2810 5687 2823 5726 :
2853 5684 2993 5727 nunc
3011 5682 3140 5725 vero
3170 5674 3449 5737 pr0pterea
3481 5665 3560 5722 sic
3581 5678 3790 5736 propa-

2257 5810 2274 5841 ί
2310 5815 2360 5858 tn
2383 5816 2510 5870 Mss,
2534 5803 2857 5857 desiderabat.
