4052 6434
249 323 350 396 421

249 441 408 512 gandi
438 442 686 518 voluntas
727 442 810 512 pia
850 437 965 510 fuit,
1006 443 1128 516 quia
1165 446 1552 528 concumbendi
1588 446 1834 504 voluntas

251 538 534 594 libidinosa
561 539 577 571 ⁸
599 555 704 594 non
730 541 844 596 fuit.

209 655 218 688 :.
315 628 552 686 CAPUT
586 631 806 706 XXXII.
837 667 910 680 -—-
935 635 1069 694 Illud
1097 651 1227 694 sane
1255 635 1468 693 defendi
1497 652 1604 698 non
1633 642 1826 712 potest,

245 735 288 790 si
311 735 586 789 Abraham
609 776 625 802 ,
658 736 796 790 sicut
827 735 1055 790 Faustus
1100 733 1313 803 objecit,
1349 730 1568 798 minime
1611 727 1834 782 credens

249 829 372 892 Deo,
403 829 498 904 qui
523 829 627 902 sibi
644 829 752 900 jam
776 829 978 898 prolem
1001 826 1067 894 de
1086 825 1216 881 Sara
1235 823 1572 894 promiserat,
1601 819 1668 874 de
1692 819 1833 888 Agar

245 920 522 994 suscipere
547 921 734 976 voluit.
775 919 880 976 Sed
919 917 1255 992 apertissime
1289 915 1482 980 falsum
1509 921 1592 970 est
1633 928 1646 965 :
1701 925 1835 966 non-

245 1012 364 1084 dum
397 1014 506 1070 hoc
527 1014 847 1084 promiserat
877 1013 1035 1068 Deus.
1086 1011 1418 1064 Recenseant
1458 1005 1749 1080 Scriptura:
1775 999 1838 1054 il-

245 1105 342 1161 lius
361 1107 670 1178 superiora,
695 1107 784 1178 qui
811 1105 1022 1172 volunt;
1051 1103 1320 1158 invenient
1345 1099 1534 1176 semini
1562 1093 1827 1152 Abraham

241 1197 342 1266 jam
375 1198 544 1254 fuisse
575 1199 890 1270 promissam
911 1206 1108 1252 terram
1139 1204 1192 1252 et
1220 1189 1626 1262 innumerabilis
1655 1186 1833 1244 multi-

245 1288 442 1356 tudinis
485 1289 868 1354 abundantiam
913 1285 1064 1360 (Gen.
1107 1301 1204 1354 xu,
1251 1285 1327 1356 5),
1371 1282 1607 1350 nondum
1654 1287 1834 1334 tamen

241 1379 402 1434 fuisse
431 1379 756 1448 patefactum
782 1378 1049 1452 quomodo
1079 1377 1219 1432 illius
1241 1375 1460 1430 seminis
1489 1380 1632 1430 esset
1655 1369 1833 1425 futura

241 1473 581 1542 propagatio,
611 1481 788 1546 utrum
811 1487 876 1528 ex
903 1486 1064 1528 carne
1089 1467 1336 1532 Abralne,
1358 1466 1404 1522 si
1427 1465 1491 1520 de
1519 1479 1578 1520 se
1601 1463 1716 1534 ipse
1744 1476 1834 1532 ge-

241 1577 490 1632 neraret;
522 1585 593 1624 an
627 1585 694 1624 ex
718 1568 1010 1632 voluntate,
1037 1565 1080 1620 si
1103 1565 1330 1634 aliquem
1355 1563 1489 1616 forte
1510 1559 1786 1628 adoptaret
1815 1573 1830 1610 :

241 1659 438 1716 deinde
466 1661 516 1716 si
553 1660 622 1716 de
649 1675 809 1716 carne
831 1659 1016 1730 ipsius,
1049 1665 1227 1712 utrum
1261 1671 1327 1710 ex
1357 1653 1508 1722 Sara,
1539 1669 1605 1708 an
1637 1667 1702 1708 ex
1731 1651 1832 1706 alia

241 1768 486 1823 prorsus,
519 1754 756 1814 nondum
781 1753 1170 1814 manifestatum
1201 1750 1313 1804 fuit.
1337 1749 1560 1818 Legant,
1593 1747 1828 1816 inquam,

239 1849 326 1916 qui
347 1847 572 1915 volunt,
605 1859 660 1902 et
687 1848 964 1906 invenient
989 1844 1243 1900 Faustum
1267 1850 1358 1916 aut
1385 1840 1495 1894 falli
1526 1837 1834 1910 impruden-

241 1951 338 2006 ter,
363 1949 464 1998 aut
483 1940 672 1998 fallere
687 1941 1042 2018 impudenter.
1065 1939 1249 2008 Itaque
1274 1935 1564 2002 Abraham,
1588 1947 1709 1988 cum
1731 1930 1834 1988 sibi

239 2031 448 2088 rideret
473 2049 586 2090 non
623 2034 771 2092 nasci
797 2033 937 2092 ﬁlios
957 2073 972 2098 ,
1007 2040 1061 2088 et
1085 2039 1260 2086 tamen
1289 2027 1478 2084 semini
1511 2039 1608 2094 suo
1635 2023 1831 2078 factam

237 2126 660 2197 promissionem
687 2133 913 2191 teneret,
946 2124 1118 2193 primo
1142 2121 1209 2176 de
1237 2120 1522 2194 adoptione
1542 2115 1826 2187 cogitabat.

235 2215 348 2272 Hoc
377 2215 605 2282 indicat,
635 2216 780 2286 quod
797 2231 918 2272 cum
943 2215 1052 2270 Deo
1076 2214 1320 2283 loquens,
1341 2213 1418 2266 ait
1445 2211 1513 2265 de
1544 2208 1830 2286 vernaculo

237 2325 356 2375 suo,
387 2309 492 2364 Hic
521 2311 682 2366 heres
721 2327 860 2370 meus
893 2309 986 2364 erit
1015 2324 1034 2363 :
1065 2317 1316 2378 tanquam
1349 2305 1569 2370 diceret,
1601 2303 1736 2370 Quia
1763 2302 1830 2358 de

235 2418 322 2458 me
349 2403 472 2473 ipso
499 2403 634 2460 mihi
661 2419 846 2460 semen
873 2418 980 2460 non
1003 2399 1224 2468 dedisti,
1253 2400 1306 2454 in
1331 2399 1432 2454 isto
1451 2395 1659 2466 comple
1686 2393 1830 2472 quod

237 2510 360 2550 meo
399 2497 598 2558 semini
631 2495 942 2566 promisisti.
971 2493 1028 2552 Si
1053 2495 1194 2550 enim
1223 2506 1406 2548 semen
1438 2489 1692 2560 cujusque
1721 2503 1826 2542 non

235 2589 620 2657 appellaretur,
651 2588 756 2646 nisi
784 2587 925 2660 quod
955 2587 1022 2642 de
1051 2587 1167 2658 ejus
1187 2601 1350 2642 carne
1375 2589 1705 2648 nasceretur,
1730 2594 1829 2638 nec

235 2695 336 2736 nos
383 2681 684 2754 appellaret
727 2679 1014 2750 Apostolus
1045 2694 1230 2734 semen
1268 2675 1495 2732 Abrahae
1523 2673 1718 2746 (Galat.
1747 2687 1824 2740 ut,

233 2764 348 2834 29),
379 2767 470 2836 qui
511 2774 658 2822 certe
685 2766 946 2837 originem
976 2765 1150 2820 carnis
1189 2763 1256 2820 ab
1295 2761 1384 2816 illo
1413 2773 1518 2814 non
1559 2758 1824 2826 ducimus,

233 2857 334 2914 sed
365 2859 664 2916 imitatione
693 2859 816 2916 ﬁdei
857 2873 1043 2916 semen
1067 2857 1182 2927 ejus
1209 2853 1332 2910 facti
1361 2868 1566 2918 sumus,
1595 2850 1824 2906 creden-

237 2961 320 3008 tes
347 2953 402 3008 in
425 2953 720 3020 Christum,
747 2953 896 3023 cujus
935 2967 1061 3008 caro
1089 2967 1156 3006 ex
1182 2950 1322 3004 illius
1348 2962 1508 3004 carne
1539 2953 1826 3018 propagata

233 3054 342 3100 est.
367 3045 522 3100 Tunc
555 3061 684 3116 ergo
711 3045 981 3110 Abraham
1011 3042 1208 3098 audivit
1245 3056 1276 3096 a
1316 3040 1562 3104 Domino,
1593 3036 1714 3090 Non
1745 3037 1826 3090 In'c

237 3136 334 3192 erit
357 3137 518 3196 lueret
541 3147 694 3202 tuus;
721 3135 808 3194 scd
827 3137 914 3206 qui
939 3136 1066 3190 exiet
1091 3133 1154 3188 de
1173 3143 1314 3188 utero
1341 3143 1442 3196 lno,
1473 3133 1578 3202 ipsc
1604 3129 1694 3182 erit
1716 3127 1824 3181 Ine-

233 3245 318 3282 res
343 3239 460 3284 tuus
484 3227 637 3300 (Gen.
667 3245 770 3296 xv,
803 3230 856 3296 5,
887 3227 966 3299 4).
995 3227 1112 3294 lam
1143 3235 1267 3282 tunc
1298 3227 1319 3276 ξ
1349 3222 1652 3298 adoptionis
1681 3219 1826 3291 cogi-

237 3321 442 3376 tatione
495 3321 721 3387 sublata,
765 3336 884 3374 cum
933 3319 998 3374 de
1054 3333 1114 3374 se
1171 3317 1288 3390 ipso
1342 3330 1528 3374 semen
1583 3319 1826 3384 speraret

237 3413 512 3470 Abraham
533 3455 548 3482 ,
577 3413 815 3474 restabat
851 3413 1114 3468 incertum
1136 3451 1152 3478 ,
1183 3416 1358 3464 utrum
1385 3423 1452 3464 ex
1481 3407 1631 3472 Sara,
1663 3421 1728 3460 an
1756 3421 1824 3461 ex

235 3503 344 3560 alia
375 3523 390 3557 :
423 3505 562 3576 quod
591 3504 664 3558 illi
693 3503 832 3558 Deus
856 3503 1122 3558 occultare
1149 3501 1351 3568 voluit,
1382 3500 1552 3556 donec
1579 3498 1727 3570 prius
1756 3513 1821 3552 ex

235 3599 434 3654 ancilla
481 3597 645 3654 Vetus
687 3597 1086 3654 Testamentum
1137 3594 1472 3668 ﬁgor-aretur.
1514 3593 1650 3662 Quid
1695 3607 1822 3662 ergo

233 3689 456 3756 mirum,
487 3690 532 3746 si
556 3689 742 3744 videns
771 3687 1038 3744 Abraham
1069 3687 1304 3748 sterilem
1328 3700 1567 3750 uxorem,
1599 3685 1822 3754 cupien-

235 3789 348 3836 tem
385 3781 486 3838 sibi
531 3781 753 3852 prolem,
793 3797 951 3852 quam
1002 3795 1188 3850 parere
1237 3780 1351 3850 ipsa
1397 3795 1502 3832 non
1533 3779 1723 3848 potuit,
1755 3793 1822 3834 ex

231 3870 440 3930 famula
465 3891 560 3932 sua
599 3885 654 3931 et
692 3891 759 3932 ex
784 3877 975 3930 marito
1017 3874 1317 3948 provenire,
1349 3887 1452 3928 non
1487 3887 1596 3928 sua:
1620 3873 1821 3930 carnali

231 3965 520 4035 cupiditati
556 3968 734 4036 cessit,
763 3967 860 4022 sed
900 3966 1163 4036 conjugali
1205 3965 1452 4034 potestati
1481 3964 1819 4034 obtempera-

231 4058 356 4124 vit;
385 4059 602 4114 credens
625 4059 724 4114 hoc
747 4058 932 4128 Suram
954 4075 1020 4115 ex
1044 4059 1136 4112 Dei
1158 4067 1292 4112 nutu
1317 4056 1568 4124 voluisse,
1594 4055 1682 4126 qui
1708 4057 1819 4126 jam

229 4167 306 4210 ex
331 4167 396 4207 se
429 4153 542 4222 ipso
581 4152 652 4208 illi
683 4152 948 4208 lneredem
987 4153 1338 4226 promiserat,
1381 4149 1476 4204 sed
1501 4166 1564 4204 ex
1605 4165 1706 4220 qua
1747 4150 1822 4204 fe-

231 4245 384 4300 mina
411 4259 514 4298 non
539 4245 894 4314 prmdixerat?
924 4243 1142 4300 Frustra
1181 4244 1340 4316 igitur
1381 4243 1608 4300 Faustus
1629 4243 1692 4296 ad
1723 4243 1821 4298 ob-

229 4334 526 4406 jiciendum
553 4335 655 4390 hoc
683 4337 886 4400 crimen
913 4337 1129 4390 insanus
1169 4335 1389 4402 insiluit,
1424 4344 1671 4406 tanquam
1698 4333 1820 4388 inﬁ-

231 4426 412 4482 delem
439 4429 706 4484 Abraham
735 4427 1016 4484 inﬁdeliter
1041 4442 1289 4498 arguens.
1315 4427 1517 4484 Caetera
1540 4429 1680 4482 enim
1705 4443 1817 4484 cae-

231 4521 398 4577 citate
417 4537 524 4576 non
555 4522 806 4576 credendi
837 4537 934 4588 nec
951 4521 1117 4574 valuit
1153 4520 1471 4590 intelligere,
1510 4519 1611 4575 hoc
1637 4528 1816 4576 autem

231 4613 454 4668 libidine
477 4613 830 4668 (*alumniandi
855 4613 1085 4684 neglexit
1113 4621 1166 4668 et
1197 4612 1390 4682 legere.

303 4705 533 4764 CAPUT
559 4705 799 4762 XXXIII.
829 4735 900 4746 —
923 4705 1074 4774 Quod
1103 4705 1498 4773 autemjustum
1527 4713 1582 4762 ct
1604 4704 1812 4762 ﬁdelem

227 4799 406 4860 virum
461 4800 782 4868 matrimonii
821 4800 904 4856 sui
957 4797 1361 4854 infamissimum
1406 4798 1816 4854 nundinatorcm

225 4893 528 4960 appellans,
559 4893 796 4948 avaritiae
842 4907 906 4948 ac
933 4892 1134 4950 ventris
1163 4907 1321 4948 causa
1352 4891 1558 4946 duobus
1603 4892 1815 4964 regibus

225 4983 546 5040 Abimelech
587 4993 640 5040 et
679 4985 942 5048 Pharaoni
997 4983 1224 5040 diversis
1275 4984 1598 5053 temporibus
1627 4985 1814 5040 Saram

225 5078 514 5148 conjugem
537 5094 688 5134 suam
708 5095 947 5134 sororem
969 5077 1266 5142 mentitum,
1291 5078 1412 5148 quia
1436 5071 1550 5133 erat
1567 5077 1814 5148 pulcher-

225 5171 392 5236 rima,
421 5171 474 5225 in
505 5172 842 5226 concubitum
882 5173 1070 5226 asserit
1096 5170 1416 5237 venditasse,
1449 5185 1552 5224 non
1584 5185 1676 5225 ore
1718 5187 1812 5226 ve-

223 5263 402 5318 ridico
424 5278 455 5316 a
485 5263 807 5334 turpitudine
835 5271 1044 5333 separat
1078 5262 1432 5329 honestatem,
1465 5262 1558 5316 sed
1584 5277 1678 5318 ore
1701 5278 1814 5317 ma-

221 5357 406 5412 ledico
437 5367 602 5412 totum
631 5358 788 5413 vertit
820 5359 872 5412 in
895 5358 1118 5412 crimen.
1147 5355 1257 5410 Hoc
1303 5355 1442 5410 enim
1469 5355 1696 5412 Abrahae
1731 5356 1812 5411 fa-

217 5458 374 5504 ctum
414 5449 679 5506 lenocinio
710 5451 882 5505 simile
909 5449 1138 5518 videtur,
1164 5449 1257 5504 sed
1285 5463 1389 5504 non
1421 5449 1716 5504 valentibus
1745 5466 1809 5506 ex

217 5541 372 5598 illius
399 5551 615 5598 aeternae
645 5543 778 5614 legis
797 5543 998 5600 lumine
1026 5559 1057 5598 a
1085 5543 1316 5612 peccatis
1353 5551 1498 5599 recte
1538 5543 1668 5600 faeta
1703 5543 1812 5602 dis-

281 5693 303 5725 ί
337 5695 416 5743 sic
437 5703 534 5745 Am.
579 5701 654 5746 Er.
689 5703 744 5746 et
785 5697 956 5760 plures
981 5703 1088 5748 las.
1131 5703 1188 5749 At
1219 5705 1350 5762 Lov.,
1389 5697 1602 5764 uoluptas
1645 5699 1810 5753 libidi-

215 5761 441 5869 Ὓᾎω.
469 5825 540 5871 Er.
571 5827 624 5874 et
645 5813 894 5886 Mas.,jam
927 5834 1072 5874 me.
1101 5815 1104 5818 ’

1385 325 1585 408 Linea
1625 329 1981 398 VlGESlMUS
2015 331 2394 414 SECUNDUS.

3418 343 3524 430 4'12.

1944 463 2199 506 cernere:
2231 452 2421 522 quibus
2447 459 2500 508 et
2527 455 2820 510 constantia
2860 457 3148 526 pertinacia
3193 462 3360 538 videri
3415 483 3482 538 po

1943 547 2066 606 test,
2101 550 2153 596 et
2180 543 2344 598 virtus
2375 543 2580 600 ﬁduciae
2609 545 2794 600 vitium
2819 547 2990 620 putari
3017 551 3271 622 audaciae,
3303 566 3356 610 et
3385 541 3526 628 quae-

1943 647 2168 704 cumque
2197 636 2441 692 similiter
2468 637 2792 708 objiciuntur
2826 643 2973 714 quasi
3009 659 3114 699 non
3147 657 3292 704 recte
3323 653 3526 722 agenti-

1943 725 2061 790 bus,
2090 742 2119 782 a
2145 743 2251 782 non
2293 739 2438 784 recte
2488 733 2846 790 cernentibus.
2873 735 3056 806 Neque
3087 737 3228 816 enim
3256 741 3526 802 Abraham
3569 753 3572 756 ’

1941 813 2138 886 ﬂagitio
2186 820 2456 874 consensit
2505 823 2706 892 uxoris,
2759 825 2980 898 ejusque
3031 813 3269 886 vendidit
3313 833 3510 892 adulte—

1941 905 2077 960 rium
2105 925 2118 962 :
2149 909 2244 963 sed
2265 910 2401 980 sicut
2429 911 2512 966 illa
2535 911 2784 970 famulam
2807 934 2956 973 suam
2985 936 3090 994 non
3109 911 3315 980 libidini
3341 928 3522 986 mariu

1942 1001 2216 1070 permisit‘
2253 1043 2268 1072 ,
2294 1003 2388 1060 sed
2443 1005 2620 1062 ofﬁcio
2665 1012 2951 1078 generandi
2999 1014 3137 1076 ultro
3189 1017 3398 1086 intulit,
3432 1036 3511 1076 ne-

1940 1107 2204 1166 quaquam
2251 1098 2457 1176 turbato
2506 1100 2694 1157 ordine
2747 1108 2997 1176 naturali,
3029 1109 3120 1164 ubi
3150 1110 3266 1182 ejus
3287 1122 3523 1184 potestas

1941 1198 2073 1254 erat,
2115 1191 2314 1262 jubens
2365 1195 2538 1264 potius
2593 1197 2882 1268 obedienti,
2913 1217 3069 1272 quam
3105 1205 3301 1270 cedens
3324 1223 3523 1266 concu—

1940 1281 2197 1350 piscenti;
2227 1285 2306 1340 sic
2334 1295 2386 1338 et
2423 1287 2534 1356 ipse
2564 1289 2844 1362 conjugem
2873 1301 3076 1368 castam
3106 1305 3161 1352 et
3185 1307 3333 1366 casto
3359 1301 3526 1360 corde

1939 1372 2040 1428 sibi
2063 1375 2440 1442 cohaerentem,
2484 1379 2550 1434 de
2575 1381 2727 1452 cujus
2771 1384 2970 1454 animo,
3002 1386 3092 1444 ubi
3119 1371 3386 1458 pudicitia:
3413 1393 3522 1448 vir-

1939 1473 2024 1522 tus
2051 1465 2343 1538 habitabat,
2393 1472 2541 1527 nullo
2571 1474 2727 1530 modo
2769 1476 3064 1547 dubitabat,
3087 1482 3247 1538 tacuit
3277 1499 3522 1553 uxorem,

1939 1555 2078 1614 dixit
2099 1574 2372 1628 sororem;
2397 1578 2464 1618 nc
2489 1579 2548 1619 se
2575 1566 2767 1632 occiso,
2803 1567 2870 1622 ab
2908 1569 3218 1642 alienigenis
3237 1582 3396 1646 atque
3417 1576 3523 1632 im-

1937 1653 2040 1722 piis
2083 1656 2290 1725 captiva
2337 1657 2736 1726 possideretur;
2767 1670 2948 1718 certus
2997 1663 3065 1730 de
3115 1665 3226 1720 Deo
3255 1680 3352 1722 suo
3378 1669 3522 1738 quod

1937 1746 2070 1800 nihil
2119 1763 2236 1802 eam
2291 1757 2443 1818 turpe
2469 1765 2532 1804 ac
2557 1749 2874 1820 ﬂagitiosum
2921 1757 3128 1826 perpeti
3173 1756 3390 1812 sineret.
3415 1757 3523 1816 Nec
3591 1809 3594 1812 .

1935 1853 2060 1896 eum
2101 1839 2235 1896 ﬁdes
2277 1855 2340 1896 ac
2365 1857 2488 1912 spes
2531 1842 2756 1900 fefellit:
2785 1862 3015 1916 namque
3059 1849 3266 1906 Pharao
3309 1853 3524 1918 territus

1937 1932 2209 1998 monstris,
2239 1933 2526 2004 multisque
2556 1945 2772 2006 propter
2809 1953 2927 1994 eam
2959 1939 3113 1994 malis
3151 1939 3401 2010 afﬂictus,
3434 1943 3524 2002 ubi

1937 2023 2052 2092 ejus
2081 2038 2200 2080 esse
2229 2039 2448 2079 uxorem
2490 2026 2742 2084 divinitus
2768 2028 2972 2098 didicit,
3010 2029 3234 2088 illaasam
3262 2049 3384 2092 cum
3413 2034 3516 2092 bo-

1935 2127 2068 2170 nore
2117 2115 2384 2180 restituit;
2419 2117 2726 2174 Abimelech
2781 2130 2958 2176 autem
2995 2127 3204 2178 somnio
3225 2129 3522 2196 commoni-

1934 2211 2021 2282 tus
2047 2216 2204 2278 atque
2225 2209 2465 2278 edoctus,
2490 2211 2735 2268 similiter
2754 2212 2880 2269 fecit
2903 2215 3051 2288 (Gen.
3081 2233 3154 2274 xu
3177 2229 3228 2276 et
3255 2221 3374 2292 xx).

2005 2299 2228 2366 CAPUT
2258 2301 2497 2380 XXXIV.
2528 2334 2597 2344 —
2623 2305 2878 2362 Nonnulli
2929 2310 3166 2382 quidem,
3208 2329 3313 2370 non
3369 2317 3516 2372 calu-

1943 2393 2138 2448 mniosi
2164 2403 2218 2450 et
2243 2397 2514 2465 maledici,
2542 2399 2680 2454 sicut
2705 2399 2954 2472 Faustus,
2987 2405 3082 2460 sed
3111 2407 3312 2464 eisdem
3341 2408 3517 2468 Libris

1933 2485 2192 2543 honorem
2237 2489 2474 2548 debitum
2518 2489 2841 2562 deterentes,
2869 2512 3005 2566 quos
3051 2500 3151 2554 iste
3189 2501 3274 2556 vel
3304 2517 3412 2558 non
3439 2503 3520 2560 in-

1933 2578 2224 2648 telligendo
2268 2581 2633 2652 reprehendit,
2681 2585 2764 2640 vel
2809 2586 3253 2656 reprehendendo
3279 2607 3386 2654 non
3429 2593 3516 2648 in-

1933 2669 2270 2742 telligit,cum
2295 2673 2394 2728 hoc
2419 2674 2646 2730 Abrahae
2669 2675 2866 2732 factum
2890 2679 3308 2750 considerarent,
3345 2683 3518 2742 visum

1931 2771 2013 2818 cst
2041 2763 2121 2818 eis
2147 2764 2286 2834 quod
2307 2781 2338 2820 a
2363 2766 2612 2822 ﬁrmitate
2641 2767 2766 2822 ﬁdei
2807 2769 3168 2852 subdefecerit
3195 2781 3354 2844 atque
3386 2775 3514 2830 titu-

1929 2855 2153 2922 baverit,
2210 2865 2264 2912 et
2317 2857 2506 2912 timore
2555 2860 2765 2926 mortis,
2811 2859 2950 2916 sicut
2999 2862 3279 2920 Dominum
3329 2864 3518 2922 Petrus

1935 2946 2158 3018 (Matth.
2209 2965 2374 3018 xxvr,
2419 2949 2631 3020 70-74),
2686 2951 2758 3004 ita
2805 2951 2908 3008 iste
2957 2954 3230 3024 negaverit
3271 2971 3514 3012 uxorem.

1929 3039 2080 3108 Quod
2105 3041 2148 3096 si
2175 3041 2272 3094 ista
2303 3057 2522 3098 necesse
2542 3053 2686 3106 esset
2712 3044 2954 3116 intelligi,
2987 3057 3266 3114 peccatum
3285 3048 3516 3116 hominis

1929 3148 2308 3205 agnoscerem;
2333 3153 2432 3192 nec
2453 3137 2571 3194 ideo
2589 3143 2784 3196 ’cuncta
2807 3140 2922 3212 ejus
2949 3143 3139 3196 merita
3162 3143 3338 3204 deleta
3357 3153 3516 3215 atque

1929 3226 2228 3284 oblitterata
2257 3243 2554 3297 censerem,
2587 3230 2723 3298 sicut
2743 3247 2842 3288 nec
2877 3232 3024 3288 illius
3044 3235 3274 3304 apostoli
3301 3252 3316 3290 :
3343 3250 3514 3306 quan-

1929 3335 2085 3389 quam
2117 3321 2270 3391 eulpa
2305 3337 2408 3388 non
2439 3323 2510 3388 sit
2549 3323 2790 3394 :equalis,
2835 3339 3032 3396 negare
3061 3341 3304 3393 uxorem,
3337 3337 3394 3384 et
3417 3343 3515 3384 ne-

1928 3427 2053 3482 gare
2081 3412 2428 3476 Salvatorem.
2457 3415 2608 3484 Nunc
2629 3432 2758 3474 vero
2785 3432 2905 3472 cum
2937 3418 3164 3474 habeam
3187 3421 3328 3490 quod
3355 3421 3514 3478 intel-

1929 3503 2108 3574 ligam,
2133 3521 2200 3562 ne
2217 3505 2322 3560 hoc
2347 3507 2660 3578 intelligam,
2679 3509 2824 3564 nulla
2845 3524 3004 3566 causa
3029 3527 3191 3582 cogor
3219 3516 3515 3572 temeritate

1928 3597 2034 3652 labi
2085 3598 2152 3652 ad
2201 3599 2722 3670 reprehendendum,
2749 3617 2908 3673 quem
2939 3619 3099 3660 nemo
3141 3606 3414 3662 convincit
3437 3609 3510 3664 ti-

1926 3705 2076 3746 more
2123 3690 2326 3761 lapsum
2381 3693 2542 3752 fuisse
2586 3695 2656 3756 ad
2699 3697 3085 3754 mentiendum.
3129 3697 3316 3768 Neque
3363 3700 3508 3762 enim

1927 3793 2102 3840 utrum
2127 3786 2240 3854 ejus
2266 3799 2398 3842 uxor
2429 3796 2572 3844 esset
2611 3789 2986 3860 interrogatus,
3015 3806 3124 3846 non
3149 3805 3268 3848 esse
3291 3808 3512 3862 respon-

1925 3877 2004 3932 dit
2029 3896 2039 3930 :
2069 3878 2162 3934 sed
2185 3895 2304 3934 cum
2333 3875 2400 3934 ab
2425 3896 2488 3936 eo
2519 3891 2847 3950 quaereretur
2877 3883 3002 3952 quid
3027 3885 3076 3940 ei
3109 3893 3254 3940 esset
3285 3885 3374 3946 illa
3405 3901 3515 3946 mu-
3583 3947 3586 3950 ,

1926 3970 2043 4036 lier,
2091 3971 2340 4026 indicavit
2381 3988 2645 4040 sororem,
2675 3989 2782 4030 non
2811 3976 3022 4044 negavit
3057 3989 3316 4038 uxorem:
3351 3978 3516 4040 tacuit

1925 4064 2118 4134 aliquid
2147 4067 2278 4130 veri,
2308 4081 2412 4120 non
2439 4066 2570 4122 dixit
2597 4067 2796 4136 aliquid
2823 4065 2962 4122 falsi.

1995 4157 2222 4216 CAPUT
2251 4157 2468 4216 XXXV.
2495 4189 2565 4198 —
2609 4159 2690 4214 Au
2721 4175 2888 4230 usque
2919 4160 3054 4216 adeo
3091 4160 3404 4232 desipimus,
3453 4169 3513 4220 ut

1925 4250 2012 4306 hic
2053 4249 2306 4306 Faustum
2354 4265 2660 4322 sequamur,
2693 4251 2784 4322 qui
2814 4252 2891 4306 ait
2921 4267 3164 4308 sororem
3207 4253 3508 4324 mentitum,

1923 4345 2074 4414 quasi
2103 4361 2269 4416 genus
2311 4341 2456 4402 Sara:
2509 4343 2724 4400 aliunde
2766 4343 3030 4410 didicerit,
3057 4359 3176 4402 cum
3223 4345 3280 4404 id
3326 4353 3511 4402 sancta

1925 4427 2198 4507 Scriptura
2225 4455 2330 4494 non
2355 4437 2654 4507 aperuerit?
2703 4438 2836 4494 Puto
2859 4437 3059 4507 justum
3099 4453 3216 4494 esse
3260 4447 3316 4494 ut
3363 4440 3414 4494 in
3445 4453 3510 4496 ea

1923 4545 2004 4594 re,
2037 4545 2194 4598 quam
2221 4537 2442 4584 noverat
2467 4529 2757 4595 Abraham,
2779 4543 2878 4584 nos
2894 4539 3074 4584 autem
3101 4546 3206 4586 non
3235 4531 3500 4598 novimus,

1924 4619 2245 4676 Patriarcha:
2269 4619 2443 4688 potius
2469 4619 2754 4690 credamus
2781 4619 3018 4689 loquenti
3043 4620 3187 4690 quod
3204 4621 3324 4684 scit,
3343 4637 3502 4692 quam

1921 4711 2213 4768 Manichmo
2237 4713 2538 4768 criminanti
2569 4713 2710 4782 quod
2755 4714 2943 4768 nescit.
2975 4713 3110 4769 Cum
3139 4714 3298 4785 igitur
3337 4716 3508 4772 Abra-

1923 4804 2046 4860 ham
2075 4821 2142 4862 eo
2185 4813 2426 4875 tempore
2451 4806 2652 4862 viveret
2680 4805 2734 4860 in
2765 4807 2926 4862 rebus
2967 4806 3232 4878 humanis,
3255 4823 3360 4877 quo
3381 4807 3501 4877 qui-

1923 4899 2042 4955 dem
2086 4899 2192 4968 jam
2247 4899 2438 4954 fratres
2461 4915 2530 4954 ex
2557 4909 2782 4970 utroque
2807 4911 2900 4955 aut
2923 4917 2986 4956 ex
3019 4901 3187 4956 altero
3229 4900 3314 4955 vel
3337 4899 3503 4955 altera

1923 5002 2144 5063 parente
2166 5004 2317 5048 natos
2341 4995 2478 5050 necti
2509 4993 2758 5064 conjugio
2793 5010 2896 5048 non
2927 4995 3138 5058 licebat,
3165 4995 3300 5048 ﬁlios
3325 5001 3502 5049 autem

1923 5085 2150 5142 fratrum
2178 5088 2416 5158 aliosque
2445 5087 2813 5158 longinquiore
2841 5086 3005 5156 gradu
3045 5085 3256 5156 generis
3283 5100 3480 5142 censa:

1921 5183 2306 5253 gnineos,nulla
2327 5183 2610 5252 lege,nulla
2625 5189 2884 5252 potestate
2905 5179 3164 5249 prohibita
3181 5177 3508 5234 consuetudo

1917 5276 2203 5346 jungebat;
2249 5274 2374 5345 quid
2408 5275 2598 5328 mirum
2643 5274 2688 5328 si
2737 5286 2978 5328 sororem
3024 5285 3196 5336 suam,
3225 5270 3276 5326 id
3303 5279 3404 5338 est,
3435 5287 3503 5326 ex

1921 5369 2088 5439 patris
2147 5370 2226 5423 sui
2282 5369 2538 5439 sanguine
2593 5373 2924 5436 procreatam
2975 5361 3204 5418 habebat
3245 5363 3504 5418 uxorem?

1921 5461 2050 5515 Nam
2073 5460 2174 5514 hoc
2195 5460 2308 5530 ipse
2321 5457 2559 5514 reddenti
2581 5457 2680 5512 sibi
2705 5469 2822 5511 eam
2841 5453 2952 5524 regi
2979 5452 3109 5508 dixit
3127 5453 3196 5508 de
3219 5461 3366 5524 patre
3383 5469 3504 5510 esse

1919 5567 2183 5618 sororem,
2207 5569 2313 5608 non
2337 5551 2403 5606 de
2429 5559 2635 5605 matre:
2667 5548 2756 5603 ubi
2779 5558 2928 5604 certe
2960 5555 3020 5603 ut
3045 5562 3284 5608 sororem
3305 5549 3500 5612 mentio

1918 5655 2083 5714 retur,
2129 5645 2278 5702 nullo
2315 5645 2423 5716 jam
2467 5641 2656 5698 timore
2673 5641 2981 5712 cogebatur,
3011 5641 3226 5713 quando
3252 5640 3344 5702 ille
3367 5655 3500 5699 uno-

1982 5828 1998 5859 ί
2038 5833 2136 5877 Am.
2159 5831 2213 5876 et
2233 5830 2328 5884 En.
2351 5834 2446 5880 non
2467 5819 2666 5882 libidine
2689 5819 2863 5890 metito
2881 5818 3118 5886 MM.
