4052 6460
510 379 620 439 423

509 508 625 554 rem
649 492 767 563 ejus
789 509 908 550 esse
929 493 1206 560 didicerat,
1239 501 1292 548 et
1317 508 1435 548 eam
1456 491 1708 546 divinitus
1729 491 1945 546 territus
1967 505 2091 545 cum

513 587 713 642 honore
734 585 1008 642 reddebat.
1041 585 1252 639 Fratres
1279 593 1456 637 autem
1481 581 1592 636 sive
1617 597 1830 637 sorores
1855 581 2089 652 generali

514 680 726 734 nomine
752 678 1175 748 consanguineos
1195 675 1276 730 vel
1303 675 1723 745 consanguineas
1750 674 1926 729 solere
1951 671 2091 742 apud

517 781 720 826 veteres
753 770 1025 841 appellari,
1065 769 1334 837 Scriptura
1364 776 1606 822 testatur.
1658 767 1788 821 Nam
1817 776 1872 822 et
1897 763 2096 820 Tobias

513 860 644 916 dicit
669 861 797 927 Deo,
828 876 948 915 cum
979 867 1155 913 oraret
1182 868 1464 928 antequam
1490 858 1804 912 misceretur
1825 855 1998 919 uxori,
2025 852 2097 907 Et

512 968 664 1015 nunc,
690 951 922 1016 Domine,
952 959 1005 1003 tu
1025 953 1122 1004 scis
1149 951 1386 1018 quoniam
1411 967 1510 1004 non
1535 950 1754 1004 luxuria
1777 965 1931 1004 causa
1957 948 2096 1002 acci-

514 1045 598 1113 pio
645 1059 866 1096 sororem
911 1057 1072 1094 meam
1095 1039 1246 1111 (Tob.
1273 1057 1386 1108 vul,
1419 1040 1474 1113 9)
1509 1060 1521 1095 :
1551 1057 1670 1095 cum
1699 1049 1842 1095 esset
1869 1039 1958 1094 illa
1989 1054 2096 1092 non

510 1149 578 1192 ex
605 1135 883 1190 concubitu
908 1133 1144 1204 ejusdem
1179 1135 1363 1204 patris,
1397 1149 1494 1190 nec
1549 1149 1616 1189 ex
1665 1132 1852 1188 eodem
1909 1133 2093 1186 matris

514 1235 685 1290 utero,
731 1225 825 1281 sed
868 1241 933 1280 ex
977 1225 1165 1280 eadem
1214 1227 1379 1296 stirpe
1401 1223 1730 1295 cognationis
1757 1230 1939 1277 exorta
1965 1218 2088 1290 (Id.

511 1335 586 1385 vr,
618 1321 677 1374 11
709 1330 754 1374 et
783 1335 875 1384 vn,
905 1319 984 1391 Ξ).
1018 1319 1083 1373 Ει
1105 1318 1239 1372 Loth
1267 1317 1430 1372 frater
1451 1317 1677 1371 Abrahae
1703 1315 1898 1370 dicitur
1923 1315 1940 1384 (
1967 1311 2095 1366 Gen.

511 1413 717 1482 Xlll,8),
745 1427 864 1467 cum
892 1422 1108 1482 patruus
1130 1411 1246 1479 ejus
1271 1419 1413 1465 esset
1437 1409 1705 1465 Abraham
1733 1407 1843 1477 (Id.
1869 1423 1946 1471 ιιι,
1972 1403 2096 1477 3i):

512 1519 575 1558 ex
605 1519 708 1574 qua
732 1503 975 1558 vocabuli
1017 1501 1400 1558 consuetudine
1432 1501 1590 1556 etiam
1642 1499 1836 1554 fratres
1890 1497 2098 1552 Domini

513 1603 770 1648 vocantur
803 1594 853 1647 in
882 1592 1190 1663 Evangelio,
1220 1607 1326 1646 non
1353 1591 1534 1661 utique
1564 1604 1698 1660 quos
1746 1588 1906 1642 Maria
1953 1588 2101 1656 virgo

514 1693 816 1754 pepererat,
845 1684 937 1739 sed
959 1699 1022 1739 ex
1049 1683 1164 1754 ejus
1193 1683 1654 1754 consanguinitate
1683 1695 1870 1736 omnes
1888 1681 2102 1749 propin-

513 1776 604 1844 qui
636 1774 847 1846 (Matth.
873 1791 966 1835 ιιι.
997 1774 1110 1842 46).

586 1865 810 1922 CAPUT
839 1865 1079 1920 XXXVI.
1101 1895 1174 1905 —
1200 1865 1350 1920 Dicet
1378 1865 1602 1934 aliquis:
1637 1864 1744 1918 Cur
1773 1878 1878 1917 non
1923 1861 2102 1931 potius

520 1960 593 2015 ita
620 1960 688 2014 de
713 1960 822 2014 Deo
850 1975 948 2013 suo
976 1958 1315 2028 prmsumpsit
1369 1959 1651 2023 Abraham,
1699 1966 1757 2012 ut
1801 1956 1953 2011 fateri
1995 1971 2101 2009 non

514 2053 730 2107 timeret
775 2051 1035 2106 uxorem?
1059 2051 1242 2120 Neque
1288 2050 1429 2104 cnim
1460 2050 1599 2103 Deus
1626 2049 1692 2103 ab
1742 2048 1832 2102 illo
1873 2057 2101 2102 mortem

517 2159 620 2199 non
653 2153 860 2214 poterat
902 2143 1161 2213 repellere
1207 2158 1364 2211 quam
1415 2141 1655 2207 timebat,
1701 2157 1930 2210 eumque
1981 2154 2101 2194 cum

515 2235 740 2306 conjuge
779 2250 871 2289 sua
916 2235 982 2287 ab
1011 2234 1154 2288 omni
1178 2233 1412 2303 pernicie
1456 2234 1507 2288 in
1553 2233 1642 2288 illa
1675 2233 2103 2303 peregrinatione

517 2327 695 2392 tutari,
727 2336 782 2380 ut
811 2341 908 2380 nec
936 2341 1069 2379 uxor
1103 2325 1238 2393 ejus,
1283 2325 1523 2394 quamvis
1552 2335 1694 2380 esset
1723 2325 2100 2397 pulcherrima,

515 2426 854 2488 appeteretur
879 2418 946 2471 ab
973 2416 1170 2486 aliquo,
1200 2430 1300 2470 nec
1323 2427 1548 2492 prOptcr
1590 2417 1732 2471 illam
1784 2417 1897 2486 ipse
1947 2429 2103 2470 neca-

517 2518 684 2564 retur.
719 2508 930 2562 Poterat
957 2522 1084 2562 sane
1110 2507 1210 2562 hoc
1234 2507 1446 2562 efficere
1472 2508 1644 2562 Deus:
1673 2508 1792 2578 quis
1819 2508 1888 2561 ita
1917 2507 1985 2562 sit
2009 2507 2107 2562 de-

515 2616 668 2657 mens
694 2611 747 2656 ut
771 2601 870 2655 hoc
902 2601 1096 2670 neget?
1124 2600 1229 2656 Sed
1258 2601 1301 2656 si
1324 2601 1682 2671 interrogatus
1725 2598 2017 2666 Abraham,
2042 2599 2105 2652 il-

515 2693 622 2748 lam
665 2694 913 2748 feminam
965 2693 1221 2748 indicaret
1274 2707 1520 2758 uxorem,
1571 2691 1705 2746 duas
1749 2706 1836 2746 res
1882 2690 2102 2745 tuendas

516 2787 873 2842 committeret
900 2786 1031 2853 Deo,
1059 2796 1114 2840 et
1145 2801 1296 2840 suam
1325 2787 1507 2851 vitam,
1543 2793 1596 2840 et
1624 2783 1866 2854 conjugis
1903 2782 2104 2853 pudici.

516 2880 666 2935 tiam.
699 2879 933 2934 Pertinet
971 2889 1146 2933 autem
1186 2877 1254 2932 ad
1294 2893 1476 2932 sanam
1518 2876 1835 2942 doctrinam,
1892 2875 2103 2945 quando

520 2968 833 3048 habetquod
859 2970 1014 3025 faciat
1044 2970 1226 3035 homo,
1252 2985 1358 3023 non
1389 2977 1592 3022 tentare
1619 2968 1905 3022 Dominum
1933 2967 2101 3021 Deum

517 3077 674 3119 suum
722 3061 902 3137 (Deut.
936 3079 1012 3127 νι,
1055 3063 1166 3132 16).
1199 3061 1381 3131 Neque
1429 3062 1656 3116 enimet
1698 3061 1812 3131 ipse
1863 3060 2105 3114 Salvator

521 3171 627 3212 non
656 3165 862 3227 poterat
896 3155 1030 3210 tueri
1070 3155 1360 3224 discipulos
1395 3168 1538 3218 suos,
1569 3153 1762 3224 quibus
1787 3161 1966 3207 tamen
1992 3153 2100 3206 ait:

519 3249 583 3306 Si
607 3265 691 3304 vos
713 3249 955 3320 persecuti
980 3249 1169 3318 fuerint
1196 3248 1249 3301 in
1271 3263 1372 3301 una
1420 3247 1636 3313 civitate,
1667 3245 1826 3316 fugite
1866 3247 1918 3299 in
1949 3246 2106 3298 aliam

518 3339 729 3414 (Matth.
758 3357 813 3405 x,
830 3339 942 3410 25).
960 3339 1122 3409 Cujus
1135 3339 1209 3394 rei
1233 3339 1378 3408 prior
1394 3337 1696 3407 exemplum
1714 3337 1958 3416 praebuit.
1974 3336 2104 3391 Nam

520 3446 643 3487 cum
672 3439 988 3502 potestatem
1021 3430 1241 3485 haberet
1272 3429 1501 3499 ponendi
1528 3429 1758 3484 animam
1795 3443 1976 3494 suam,
2008 3443 2106 3482 nec

519 3535 638 3577 eam
661 3529 903 3590 poneret,
925 3521 1023 3574 nisi
1041 3536 1160 3574 cum
1182 3518 1535 3590 vellet(Joau.
1562 3519 1802 3589 x,I8),in
1817 3519 2104 3590 Egyptum

521 3620 701 3668 tamen
728 3612 901 3667 infans
947 3611 1279 3681 portantibus
1305 3611 1614 3681 parentibus
1641 3609 1772 3679 fugit
1795 3610 2007 3680 (Matth.
2033 3626 2102 3676 ιι,

522 3706 612 3777 ιι)
642 3723 656 3760 :
687 3713 743 3761 et
785 3705 852 3759 ad
894 3704 1034 3760 diem
1078 3702 1271 3759 festum
1318 3718 1426 3758 non
1454 3701 1726 3757 evidenter
1753 3743 1766 3767 ,
1798 3702 1893 3757 sed
1941 3703 2108 3757 laten-

521 3807 603 3854 ιει·
621 3797 878 3864 ascendit,
903 3812 1024 3852 cum
1049 3797 1180 3852 alias
1219 3795 1393 3866 palam
1417 3796 1728 3866 loqueretur
1771 3795 1970 3850 Iudaeis
1997 3796 2105 3850 ira-

522 3889 792 3944 scentibus
816 3899 869 3943 ct
894 3889 1264 3944 inimicissimo
1305 3889 1485 3942 animo
1511 3887 1866 3954 audientibus,
1895 3903 1994 3942 nec
2025 3895 2106 3942 ta-

521 3998 646 4038 men
665 3982 961 4037 valentibus
1006 3983 1057 4036 in
1082 3997 1208 4037 eum
1239 3983 1450 4037 mittere
1481 3997 1690 4046 manus,
1719 3983 1840 4052 quia
1871 3982 2107 4036 nondum

523 4080 745 4128 venerat
785 4071 916 4127 hora
964 4073 1078 4142 ejus
1125 4071 1302 4143 (Joan.
1333 4088 1427 4138 vn,
1459 4074 1546 4137 IO,
1588 4073 1677 4144 '50)
1729 4091 1742 4126 :
1799 4089 1902 4127 non
1958 4073 2108 4144 cujus

525 4162 672 4219 hora:
689 4164 1006 4218 necessitate
1019 4172 1297 4233 cogeretur
1310 4164 1465 4229 mori,
1480 4163 1572 4218 sed
1585 4163 1738 4234 cujus
1753 4162 1898 4217 horae
1909 4179 2106 4233 oppor-

525 4253 1063 4324 tunitatedignaretur
1075 4253 1265 4308 occidi.
1289 4254 1527 4325 Quiergo
1559 4255 1729 4324 palam
1765 4254 2026 4320 docendo,
2057 4261 2110 4310 et

526 4344 862 4417 arguendoet
879 4355 1052 4400 tamen
1076 4346 1406 4400 inimicorum
1424 4347 1622 4400 rabiem
1640 4346 1817 4402 valere
1847 4348 1898 4400 in
1927 4362 1987 4402 se
2012 4346 2110 4401 ali-

529 4439 654 4510 quid
687 4455 790 4492 non
818 4437 1165 4503 sinendo,Dei
1178 4438 1577 4493 demonstrabat
1595 4449 1907 4508 potestatem
1927 4457 1940 4504 ;
1966 4440 2107 4494 idem

532 4541 709 4585 tamen
734 4527 984 4600 fugiendo
1009 4539 1062 4583 et
1083 4528 1294 4584 latendo
1321 4530 1549 4584 hominis
1574 4532 1869 4586 instruebat
1885 4530 2111 4586 infirmi-

527 4631 709 4688 tatem,
734 4637 800 4676 ne
838 4620 1004 4675 Deum
1033 4629 1234 4676 tentare
1272 4621 1465 4676 audeat
1487 4663 1500 4688 ,
1530 4622 1740 4692 quando
1768 4622 1925 4677 habet
1966 4621 2108 4692 quod

529 4713 702 4778 faciat,
736 4721 793 4766 ut
821 4711 962 4781 quod
986 4727 1174 4767 cavere
1202 4722 1411 4782 oportet
1437 4713 1645 4768 evadat.
1669 4713 1851 4783 Neque
1886 4715 2028 4768 enim
2053 4722 2110 4768 et

530 4803 799 4873 apostolus
828 4803 1020 4857 Paulus
1047 4803 1420 4872 desperaverat
1455 4805 1777 4873 adjutorium
1820 4805 2108 4873 protectio-

529 4909 755 4964 nemque
802 4893 1052 4957 divinam,
1095 4893 1358 4963 fidemque
1413 4893 1733 4964 perdiderat,
1763 4893 1975 4963 quando
2009 4909 2109 4964 per

533 5001 743 5041 murum
766 4987 818 5039 in
844 4995 1025 5055 sporta
1046 4985 1340 5039 submissus
1361 4996 1462 5050 est,
1489 4995 1545 5038 ut
1566 4985 1898 5040 inimicorum
1921 5002 2110 5042 manus

533 5078 788 5148 effugeret
815 5077 1046 5145 (Act.tx,
1073 5077 1185 5148 25).
1229 5076 1344 5132 Non
1392 5092 1516 5146 ergo
1558 5076 1614 5131 in
1657 5077 1823 5133 Deum
1862 5095 1967 5135 non
1995 5095 2111 5136 cre-

533 5169 708 5226 dendo
753 5169 830 5224 sic
876 5168 1007 5239 fugit
1031 5187 1044 5222 :
1072 5168 1178 5223 Sed
1210 5167 1374 5223 Deum
1408 5168 1658 5224 tentando
1686 5172 1762 5226 sic
1803 5171 1988 5243 fugere
2022 5189 2112 5229 no-

536 5264 780 5330 luisset‘,
812 5277 930 5317 cum
959 5263 1035 5317 sic
1061 5261 1239 5332 fugere
1265 5262 1541 5330 potuisset.
1562 5263 1790 5320 Proinde
1830 5281 1951 5321 cum
1973 5267 2110 5322 inter

529 5355 740 5427 ignotos
754 5353 1466 5424 pr0pterexcellentissimam
1487 5354 1923 5423 pulchritudinem
1941 5358 2104 5428 Sane,

537 5458 592 5504 et
623 5448 738 5518 ejus
759 5447 1008 5518 pudicitia
1029 5453 1083 5500 ει
1110 5445 1284 5499 mariti
1310 5446 1415 5499 vita
1440 5456 1583 5502 esset
1613 5446 1664 5500 in
1687 5448 1864 5513 dubio,
1896 5463 1996 5503 nec
2022 5457 2108 5503 ut-

530 5553 758 5609 rumque
781 5537 912 5592 lucri
925 5543 1125 5606 posset,
1143 5535 1431 5605 Abraham,
1453 5549 1818 5593 verumtamen
1837 5554 1996 5594 unum
2015 5537 2110 5593 ho-

537 5644 656 5686 rum
683 5638 883 5701 posset,
903 5628 953 5682 id
970 5629 1240 5694 est,vitam
1256 5644 1272 5697 ;
1291 5644 1358 5684 ne
1369 5629 1534 5686 Deum
1555 5646 1708 5686 suum
1734 5631 2111 5696 tentaret,lecit

594 5767 612 5798 ι
647 5771 720 5814 Er.
743 5763 890 5833 bugd.
914 5771 1051 5824 Ven.,
1071 5762 1157 5833 sed
1192 5771 1344 5833 D_eum
1364 5771 1580 5833 tentaret,
1611 5767 1655 5818 si
1674 5768 1841 5833 fugere
1863 5767 2106 5822 uolueret.

529 5832 660 5891 ιλιι,
685 5827 772 5882 κά
789 5824 942 5880 ﬁcum
959 5824 1183 5882 ιαιιωιάο
1199 5825 1369 5893 fugere
1674 5824 1752 5881 Ἰἶ

1328 376 1603 435 CONTRA
1637 371 1964 433 FAUSTUM
1998 371 2454 443 MANICIIEUM,
2493 371 2553 430 S.
2593 371 2965 431 AUGUSTINI

3682 375 3806 433 ιει.

2199 493 2338 560 quod
2361 491 2532 561 potuit
2577 508 2590 544 :
2627 492 2770 562 quod
2799 499 2976 545 autem
3014 504 3121 545 non
3149 488 3322 564 potuit
3350 505 3363 541 :
3394 487 3467 544 illi
3495 489 3798 544 commisit.

2201 582 2301 648 Qui
2331 597 2461 652 ergo
2485 597 2544 637 se
2566 581 2836 637 hominem
2865 581 3131 636 occultare
3165 597 3268 635 non
3297 581 3496 648 valuit,
3529 581 3795 635 maritum

2201 689 2260 728 se
2299 675 2605 741 occultavit,
2653 691 2721 731 ne
2747 674 3107 742 occideretur;
3139 689 3360 730 uxorem
3387 673 3496 730 Deo
3519 673 3752 731 credidit
3778 712 3799 741 ,

2206 779 2274 820 ne
2299 766 2644 834 pollueretur.

2276 857 2502 913 CAPUT
2531 856 2794 913 XXXVII.
2821 886 2892 898 --
2920 856 3231 926 Quanquam
3282 857 3642 925 scrupulosius
3690 855 3800 910 dis-

2207 953 2379 1022 putari
2412 952 2595 1020 possit,
2626 963 2805 1007 utrum
2848 952 2990 1006 illius
3021 950 3256 1005 mulieris
3287 949 3535 1020 pudicitia
3576 949 3800 1004 violare-

2205 1049 2314 1108 tur,
2355 1042 2515 1096 etiam
2565 1043 2609 1096 si
2648 1043 2925 1112 quisquam
2956 1042 3101 1096 carni
3125 1043 3242 1110 ejus
3270 1041 3589 1096 commixtus
3619 1040 3796 1103 foret,

2204 1147 2325 1187 cum
2349 1133 2399 1187 id
2433 1134 2485 1187 in
2513 1149 2572 1188 se
2601 1133 2714 1188 fieri
2743 1150 2838 1204 pro
2865 1134 3038 1188 mariti
3067 1134 3192 1197 vita,
3217 1148 3317 1187 nec
3361 1133 3451 1186 illo
3498 1133 3796 1196 nesciente,

2206 1223 2298 1277 sed
2342 1222 2562 1292 jubente
2593 1225 2944 1294 permitteret,
2974 1239 3311 1294 nequaquam
3347 1222 3506 1278 tidem
3537 1223 3802 1277 deserens

2205 1313 2538 1384 conjugalem
2558 1356 2572 1378 ,
2598 1325 2649 1379 et
2683 1325 2997 1384 potestatem
3044 1330 3149 1368 non
3187 1313 3428 1368 abnuens
3459 1314 3798 1378 maritalem;

2206 1405 2343 1460 sicut
2383 1407 2470 1460 ille
2521 1405 2730 1461 adulter
2759 1422 2862 1460 non
2894 1407 3012 1474 fuit,
3045 1405 3259 1475 quando
3297 1406 3480 1459 uxoris
3510 1404 3796 1471 obtempe-

2207 1513 2333 1554 rans
2363 1499 2630 1568 potestati,
2677 1499 2745 1555 de
2790 1499 2980 1554 ancilla
3016 1499 3218 1569 prolem
3263 1513 3522 1569 generare
3569 1510 3803 1552 consen-

2206 1594 2276 1645 sit
2304 1593 2378 1661 (a)
2408 1610 2420 1644 :
2452 1591 2547 1647 sed
2584 1599 2801 1662 propter
2825 1591 2933 1645 vim
2958 1591 3362 1660 principiorum,
3393 1589 3514 1659 quia
3539 1589 3556 1619 ¹
3587 1604 3696 1642 non
3727 1587 3801 1640 ita

2207 1682 2416 1738 duobus
2436 1684 2565 1739 viris
2589 1684 2722 1738 vivis
2749 1682 2816 1737 ad
2838 1681 3297 1737 concumbcndum
3318 1681 3510 1736 femina
3526 1678 3798 1746 subditur,

2206 1775 2343 1829 sicut
2370 1774 2490 1829 duae
2519 1775 2726 1829 feminae
2755 1775 2842 1829 uni
2871 1775 3017 1840 viro;
3047 1774 3214 1828 multo
3241 1773 3418 1826 verius
3437 1782 3491 1826 et
3518 1770 3801 1825 honestius

2208 1867 2335 1921 illud
2374 1869 2696 1937 accipimus,
2746 1865 2888 1937 quod
2927 1875 3078 1936 pater
3114 1865 3384 1920 Abraham
3429 1879 3529 1919 nec
3575 1861 3802 1918 tentavit

2207 1962 2394 2026 Deum,
2429 1961 2642 2032 quando
2671 1961 2792 2016 vita:
2839 1976 2948 2016 sua:
2971 1970 3226 2030 quantum
3253 1959 3425 2029 potuit
3473 1956 3634 2010 homo
3666 1971 3801 2010 con-

2208 2052 2389 2118 suluit,
2436 2062 2490 2106 et
2526 2052 2762 2122 speravit
2789 2052 2843 2106 in
2875 2051 3044 2106 Deum
3088 2052 3176 2106 cui
3214 2047 3525 2120 pudicitiam
3551 2045 3800 2116 conjugis
3863 2052 3868 2056 '

2207 2144 2618 2200 commendavit.

2278 2235 2502 2292 CAPUT
2531 2233 2820 2289 XXXVIII.
2843 2264 2914 2274 —
2939 2233 3058 2289 Jam
3083 2247 3214 2287 vero
3253 2231 3306 2286 in
3345 2233 3444 2285 hac
3463 2245 3522 2285 re
3541 2237 3692 2300 gesta
3726 2238 3802 2282 at-

2207 2342 2314 2398 que
2370 2327 2422 2382 in
2473 2326 2665 2380 divinis
2714 2325 2887 2381 Libris
2937 2326 3108 2396 posita
3152 2323 3489 2392 fideliterque
3536 2330 3798 2387 narrata,

2207 2433 2366 2490 quem
2388 2433 2490 2472 non
2511 2417 2742 2472 delectet
2761 2417 2919 2472 etiam
2944 2416 3139 2471 factum
3164 2414 3531 2485 proliheticum
3558 2428 3801 2483 perscru-

2210 2510 2330 2577 tari,
2353 2519 2408 2564 et
2427 2509 2748 2564 sacramenti
2769 2509 2964 2565 ostium
3006 2507 3089 2578 pia
3125 2507 3228 2562 fide
3249 2507 3529 2577 studioque
3555 2505 3798 2576 pulsare,

2209 2614 2266 2658 ut
2281 2604 2483 2673 aperiat
2509 2603 2761 2657 Dominus
2784 2611 2838 2656 et
2861 2601 3109 2658 ostendat
3132 2602 3250 2671 quis
3275 2609 3399 2654 tunc
3423 2599 3472 2653 in
3498 2599 3587 2653 illo
3610 2599 3801 2667 figura-

2208 2695 2363 2750 batur
2403 2694 2537 2759 viro,
2577 2703 2632 2750 et
2650 2694 2804 2764 cujus
2847 2693 2917 2748 sit
2969 2708 3104 2747 uxor
3130 2708 3246 2761 qua:
3277 2693 3327 2744 in
3356 2693 3456 2745 hac
3496 2689 3802 2760 peregrina-

2209 2788 2352 2844 tione
2377 2799 2536 2858 alque
2564 2788 2702 2843 inter
2741 2787 3067 2858 alienigenas
3095 2785 3260 2856 pollui
3298 2783 3660 2854 macularique
3687 2798 3800 2838 non

2208 2881 2420 2949 sinitur,
2469 2891 2526 2935 ut
2570 2881 2639 2935 sit
2662 2881 2777 2935 viro
2805 2895 2902 2934 suo
2947 2879 3063 2935 sine
3106 2879 3310 2932 macula
3336 2884 3392 2932 et
3413 2875 3582 2946 ruga?
3605 2876 3663 2930 In
3690 2875 3803 2944 glo-

2209 2972 2342 3026 riam
2363 2974 2383 3003 '
2407 2972 2604 3042 quippe
2647 2972 2844 3027 Christi
2871 2981 3018 3027 recte
3040 2971 3169 3026 vivit
3191 2971 3447 3035 Ecclesia,
3472 2979 3531 3024 ut
3556 2967 3801 3039 pulchri-

2209 3066 2337 3120 tudo
2362 3065 2479 3134 ejus
2509 3064 2700 3119 honori
2727 3064 2795 3119 sit
2824 3065 2939 3119 viro
2960 3064 3097 3134 ejus,
3125 3063 3263 3118 sicut
3287 3061 3555 3118 Abraham
3581 3068 3803 3132 promer

2207 3155 2354 3212 Sara:
2380 3155 2826 3226 pulchritudinem
2859 3155 2998 3210 inter
3039 3153 3364 3225 alienigenas
3395 3153 3798 3208 honorabatur:

2209 3239 2363 3317 eique
2394 3249 2511 3318 ipsi,
2543 3248 2628 3303 cui
2659 3247 2852 3302 dicitur
2875 3246 2929 3301 in
2957 3246 3190 3302 Canticis
3221 3247 3572 3310 canticorum,
3601 3243 3646 3298 0
3676 3243 3802 3316 pui-

2211 3343 2334 3396 chra
2382 3342 2512 3395 inter
2553 3341 2784 3397 mulieres
2805 3339 2978 3411 (Cant.
3002 3356 3041 3407 1,
3063 3339 3151 3412 7)!
3185 3340 3350 3410 ipsius
3389 3337 3804 3409 pulchritudinis

2210 3435 2401 3489 merito
2424 3449 2576 3504 reges
2597 3433 2826 3489 oll‘erunt
2864 3448 3121 3500 munera;
3147 3435 3284 3489 sicut
3308 3431 3457 3488 Sarae
3481 3431 3673 3488 obtulit
3699 3446 3803 3487 rex

2210 3527 2542 3591 Abimclech,
2586 3527 2700 3597 plus
2742 3526 2795 3581 in
2843 3541 2905 3582 ea
2949 3527 3150 3581 mirans
3193 3527 3381 3582 forma:
3425 3525 3606 3592 decus,
3655 3523 3802 3595 quod

2210 3633 2390 3675 amare
2442 3620 2634 3690 potuit,
2684 3630 2738 3674 et
2774 3620 2974 3674 violare
3031 3634 3139 3674 non
3191 3618 3380 3688 potuit.
3439 3617 3538 3672 Est
3578 3615 3721 3672 enim
3745 3622 3805 3671 et

2211 3722 2390 3767 sancta
2424 3711 2659 3766 Ecclesia
2684 3711 2909 3773 Domino
2935 3711 3061 3766 Jesu
3088 3708 3304 3764 Christo
3333 3709 3389 3763 in
3409 3708 3618 3764 occulto
3641 3722 3799 3762 uxor.

2211 3804 2426 3860 Occulte
2455 3805 2650 3875 quippe
2697 3813 2858 3874 atque
2882 3806 3024 3860 intus
3046 3806 3098 3859 in
3120 3803 3433 3860 abscondito
3459 3810 3671 3858 secreto
3690 3800 3805 3872 spi-

2211 3898 2389 3953 rituali
2415 3898 2593 3951 anima
2624 3897 2853 3952 humana
2882 3898 3108 3953 inhaeret
3129 3897 3305 3953 Verbo
3337 3897 3451 3962 Dei,
3480 3905 3540 3951 ut
3565 3897 3676 3951 sint
3694 3895 3805 3951 duo

2213 3992 2264 4046 in
2294 4007 2454 4046 carne
2483 3993 2790 4062 una:quod
2832 4008 3084 4064 magnum
3130 3991 3364 4063 conjugii
3405 4001 3802 4048 sacramentum

2213 4083 2266 4138 in
2313 4083 2526 4140 Christo
2589 4094 2640 4139 ει
2684 4085 2738 4138 in
2801 4086 3038 4140 Ecclesia
3104 4084 3446 4142 commendat
3509 4085 3805 4155 Apostolus

2214 4176 2428 4248 (Eplies,
2459 4193 2513 4243 v,
2545 4177 2755 4248 3I,32).
2798 4177 3030 4233 Proinde
3060 4194 3284 4249 regnum
3311 4187 3586 4234 terrenum
3615 4178 3804 4233 satculi

2213 4270 2392 4340 hujus,
2421 4271 2573 4338 cujus
2597 4270 2821 4340 ﬁguram
2865 4271 3121 4342 gerebant
3170 4286 3324 4342 reges
3347 4272 3439 4342 qui
3464 4271 3652 4326 Saram
3677 4269 3801 4340 pol-

2211 4360 2360 4416 luere
2374 4362 2619 4431 permissi
2643 4377 2747 4416 non
2773 4371 2916 4426 sunt,
2933 4379 3037 4417 non
3069 4371 3346 4432 expertum
3367 4373 3569 4417 estnec
3595 4361 3807 4416 invenit

2213 4453 2504 4508 Ecclesiam
2529 4453 2807 4524 conjugcm
2831 4453 3048 4522 Christi,
3082 4454 3132 4508 id
3154 4463 3254 4517 est,
3285 4469 3442 4524 quam
3467 4453 3694 4508 fideliter
3721 4453 3807 4508 illi

2215 4551 2462 4615 tanquam
2492 4545 2754 4615 principio
2787 4545 2900 4600 viro
2944 4560 3041 4599 suo
3069 4544 3090 4576 ³
3116 4544 3323 4599 subdita
3355 4544 3670 4607 cohazreret,
3701 4544 3804 4598 nisi

2213 4652 2336 4692 cum
2369 4637 2566 4691 violare
2611 4637 2856 4704 tentavit,
2886 4647 2939 4692 et
2967 4637 3148 4692 divino
3179 4637 3484 4692 testimonio
3510 4652 3606 4707 per
3635 4636 3801 4692 fidem

2212 4741 2504 4803 martyrum
2532 4733 2710 4795 cessit,
2739 4740 3149 4801 correptumque
3175 4731 3228 4784 in
3249 4729 3633 4800 posterioribus
3660 4729 3807 4798 regi-

2177 4887 2186 4907 ,
2213 4824 2310 4880 bus
2338 4826 2615 4880 honoravit
2640 4840 2879 4889 munere,
2916 4840 3072 4894 quam
3095 4823 3417 4893 correptioni
3443 4837 3554 4877 suae
3571 4821 3808 4876 subdere

2214 4918 2266 4972 in
2292 4917 2552 4987 prioribus
2603 4933 2706 4970 non
2754 4916 2970 4972 evaluit.
3015 4915 3147 4970 Nam
3195 4916 3334 4986 quod
3381 4925 3506 4970 tunc
3529 4917 3581 4970 in
3611 4914 3805 4969 eodem

2212 5024 2337 5079 rege
2381 5009 2525 5078 prius
2569 5017 2623 5063 et
2653 5010 2914 5078 posterius
2959 5011 3235 5079 figuratqu
3284 5018 3385 5073 est,
3447 5007 3548 5064 hoc
3591 5007 3644 5062 in
3701 5007 3807 5062 isto

2215 5113 2379 5170 regno
2411 5099 2676 5168 prioribus
2702 5108 2755 5154 et
2784 5099 3169 5169 posterioribus
3211 5099 3424 5170 regibus
3451 5097 3801 5168 adimpletur.

2277 5318 2295 5348 ι
2332 5325 2430 5364 Am.
2456 5323 2506 5365 ct
2523 5322 2615 5376 Er.,
2643 5329 2752 5379 qua.

2277 5380 2297 5442 il
2330 5380 2400 5442 sic
2422 5379 2637 5442 potiores
2657 5378 2762 5442 Mss.
2790 5378 2908 5428 Editi
2928 5391 3066 5437 vero,
3089 5379 3141 5429 in
3162 5379 3335 5442 gloria.

2278 5441 2298 5472 ³
2331 5439 2447 5488 Edtti
2473 5439 2617 5502 vulgo
2640 5440 3029 5506 ma_le,_tunquant
3051 5439 3418 5506 prweipuouriro
3439 5453 3541 5490 suo.
3582 5441 3804 5506 Nonnulli

2213 5506 2340 5560 Mss,
2375 5501 2601 5566 tauquam
2640 5501 2847 5566 principi
2871 5501 2928 5551 ac
2951 5501 3059 5551 viro'
3083 5501 3383 5566 suo/Melius
3423 5512 3525 5551 Mss.
3559 5501 3657 5560 alii,
3691 5509 3803 5566 tau-

2212 5562 2615 5635 quam'principi'o
2630 5562 2729 5635 uiro
2752 5562 2836 5614 suo
2860 5577 2877 5612 :
2895 5565 3170 5635 quia‘paulo
3202 5575 3315 5635 ante
3337 5565 3477 5634 dixit,
3487 5573 3692 5635 propter
3709 5564 3806 5635 vita

2213 5624 2560 5687 principiorum
2579 5625 2680 5674 ﬁeri
2709 5637 2762 5674 ut
2783 5640 2873 5675 non
2896 5624 2964 5676 ita
2988 5624 3170 5677 duobus
3193 5626 3308 5677 viris
3331 5624 3447 5676 vivis
3475 5624 3653 5687 femina
3685 5625 3804 5676 sub-

2214 5686 2378 5745 datur,
2401 5687 2520 5736 sicut
2541 5687 2656 5737 dare
2678 5689 2869 5752 femina:
2884 5689 2967 5738 uni
2985 5687 3102 5739 viro.

2214 5771 2492 5896 nn(a)
2513 5770 2688 5822 librum
2708 5774 2729 5823 I
2770 5773 2835 5824 de
2857 5780 3086 5825 Sermone
3109 5774 3290 5827 Domini
3317 5774 3367 5823 in
3382 5779 3566 5834 monte,
3583 5785 3692 5836 cap.
3721 5773 3806 5838 16,
