4052 6442
278 417 384 477 425

346 531 577 590 CAPUT
615 532 957 591 XXXIX.—
980 520 1115 591 Cum
1162 541 1338 590 autem
1374 532 1569 590 dicitur
1610 531 1679 586 de
1721 537 1873 600 patre

274 639 393 682 ese
435 640 684 683 sororem
723 626 918 683 Christi
943 626 1260 691 Ecclesiam,
1291 641 1398 682 non
1426 626 1493 682 de
1522 632 1715 691 matre,
1762 638 1867 678 non

273 725 502 774 terrena:
523 720 887 789 generationis
914 736 1033 791 qua:
1055 720 1417 788 evacuabitur,
1440 720 1534 777 sed
1553 719 1737 790 gratia:
1759 732 1872 774 οω-

271 811 421 867 Iestis
448 826 573 881 qua:
619 812 675 867 in
720 821 979 869 aeternum
1015 812 1271 881 manebit,
1315 812 1563 884 cognatio
1592 827 1870 868 commcn-

269 903 446 960 datur.
474 904 782 961 Secundum
827 921 987 977 quam
1013 908 1239 978 gratiam
1282 922 1450 978 genus
1492 907 1718 962 mortale
1758 920 1866 961 non

269 994 493 1062 erimus,
524 1004 745 1066 accepta
770 1005 1033 1067 potestate
1069 1006 1130 1053 ut
1155 997 1251 1053 filii
1289 997 1384 1053 Dei
1414 1011 1668 1053 vocemur
1709 1005 1765 1052 et
1790 996 1869 1051 si-

266 1086 451 1151 musfl
470 1086 631 1142 Joan.
663 1104 755 1155 ιιι,
784 1088 860 1161 1).
881 1088 1068 1161 Neque
1089 1090 1235 1145 enim
1262 1090 1399 1145 hanc
1422 1091 1648 1161 gratiam
1674 1090 1741 1146 de
1768 1089 1868 1162 Sy-

267 1192 474 1248 nagoga
512 1186 686 1237 matre
711 1179 906 1236 Christi
933 1180 1227 1237 secundum
1266 1196 1503 1250 carnem,
1535 1181 1629 1237 sed
1657 1181 1725 1238 de
1757 1182 1866 1238 Deo

266 1279 423 1341 patre
451 1272 812 1342 percepimus.
837 1272 985 1329 Hanc
1008 1288 1139 1331 vero
1163 1274 1535 1346 cognationem
1568 1281 1862 1343 terrenam,

264 1376 385 1431 quae
413 1361 484 1417 ad
514 1372 742 1419 mortem
770 1365 1135 1435 temporaliter
1150 1374 1390 1437 generat,
1411 1380 1609 1423 vocans
1630 1366 1682 1421 in
1704 1366 1862 1423 aliam

264 1452 433 1507 vitam
478 1454 573 1509 ubi
603 1454 781 1511 nullus
821 1456 1066 1525 moritur,
1116 1471 1314 1528 negare
1350 1471 1450 1513 nos
1486 1456 1729 1512 Christus
1767 1456 1864 1513 do-

263 1543 398 1607 cuit,
430 1559 543 1599 non
573 1545 749 1613 fateri,
779 1561 901 1603 cum
933 1546 1211 1619 discipulis
1244 1549 1318 1604 ait
1346 1566 1360 1603 :
1392 1548 1476 1603 Ne
1510 1549 1649 1603 vobis
1684 1549 1863 1604 dicatis

261 1644 465 1706 patrem
491 1636 551 1690 in
583 1644 716 1690 terra
737 1652 758 1701 ;
776 1653 906 1692 unus
925 1648 1000 1693 est
1020 1640 1154 1694 enim
1175 1636 1334 1694 Pater
1352 1648 1510 1695 vester
1532 1640 1619 1710 qui
1642 1640 1697 1695 in
1724 1641 1861 1696 ccelis

260 1732 333 1778 est
374 1722 598 1797 (Matth.
642 1741 789 1791 χχιιι.
829 1727 906 1797 9).
953 1726 1115 1799 Cujus
1156 1729 1234 1785 rei
1278 1729 1504 1800 praebuit
1530 1730 1857 1799 exemplum,

258 1817 483 1886 quando
512 1826 569 1872 et
610 1817 728 1890 ipse
764 1816 898 1874 dixit
931 1834 945 1872 :
978 1819 1104 1888 Quae
1142 1822 1267 1876 mihi
1293 1830 1474 1889 mater,
1502 1829 1589 1876 aut
1625 1823 1712 1893 qui
1745 1821 1858 1892 fra-

259 1909 401 1962 tres?
447 1906 517 1961 Et
560 1910 835 1964 extendens
868 1926 1076 1965 manum
1117 1928 1272 1984 super
1313 1912 1608 1983 discipulos,
1647 1912 1761 1969 ait:
1788 1912 1859 1967 Hi

255 2011 377 2055 sunt
404 2005 594 2072 fratres
621 2002 738 2058 mei.
762 2002 833 2058 Et
860 2019 929 2058 ne
947 2004 1229 2075 quisquam
1260 2005 1313 2060 in
1335 2005 1438 2061 hoc
1464 2005 1724 2061 vocabulo
1750 2013 1859 2061 ter-

254 2105 445 2146 renam
466 2092 841 2164 cognationem
867 2095 1147 2165 cogitaret,
1177 2095 1438 2166 adjunxit,
1470 2095 1535 2150 Et
1561 2097 1857 2167 quicumque

251 2184 430 2253 fecerit
450 2186 759 2240 voluntatem
780 2184 956 2242 Patris
984 2187 1102 2254 mei,
1124 2188 1233 2258 ipse
1258 2188 1379 2241 mihi
1401 2191 1578 2259 frater,
1603 2196 1649 2241 et
1672 2197 1851 2254 mater,

249 2285 299 2332 et
337 2294 490 2332 soror
535 2288 609 2334 est
654 2278 765 2349 (Id.
814 2294 909 2346 ιιι,
942 2279 1131 2350 48-50)
1163 2297 1176 2335 :
1206 2289 1454 2350 tauquam
1498 2280 1733 2346 diceret,
1777 2280 1853 2336 De

250 2366 365 2423 Deo
418 2376 575 2438 patre
629 2368 769 2424 hanc
800 2370 1171 2440 cognationem
1212 2372 1445 2442 appello,
1489 2386 1597 2427 non
1638 2371 1707 2428 de
1750 2370 1852 2445 Sy-

249 2473 455 2530 nagoga
482 2468 676 2517 matre.
705 2460 788 2516 Ad
811 2470 1065 2518 :eternam
1108 2463 1306 2534 quippe
1332 2465 1495 2520 vitam
1526 2480 1666 2521 nunc
1691 2480 1846 2531 voco,

243 2550 339 2604 ubi
386 2552 767 2608 immortaliter
810 2560 965 2609 natus
1003 2568 1158 2620 sum;
1210 2570 1321 2611 non
1366 2557 1433 2611 ad
1480 2558 1848 2628 temporalem,

244 2645 391 2698 unde
421 2654 483 2699 ut
509 2660 761 2702 voearem
789 2648 1033 2703 mortalis
1061 2648 1281 2705 effectus
1318 2664 1457 2706 sum.

320 2734 555 2792 CAPUT
592 2736 707 2792 XL.
731 2767 803 2778 —
824 2738 976 2806 Quod
1002 2754 1130 2810 ergo
1150 2741 1410 2805 Ecclesia,
1443 2742 1596 2811 cujus
1621 2758 1758 2798 uxor
1780 2744 1850 2801 sit

244 2825 554 2880 occultatur
571 2826 905 2897 alienigenis,
928 2829 1082 2900 cujus
1107 2840 1282 2886 autem
1311 2846 1465 2887 soror
1489 2847 1596 2889 non
1617 2841 1842 2902 tacetur,

244 2915 367 2971 haec
408 2917 628 2974 interim
670 2933 831 2976 causa
860 2920 1012 2977 facile
1048 2924 1300 2988 occurrit,
1333 2924 1459 2995 quia
1497 2925 1764 2982 occultum
1792 2935 1847 2983 et

244 3008 473 3066 difficile
511 3010 580 3066 ad
621 3011 1025 3084 intelligendum
1065 3023 1171 3083 est,
1218 3016 1488 3087 quomodo
1531 3017 1711 3074 anima
1739 3019 1844 3073 hu-

246 3116 409 3157 mana
433 3103 613 3159 Verbo
641 3104 736 3159 Dei
762 3107 1065 3176 copuletur,
1094 3108 1208 3164 sive
1234 3109 1541 3178 misceatur,
1575 3112 1691 3168 sive
1718 3113 1844 3184 quid

243 3194 439 3249 melius
470 3203 529 3250 et
560 3197 735 3267 aptius
765 3197 868 3253 dici
896 3208 1089 3269 potest,
1135 3215 1257 3256 cum
1287 3202 1359 3258 sit
1386 3203 1517 3258 illud
1546 3204 1707 3270 Deus,
1740 3206 1845 3263 ista

241 3297 515 3344 creatura.
548 3289 853 3347 Secundum
884 3292 987 3349 hoc
1014 3294 1157 3349 enim
1178 3309 1408 3367 sponsus
1434 3304 1490 3352 et
1511 3311 1730 3367 sponsa,
1758 3298 1843 3354 vel

243 3380 329 3433 vir
362 3390 416 3435 et
448 3396 611 3446 uxor,
656 3382 901 3440 Christus
928 3393 983 3439 et
1006 3386 1245 3441 Ecclesia
1275 3386 1547 3443 dicuntur.
1574 3388 1689 3456 Qua
1712 3405 1843 3445 vero

242 3473 566 3541 cegnatione
618 3474 726 3529 sint
768 3474 964 3531 fratres
1014 3476 1261 3533 Christus
1304 3487 1357 3535 et
1404 3493 1596 3536 omnes
1649 3483 1840 3551 sancti,

240 3566 413 3634 gratia
440 3565 652 3632 divina,
687 3583 794 3623 non
840 3570 1303 3641 consanguinitate
1340 3580 1577 3641 terrena,
1608 3574 1711 3631 hoc
1736 3586 1839 3645 est,

240 3653 312 3708 de
339 3663 514 3724 patre,
546 3671 653 3713 non
678 3658 746 3713 de
787 3667 981 3727 matre,
1010 3671 1066 3717 et
1092 3662 1355 3720 eﬂ'abilius
1390 3664 1606 3734 dicitur,
1650 3673 1706 3722 et
1747 3682 1841 3723 ca-

242 3746 430 3813 pacius
471 3748 703 3803 auditur.
748 3749 882 3805 Nam
926 3761 979 3807 et
1019 3753 1159 3809 inter
1200 3769 1259 3809 se
1300 3770 1489 3813 omnes
1531 3759 1702 3813 sancti
1745 3773 1842 3829 per

240 3838 493 3893 eamdem
520 3840 743 3910 gratiam
775 3841 967 3899 fratres
1008 3853 1136 3899 sunt
1166 3861 1179 3898 :
1211 3860 1443 3916 sponsus
1477 3857 1654 3904 autem
1681 3858 1843 3906 caete-

241 3944 436 3984 rorum
479 3933 755 3989 societati‘
793 3935 970 3990 nullus
1013 3936 1226 3993 illorum
1264 3947 1369 3994 est.
1415 3939 1647 4017 Proinde
1685 3939 1841 3997 Chri-

242 4029 428 4088 stum,
455 4024 691 4091 quamvis
714 4025 1181 4082 excellentissima
1199 4027 1423 4097 justitiae
1446 4037 1605 4099 atque
1630 4031 1842 4102 sapien-

240 4113 361 4177 tia},
390 4122 562 4169 tamen
589 4114 861 4172 hominem
882 4118 1053 4173 multo
1086 4120 1294 4176 facilius
1317 4128 1373 4176 et
1397 4123 1687 4191 proclivius
1710 4124 1839 4181 alieo

244 4206 458 4278 nigenaa
496 4209 855 4278 crediderunt,
902 4227 1009 4267 non
1049 4213 1265 4284 quidem
1303 4215 1455 4282 falso,
1496 4216 1636 4287 quod
1677 4217 1840 4274 homo

243 4308 393 4352 esset
443 4316 459 4353 :
506 4300 602 4355 sed
650 4301 921 4372 quomodo
958 4303 1121 4358 etiam
1173 4303 1315 4360 Deus
1369 4316 1514 4361 esset
1558 4307 1839 4378 ignorave-

243 4401 389 4447 runt.
443 4392 579 4450 Hinc
616 4403 669 4450 et
702 4394 963 4453 Jeremias
1008 4413 1025 4452 :
1065 4396 1134 4451 Et
1179 4397 1361 4465 homo,
1404 4399 1608 4470 inquit,
1647 4410 1753 4470 est,
1793 4411 1842 4458 et

241 4484 357 4552 quis
402 4493 639 4555 agnoscet
680 4501 795 4541 eum
841 4486 1057 4559 (Jerem.
1097 4502 1225 4554 xvn,
1266 4487 1369 4559 9)?
1420 4488 1492 4543 Et
1541 4492 1691 4546 homo
1728 4501 1840 4560 est;

242 4575 368 4642 quia
422 4575 666 4646 proditur
726 4578 871 4648 quod
921 4578 1091 4636 frater
1144 4587 1247 4635 est.
1308 4579 1377 4634 Et
1430 4581 1543 4651 quis
1603 4596 1841 4655 agnoscet

243 4666 404 4721 eum?
454 4669 580 4739 quia
624 4671 923 4727 occultatur
968 4672 1111 4743 quod
1162 4687 1390 4743 sponsus
1445 4683 1546 4731 est.
1591 4676 1721 4733 Haec
1772 4678 1839 4735 de

244 4766 398 4827 patre
418 4760 689 4817 Abraham
704 4761 987 4819 adversum
1008 4764 1523 4835 impudentissimam
1544 4775 1601 4824 et
1629 4768 1838 4839 imperi—

243 4851 512 4907 tissimam
554 4862 613 4909 et
666 4854 1208 4913 calumniosissimam
1250 4856 1433 4915 Fausti
1476 4873 1664 4916 vocem
1706 4863 1839 4921 satis

244 4942 389 4999 dicta
421 4944 550 5000 sint.

314 5036 549 5094 CAPUT
586 5036 721 5094 XLI.
747 5067 820 5081 -
843 5037 980 5097 Loth
1019 5048 1196 5098 autem
1237 5041 1404 5099 frater
1434 5043 1551 5114 ejus
1583 5044 1759 5116 justus
1784 5054 1841 5103 et

243 5124 532 5196 hOSpitalis
557 5128 612 5184 in
637 5128 909 5197 Sodomis,
937 5140 996 5187 et
1024 5132 1093 5187 ab
1114 5134 1259 5188 omni
1285 5133 1682 5191 Sodomitarum
1709 5152 1840 5193 con-

245 5218 598 5275 tamiuatione
646 5235 808 5291 purus
856 5231 1016 5293 atque
1059 5222 1287 5295 integer,
1335 5239 1403 5280 ex
1453 5226 1546 5280 illo
1589 5227 1840 5286 incendio

241 5309 390 5380 quod
440 5320 560 5366 erat
612 5313 905 5369 similitudo
952 5314 1113 5369 futuri
1160 5315 1370 5383 judicii,
1418 5318 1614 5375 meruit
1660 5320 1838 5378 salvus

242 5402 511 5469 evadere;
568 5410 751 5473 typum
794 5413 1011 5475 gestans
1046 5409 1287 5476 corporis
1324 5407 1545 5477 Christi,
1592 5411 1735 5481 quod
1782 5413 1836 5469 in

243 5492 499 5547 omnibus
542 5495 741 5550 sanctis
778 5505 833 5551 et
858 5512 1001 5552 nunc
1029 5498 1169 5553 inter
1195 5498 1404 5569 iniquos
1439 5508 1599 5572 atque
1644 5503 1837 5573 impios

244 5585 436 5655 gemit,
483 5600 707 5655 quorum
756 5586 909 5642 factis
960 5603 1067 5643 non
1111 5592 1394 5655 consentit,
1437 5599 1491 5644 et
1532 5605 1563 5645 a
1610 5607 1837 5661 quorum

247 5676 635 5732 commixtione
660 5678 713 5731 in
744 5678 924 5733 smculi
956 5679 1061 5734 fine
1083 5680 1413 5749 liberabitur,
1440 5681 1545 5736 illis
1573 5682 1838 5741 damnatis

240 5832 507 5950 Quid,
553 5838 837 5885 cteterorsnn
872 5834 1110 5886 societate.
1164 5842 1381 5889 Erratum
1415 5840 1731 5894 emendamus
1769 5856 1833 5895 ex

650 5979 876 6047 Sacr.
923 5980 1205 6054 AUGUST-
1250 5984 1416 6053 VIII.

1414 416 1618 476 LIBER
1655 410 2019 473 VICESIMUS
2046 412 2422 478 SECUNDUS.

3456 425 3563 483 426

1981 530 2238 600 supplicio
2268 533 2404 605 ignis
2443 534 2652 593 aeterni.
2684 536 2834 594 Sicut
2877 546 3055 595 autem
3084 538 3228 596 aliud
3267 554 3435 613 genus
3460 541 3563 597 ho-

1976 621 2181 678 minum
2211 624 2263 679 in
2308 626 2424 696 ejus
2448 643 2614 685 uxore
2657 628 2937 701 ﬁguratum
2982 638 3084 697 est,
3130 646 3314 687 eorum
3357 632 3566 689 scilicet

1974 714 2064 782 qui
2105 729 2199 784 per
2244 718 2465 787 gratiam
2503 720 2598 776 Dei
2651 724 2846 787 vocati,
2896 734 3039 777 retro
3077 725 3405 795 respiciunt;
3450 741 3562 783 non

1973 806 2112 861 sicut
2138 807 2351 873 Paulus,
2375 811 2463 880 qui
2494 828 2556 867 ea
2580 829 2698 883 qua:
2716 825 2864 871 retro
2892 826 3013 872 sunt
3041 818 3400 889 obliviscitur,
3430 831 3486 877 ct
3505 822 3558 877 in

1972 909 2035 951 ea
2064 913 2181 968 qua:
2206 907 2332 955 ante
2360 909 2484 956 sunt
2520 905 2824 961 extenditur
2866 906 3123 979 (Philipp.
3157 926 3235 977 ιιι,
3263 912 3376 984 15).
3404 911 3559 969 Unde

1972 997 2027 1043 et
2054 989 2168 1060 ipse
2185 991 2463 1063 Dominus,
2496 995 2685 1064 Nemo,
2715 999 2906 1071 inquit,
2933 1003 3197 1074 imponens
3228 1022 3436 1062 manum
3465 1026 3555 1063 su-

1971 1094 2061 1148 per
2088 1090 2332 1152 aratrum,
2360 1096 2408 1141 et
2432 1089 2705 1158 respiciens
2734 1102 2889 1160 retro,
2932 1105 3080 1166 aptus
3113 1108 3186 1152 est
3210 1116 3370 1172 regno
3399 1101 3559 1157 caelo-

1968 1190 2084 1230 rum
2121 1178 2273 1246 (Luc.
2300 1198 2374 1249 1x,
2408 1182 2522 1256 62).
2562 1185 2670 1240 Nec
2708 1187 2835 1243 illud
2878 1193 3187 1261 exemplum
3225 1196 3408 1265 tacuit,
3453 1212 3561 1268 quo

1967 1282 2067 1325 nos
2090 1279 2339 1343 tanquam
2361 1275 2473 1332 sale
2490 1277 2753 1345 condiret,
2777 1287 2839 1335 ut
2862 1296 2967 1337 non
2994 1283 3121 1339 fatui
3144 1287 3556 1358 negligeremus,

1968 1360 2064 1417 sed
2102 1364 2389 1433 prudentes
2417 1383 2736 1426 caveremus
2780 1371 2882 1428 hoc
2927 1375 3145 1431 malum.
3169 1377 3323 1435 Unde
3364 1389 3419 1435 et
3445 1381 3556 1447 illa,

1967 1459 2028 1506 ut
2068 1451 2173 1510 hoc
2217 1455 2552 1529 admoneret,
2597 1462 2654 1517 in
2696 1471 2929 1522 statuam
2975 1467 3103 1523 salis
3148 1484 3407 1527 conversa
3451 1482 3553 1529 est.

1964 1540 2097 1598 Nam
2126 1560 2248 1602 cum
2270 1552 2586 1623 praeciperet
2606 1563 2668 1610 ut
2692 1571 2751 1612 se
2771 1558 2998 1629 quisque
3028 1566 3555 1631 perseverantissima

1964 1637 2288 1697 anteriorum
2318 1642 2615 1703 intentione
2647 1648 2716 1704 ab
2741 1650 2807 1705 iis
2836 1666 2957 1722 qua:
2984 1661 3131 1710 retro
3152 1665 3278 1711 sunt
3299 1659 3552 1729 eriperet,

1964 1725 2288 1824 Mementote,
2334 1735 2524 1808 inquit,
2574 1743 2751 1796 uxoris
2794 1742 2926 1800 Loth
2967 1744 3078 1818 (Id.
3123 1763 3259 1816 xvn,
3303 1725 3415 1824 δεῇ.
3464 1753 3554 1807 Sic

1962 1818 2124 1877 etiam
2163 1822 2217 1879 in
2258 1826 2376 1896 ipso
2408 1827 2570 1898 Loth,
2601 1834 2816 1903 quando
2842 1851 2963 1891 cum
2994 1853 3059 1894 eo
3086 1839 3210 1895 filiae
3239 1818 3549 1901 concubue-

1961 1917 2103 2003 runt,
2149 1927 2258 1969 non
2292 1915 2424 1973 illud
2451 1921 2593 1992 quod
2636 1938 2758 1979 cum
2805 1941 2835 1981 a
2878 1926 3125 1985 Sodomis
3153 1931 3411 1990 liberatus
3446 1946 3550 2003 est,

1960 2002 2239 2099 sed-aliud
2278 2009 2479 2082 aliquid
2513 2014 2796 2085 figuratum
2836 2028 2938 2075 est.
2980 2021 3112 2077 Nam
3148 2032 3276 2082 tunc
3317 2027 3409 2083 ille
3438 2028 3554 2099 ipse

1958 2091 2095 2149 Loth
2128 2096 2319 2154 futurae
2344 2100 2501 2173 Legis
2523 2105 2736 2161 videtur
2774 2117 3016 2178 gestasse
3051 2127 3359 2184 personam,
3390 2091 3551 2189 quam

1957 2185 2171 2254 quidam
2198 2202 2265 2244 ex
2295 2191 2381 2246 illa
2416 2198 2678 2263 procreati
2706 2207 2760 2253 et
2784 2200 2883 2255 sub
2916 2202 3056 2273 Lege
3086 2206 3265 2275 positi,
3298 2185 3437 2265 male
3464 2211 3547 2264 in-

1959 2277 2246 2349 telligendo
2276 2287 2504 2355 quodam
2550 2290 2711 2346 modo
2755 2292 3078 2366 inebriant‘,
3122 2314 3294 2372 eaque
3336 2318 3443 2359 non
3471 2304 3551 2359 Ie-

1954 2369 2140 2440 gitime
2180 2377 2381 2432 utendo
2419 2379 2746 2439 infidelitatis
2788 2400 2951 2455 opera
3006 2369 3239 2459 pariunt.
3280 2393 3427 2450 Bona
3472 2406 3549 2451 est

1954 2462 2098 2519 enim
2141 2465 2270 2536 Lex,
2317 2470 2391 2527 ait
2436 2472 2745 2544 Apostolus,
2791 2480 2835 2532 si
2872 2480 2984 2550 quis
3018 2498 3077 2537 ea
3118 2484 3337 2556 legitime
3378 2466 3549 2544 utatur

1954 2553 2003 2626 (ι
2034 2555 2164 2612 Tim.
2188 2574 2227 2627 ι,
2256 2560 2336 2632 8).

2023 2647 2252 2706 CAPUT
2291 2651 2448 2708 XLII.
2474 2684 2545 2695 -
2568 2655 2678 2713 Nec
2724 2658 2847 2716 ideo
2879 2670 3055 2719 tamen
3102 2664 3204 2721 hoc
3231 2666 3428 2724 factum
3457 2670 3544 2726 vel

1953 2736 2122 2807 ipsius
2162 2739 2298 2796 Loth
2346 2744 2431 2799 vel
2468 2746 2585 2816 ejus
2630 2749 2859 2806 filiarum
2897 2753 3275 2825 justificamus,
3308 2761 3431 2829 quia
3473 2762 3547 2816 si-

1952 2830 2226 2899 gnificavit
2250 2833 2449 2905 aliquid
2479 2838 2621 2907 quod
2652 2840 2883 2899 futuram
2903 2848 3256 2915 quorumdam
3286 2855 3550 2921 perversi-

1952 2932 2116 2979 tatem
2143 2929 2545 2995 praenuntiaret.
2587 2933 2745 2989 Aliud
2780 2936 2923 2991 enim
2954 2938 3058 2993 illae
3088 2949 3149 2995 ut
3173 2942 3279 2998 hoc
3306 2944 3548 3003 facerent

1952 3013 2325 3085 intenderunt,
2376 3020 2519 3076 aliud
2561 3023 2700 3080 Deus
2742 3028 2832 3097 qui
2877 3027 2979 3085 hoc
3021 3030 3137 3087 fieri
3180 3035 3444 3105 permisit,
3486 3046 3546 3092 ut

1950 3107 2109 3162 etiam
2133 3108 2255 3165 inde
2273 3112 2474 3182 aliquid
2499 3113 2917 3188 demonstraret,
2943 3133 3196 3179 manente
3224 3135 3373 3182 recto
3394 3128 3542 3199 judi-

1949 3201 2035 3256 cio
2076 3217 2174 3256 suo
2218 3218 2377 3275 super
2405 3218 2684 3276 peccatum
2714 3210 2989 3270 hominum
3020 3225 3147 3273 tunc
3173 3222 3539 3288 praesentium,

1949 3302 2003 3347 et
2030 3293 2282 3363 vigilante
2306 3298 2640 3367 providentia
2667 3316 2761 3358 sua
2787 3320 2885 3375 pro
2914 3307 3302 3378 significatione
3331 3312 3541 3370 futuro-

1948 3399 2086 3441 rum.
2121 3387 2350 3443 Proinde
2379 3389 2509 3446 illud
2540 3391 2737 3449 factum
2779 3412 2901 3452 cum
2948 3399 3001 3452 in
3043 3411 3227 3459 sancta
3269 3404 3542 3476 Scriptura

1949 3486 2215 3545 narratur,
2263 3483 2541 3553 prophetia
2582 3493 2709 3541 est:
2740 3502 2865 3545 cum
2913 3506 3041 3547 vero
3070 3493 3123 3549 in
3171 3496 3387 3554 illorum
3428 3499 3540 3554 vita

1946 3570 2038 3638 qui
2068 3570 2167 3626 hoc
2192 3575 2575 3632 commiserunt
2602 3581 2995 3652 consideratur,
3026 3585 3281 3658 flagitium
3312 3601 3413 3647 est.

2019 3659 2245 3718 CAPUT
2283 3664 2465 3723 XLIII.
2485 3696 2559 3710 —
2582 3669 2694 3727 Nec
2729 3688 2915 3730 rursus
2944 3684 3090 3733 tanta
3115 3681 3537 3750 reprehensione

1947 3762 2106 3823 atque
2142 3758 2481 3815 accusatione
2527 3776 2618 3818 res
2658 3763 2816 3836 digna
2864 3776 2967 3835 est,
3017 3782 3269 3841 quantam
3311 3774 3366 3830 in
3414 3792 3536 3833 eam

1947 3845 2175 3901 Faustus
2203 3848 2454 3906 inimicus
2481 3860 2537 3907 et
2572 3867 2747 3911 caecus
2772 3859 3028 3915 evomuit.
3055 3860 3364 3921 Consulitur
3389 3868 3537 3926 enim

1945 3945 2147 3992 aeterna
2172 3938 2257 3994 lex
2277 3939 2367 3994 illa
2397 3941 2639 3999 ordinem
2665 3947 2963 4004 naturalem
2983 3957 3293 4010 conservari
3316 3957 3534 4026 jubens,

1944 4030 2251 4098 perturbari
2275 4042 2487 4102 vetans,
2513 4042 2569 4090 et
2591 4051 2698 4092 non
2726 4038 2802 4094 ita
2826 4039 2894 4094 de
2925 4041 3028 4099 hoc
3050 4044 3188 4102 facto
3217 4046 3441 4118 judicat,
3472 4066 3538 4107 ac

1944 4121 1992 4176 si
2014 4121 2104 4178 ille
2133 4122 2186 4178 in
2214 4123 2350 4209 filias
2380 4127 2580 4183 nefaria
2602 4128 2821 4188 libidine
2849 4137 3133 4207 exarserit,
3159 4148 3217 4195 ut
3242 4157 3425 4198 earum
3448 4146 3535 4201 in-

1943 4222 2148 4269 cestato
2167 4229 2391 4287 corpore
2410 4217 2696 4288 frueretur,
2719 4232 2811 4279 aut
2829 4238 2921 4282 eas
2948 4227 3169 4285 haberet
3190 4247 3385 4289 uxores
3407 4237 3535 4292 :sed

1945 4320 2045 4361 nec
2067 4306 2136 4363 de
2173 4308 2276 4363 illis
2304 4307 2539 4380 feminis,
2577 4327 2641 4368 ac
2670 4315 2714 4369 si
2755 4316 2807 4370 in
2837 4318 2917 4373 sui
2943 4322 3109 4390 patris
3139 4338 3353 4381 carnem
3380 4343 3536 4384 exse-

1943 4397 2129 4455 crabili
2167 4413 2351 4456 amore
2378 4400 2710 4472 ﬂagrassent.
2742 4406 2900 4465 Ratio
2942 4413 3139 4482 quippe
3166 4415 3387 4485 justitiae
3427 4436 3532 4477 non

1945 4496 2151 4544 tantum
2187 4491 2314 4561 quid
2354 4491 2550 4548 factum
2596 4497 2688 4563 sit,
2716 4512 2903 4556 verum
2937 4503 3098 4559 etiam
3139 4523 3306 4577 quare
3336 4510 3532 4568 factum

1944 4581 2015 4635 sit
2031 4580 2352 4651 intuetur,ut
2366 4598 2429 4639 ex
2448 4586 2623 4641 causis
2635 4588 2745 4643 suis
2758 4588 2895 4646 facta
2911 4596 3196 4662 pendentia
3212 4600 3532 4660 libramento

1943 4672 2209 4741 aequitatis
2228 4674 2517 4732 examinet.
2533 4678 2667 4734 Cum
2686 4681 2847 4751 igitur
2864 4684 2967 4740 illae.
2981 4687 3049 4742 ad
3065 4696 3529 4752 conservationem

1941 4764 2156 4833 generis
2176 4765 2381 4835 prolem
2407 4781 2729 4837 qumrerent,
2753 4775 2843 4845 qui
2863 4776 3047 4849 utique
3063 4784 3082 4814 ²
3100 4782 3152 4839 in
3171 4784 3247 4837 eis
3266 4785 3531 4843 humanus

1942 4864 2061 4912 erat
2101 4865 2156 4913 et
2186 4860 2444 4917 naturalis
2478 4862 2723 4933 affectus,
2763 4883 2867 4925 nec
2890 4884 2949 4925 se
2982 4874 3263 4931 crederent
3291 4878 3530 4937 invenire

1942 4960 2101 5015 posse
2114 4948 2250 5004 alios
2272 4950 2437 5017 viros,
2459 4953 2604 5008 velut
2630 4965 2821 5012 exusto
2841 4960 2930 5016 illa
2953 4962 3367 5035 conﬂagratione
3397 4970 3529 5026 orbe

1944 5047 2206 5095 terrarum
2224 5081 2241 5109 ,
2270 5057 2445 5113 neque
2468 5045 2612 5100 enim
2640 5047 2944 5107 discernere
2968 5064 3213 5123 poterant
3249 5074 3530 5132 quousque

1942 5132 2080 5203 ignis
2108 5133 2199 5189 ille
2227 5136 2477 5203 szevierit,
2504 5139 2729 5196 miscere
2757 5156 2816 5197 se
2842 5146 2979 5212 patri
3008 5147 3313 5203 voluerunt.
3341 5151 3526 5209 Potius

1942 5222 2159 5293 quidem
2210 5239 2480 5297 nunquam
2529 5244 2647 5286 esse
2690 5242 2907 5300 matres,
2950 5250 3108 5306 quam
3148 5240 3226 5294 sic
3263 5242 3339 5296 uti
3375 5253 3527 5314 patre

1942 5314 2675 5380 debuerunt:verumtamen
2721 5326 2944 5382 multum
2991 5329 3230 5400 interest,
3275 5336 3415 5405 quod
3462 5352 3525 5394 ea

1942 5419 2102 5463 causa
2140 5422 2252 5463 usae
2277 5419 2420 5477 sunt,
2452 5427 2611 5483 quam
2638 5414 2683 5470 si
2709 5417 3133 5487 concupiscentia
3166 5430 3272 5478 tam
3302 5425 3527 5485 fuitesta:

1942 5500 2226 5570 voluptatis
2246 5512 2542 5561 uterentur.

2011 5591 2239 5649 CAPUT
2272 5594 2452 5649 XLIV.
2475 5598 2646 5653 —Ab
2674 5597 2766 5656 illo
2802 5609 2978 5658 autem
3016 5619 3177 5677 opere
3218 5608 3290 5665 ita
3300 5622 3525 5687 patrum

1944 5682 2233 5740 abhorrere
2274 5687 2593 5753 sentiebant,
2628 5700 2682 5746 ut
2718 5692 2766 5746 id
2801 5707 2861 5749 se
2906 5695 3215 5767 impleturus
3257 5682 3375 5757 esse
3417 5719 3523 5768 non

2005 5841 2027 5917 ξ
2058 5841 2189 5917 apud
2224 5847 2299 5916 Er.
2323 5844 2469 5917 Lugd.
2503 5854 2643 5912 Ven.,
2666 5847 2972 5907 inebriantes.
3035 5863 3094 5905 Μ.

2006 5903 2027 5934 ³
2058 5903 2187 5967 l.ov.,
2212 5906 2326 5967 quia
2346 5903 2524 5967 utique.

2212 5918 2326 5970 quia
2346 5918 2524 5973 utique.

2863 6002 3215 6099 (Quamne
3230 6007 3275 6087 j
