4028 6446
502 396 600 455 131

500 511 598 566 vit.
638 506 746 564 Sed
790 514 915 563 tunc
964 503 1163 561 Rachel
1203 510 1413 557 noctem
1442 497 1671 555 habebat
1720 496 1772 550 in
1813 492 1999 549 ordine
2026 498 2086 544 ut

501 607 747 657 maneret
769 612 889 653 cum
910 597 1025 651 viro
1054 614 1067 650 :
1100 603 1223 649 tunc
1246 606 1409 663 penes
1436 605 1552 646 eam
1574 595 1810 659 potestas
1839 585 1927 639 illa
1947 591 2082 648 erat,

504 691 571 748 :le
617 705 720 761 qua
766 703 864 759 per
913 684 1221 757 Apostolum
1268 697 1372 736 vox
1409 688 1557 736 certe
1597 678 1730 733 Novi
1758 672 2086 732 Testamenti

499 798 609 840 non
636 781 816 848 tacuit,
848 780 1057 845 dicens,
1084 775 1329 832 Similiter
1354 782 1398 829 et
1421 773 1497 827 uir
1516 788 1618 826 non
1635 769 1779 824 habet
1799 774 2088 842 potestatem

501 879 581 934 sui
623 877 871 948 corporis,
901 873 989 929 sed
1027 870 1227 925 mulier.
1256 865 1380 924 Ideo
1418 867 1528 937 jam
1554 880 1677 920 cum
1707 876 1891 919 sorore
1933 867 2085 930 pacta

500 980 637 1038 erat,
663 970 749 1025 cui
772 967 909 1022 facta
935 963 1165 1020 debitrix
1189 977 1307 1017 eam
1333 958 1684 1028 translegaret
1702 954 1769 1010 ad
1791 953 2085 1009 debitorem

499 1077 677 1119 unum.
709 1060 839 1114 Nam
872 1059 972 1111 hoc
996 1054 1211 1109 nomine
1238 1051 1291 1106 id
1316 1049 1549 1121 appellat
1574 1046 1863 1117 Apostolus
1891 1060 1903 1095 :
1943 1041 2086 1097 Uxo-

496 1156 567 1217 ri.
605 1154 794 1223 inquit,
835 1151 910 1204 vir
951 1148 1173 1202 debitum
1197 1144 1376 1199 reddat
1425 1141 1483 1214 (Ι
1509 1139 1627 1196 Cor.
1668 1154 1761 1206 vn,
1793 1138 1847 1201 4,
1875 1135 1952 1205 5).
1989 1133 2086 1188 Cui

496 1260 629 1316 ergo
655 1245 736 1298 vir
782 1241 991 1298 debitor
1020 1246 1135 1295 erat
1157 1278 1172 1304 ,
1200 1236 1309 1307 jam
1340 1239 1618 1303 acceperat
1657 1246 1688 1285 a
1731 1242 1915 1284 sorore
1943 1224 2084 1297 quod

409 1386 415 1403 ε
494 1337 733 1407 elegerat
763 1335 1038 1389 voluntate
1059 1372 1074 1397 ,
1104 1338 1163 1385 ut
1196 1329 1246 1384 ei
1270 1326 1423 1382 daret
1450 1324 1591 1396 quod
1633 1321 1862 1378 habebat
1902 1319 1956 1373 in
1986 1331 2083 1388 po-

495 1438 686 1485 testate
697 1471 709 1483 .

567 1519 794 1576 CAPUT
822 1518 883 1573 L.
910 1548 981 1558 —
1001 1517 1098 1573 Hic
1113 1530 1242 1572 vero
1263 1515 1370 1579 ille,
1401 1528 1560 1586 quem
1582 1511 1809 1566 Faustus
1834 1515 2084 1575 tanquam

495 1611 824 1681 impudicum
852 1609 1050 1664 clausis
1074 1608 1160 1662 vel
1202 1608 1378 1677 potius
1406 1604 1683 1661 exstinctis
1707 1600 1875 1656 oculis
1903 1596 2085 1653 crimi-

496 1712 676 1767 natur,
710 1703 755 1756 si
805 1699 1251 1769 concupiscentia:
1299 1713 1403 1752 non
1425 1694 1647 1766 iustitiae
1691 1705 1877 1748 servus
1902 1696 2081 1753 esset,

498 1811 678 1851 nonne
724 1809 819 1863 per
863 1801 1031 1847 totum
1063 1790 1205 1845 diem
1251 1790 1303 1843 in
1355 1788 1680 1855 voluptatem
1728 1782 1869 1837 illius
1913 1778 2084 1833 noctis

496 1894 753 1942 aestuaret
780 1927 794 1949 ,
826 1900 927 1954 qua
953 1890 1065 1937 erat
1093 1896 1214 1935 cum
1248 1878 1553 1951 pulchriore
1582 1876 1893 1931 cubiturus:
1925 1886 2084 1943 quam

494 1987 649 2034 certe
690 1977 920 2046 amplius
983 1974 1277 2044 diligebat,
1323 1980 1377 2027 et
1417 1985 1512 2041 pro
1559 1984 1662 2040 qua
1710 1968 1792 2021 bis
1836 1974 2084 2034 septena-

501 2071 642 2125 rium
670 2070 687 2100 ί
718 2082 978 2123 annorum
1022 2065 1257 2122 laborem
1303 2063 1587 2134 gratuitum
1634 2055 1925 2128 penderet?
1950 2052 2083 2109 Cum

493 2174 624 2228 ergo
647 2158 756 2229 jam
787 2157 873 2211 die
903 2162 1119 2225 peracto
1151 2155 1202 2208 in
1248 2153 1365 2223 ejus
1395 2153 1497 2206 iret
1522 2151 1794 2218 amplexus
1817 2188 1831 2215 ,
1872 2144 2084 2215 quando

447 2238 460 2247 ’
496 2250 621 2304 inde
641 2256 995 2311 averteretur,
1037 2246 1081 2299 si
1110 2245 1229 2299 talis
1255 2252 1417 2309 esset,
1450 2241 1662 2312 qualem
1689 2236 1967 2293 Manichzei
1998 2236 2081 2288 ni-

496 2343 573 2398 hil
618 2341 971 2411 intelligentes
1010 2337 1331 2408 opinantur?
1372 2335 1559 2390 Nonne
1608 2332 1802 2403 placito
1844 2336 2084 2384 contem-

495 2443 587 2506 pto
626 2434 904 2487 mulierum
927 2472 941 2497 ,
988 2430 1211 2484 intraret
1240 2428 1417 2497 potius
1455 2425 1521 2479 ad
1562 2424 1858 2493 speciosam
1888 2435 2038 2474 suam
2063 2460 2078 2485 ,

491 2542 614 2597 qua:
641 2526 713 2579 illi
744 2535 952 2579 noctem
982 2524 1172 2592 ipsam,
1200 2535 1305 2574 non
1336 2517 1510 2574 solum
1532 2515 1772 2585 conjugis
1792 2528 1960 2577 more,
1987 2526 2082 2565 ve-

494 2636 614 2676 rum
645 2620 803 2674 etiam
832 2617 1034 2672 ordinis
1059 2615 1180 2684 jure
1204 2611 1467 2668 debebat?
1494 2609 1746 2665 Uteretur
1772 2606 1946 2677 potius
1971 2604 2084 2673 ipse

494 2721 757 2782 potestate
786 2709 1045 2775 maritali,
1088 2707 1209 2776 quia
1240 2712 1295 2760 et
1323 2720 1453 2758 uxor
1479 2719 1581 2756 mm
1619 2700 1763 2754 habet
1791 2705 2083 2768 potestatem

491 2804 721 2874 corporis
750 2804 848 2864 sui,
875 2802 962 2855 sed
983 2803 1089 2865 uir;
1119 2808 1174 2853 et
1200 2812 1298 2867 pro
1322 2812 1388 2851 eo
1415 2806 1539 2850 tunc
1579 2793 1851 2849 servitutis
1874 2791 2082 2845 illarum

493 2893 804 2950 vicissitudo
854 2891 1116 2945 faciebat:
1145 2887 1409 2959 conjugali
1454 2900 1581 2956 ergo
1627 2891 1887 2954 potestate
1916 2882 2084 2935 multo

492 2984 797 3039 viucibilius
841 2989 1100 3043 uteretur,
1146 2979 1193 3032 si
1238 2978 1422 3031 formze
1466 2974 1732 3029 desiderio
1761 2974 2080 3026 vinceretur.

493 3076 599 3134 Sed
622 3092 687 3129 co
710 3075 958 3129 meliores
982 3070 1195 3126 feminae
1222 3068 1613 3132 invenirentur,
1641 3066 1685 3119 si
1716 3065 1818 3119 illm
1841 3079 1935 3133 pro
1964 3062 2084 3116 filiis

494 3167 874 3236 concipiendis,
909 3167 1020 3235 ipse
1045 3171 1219 3217 autem
1251 3177 1346 3232 pro
1372 3159 1688 3215 concubitus
1708 3157 1788 3212 sui
1816 3155 2086 3225 voluptate

494 3270 745 3317 certaret.
789 3258 970 3326 Itaque
1001 3256 1081 3310 vir
1116 3251 1631 3323 temperantissimus
1651 3291 1666 3317 ,
1712 3258 1766 3303 et
1795 3248 1949 3317 plane
1978 3246 2081 3311 vir,

495 3352 616 3422 quia
663 3360 767 3404 tam
814 3347 1040 3403 viriliter
1079 3344 1292 3399 feminis
1336 3342 1603 3406 utebatur,
1648 3347 1707 3394 ιιι
1746 3337 2087 3393 delectationi

494 3441 692 3497 earnali
739 3454 844 3493 non
896 3437 1269 3506 subjiccrctur,
1317 3433 1412 3491 sed
1459 3431 1863 3490 dominaretur,
1917 3429 2086 3496 magis

494 3533 619 3602 quid
646 3531 900 3597 deberet,
948 3544 1104 3598 quam
1133 3526 1257 3597 quid
1286 3525 1335 3580 ei
1380 3523 1667 3579 deberetur
1695 3520 1946 3583 attendit;
1989 3533 2088 3573 nec

494 3624 562 3678 ad
590 3622 856 3693 propriam
885 3621 1209 3688 voluptatem
1253 3631 1349 3671 sua
1391 3622 1653 3685 potestate
1689 3612 1835 3667 abuti
1883 3612 2084 3675 voluit,

494 3717 589 3775 sed
636 3718 776 3770 illius
802 3715 963 3769 debiti
996 3711 1235 3765 redditor
1272 3724 1431 3780 quam
1457 3718 1673 3763 exactor
1710 3719 1832 3760 esse
1877 3703 2084 3758 maluit.

500 3807 650 3864 Unde
675 3819 1007 3874 consequens
1057 3812 1172 3857 erat
1202 3811 1259 3856 ut
1291 3802 1339 3855 ei
1380 3800 1667 3864 redderet,
1718 3812 1876 3868 quam
1907 3812 2002 3866 pro
2029 3811 2088 3851 se

497 3900 551 3954 id
592 3900 837 3967 accipere
868 3897 955 3950 illa
992 3897 1076 3949 cui
1107 3894 1400 3949 debebatur
1417 3892 1579 3962 elegit
1607 3909 1619 3945 :
1643 3907 1749 3960 quo
1775 3905 1956 3945 earum
1983 3889 2088 3958 pla-

496 3992 603 4046 cito
627 3998 885 4060 pactoque
911 3995 1206 4057 comperto,
1238 4001 1360 4040 cum
1392 3992 1611 4053 repente
1635 3992 1793 4053 atque
1818 3982 2089 4051 inopinate

497 4099 527 4136 a
594 4081 949 4151 pulcherrima
992 4078 1218 4146 conjuge
1286 4085 1647 4138 revocaretur,
1690 4083 1744 4128 et
1803 4074 1868 4128 ad
1912 4073 2088 4127 minus

497 4176 748 4231 decoram
774 4182 1075 4236 vocaretur,
1107 4186 1212 4224 non
1253 4169 1328 4223 ira
1357 4167 1675 4232 excanduit,
1722 4182 1828 4222 non
1877 4166 2088 4221 tristitia

500 4268 768 4322 nubilatus
794 4273 907 4331 est,
936 4279 1041 4317 non
1085 4261 1356 4317 enerviter
1397 4257 1656 4323 blandus,
1693 4265 1749 4310 ut
1786 4256 1885 4311 sibi
1915 4257 2089 4325 potius

499 4356 701 4412 Rachel
724 4364 931 4408 noctem
952 4352 1215 4417 redderet,
1239 4351 1377 4404 inter
1397 4349 1579 4402 ambas
1607 4347 1797 4418 sategit
1820 4364 1831 4400 :
1858 4346 1950 4401 sed
1978 4361 2090 4401 ma-

502 4449 634 4503 ritus
654 4448 828 4515 justus
855 4454 909 4499 et
936 4444 1187 4514 providus
1216 4452 1386 4512 pater,
1419 4455 1537 4495 cum
1568 4439 1683 4493 illas
1712 4438 1874 4508 prolis
1907 4453 2090 4493 curam

503 4553 689 4609 gerere
708 4536 935 4601 videret,
965 4544 1014 4587 et
1042 4534 1155 4603 ipse
1194 4532 1322 4585 nihil
1348 4531 1490 4584 aliud
1514 4530 1581 4585 de
1619 4530 1904 4584 concubitu
1942 4544 2089 4600 qua!-

502 4638 663 4692 rcret,
686 4644 871 4683 carum
896 4626 1147 4679 voluntati
1171 4621 1644 4692 obtemperantium
1674 4621 1948 4691 judicavit,
1972 4636 2090 4690 qua:

502 4723 603 4780 sibi
634 4720 935 4791 singillatim
965 4718 1102 4771 filios
1124 4716 1408 4785 optabant;
1440 4730 1550 4768 sum
1572 4715 1592 4744 '
1626 4714 1760 4767 nihil
1786 4713 1971 4773 minui,
2004 4712 2091 4766 cui

503 4814 675 4870 ambae
706 4812 1000 4882 pariebant.
1043 4809 1315 4879 Tanquam
1344 4808 1579 4861 diceret:
1610 4805 1773 4859 Vobis
1800 4805 1936 4858 inter
1957 4820 2050 4859 vos
2072 4846 2087 4871 ,

508 4917 568 4961 ut
596 4906 790 4971 vultis,
836 4904 1009 4959 cedite
1049 4911 1207 4971 atque
1252 4898 1528 4953 concedite
1570 4912 1815 4967 quamam
1854 4905 2089 4951 vestrum

507 5000 601 5052 fiat
626 5004 799 5051 mater
830 5014 843 5048 :
872 5010 970 5064 ego
997 4993 1123 5062 quid
1162 4990 1479 5045 contendam
1499 5029 1515 5055 ,
1561 4990 1773 5057 quando
1811 4988 1923 5043 sive
1968 4987 2093 5042 hinc

504 5090 615 5145 sive
640 5088 762 5143 inde
792 5085 1029 5142 nascenti
1057 5098 1163 5138 non
1191 5083 1293 5138 erit
1315 5082 1450 5136 alius
1470 5082 1657 5150 pater?
1685 5082 1829 5136 llanc
1853 5081 2091 5151 profecto

507 5181 848 5246 modestiam,
878 5180 1016 5233 hanc
1055 5174 1501 5245 concupiscentim
1521 5175 1895 5228 coercitionem
1919 5215 1931 5237 ,
1961 5182 2016 5227 et
2040 5174 2091 5227 in

507 5274 889 5326 commixtione
918 5284 1201 5339 corporum
1227 5266 1579 5335 conjugalium
1607 5265 1778 5318 solum
1802 5264 2089 5333 appetitum

511 5362 835 5431 posteritatis
863 5362 1127 5425 humante,
1159 5366 1217 5410 ut
1244 5366 1359 5411 erat
1386 5365 1571 5410 acutus
1603 5355 1829 5410 Faustus
1848 5396 1861 5419 ,
1907 5356 1960 5408 in
1989 5355 2092 5410 illis

511 5451 727 5507 Litteris
756 5460 808 5504 et
838 5451 1158 5520 intelligeret
1183 5458 1237 5502 et
1258 5447 1518 5513 laudaret,
1550 5448 1649 5500 nisi
1681 5446 1793 5515 ejus
1821 5446 2089 5516 ingenium

512 5541 809 5597 detestabili
837 5552 981 5594 secta
1012 5541 1378 5609 depravatum,
1426 5547 1483 5592 et
1511 5537 1637 5608 quid
1675 5537 2093 5607 reprehenderet

511 5644 804 5707 quaereret,
854 5641 908 5687 et
950 5648 1109 5686 unam
1150 5631 1403 5702 nuptialis
1444 5630 1811 5685 conventionis
1839 5628 2091 5685 honesta-

570 5769 591 5799 ³
624 5768 698 5818 sic
721 5776 820 5817 Am.
844 5774 918 5816 Er.
948 5774 998 5817 et
1020 5765 1187 5828 plures
1203 5773 1307 5815 Mss.
1336 5770 1392 5829 At
1410 5763 1953 5829 Lov.,bisseptenomm.

571 5832 592 5861 '
624 5836 697 5880 Er.
723 5831 869 5891 Lugd.
893 5838 945 5880 et
968 5826 1084 5878 ven.
1111 5829 1308 5889 habent,
1333 5826 1439 5877 sibi.
1505 5834 1562 5876 Μ.

1310 386 1585 444 CONTRA
1620 376 1944 440 FAUSTUM
1983 369 2438 443 MANICHJEIJM,
2480 374 2537 432 S.
2577 371 2949 432 AUGUSTINI

3666 375 3765 435 £39

2194 496 2335 557 tem,
2381 505 2483 561 qua
2526 504 2701 544 mares
2731 495 2785 544 et
2832 487 3040 543 feminae
3080 486 3366 543 liberorum
3413 490 3767 559 procreando-

2193 598 2310 638 rum
2353 597 2512 639 eausa
2553 583 2887 654 copulantur,
2934 581 3037 638 hoc
3079 582 3280 638 crimen
3326 583 3626 639 maximum
3673 584 3765 641 de-

2192 686 2420 748 putaret.

2262 769 2490 826 CAPUT
2517 769 2602 825 Ll.
2625 798 2699 809 —
2725 769 2877 825 Nunc
2894 767 3006 840 jam
3048 768 3279 825 defensis
3309 768 3635 825 Patriarcha:
3658 786 3769 826 mo-

2191 860 2357 927 ribus,
2388 861 2718 933 refutatoque
2747 861 2971 917 crimine
2996 860 3138 932 quod
3169 860 3403 916 nefarius
3432 876 3587 917 error
3618 861 3766 931 obje-

2190 952 2303 1019 cit,
2335 953 2403 1009 de
2443 954 2611 1010 libero
2638 954 2656 987 ί
2683 963 2743 1010 ιιι
2784 969 3067 1026 possumus
3089 994 3106 1021 ,
3148 947 3525 1026 mysterion
3568 963 3768 1009 secreta

2190 1046 2465 1113 rimemur,
2496 1050 2874 1120 pulsemusque
2900 1047 3022 1103 fidei
3051 1047 3268 1119 pietate,
3295 1056 3354 1103 ut
3382 1048 3536 1103 nobis
3562 1048 3766 1118 aperia-
3818 1036 3825 1041 ’

2190 1148 2277 1195 tur
2305 1156 2334 1194 a
2364 1142 2589 1197 Domino
2612 1182 2627 1208 ,
2658 1142 2785 1213 quid
2812 1157 2991 1197 rerum
3020 1138 3363 1212 figuraverint
3404 1150 3631 1210 quatuor
3658 1140 3772 1195 ista

2191 1246 2385 1287 uxores
2408 1232 2594 1297 Jacob,
2624 1248 2845 1303 quarum
2871 1232 2990 1287 dua:
3019 1231 3201 1287 libera:
3226 1271 3241 1296 ,
3273 1230 3393 1285 dum
3422 1231 3629 1286 ancillae
3656 1231 3771 1287 fue-

2189 1335 2332 1380 runt.
2377 1324 2633 1380 Videmus
2659 1326 2799 1379 enim
2844 1324 3156 1394 Aposmlum
3181 1365 3196 1389 ,
3230 1324 3281 1377 in
3315 1308 3480 1379 libera
3509 1332 3564 1379 et
3585 1323 3772 1380 ancilla

2189 1431 2321 1488 quas
2367 1417 2550 1472 habuit
2588 1416 2891 1482 Abraham,
2944 1415 3051 1471 duo
3094 1414 3434 1470 Testamenta
3478 1415 3774 1486 intelligere

2190 1506 2386 1580 (Galat.
2418 1525 2490 1575 iv,
2516 1506 2730 1580 22-24)
2764 1527 2776 1562 :
2810 1507 2903 1563 sed
2928 1507 3000 1563 ibi
3025 1506 3078 1561 in
3105 1521 3210 1561 una
3234 1516 3289 1561 et
3316 1521 3419 1561 una
3450 1506 3656 1563 facilius
3678 1521 3772 1577 ap-

2189 1611 2342 1671 paret
2384 1601 2525 1672 quod
2575 1602 2800 1665 dicitur;
2846 1600 2932 1655 hic
2983 1609 3159 1655 autem
3204 1599 3322 1656 duae
3370 1608 3495 1655 sunt
3533 1610 3591 1656 et
3630 1600 3771 1656 dum.

2190 1691 2391 1747 Deinde
2420 1693 2491 1746 ibi
2516 1694 2721 1748 ancillae
2751 1692 2891 1747 filius
2914 1692 3306 1760 exhaaredatnr,
3335 1692 3422 1748 hic
3448 1707 3577 1749 vero
3604 1694 3773 1748 ancil-

2187 1784 2357 1839 larum
2386 1784 2477 1838 ﬁlii
2522 1785 2679 1839 simul
2708 1798 2829 1838 cum
2859 1784 2979 1838 filiis
3012 1783 3299 1838 liberarum
3328 1791 3523 1839 terram
3550 1785 3776 1855 promise

2188 1877 2352 1931 sionis
2378 1877 2644 1946 accipiunt
2676 1894 2688 1930 :
2717 1877 2859 1932 unde
2884 1876 2971 1933 hic
2996 1876 3187 1948 procul
3214 1877 3376 1934 dubio
3404 1877 3601 1949 aliquid
3630 1879 3775 1934 aliud

2187 1970 2535 2038 significatur.

2257 2061 2481 2117 CAPUT
2535 2062 2650 2118 ιιι.
2705 2095 2777 2105 -
2828 2063 3140 2135 Quanquam
3193 2064 3336 2120 enim
3392 2064 3526 2120 duas
3580 2065 3775 2123 liberas

2186 2167 2382 2207 uxores
2412 2152 2577 2209 Jaeob
2602 2154 2668 2208 ad
2706 2155 2909 2209 Novum
2940 2154 3364 2221 Testamentum,
3391 2171 3497 2227 quo
3528 2156 3582 2212 in
3610 2157 3776 2213 liber-

2190 2253 2349 2300 tatem
2369 2247 2541 2300 vocati
2565 2262 2777 2314 sumus,
2817 2248 3116 2303 existimem
3148 2248 3434 2317 pertinere,
3462 2264 3567 2304 non
3596 2259 3776 2306 tamen

2188 2336 2381 2393 frustra
2404 2338 2522 2394 duae
2547 2349 2670 2394 sunt
2701 2359 2712 2395 :
2740 2342 2841 2396 nisi
2865 2340 3001 2397 forte
3024 2342 3147 2413 quia
3172 2342 3256 2413 (id
3282 2342 3423 2411 quod
3449 2342 3503 2397 in
3529 2343 3773 2414 Scriptu-

2186 2430 2262 2483 ris
2287 2429 2489 2485 adverti
2505 2433 2797 2487 etinveniri
2816 2433 3011 2503 potest)
3030 2433 3147 2487 dum
3175 2434 3297 2488 vitae
3324 2434 3476 2489 nobis
3494 2435 3546 2488 in
3577 2434 3779 2491 Christi

2186 2534 2413 2590 corpore
2442 2521 2829 2590 praedicantur;
2862 2538 2965 2578 una
2996 2524 3303 2593 temporalis
3333 2524 3384 2579 in
3424 2539 3529 2594 qua
3556 2525 3779 2580 labora-

2187 2627 2306 2666 mus
2329 2654 2343 2677 ,
2370 2612 2472 2667 alia
2502 2622 2701 2670 aeterna
2729 2615 2781 2669 in
2809 2630 2912 2686 qua
2955 2614 3360 2672 delectationem
3406 2617 3500 2671 Dei
3529 2625 3778 2672 contem-

2188 2705 2467 2774 plabimnr.
2512 2707 2670 2763 istam
2715 2709 2971 2777 Dominus
3012 2709 3298 2779 passione,
3342 2710 3484 2764 illam
3534 2699 3783 2766 resurre-

2186 2797 2363 2853 ctione
2379 2798 2691 2854 declaravit.
2721 2800 3024 2855 Admonent
3046 2815 3145 2855 nos
3165 2801 3232 2854 ad
3253 2801 3353 2856 hoc
3370 2802 3777 2874 intelligendum

2186 2886 2398 2943 illarum
2424 2890 2586 2944 etiam
2627 2891 2841 2945 nomina
2873 2890 3213 2947 feminarum.
3245 2894 3435 2948 Dicunt
3461 2894 3605 2948 enim
3635 2894 3783 2965 quod

2187 2979 2279 3034 Lia
2326 2980 2701 3050 interpretatur
2748 2982 3056 3049 Laborans,
3111 2984 3313 3040 Rachel
3359 2993 3535 3040 autem
3593 2986 3781 3042 Visum

2188 3070 2527 3140 principium,
2561 3072 2674 3129 sive
2702 3073 2937 3129 Verbum
2964 3090 3032 3129 ex
3058 3090 3164 3145 quo
3188 3075 3399 3131 videtur
3429 3077 3776 3147 principium.

2188 3161 2340 3217 Actio
2366 3176 2494 3231 ergo
2518 3162 2765 3219 humanm
2793 3164 3139 3235 mortalisque
3165 3166 3305 3233 vitae,
3337 3166 3391 3221 in
3418 3182 3521 3237 qua
3551 3167 3782 3222 vivimus

2189 3266 2253 3305 ex
2280 3251 2385 3306 fide
2408 3295 2423 3318 ,
2457 3254 2620 3308 multa
2651 3255 2913 3310 laboriosa
2938 3270 3098 3325 Opera
3127 3255 3384 3312 facientes
3407 3299 3422 3323 ,
3454 3258 3647 3313 incerti
3676 3274 3782 3329 quo

2188 3344 2330 3397 exitu
2357 3347 2670 3414 proveniant
2689 3347 2755 3402 ad
2775 3348 3055 3403 utilitatem
3077 3363 3261 3403 eorum
3284 3350 3475 3420 quibus
3493 3352 3782 3406 consulere

2190 3426 2606 3508 volumusfipsa
2644 3448 2728 3495 est
2765 3439 2858 3494 Lia
2900 3440 3045 3510 prior
3069 3456 3206 3495 uxor
3230 3440 3393 3495 Jacob
3423 3459 3435 3493 :
3470 3456 3534 3497 ac
3557 3458 3660 3512 per
3682 3443 3783 3497 hoc

2189 3537 2244 3582 et
2273 3528 2497 3584 infirmis
2523 3532 2691 3586 oculis
2720 3531 2884 3587 fuisse
2911 3541 3385 3589 commemoratur.
3411 3534 3785 3605 Cogitationes

2190 3622 2331 3676 enim
2363 3624 2668 3679 mortalium
2700 3625 2899 3681 timidae
2922 3668 2937 3691 ,
2966 3635 3020 3681 et
3048 3626 3263 3682 incerta
3302 3626 3655 3696 providentia;
3680 3641 3781 3682 no.

2190 3722 2316 3767 strae
2339 3712 2500 3787 (Sap.
2527 3732 2600 3783 ιιι,
2625 3717 2691 3770 14
2708 3718 2752 3786 ).
2775 3716 2909 3787 Spes
2928 3732 3058 3772 vero
3082 3726 3295 3773 ueterum
3313 3718 3788 3786 contemplationis

2193 3804 2323 3871 Dei,
2371 3805 2570 3862 habens
2614 3817 2814 3863 certam
2860 3816 2915 3863 et
2961 3808 3330 3864 delectabilem
3372 3809 3787 3879 intelligentiam

2191 3896 2425 3951 veritatis
2448 3940 2463 3964 ,
2495 3899 2605 3968 ipsa
2646 3908 2729 3955 est
2752 3900 2949 3957 Rachel
2980 3919 2993 3955 :
3024 3901 3165 3956 unde
3209 3902 3368 3957 etiam
3416 3900 3614 3956 dicitur
3641 3902 3786 3957 bona

2192 3988 2325 4043 faeie
2349 4030 2364 4055 ,
2398 4000 2453 4044 et
2479 3991 2696 4061 pulchra
2740 3993 2939 4063 specie.
2972 3993 3119 4047 Hanc
3147 3993 3291 4048 enim
3320 4001 3465 4048 amat
3488 3994 3674 4049 omnis
3702 3995 3791 4063 pie

2192 4079 2483 4148 studiosus,
2506 4090 2561 4137 et
2588 4090 2802 4153 propter
2822 4083 2961 4138 hanc
2981 4084 3144 4140 servit
3165 4083 3354 4153 gratia:
3380 4082 3495 4149 Dei,
3523 4098 3635 4152 qua
3657 4098 3792 4154 pec-

2192 4178 2310 4225 cata
2342 4181 2518 4226 nostra
2543 4213 2559 4237 ,
2592 4174 2693 4228 etsi
2724 4172 2922 4229 fuerint
2958 4174 3094 4229 sicut
3135 4173 3457 4244 phmnicium
3486 4215 3501 4238 ,
3532 4182 3794 4244 tanquam

2193 4264 2287 4318 nix
2319 4263 2633 4319 dealbantur
2663 4267 2682 4295 ²
2709 4264 2877 4335 (Ιεαὶ.
2906 4259 2962 4330 t',
2997 4263 3104 4337 18)
3134 4282 3147 4319 :
3178 4265 3361 4319 Laban
3399 4264 3597 4334 quippe
3624 4264 3799 4319 inter-

2195 4362 2432 4424 pretatur
2455 4355 2749 4423 Dealbatio,
2773 4356 2860 4412 cui
2895 4356 3112 4412 servivit
3135 4356 3301 4412 Jaeob
3335 4364 3551 4425 propter
3585 4354 3797 4411 Rachel

2198 4447 2359 4519 (Gen.
2391 4465 2517 4503 xxix
2539 4491 2554 4513 ,
2586 4450 2675 4515 l7,
2704 4450 2772 4506 30
2792 4451 2832 4521 ).
2863 4449 3046 4520 Neque
3089 4450 3231 4504 enim
3259 4465 3318 4505 se
3343 4451 3630 4519 quisquam
3658 4464 3796 4505 con-

2194 4541 2354 4595 vertit
2398 4541 2496 4595 sub
2523 4542 2690 4611 gratia
2722 4542 3053 4598 remissionis
3080 4548 3422 4611 peccatorum
3465 4542 3681 4598 servire
3707 4543 3838 4610 ju-t

2194 4631 2387 4693 stitim,
2415 4633 2517 4686 nisi
2562 4640 2621 4687 ut
2663 4634 2842 4703 quiete
2870 4634 3011 4688 vivat
3054 4633 3106 4686 in
3135 4632 3298 4687 verbo
3339 4647 3404 4686 ex
3444 4647 3551 4702 quo
3578 4632 3804 4687 videtur
3834 4658 3847 4715 θ

2195 4724 2547 4794 principium,
2602 4725 2743 4795 quod
2781 4734 2863 4781 est
2904 4726 3088 4783 Deus:
3118 4740 3246 4796 ergo
3289 4734 3507 4796 propter
3542 4725 3762 4781 Rachel
3785 4765 3802 4790 ,
3834 4716 3842 4747 ‘

2196 4831 2300 4870 non
2347 4825 2561 4885 propter
2600 4817 2749 4871 Liam
2780 4817 2821 4869 ³.
2854 4816 2985 4872 Nam
3026 4817 3145 4887 quis
3175 4817 3388 4872 tandem
3428 4818 3705 4872 amaverit
3746 4817 3805 4871 in

2136 4961 2149 4972 ,
2195 4909 2445 4977 Operibtts
2467 4908 2685 4978 justitiae
2704 4908 2939 4965 laborem
2963 4911 3233 4965 actionum
3261 4909 3419 4979 atque
3435 4909 3758 4978 passionum
3783 4908 3808 4961 ?

2195 5001 2325 5069 Quis
2366 5017 2485 5056 cam
2516 5001 2680 5056 vitam
2726 5010 2940 5072 propter
2978 5002 3208 5071 seipsam
3258 5001 3611 5069 expetiverit?
3660 5001 3812 5056 sicut

2198 5109 2297 5149 uec
2342 5095 2507 5149 Jacob
2547 5095 2696 5149 Liam
2731 5114 2743 5149 :
2777 5096 2870 5151 sed
2917 5103 3097 5150 tamen
3141 5094 3239 5150 sibi
3274 5103 3431 5149 nocte
3458 5094 3811 5162 suppositam

2198 5188 2429 5243 iuusum
2473 5186 2765 5257 generandi
2813 5187 3091 5256 amplexus
3139 5196 3194 5241 et
3245 5186 3629 5241 fecunditatem
3685 5187 3813 5257 ejus

2197 5290 2451 5349 expertus
2476 5289 2577 5334 est.
2612 5279 2867 5333 Dominus
2908 5279 3050 5333 enim
3077 5292 3196 5332 eam
3218 5319 3232 5341 ,
3275 5278 3399 5346 quia
3428 5291 3525 5345 per
3552 5276 3813 5345 seipsam

2196 5371 2345 5441 diligi
2375 5387 2481 5426 non
2514 5378 2740 5439 poterat,
2772 5368 2945 5437 primo
2970 5376 3028 5422 ιιι
3064 5366 3129 5421 ad
3161 5366 3359 5422 Rachel
3389 5365 3813 5435 perveniretur,

2198 5464 2414 5518 tolerari
2444 5462 2600 5527 fecit,
2627 5461 2818 5516 deinde
2845 5468 3065 5529 propter
3094 5459 3230 5514 filios
3254 5457 3685 5513 commendavit.
3734 5460 3817 5514 ιιι

2264 5578 2281 5608 ¹
2317 5584 2448 5637 Lov.,
2468 5577 2528 5626 de
2553 5574 2690 5626 libro.
2715 5575 2888 5624 verius
2918 5571 3035 5623 editi
3059 5571 3139 5621 alii
3201 5578 3253 5622 et
3291 5578 3419 5631 Mss,
3443 5570 3506 5622 de
3542 5567 3731 5633 libero,
3765 5571 3821 5622 id

2200 5649 2277 5690 est
2299 5645 2701 5702 prOprtasponte.

2262 5705 2282 5734 ²
2302 5700 2443 5761 'Lov.,
2468 5700 2829 5761 deatbabrmtur.

2263 5765 2284 5797 ³
2315 5764 2397 5812 Hic
2420 5757 2469 5813 in
2493 5763 2685 5811 excusis
2705 5760 2936 5822 additum,
2954 5758 3189 5821 servitur;
3218 5757 3347 5824 quod
3368 5757 3574 5811 verbum
3603 5758 3765 5816 abest
3788 5769 3823 5809 δ
