4028 6422
263 331 367 390 485

264 461 388 503 vero
413 446 782 518 unusquisque
807 446 952 504 utilis
979 447 1078 506 Dei
1106 463 1293 506 servus
1312 490 1326 514 ,
1355 450 1455 506 sub
1482 447 1838 505 dealbationis

264 545 598 608 peccatorum
626 552 846 594 suorum
868 538 1037 611 gratia
1075 540 1394 596 constitutus
1420 582 1434 606 ,
1461 541 1589 612 quid
1617 541 1760 595 aliud
1791 541 1844 594 in

261 643 353 685 sua
381 629 738 685 conversione
780 631 798 662 ⁸
841 629 1126 686 meditatus
1166 639 1287 696 est,
1339 631 1465 701 quid
1505 630 1648 686 aliud
1685 630 1846 686 corde

261 721 505 792 gestavit,
531 720 663 792 quid
689 721 832 777 aliud
855 720 1144 790 adamavit,
1176 723 1278 778 nisi
1307 722 1606 778 doctrinam
1635 722 1847 792 sapien-

262 813 378 869 tiae?
399 813 575 880 Quam
605 812 848 884 plerique
886 830 946 871 se
970 814 1258 885 adepturos
1284 823 1340 871 et
1382 824 1722 886 percepturos
1751 831 1848 887 pu-

261 914 370 960 tant
395 905 580 960 statim
607 912 666 959 ut
693 919 752 960 se
781 905 834 959 in
863 914 1068 975 scptem
1112 907 1389 977 praeceptis
1429 907 1558 978 legis
1585 921 1847 964 exercue-

261 997 399 1064 rint,
426 1012 552 1066 qua:
597 1005 723 1052 sunt
769 997 838 1053 de
884 997 1167 1054 dilectione
1210 999 1474 1069 proximi,
1502 1014 1572 1055 ne
1599 999 1848 1068 cuiquam

262 1088 458 1143 homini
489 1101 781 1155 noceatur;
809 1088 862 1143 id
888 1098 974 1145 est
993 1131 1008 1155 ,
1042 1088 1256 1144 Honora
1299 1098 1494 1161 patrem
1523 1098 1571 1145 et
1599 1099 1809 1144 matrem
1827 1131 1845 1159 ,

264 1177 379 1233 Non
406 1179 771 1244 machaberis,
805 1177 927 1234 Non
970 1180 1201 1246 occides,
1235 1179 1358 1235 Non
1399 1179 1646 1251 furaberis
1666 1222 1683 1249 ,
1725 1178 1850 1236 Non

263 1271 448 1342 falsum
502 1273 844 1327 testimonium
894 1273 1062 1340 dices,
1111 1271 1233 1328 Non
1276 1274 1596 1346 concupisces
1640 1288 1848 1327 uxorem

263 1363 500 1433 proximi,
525 1363 651 1418 Non
675 1365 995 1435 concupisces
1023 1380 1131 1418 rem
1157 1364 1376 1436 proximi
1401 1362 1610 1436 (Exod.
1641 1381 1733 1431 xx,
1763 1362 1862 1419 12ο,

264 1455 359 1524 l7)
395 1471 408 1508 :
438 1454 638 1525 quibus
682 1463 941 1525 quantum
992 1455 1226 1524 potuerit
1265 1455 1561 1511 observatis
1583 1498 1598 1522 ,
1630 1463 1848 1524 postea-

261 1562 412 1617 quam
443 1545 651 1602 homini
691 1561 790 1617 pro
828 1548 1106 1617 concupita
1143 1554 1200 1602 et
1235 1555 1448 1617 sperata
1493 1545 1848 1617 pulcherrima

263 1637 618 1693 delectatione
647 1637 928 1704 doctrinae,
979 1653 1076 1710 per
1104 1638 1423 1694 tentationes
1461 1638 1632 1692 varias
1656 1679 1671 1704 ,
1700 1637 1850 1708 quasi

264 1743 352 1797 per
366 1729 530 1798 hujus
549 1730 732 1784 saeculi
757 1738 989 1797 noctem,
1022 1728 1299 1784 tolerantia
1327 1728 1523 1785 laboris
1542 1727 1849 1795 adhacscrit,

262 1821 402 1875 velut
420 1836 523 1892 pro
550 1821 754 1878 Rachel
779 1821 874 1878 Lia
898 1822 1167 1893 inopinata
1196 1821 1478 1892 conjuncta
1505 1823 1605 1887 sit;
1635 1831 1690 1877 et
1715 1822 1852 1877 hanc

263 1914 487 1968 sustinet
507 1922 566 1968 ut
593 1913 662 1968 ad
689 1913 836 1969 illam
864 1914 1157 1984 perveniat,
1186 1913 1231 1968 si
1261 1921 1666 1983 perseveranter
1685 1920 1849 1978 amat,

263 2004 494 2074 acceptis
516 2005 637 2059 aliis
655 2012 862 2074 septem
883 2004 1166 2076 praeceptis
1189 2021 1203 2059 :
1227 2018 1289 2058 ac
1315 2004 1359 2059 si
1385 2003 1592 2060 dicatur
1611 2003 1681 2070 ei,
1705 2003 1853 2059 Servi

262 2095 386 2149 alios
408 2105 605 2166 septem
630 2112 792 2151 annos
817 2111 908 2167 pro
935 2093 1160 2161 Rachel;
1182 2104 1240 2150 ut
1268 2094 1337 2150 sit
1363 2097 1384 2126 θ
1417 2109 1615 2164 pauper
1639 2095 1850 2164 spiritu,

264 2186 403 2242 mitis
423 2228 440 2252 ,
470 2185 661 2257 lugens
685 2229 700 2254 ,
728 2187 971 2242 esuriens
1000 2187 1294 2253 sitiensque
1318 2185 1575 2254 justitiam
1598 2226 1612 2248 ,
1640 2185 1852 2241 miseri-

264 2294 378 2335 cors
403 2322 419 2344 ,
466 2281 778 2336 mundicors
797 2322 813 2347 ,
861 2279 1114 2351 paciﬁcus
1157 2278 1370 2352 (Matth.
1397 2293 1431 2333 v
1455 2319 1470 2344 ,
1499 2276 1648 2349 5-9).
1682 2277 1856 2333 Vellet

265 2369 402 2425 enim
431 2370 622 2438 homo,
653 2371 700 2426 si
733 2371 847 2426 ﬁeri
877 2379 1081 2440 posset,
1113 2370 1231 2425 sine
1268 2369 1375 2424 ulla
1403 2368 1680 2423 tolerantia
1710 2367 1856 2424 labo-

265 2461 369 2528 ris,
413 2476 536 2532 quaa
583 2462 636 2515 in
682 2461 888 2532 agendo
933 2459 1291 2531 paliendoque
1332 2458 1697 2529 amplectenda
1740 2466 1855 2527 est,

266 2552 441 2608 statim
471 2551 542 2606 ad
571 2550 809 2621 pulchrae
848 2558 1009 2621 atque
1038 2550 1285 2621 perfecta:
1323 2549 1597 2619 sapientia:
1636 2547 1856 2604 delicias

267 2643 543 2712 pervenire
574 2659 588 2696 :
618 2641 714 2698 sed
743 2641 846 2699 hoc
884 2656 990 2698 non
1021 2649 1196 2712 potest
1224 2641 1278 2695 in
1317 2648 1460 2695 terra
1487 2639 1850 2695 morientium.

269 2733 377 2789 Hoc
416 2734 562 2790 enim
596 2733 809 2789 videtur
851 2733 1152 2804 signiﬁcare
1175 2772 1194 2800 ,
1233 2730 1376 2802 quod
1423 2731 1624 2786 dictum
1668 2739 1751 2785 est
1786 2729 1855 2786 ad

271 2825 429 2883 Iacob
452 2869 470 2893 ,
502 2825 627 2880 Non
653 2834 728 2880 est
753 2826 908 2880 ntoris
947 2826 1002 2880 in
1032 2823 1140 2879 loco
1183 2833 1354 2879 nostro
1377 2865 1392 2892 ,
1420 2833 1474 2878 ut
1510 2823 1676 2878 minor
1699 2823 1857 2879 nubat

271 2920 406 2990 prius
432 2935 585 2988 quam
626 2919 792 2989 major
831 2916 1002 2990 (Gen.
1048 2933 1179 2972 xx1x
1205 2959 1221 2985 ,
1267 2916 1338 2970 27
1364 2955 1378 2981 ,
1407 2915 1538 2979 26).
1585 2915 1718 2984 Quia
1745 2931 1855 2972 non

270 3011 494 3066 absurde
535 3009 709 3080 major
749 3010 1080 3080 appellatur,
1123 3022 1244 3078 quae
1286 3017 1528 3078 tempore
1575 3007 1720 3077 prior
1747 3015 1851 3063 est.

275 3100 419 3156 Prior
445 3110 532 3156 est
569 3108 750 3156 autem
795 3101 850 3155 in
895 3109 1038 3156 recta
1087 3098 1320 3154 hominis
1366 3098 1664 3153 eruditione
1705 3097 1855 3154 labor

271 3187 520 3260 operandi
549 3207 672 3261 qua:
710 3191 854 3261 justa
883 3199 1044 3257 sunt,
1073 3204 1232 3262 quam
1258 3190 1502 3261 voluptas
1527 3187 1854 3260 intelligendi

274 3297 385 3352 qua:
410 3298 535 3337 vera
566 3290 712 3337 sunt.

337 3373 562 3430 CAPUT
591 3373 726 3430 Llll.
754 3403 827 3414 —
849 3372 932 3430 Ad
963 3375 1065 3429 hoc
1094 3373 1238 3430 valet
1276 3373 1418 3443 quod
1443 3373 1699 3444 scriptum
1725 3381 1809 3430 est
1831 3415 1849 3444 ,

277 3465 559 3536 Concupisti
585 3467 908 3536 sapientiam,
934 3481 1076 3520 serua
1093 3466 1352 3534 mandata,
1381 3474 1426 3521 et
1449 3465 1696 3520 Dominus
1721 3481 1854 3536 prte-

275 3557 345 3612 bet
366 3557 512 3612 illam
541 3557 632 3611 tibi
660 3555 858 3628 (Eccti.
889 3573 928 3622 1,
957 3557 1083 3627 55).
1116 3556 1356 3612 Mandata
1393 3557 1576 3628 utique
1603 3557 1670 3612 ad
1691 3556 1853 3627 justi-

275 3651 394 3704 tiam
419 3650 743 3720 pertinentia
777 3663 792 3703 :
817 3648 1079 3719 justitiam
1122 3658 1300 3704 autem
1338 3663 1458 3718 qua:
1495 3663 1562 3703 ex
1599 3646 1704 3703 ﬁde
1746 3656 1850 3716 est,

273 3757 388 3813 quae
409 3743 554 3797 inter
592 3741 943 3797 tentationum
981 3740 1182 3796 incerta
1223 3747 1468 3794 versatur
1488 3781 1503 3804 ,
1531 3746 1592 3794 ut
1619 3738 1703 3808 pie
1729 3751 1853 3793 cre-

273 3833 440 3890 dendo
486 3834 632 3906 quod
675 3833 914 3889 nondum
957 3833 1235 3904 intelligit,
1286 3833 1446 3888 etiam
1491 3831 1854 3904 intelligentia

274 3929 517 3982 meritum
560 3935 939 3998 consequatur.
985 3925 1253 3994 Quantmn
1301 3926 1445 3981 enim
1489 3925 1670 3992 valet,
1709 3925 1852 3997 quod

275 4019 426 4075 modo
443 4019 864 4075 commemoravi
884 4033 1004 4074 esse
1031 4019 1306 4088 scriptum,
1331 4017 1619 4089 Concupisti
1654 4019 1854 4090 sapien-

276 4112 407 4179 tiam,
419 4127 565 4166 serva
592 4111 866 4175 mandata;
885 4119 932 4166 et
953 4110 1200 4166 Dominus
1221 4112 1405 4179 prtrbet
1427 4111 1571 4164 illam
1591 4111 1711 4177 tibi;
1732 4120 1851 4166 tan-

278 4210 379 4255 tum
390 4212 443 4257 et
455 4201 588 4257 illud
600 4201 779 4257 valere
794 4201 1044 4268 arbitror,
1061 4199 1179 4256 Nisi
1195 4201 1521 4268 credideritis,
1542 4217 1642 4255 non
1652 4201 1846 4256 intelli-

275 4292 392 4360 getis
414 4289 582 4364 (Isai.
600 4306 704 4355 v11,
728 4289 799 4364 9)
826 4307 840 4345 :
863 4298 924 4346 ut
941 4291 1148 4361 justitia
1167 4291 1232 4345 ad
1255 4290 1432 4355 ﬁdem,
1450 4290 1517 4346 ad
1536 4291 1852 4361 sapientiam

273 4397 396 4438 vero
439 4383 792 4454 intelligentia
828 4384 1100 4454 pertinere
1137 4393 1485 4438 monstretur.
1529 4383 1759 4440 Proinde
1794 4385 1852 4442 in

280 4475 355 4530 his
381 4477 473 4546 qui
518 4474 747 4546 flagrant
785 4474 987 4545 ingenti
1028 4489 1213 4529 amore
1253 4475 1545 4543 perSpicute
1571 4473 1848 4546 veritatis,

278 4581 376 4622 non
395 4576 481 4624 est
503 4566 910 4639 improbandum
937 4566 1190 4632 studium,
1215 4566 1309 4621 sed
1336 4565 1403 4621 ad
1427 4565 1667 4621 ordinem
1691 4582 1850 4624 revo-

277 4658 496 4713 candum
519 4701 535 4724 ,
564 4668 624 4714 ut
651 4674 682 4712 a
713 4657 816 4714 ﬁde
842 4657 1100 4727 incipiat,
1130 4666 1184 4711 et
1209 4655 1363 4711 bonis
1391 4657 1627 4712 moribus
1653 4657 1853 4715 nitatur

279 4750 553 4818 pervenire
579 4764 686 4819 quo
712 4747 900 4804 tendit.
931 4747 991 4803 In
1031 4761 1096 4803 eo
1122 4746 1316 4818 quippe
1355 4746 1497 4819 quod
1523 4757 1765 4804 versatur
1787 4749 1811 4781 ³
1831 4789 1850 4819 ,

274 4838 437 4895 virtus
464 4848 550 4895 est
588 4839 852 4894 laboriosa
884 4855 898 4892 :
930 4839 986 4893 in
1008 4854 1074 4894 eo
1100 4854 1230 4894 vero
1257 4839 1399 4909 quod
1425 4841 1663 4910 appetit,
1691 4841 1849 4898 lumi-

277 4943 402 4986 nosa
428 4930 708 5000 sapientia.
735 4929 873 4997 Quid
896 4944 1029 4998 opus
1054 4938 1137 4984 est
1156 4971 1170 4994 ,
1200 4929 1401 4999 inquit,
1431 4929 1650 4986 credere
1669 4971 1684 4998 ,
1710 4931 1853 5002 quod

213 5059 220 5065 .
276 5030 380 5070 non
417 5016 550 5071 mihi
594 5015 894 5072 ostenditur
937 5016 1319 5071 manifestum?
1361 5015 1589 5085 Aliquod
1629 5018 1851 5074 verbum

275 5122 459 5176 prome
479 5151 495 5176 ,
550 5123 660 5179 quo
695 5108 902 5164 videam
943 5123 1124 5164 rerum
1152 5109 1389 5164 omnium
1420 5109 1758 5179 principium.
1794 5111 1854 5168 Id

273 5198 414 5254 enim
441 5207 524 5255 est
550 5198 604 5254 in
647 5199 790 5270 quod
828 5199 1060 5254 maxime
1099 5213 1163 5254 ac
1191 5199 1435 5268 primitus
1461 5200 1780 5267 inardescit,
1805 5202 1853 5259 si

272 5292 386 5345 veri
412 5291 682 5347 studiosus
709 5299 794 5347 est
829 5291 1036 5346 animus
1076 5289 1350 5346 rationalis
1377 5309 1392 5348 :
1419 5292 1503 5347 cui
1531 5291 1855 5362 respondea-

275 5389 382 5450 tur,
405 5383 689 5439 Pulchrum
714 5392 793 5439 est
816 5382 1028 5453 quidem
1052 5381 1192 5452 quod
1212 5382 1486 5439 desideras
1505 5392 1560 5439 et
1577 5385 1745 5440 amari
1765 5385 1851 5442 di-
1874 5380 1890 5453 ί

272 5429 589 5543 έῖζίέέίιζιίὖ
605 5429 1152 5546 ζ’ζεῖ’ρ“ἑὲὶίἷὶὶὶιῖ›ἷι’
1161 5429 1848 5545 1;;1'21'53453355.
1871 5429 1910 5506 ιέ

333 5609 353 5672 ἦ
391 5617 488 5658 Am.
512 5617 587 5659 Er.
615 5617 668 5660 et
689 5609 908 5672 plerique
932 5616 1058 5669 Mss,
1081 5606 1448 5672 conversatione.
1473 5615 1721 5672 Corrupte.

334 5671 355 5734 ξ
390 5673 517 5732 Apud
544 5679 616 5720 Er.
641 5669 790 5734 Lugd.
819 5669 935 5720 Ven.
957 5677 1086 5734 l.ov.,
1111 5669 1194 5719 sis.
1282 5676 1341 5718 bl.

331 5732 355 5763 ⁸
389 5731 516 5797 Lev.,
534 5747 626 5797 quo
644 5731 878 5783 versatur.
906 5733 1153 5780 Vaticanus
1173 5744 1300 5797 unus
1328 5731 1502 5792 codex,
1527 5731 1654 5796 quod
1675 5731 1849 5786 adver-

265 5799 422 5846 satur.
445 5794 530 5846 Alii
546 5791 654 5848 iiss.
679 5808 793 5847 cum
813 5802 912 5846 sm.
935 5800 987 5848 et
1008 5799 1105 5858 En,
1121 5791 1247 5857 quod
1264 5791 1499 5847 versatur.

1360 332 1557 391 LIBER
1591 325 1961 390 VICESIMUS
1989 329 2368 395 SECUNDUS.

1954 449 2129 505 Ardor
2153 466 2281 521 ergo
2306 451 2407 507 iste
2440 450 2506 508 ad
2534 452 2586 509 id
2616 454 2806 524 valeat,
2837 466 2897 516 ut
2928 459 3062 517 ordo
3085 477 3196 519 non
3221 482 3500 528 recusetur
3518 517 3533 543 ,

1954 543 2048 598 sed
2074 544 2246 613 potius
2277 545 2567 614 toleretur;
2598 548 2716 604 sine
2742 565 2847 620 quo
2891 567 2996 607 non
3024 560 3299 624 potest'ad
3326 563 3378 617 id
3416 580 3539 634 per-

1953 635 2144 701 veniri,
2174 636 2314 725 quod
2344 645 2488 692 tanto
2513 639 2703 695 ardore
2744 641 3005 712 diligitur.
3037 645 3169 702 Cum
3199 661 3377 706 autem
3417 671 3547 725 pcr-
3583 686 3586 691 -

1953 732 2169 778 ventum
2202 723 2394 793 fuerit,
2424 728 2580 783 simul
2625 729 2904 787 habebitur
2926 733 3003 802 _in
3048 735 3148 793 hoc
3173 723 3540 809 saculoﬁion

1953 817 2127 909 solum
2151 819 2394 909 speciosa
2439 820 2786 892 intelligentia
2808 866 2823 892 ,
2857 827 2950 882 sed
2978 829 3140 885 etiam
3168 833 3433 892 laboriosa
3451 838 3540 909 ju-

1953 907 2116 962 stitia.
2145 907 2446 976 Quamlibet
2470 912 2611 966 enim
2639 923 2794 987 acute
2819 916 3210 992 sinceriterque
3234 907 3484 984 cernatur
3507 945 3540 986 a

1954 1000 2270 1058 mortalibus
2291 1004 2720 1064 incommutabile
2745 1007 2966 1079 bonum,
2984 1012 3158 1070 adhuc
3178 1031 3372 1090 corpus
3396 1023 3540 1092 quod

1954 1097 2313 1167 corrumpitur
2337 1111 2588 1171 aggravat
2629 1105 2858 1162 animam
2884 1150 2900 1175 ,
2927 1119 2982 1165 et
3022 1111 3273 1183 deprimit
3330 1127 3543 1179 terrena

1957 1187 2272 1283 inhabitatio
2309 1206 2524 1248 sensum
2565 1195 2730 1252 multa
2755 1199 3074 1268 cogitantem
3108 1205 3128 1275 (
3147 1205 3282 1278 Sap.
3311 1225 3383 1276 ιχ,
3416 1212 3543 1283 15).

1954 1278 2036 1333 Ad
2065 1295 2227 1335 unum
2256 1297 2382 1356 ergo
2409 1284 2753 1357 tendendum,
2781 1289 2877 1346 sed
2903 1303 3119 1364 propter
3138 1295 3242 1354 hoc
3267 1301 3433 1358 multa
3463 1278 3544 1360 fe-

1957 1373 2121 1430 renda
2149 1385 2293 1431 sunt.

2025 1465 2251 1525 CAPUT
2284 1469 2415 1526 LIV.
2444 1501 2514 1512 —
2541 1472 2726 1545 Itaque
2750 1473 2870 1530 dum
2897 1487 3022 1534 sunt
3048 1496 3244 1539 uxores
3280 1484 3451 1543 Jacob
3470 1488 3541 1542 ii-

1955 1555 2096 1612 bcra:
2124 1573 2140 1613 :
2166 1559 2337 1615 ambae
2375 1563 2572 1632 quippe
2607 1574 2733 1620 sunt
2771 1566 2896 1622 ﬁliae
2931 1571 3264 1630 remissionis
3295 1587 3542 1645 peccato-

1956 1664 2109 1718 rum,
2140 1652 2244 1708 hoc
2271 1663 2353 1709 est
2377 1653 2728 1714 dealbationis
2749 1701 2765 1726 ,
2791 1663 2933 1731 quod
2959 1672 3042 1719 est
3080 1664 3280 1721 Laban.
3314 1669 3542 1727 Verum-

1958 1749 2134 1798 tamen
2181 1760 2283 1799 una
2331 1757 2577 1816 amatur,
2625 1759 2682 1806 et
2727 1752 2892 1809 altera
2943 1755 3220 1813 toleratur.
3268 1759 3374 1816 Sed
3421 1778 3545 1832 qua:

1959 1835 2234 1905 toleratur,
2267 1838 2381 1909 ipsa
2411 1841 2559 1910 prius
2587 1850 2643 1897 et
2669 1844 2888 1901 uberius
2915 1845 3249 1915 fecundatur,
3283 1860 3339 1905 ut
3367 1852 3414 1906 si
3433 1868 3542 1909 non

1957 1936 2176 1996 propter
2193 1944 2254 1984 se
2278 1929 2471 2000 ipsam,
2493 1942 2640 1990 certe
2670 1947 2886 2006 propter
2911 1937 3052 1995 ﬁlios
3074 1940 3342 2012 diligatur.
3365 1943 3546 2002 Labor

1957 2019 2100 2073 enim
2125 2019 2392 2090 justorum
2434 2026 2722 2080 maximum
2761 2026 2990 2084 fructum
3035 2030 3195 2087 habet
3221 2033 3274 2087 in
3301 2034 3379 2090 eis
3406 2051 3544 2106 quos

1956 2125 2124 2181 regno
2153 2111 2248 2167 Dei
2277 2123 2573 2183 generant,
2605 2117 2742 2172 inter
2767 2120 2961 2174 multas
3007 2124 3329 2179 tentationes
3363 2134 3420 2180 et
3445 2127 3543 2182 tri-

1957 2202 2260 2260 bulationes
2290 2207 2628 2275 praedicando
2676 2210 3022 2280 Evangelium
3047 2229 3064 2278 ;
3094 2222 3149 2269 et
3191 2229 3287 2270 eos
3327 2227 3545 2287 propter

1957 2309 2094 2364 quos
2121 2305 2245 2350 sunt
2273 2296 2326 2351 in
2369 2298 2641 2356 laboribus
2667 2301 3055 2372 abundantius,
3087 2305 3138 2360 in
3185 2308 3350 2378 plagis
3381 2324 3544 2380 supra

1957 2385 2197 2455 modum,
2215 2386 2278 2442 'in
2305 2389 2566 2446 mortibus
2594 2392 2789 2462 saepius
2818 2392 2892 2465 (ll
2917 2394 3034 2450 Cor.
3061 2411 3136 2462 x1,
3164 2396 3292 2470 25),
3325 2410 3550 2471 propter

1957 2493 2094 2548 quos
2122 2479 2320 2536 habent
2343 2481 2472 2537 foris
2500 2497 2724 2554 pugnas,
2757 2485 2897 2564 i_ntus
2929 2487 3148 2544 timores
3170 2489 3288 2559 (Id.
3322 2507 3416 2559 vn,
3445 2493 3544 2564 δι),

1957 2568 2208 2638 gaudium
2233 2580 2288 2626 et
2333 2587 2588 2629 coronam
2631 2557 2791 2630 suam.
2813 2587 3008 2632 vocant
3033 2557 3305 2651 (Philipp.
3337 2557 3409 2650 1v,
3445 2585 3468 2636 l

1957 2657 2259 2715 Nascuntur
2293 2669 2471 2716 autem
2502 2664 2579 2719 eis
2607 2664 2814 2721 facilius
2857 2676 3016 2736 atque
3058 2669 3328 2740 copiosius
3355 2688 3421 2726 ex
3451 2673 3547 2728 illo

1958 2765 2206 2806 sermone
2233 2750 2387 2817 ﬁdei,
2423 2768 2530 2822 quo
2578 2755 2869 2821 praedicant
2913 2755 3181 2813 Christum
3229 2761 3545 2820 cruciﬁxum

1959 2839 2012 2908 (l
2037 2839 2156 2896 Cor.
2199 2859 2238 2909 1,
2269 2842 2407 2913 25),
2452 2854 2508 2900 et
2551 2845 2808 2918 quidquid
2856 2847 3199 2906 humanitatis
3239 2854 3357 2922 ejus
3384 2855 3546 2913 citius

1957 2931 2190 2988 humana
2214 2936 2534 3006 cogitatione
2557 2938 2865 3008 percipitur,
2893 2949 2950 2996 et
2973 2941 3211 2998 inﬁrmos
3241 2945 3403 3001 etiam
3431 2947 3548 3003 Line

1957 3025 2142 3080 oculos
2170 3041 2277 3080 non
2307 3029 2602 3096 perturbat.
2645 3029 2846 3086 Rachel
2881 3041 3057 3088 autem
3103 3035 3243 3090 clara
3282 3048 3543 3109 aspectu,

1957 3124 2138 3172 mente
2163 3115 2373 3171 excedit
2401 3117 2512 3174 Deo
2536 3119 2554 3189 (
2577 3117 2621 3174 ll
2646 3117 2765 3175 Cor.
2795 3137 2851 3186 v,
2884 3123 2952 3176 15
2978 3123 3017 3190 ).
3043 3133 3098 3177 et
3139 3123 3285 3180 videt
3312 3129 3367 3183 in
3395 3129 3545 3199 prin-

1955 3207 2098 3276 cipio
2118 3205 2354 3262 Verbum
2377 3208 2546 3265 Deum
2573 3210 2716 3281 apud
2745 3211 2916 3268 Deum
2947 3211 3134 3285 (Joan.
3162 3231 3200 3281 1,
3232 3218 3260 3271 1
3286 3218 3332 3283 ),
3357 3228 3411 3274 et
3430 3220 3546 3278 vult

1955 3313 2179 3368 parere,
2203 3307 2394 3356 etnon
2442 3310 2645 3372 potest;
2678 3303 2800 3374 quia
2845 3307 3248 3376 generationem
3285 3309 3400 3381 ejus
3424 3314 3548 3383 quis

1955 3390 2225 3446 enarrabit
2255 3389 2415 3464 (Isai.
2458 3408 2587 3458 1.111,
2635 3393 2744 3465 8)?
2787 3394 3016 3451 Proinde
3057 3397 3164 3452 vita
3204 3414 3324 3469 qua:
3365 3403 3546 3460 studio

1955 3485 2421 3555 contemplationis
2447 3476 2723 3556 competit,
2754 3497 2812 3543 ut
2846 3502 2910 3544 ea
2937 3505 3058 3560 quae
3080 3492 3228 3546 carni
3257 3501 3381 3548 sunt
3406 3495 3542 3550 invi-

1943 3576 2129 3632 sibilia
2153 3618 2169 3644 ,
2199 3591 2308 3631 non
2334 3576 2558 3634 inﬁrmis
2584 3577 2756 3634 oculis
2784 3580 3000 3648 mentis,
3026 3595 3122 3650 per
3148 3597 3212 3637 ea
3249 3599 3371 3653 qua:
3399 3585 3542 3642 facta

1954 3676 2098 3736 sunt,
2127 3668 2395 3723 intellecta
2420 3669 2731 3738 conSpiciat,
2761 3679 2818 3726 et
2841 3674 3223 3743 sempiternam
3252 3675 3347 3731 Dei
3371 3676 3568 3759 virtue.

1958 3769 2065 3814 tem
2089 3773 2151 3815 ac
2179 3759 2509 3816 divinitatem
2544 3761 2879 3818 ineifabiliter
2905 3773 3092 3820 cernat
3118 3765 3306 3838 (Rom.
3335 3787 3377 3838 1,
3404 3769 3538 3841 20-),

1955 3867 2144 3908 vacare
2168 3852 2284 3908 vult
2309 3853 2377 3908 ab
2418 3854 2567 3908 omni
2604 3854 2854 3926 negotio,
2902 3865 2958 3912 et
2984 3856 3107 3913 ideo
3141 3860 3358 3918 sterilis.
3390 3861 3541 3919 Affe-

1954 3943 2149 4000 ctando
2197 3943 2394 4016 quippe
2444 3945 2648 4013 otium,
2702 3961 2809 4016 quo
2857 3947 3033 4004 studia
3077 3953 3542 4024 contemplationis

1955 4036 2268 4105 ignescunt,
2299 4051 2406 4091 non
2434 4045 2872 4109 contemperatur
2897 4039 3194 4098 inﬁrmitati
3221 4043 3495 4102 hominum
3520 4089 3540 4113 ,

1954 4131 2048 4200 qui
2074 4130 2127 4184 in
2153 4129 2316 4186 variis
2341 4130 2608 4202 pressuris
2647 4130 2749 4185 sibi
2775 4131 3084 4190 desiderant
3111 4134 3401 4193 subveniri.
3430 4137 3538 4196 Sed

1954 4221 2075 4292 quia
2123 4228 2180 4276 et
2225 4221 2339 4292 ipsa
2387 4221 2700 4292 procreandi
2747 4223 3011 4281 charitate
3060 4226 3348 4283 inardescit
3401 4229 3540 4300 (vult

1954 4313 2096 4369 enim
2123 4313 2320 4370 docere
2366 4314 2508 4385 quod
2555 4315 2736 4382 novit,
2769 4331 2946 4386 neque
2993 4332 3114 4372 cum
3159 4319 3356 4375 invidia
3389 4321 3540 4382 tabe-

1954 4414 2136 4460 scente
2163 4405 2268 4460 iter
2309 4404 2504 4462 habere
2524 4405 2678 4478 [Sap.
2708 4422 2781 4473 v1,
2815 4407 2909 4481 25]
2932 4408 2972 4477 ),
3006 4409 3150 4464 videt
3177 4426 3417 4482 sororem
3457 4414 3535 4468 la.-

1952 4493 2083 4549 bore
2128 4494 2319 4565 agendi
2367 4505 2526 4567 atque
2566 4497 2799 4567 patiendi
2849 4499 2974 4555 ﬁliis
3028 4501 3425 4572 abundantem;
3481 4515 3540 4562 et

1955 4586 2100 4642 dolet
2128 4586 2304 4657 potius
2328 4602 2546 4643 currere
2586 4588 2832 4646 homines
2873 4591 2942 4647 ad
2979 4608 3098 4648 eam
3126 4595 3401 4664 virtutem,
3429 4613 3546 4667 qua

1953 4696 2139 4736 eorum
2194 4681 2588 4737 inﬁrmitatibus
2639 4683 3151 4757 necessitatibusque
3200 4689 3533 4758 consulitur,

1947 4765 2112 4844 'quam
2141 4773 2208 4828 ad
2237 4772 2379 4828 illam
2409 4773 2550 4830 unde
2595 4773 2832 4831 divinum
2878 4788 2932 4833 et
2981 4779 3414 4834 incommutabile
3441 4786 3546 4840 ali-

1956 4866 2081 4935 quid
2106 4865 2348 4922 discitur.
2380 4864 2479 4921 llic
2515 4865 2669 4922 dolor
2697 4868 2954 4937 ﬁguratus
2979 4870 3187 4924 videtur
3213 4871 3267 4924 in
3296 4885 3362 4924 eo
3396 4877 3538 4944 quod

1955 4960 2209 5026 scriptum
2232 4966 2334 5024 est,
2377 4955 2446 5011 Et
2490 4957 2670 5014 selavit
2716 4957 2910 5013 Rachel
2951 4976 3172 5014 sororem
3197 4977 3345 5016 suam
3373 4964 3535 5033 (Gen.

1955 5065 2084 5113 xxx,
2113 5050 2138 5102 1
2165 5048 2203 5119 ).
2228 5047 2476 5115 Proinde,
2517 5051 2640 5120 quia
2680 5050 2909 5122 liquidus
2935 5066 3205 5120 purusque
3233 5051 3539 5113 intellectus

1955 5141 2022 5196 de
2042 5141 2129 5194 illa
2156 5141 2449 5196 substantia
2475 5156 2595 5212 qua:
2634 5157 2828 5210 corpus
2863 5157 2973 5196 non
3000 5151 3101 5206 est,
3133 5159 3196 5198 ac
3221 5160 3315 5214 per
3337 5145 3440 5201 hoc
3467 5149 3538 5203 ad

1954 5232 2131 5287 carnis
2155 5246 2372 5288 sensum
2397 5248 2505 5288 non
2549 5233 2817 5302 pertinet,
2847 5233 3023 5290 verbis
3053 5249 3215 5290 carne
3243 5235 3400 5293 editis
3437 5254 3537 5295 ex-

1955 5325 2112 5396 primi
2148 5340 2254 5381 non
2283 5334 2493 5398 potest;
2526 5326 2671 5396 eligit
2684 5326 2920 5383 doctrina
2950 5327 3224 5397 sapientia:
3253 5345 3346 5400 per
3372 5347 3537 5403 quas-

1955 5417 2085 5472 libet
2111 5433 2395 5488 corporeas
2437 5417 2693 5488 imagines
2733 5429 2788 5474 et
2830 5419 3202 5478 similitudines
3245 5433 3536 5495 utcumque

1954 5511 2232 5581 cogitanda
2261 5512 2529 5568 insinuare
2557 5511 2734 5565 divina
2758 5552 2775 5577 ,
2803 5528 2960 5582 quam
2990 5515 3056 5569 ab
3084 5513 3264 5571 ofﬁcio
3290 5519 3413 5572 talia
3441 5517 3540 5575 do-

1954 5602 2107 5657 cendi
2130 5617 2340 5659 cessare
2372 5619 2384 5655 :
2417 5604 2555 5658 sicut
2579 5603 2740 5674 elegit
2766 5604 2968 5663 Rachel
2992 5623 3058 5664 ex
3090 5609 3206 5664 viro
3234 5626 3330 5666 suo
3357 5619 3412 5664 et
3437 5626 3536 5665 an-

1953 5694 2074 5750 cilla
2101 5695 2374 5764 suscipere
2403 5693 2618 5762 liberos,
2647 5711 2805 5766 quam
2831 5699 2946 5754 sine
2973 5700 3092 5755 ﬁliis
3121 5703 3336 5756 omnino
3357 5715 3535 5756 rema-

1955 5799 2105 5846 nere.
2153 5783 2281 5844 Bala
2327 5783 2522 5858 Quippe
2551 5785 2909 5873 interpretari
2951 5790 3141 5858 dicitur
3183 5791 3478 5870 inveterata
3513 5805 3537 5858 ξ
