4052 6446
524 375 628 433 ιδε
1328 379 1598 434 CONTRA
1635 378 1955 437 FAUSTUM
1984 376 2433 455 MANlCHzEUM,
2475 387 2531 452 s.
2574 391 2933 454 AUGUSTlNl
3670 362 3791 473 ω

524 490 661 547 hanc
703 490 884 547 habuit
927 494 1171 550 ancillam
1213 494 1431 551 Rachel.
1462 496 1536 551 De
1564 506 1739 551 vetere
1769 499 1961 568 quippe
1985 494 2090 553 vita

522 582 821 640 carnalibus
839 586 1078 641 sensibus
1092 586 1267 642 dedita
1286 602 1555 657 corporere
1572 591 1904 645 concitantur
1922 592 1939 623 ί
1962 592 2093 645 ima-

518 675 669 745 gines
704 717 719 743 ,
752 677 913 731 etiam
942 693 1065 733 cum
1108 678 1306 749 aliquid
1334 678 1401 733 de
1427 680 1690 749 Spirituali
1718 690 1771 736 et
1801 682 2093 741 incommu-

518 768 665 825 tabili
690 769 981 825 substantia
1006 770 1293 827 divinitatis
1323 771 1551 826 auditur.

587 860 810 917 CAPUT
847 861 955 916 LV.
990 891 1061 901 --
1085 861 1316 933 Suscipit
1351 872 1403 917 et
1442 863 1536 918 Lia
1566 864 1632 919 de
1677 864 1863 920 ancilla
1891 880 1981 921 sua
2022 866 2088 920 ﬁ-

514 949 614 1005 lios
638 992 653 1019 ,
688 966 870 1006 amore
912 950 1169 1007 habenda:
1212 953 1593 1009 numerosioris
1639 956 1801 1024 prolis
1840 971 2083 1012 accensa.

514 1041 814 1098 Invenimus
852 1051 1027 1096 autem
1052 1042 1303 1113 Zelpbam
1332 1045 1446 1115 ejus
1470 1046 1717 1101 ancillam
1746 1046 2085 1117 interpretari

510 1132 584 1190 Os
612 1134 781 1188 hians.
824 1134 1156 1204 Quapropter
1182 1137 1237 1190 in
1282 1136 1709 1206 praedicationem
1752 1132 1876 1194 ﬁdei
1918 1156 2083 1194 evan-

508 1227 692 1295 gelicae
717 1241 938 1296 quorum
966 1242 1027 1282 os
1053 1227 1163 1281 hiat
1200 1239 1251 1282 et
1273 1244 1365 1282 cor
1392 1244 1494 1282 non
1523 1229 1651 1292 hiat,
1694 1246 1814 1285 cum
1858 1231 1909 1284 in
1935 1230 2083 1286 Scri-

505 1317 675 1386 pturis
728 1318 1149 1387 adverterimus,
1196 1320 1308 1374 hme
1354 1320 1663 1389 intelligitur
1704 1321 1892 1374 ancilla
1945 1320 2076 1375 Lice.

502 1405 767 1476 Scriptum
798 1417 880 1463 est
907 1410 1049 1463 enim
1072 1409 1140 1463 de
1165 1408 1479 1480 quibusdam
1510 1427 1522 1461 :
1557 1409 1791 1479 Populus
1816 1410 1896 1463 hic
1934 1409 2079 1465 labiis

500 1514 583 1553 me
622 1500 868 1567 honorat;
893 1509 981 1553 cor
1031 1509 1197 1555 autem
1244 1517 1415 1554 eorum
1458 1501 1604 1572 longe
1649 1511 1720 1555 est
1748 1517 1779 1553 a
1814 1517 1893 1554 me
1925 1498 2076 1571 (Isai.

499 1605 658 1656 nix,
706 1591 816 1660 l5).
856 1591 923 1645 Et
946 1591 1135 1647 talibus
1162 1592 1449 1662 Apostolus
1474 1591 1644 1647 dicit:
1674 1591 1777 1657 Qui
1827 1592 2078 1663 praedicas

497 1698 601 1736 non
628 1684 901 1754 furandum
921 1726 935 1750 ,
968 1684 1195 1755 furoris;
1220 1686 1304 1755 qui
1336 1685 1462 1739 dicis
1499 1701 1601 1739 non
1646 1685 2034 1741 adulterandum
2054 1725 2073 1753 ,

495 1773 751 1829 adulteras
776 1775 967 1845 (Rom.
1008 1791 1045 1831 ιι
1068 1818 1081 1841 ,
1127 1775 1231 1843 21,
1256 1773 1370 1849 22).
1402 1774 1777 1832 Verumtamen
1808 1784 1865 1831 ut
1913 1776 2075 1831 etiam

494 1877 594 1933 per
639 1866 774 1920 hanc
814 1865 1222 1922 conditionalem
1246 1868 1268 1899 '
1294 1867 1459 1923 libera
1498 1867 1584 1922 illa
1623 1883 1763 1923 uxor
1790 1867 1955 1923 Iacob
1994 1867 2074 1923 la-

492 1953 689 2010 borans
718 1954 853 2010 ﬁlios
881 1955 1122 2013 haeredes
1151 1958 1301 2029 regni
1335 1959 1619 2029 suscipiat,
1650 1958 1770 2014 ideo
1812 1960 2070 2017 Dominus

489 2046 621 2103 dicit
651 2064 665 2101 :
700 2048 829 2114 Quae
868 2050 1043 2102 dicunt
1082 2050 1273 2121 facite;
1301 2065 1415 2119 qua:
1443 2058 1608 2104 autem
1652 2049 1874 2121 faciunt,
1905 2050 2071 2121 facere

489 2139 647 2194 nolite
686 2139 895 2211 (Matth.
939 2157 1107 2208 χχιιι,
1136 2142 1213 2212 5).
1240 2140 1393 2197 Unde
1418 2142 1471 2196 in
1512 2140 1695 2199 labore
1735 2142 2069 2198 vinculorum

485 2229 593 2283 vita
622 2228 910 2298 apostolica
933 2271 949 2296 ,
978 2230 1131 2297 Sive,
1164 2228 1364 2302 inquit,
1407 2233 1696 2301 occasione,
1722 2234 1825 2289 sive
1865 2234 2071 2291 veritate

484 2319 720 2376 Christus
744 2324 1085 2389 annuntietur,
1115 2333 1163 2378 et
1184 2324 1237 2378 in
1258 2325 1352 2379 hoc
1393 2324 1589 2396 gaudeo
1607 2366 1622 2392 ,
1651 2326 1741 2380 sed
1766 2335 1812 2380 et
1840 2323 2066 2397 gaudebo

486 2411 745 2483 (Philipp.
774 2428 811 2480 ι,
841 2413 932 2484 18)
958 2433 971 2467 :
994 2422 1245 2486 tanquam
1271 2427 1326 2473 et
1352 2417 1542 2473 ancilla
1562 2417 1803 2489 pariente
1827 2416 1895 2474 de
1915 2417 2066 2489 prole

481 2507 850 2562 numerosiore
874 2507 1069 2564 laetata.
1193 2563 1211 2576 ,

549 2595 776 2654 CAPUT
811 2596 943 2653 LVI.
970 2626 1042 2639 -—-
1074 2596 1172 2655 Est
1222 2614 1350 2656 vero
1395 2599 1609 2672 quidam
1652 2600 1763 2658 Liae
1802 2601 1942 2658 fetus
1990 2615 2062 2659 ex

478 2688 738 2745 beneﬁcio
764 2689 964 2747 Rachel
992 2690 1163 2747 editus
1186 2733 1202 2760 ,
1231 2706 1352 2748 cum
1376 2694 1548 2748 virum
1573 2708 1728 2749 suum
1755 2707 1935 2749 secum
1959 2692 2058 2751 de-

475 2779 585 2837 bita
608 2788 767 2838 nocte
795 2782 1115 2849 cubiturum,
1139 2785 1375 2855 acceptis
1401 2799 1429 2839 a
1456 2783 1567 2840 lilio
1596 2784 1707 2841 Liae
1734 2785 2055 2857 mandrago-

473 2870 602 2929 ricis
641 2873 797 2928 malis
819 2915 835 2943 ,
881 2889 1002 2930 cum
1046 2890 1231 2932 sorore
1269 2875 1464 2932 cubare
1501 2877 1759 2946 permittit
1782 2876 1825 2929 ⁸.
1850 2876 1927 2932 De
1954 2876 2057 2932 hoc

474 2971 654 3020 autem
679 2966 825 3036 pomi
852 2981 1045 3036 genere
1087 2966 1295 3037 opinari
1340 2967 1599 3039 quosdam
1627 2968 1738 3024 scio
1756 3011 1771 3035 ,
1804 2967 1944 3038 quod
1966 2983 2056 3023 ac-

473 3064 688 3127 ceptum
706 3058 760 3113 in
782 3073 961 3114 escam
980 3059 1247 3116 sterilibus
1266 3060 1476 3116 feminis
1493 3060 1871 3117 fecunditatem
1890 3061 2050 3130 parit;

471 3164 535 3204 ac
558 3163 657 3219 per
679 3150 782 3206 hoc
814 3157 1000 3221 putant
1036 3149 1180 3207 omni
1224 3150 1384 3207 modo
1420 3152 1675 3208 institisse
1712 3151 1951 3219 Rachel,
1993 3160 2054 3208 ut

470 3240 575 3298 hoc
615 3258 649 3298 a
697 3241 808 3298 tilio
859 3243 1058 3299 sororis
1104 3244 1369 3315 acciperet
1415 3242 1704 3314 cupiditate
1758 3243 2047 3314 pariendi:

442 3331 615 3403 quod
639 3346 738 3404 ego
764 3347 873 3389 non
909 3333 1235 3401 arbitrarer,
1269 3349 1371 3389 nec
1415 3334 1461 3389 si
1488 3341 1618 3391 tunc
1643 3331 2045 3404 concepisset‘.

468 3422 620 3480 Nunc
640 3438 767 3480 vero
794 3436 915 3480 cum
946 3433 1065 3496 post
1091 3423 1201 3480 Lize
1223 3422 1359 3481 duos
1383 3423 1517 3481 alios
1545 3424 1612 3481 ab
1636 3424 1723 3479 illa
1744 3432 1899 3479 nocte
1919 3438 2046 3497 par-

467 3521 575 3580 tus,
607 3513 862 3571 Dominus
889 3530 1007 3572 eam
1032 3516 1183 3586 prole
1225 3515 1505 3571 donaverit
1528 3556 1542 3582 ,
1572 3513 1707 3571 nihil
1749 3522 1832 3572 est
1856 3529 1953 3570 cur
1980 3515 2048 3571 de

464 3604 815 3677 mandragora
862 3606 964 3663 tale
1010 3605 1208 3676 aliquid
1251 3607 1605 3676 suspicemur,
1635 3604 1792 3676 quale
1820 3606 1875 3661 in
1898 3604 2046 3661 nulla

463 3696 662 3753 femina
712 3698 920 3771 experti
967 3712 1170 3755 sumus.
1222 3696 1405 3753 Dicam
1453 3712 1581 3769 ergo
1615 3697 1740 3768 quid
1766 3696 2040 3753 sentiam:

462 3787 644 3848 dicent
667 3791 791 3845 hinc
838 3791 972 3847 torte
993 3791 1214 3847 meliora
1250 3790 1537 3847 doctiores.
1569 3788 1702 3847 Cum
1740 3791 1881 3847 enim
1928 3790 2044 3848 haec

462 3882 604 3938 mala
642 3882 757 3953 ipse
797 3883 1049 3941 vidissem
1072 3926 1088 3953 ,
1132 3892 1186 3941 et
1212 3890 1432 3956 propter
1458 3884 1616 3938 istum
1658 3883 1833 3953 ipsum
1874 3895 2044 3939 sacras

460 3974 703 4031 lectionis
746 3975 923 4030 locum
977 3974 1030 4030 id
1070 3976 1202 4031 mihi
1244 3974 1498 4047 obtigisse
1535 3972 1830 4045 gratularer
1876 3972 2043 4045 (rara

462 4066 606 4122 enim
635 4080 723 4121 res
749 4065 860 4137 est)
884 4107 899 4133 ,
931 4075 1172 4121 naturam
1218 4080 1403 4122 eorum
1446 4065 1748 4136 diligenter,
1781 4074 2040 4137 quantum

458 4158 648 4229 potui,
688 4167 1052 4228 perscrutatus
1102 4172 1220 4213 sum
1266 4176 1281 4214 :
1331 4173 1439 4214 non
1482 4159 1657 4230 aliqua
1700 4173 1730 4214 a
1769 4159 2040 4217 communi

459 4263 623 4312 sensu
643 4250 929 4306 remotiore
952 4251 1191 4313 scientia.
1221 4265 1338 4321 quae
1366 4250 1524 4307 docet
1546 4253 1768 4308 virtutes
1797 4253 2035 4308 radicum

455 4350 514 4400 et
535 4350 825 4412 potestates
853 4340 1156 4408 herbarum;
1185 4343 1278 4398 sed
1302 4351 1555 4414 quantum
1582 4342 1713 4399 mihi
1746 4352 1800 4400 et
1820 4342 2037 4401 cuilibet

457 4433 663 4490 homini
705 4433 1042 4490 renuntiabat
1084 4433 1266 4501 visus,
1319 4441 1374 4488 et
1422 4432 1646 4487 olfactus
1668 4475 1683 4500 ,
1732 4442 1786 4488 et
1824 4441 2031 4504 gustus.

454 4524 689 4582 Proinde
712 4538 826 4581 rem
843 4524 1078 4593 comperi
1101 4523 1378 4594 pulchram
1417 4534 1469 4579 et
1494 4524 1889 4581 suaveolentem
1909 4565 1923 4589 ,
1947 4536 2036 4579 sa-

451 4630 591 4689 pore
622 4624 800 4673 autem
832 4615 1060 4686 insipido
1087 4631 1102 4671 :
1127 4624 1185 4672 et
1229 4614 1349 4672 ideo
1375 4630 1470 4671 cur
1510 4630 1628 4672 eam
1673 4615 1865 4672 mulier
1888 4624 2033 4671 tant-

450 4722 618 4781 opere
652 4708 1048 4781 concupiverit,
1093 4708 1337 4779 ignorare
1374 4722 1462 4765 me
1505 4706 1677 4764 fateor
1697 4750 1712 4775 ,
1750 4708 1853 4763 nisi
1895 4708 2034 4766 forte

451 4806 670 4871 propter
697 4799 843 4869 pomi
862 4800 1135 4856 raritatem
1155 4839 1172 4867 ,
1200 4807 1257 4855 et
1284 4798 1464 4855 odoris
1486 4799 1892 4870 iucunditatem.
1922 4798 2032 4856 Cur

446 4904 580 4946 vero
602 4892 772 4961 ipsam
805 4906 920 4948 rem
945 4899 1151 4964 gestam
1189 4898 1372 4948 sancta
1412 4891 1685 4962 Scriptura
1714 4899 1889 4947 tacere
1926 4905 2029 4946 no-

448 4981 639 5049 luerit,
666 4996 785 5051 que
807 4997 915 5039 non
937 4984 1125 5055 utique
1149 4983 1273 5039 talia
1296 4982 1562 5039 desideria
1590 4981 2027 5039 muliercularum

449 5072 604 5128 nobis
631 5084 733 5142 pro
775 5088 969 5145 magno
1014 5075 1288 5131 insinuare
1314 5081 1555 5142 curaret,
1586 5074 1688 5129 nisi
1728 5075 1925 5146 aliquid
1969 5075 2026 5130 in

446 5162 526 5218 eis
563 5175 815 5234 magnum
853 5179 1094 5237 quaerere
1147 5172 1511 5222 commoneret
1533 5205 1550 5232 ,
1609 5165 1743 5222 nihil
1799 5167 2028 5237 amplius

448 5256 716 5326 conjicere
738 5257 892 5316 valeo
913 5301 931 5329 ,
960 5274 1120 5332 quam
1157 5259 1393 5330 quodex
1429 5258 1523 5316 illo
1548 5262 1816 5317 communi
1863 5278 2025 5320 sensu

447 5348 584 5406 mihi
623 5353 939 5422 suggeritur,
970 5361 1031 5409 ut
1060 5354 1153 5410 illo
1179 5353 1584 5425 mandragorieo
1622 5372 1779 5428 pomo
1807 5358 2024 5431 ﬁgurari

508 5504 1265 5580 ἔφηθευφρρυδεοωβθηιι
1291 5508 1576 5580 W-

508 5565 693 5641 f‘tqu
1096 5574 1151 5619 At
1189 5565 1289 5641 Am:
1328 5565 1401 5621 Er.
1443 5576 1671 5641 e_t_nostri
1696 5587 1867 5629 omnes
1894 5584 2024 5641 Mss,

442 5626 815 5695 conditionum
843 5627 1124 5695 :intellige,
1146 5632 1365 5682 ancillam
1389 5640 1451 5683 Os
1465 5635 1695 5688 hiantem.

511 5690 533 5759 ξ
566 5698 667 5759 am.
692 5698 767 5741 Er.
798 5699 862 5759 et
884 5690 1195 5759 nostrifitss,
1217 5695 1429 5759 cubitare
1450 5696 1694 5759 permittit.

510 5750 534 5783 δ
566 5752 672 5804 Sola
692 5756 961 5825 Erasmiana
978 5755 1142 5820 editio,
1181 5750 1311 5821 quod
1350 5770 1436 5823 ego
1453 5750 1655 5826 'quoque
1675 5760 1957 5828 arbitrarer,
1983 5764 2026 5821 si

440 5814 560 5865 um
582 5822 883 5869 mutet.
2014 5834 2017 5837 '

2206 501 2489 577 intelligam
2520 510 2713 583 famam
2742 514 2932 570 bonam
2966 534 2980 569 :
3018 533 3121 574 non
3160 534 3280 579 eam
3313 538 3439 595 qua.
3471 528 3782 602 confertur,
3847 519 3859 525 ’

2200 612 2321 654 cum
2364 600 2580 658 laudant
2608 604 2875 677 hominem
2922 614 3075 679 pauci
3096 613 3225 683 justi
3270 626 3431 687 atque

2198 691 2293 745 sed
2316 692 2455 747 illam
2482 697 2787 765 popularem
2812 741 2826 765 ,
2858 716 2961 772 qua
2986 705 3143 765 etiam
3170 709 3342 778 major
3376 720 3433 767 et
3453 691 3647 771 clarior

2200 783 2309 838 tilia
2336 799 2672 857 comparatur
2704 809 2716 845 :
2748 808 2855 848 non
2890 794 3005 865 ipsa
3038 812 3137 867 per
3159 814 3279 856 sese
3306 807 3605 873 expetenda
3628 848 3647 875 ,
3674 809 3779 865 sed

2195 872 2475 933 intentioni
2503 880 2764 938 bonorum
2788 926 2804 950 ,
2835 902 2939 956 qua
2966 892 3149 959 generi
3186 872 3421 951 humano
3449 872 3772 967 consulum,

2192 974 2608 1035 pernecessaria.
2638 974 2791 1033 Unde
2837 979 2965 1037 dicit
3003 983 3325 1053 Apostolus,
3370 987 3577 1059 Oportet
3616 992 3778 1047 etiam

2136 1136 2139 1137 ν
2194 1061 2523 1118 testimonium
2552 1067 2733 1124 habere
2760 1071 2941 1127 bonum
2965 1073 3026 1128 ab
3053 1080 3125 1130 eis
3167 1079 3252 1146 qui
3275 1079 3400 1147 {oris
3440 1090 3558 1136 sunt
3583 1082 3774 1152 (ITt'm.

2191 1164 2246 1206 ιιι
2269 1191 2284 1217 ,
2318 1154 2371 1224 7)
2396 1174 2409 1209 ε
2432 1159 2520 1227 qui
2560 1159 2683 1215 licet
2726 1178 2914 1233 parum
2928 1167 3165 1239 sapiant,
3186 1170 3415 1227 reddunt
3451 1176 3776 1245 tamenple-

2188 1260 2413 1317 rumque
2456 1250 2621 1307 labori
2661 1267 2845 1311 eorum
2868 1297 2883 1323 ,
2926 1274 3021 1327 per
3055 1276 3189 1329 quos
3226 1263 3328 1319 sibi
3368 1268 3682 1336 consulitur,
3713 1277 3772 1325 et

2187 1337 2526 1406 splendorem
2565 1344 2775 1414 laudis,
2803 1358 2858 1404 et
2882 1350 3102 1407 odorem
3144 1354 3300 1411 bona:
3338 1358 3623 1426 opinionis.
3652 1361 3770 1417 Nec

2186 1428 2253 1484 ad
2278 1430 2430 1487 istam
2456 1434 2674 1503 gloriam
2704 1441 3010 1509 popularem
3042 1445 3200 1513 primi
3224 1449 3537 1515 perveniunt
3572 1468 3767 1509 eorum

2185 1521 2274 1590 qui
2303 1533 2425 1577 sunt
2450 1523 2503 1578 in
2530 1526 2766 1584 Ecclesia
2786 1571 2803 1597 ,
2830 1532 2933 1587 nisi
2954 1534 3275 1607 quicumque
3295 1539 3349 1594 in
3373 1542 3641 1598 actionum
3671 1517 3815 1615 pe-‘.

2184 1612 2365 1669 riculis
2392 1625 2445 1671 et
2465 1617 2648 1674 labore
2671 1632 2966 1682 versantur.
2999 1625 3287 1696 Pmpterea
3311 1629 3423 1687 Lia:
3448 1632 3588 1690 filius
3616 1612 3765 1692 mala
3798 1618 3817 1670 ’ί

2181 1705 2581 1778 mandragorica
2602 1710 2843 1781 invenit,
2869 1718 3054 1773 exiens
3084 1718 3143 1773 in
3159 1734 3346 1788 agrum
3367 1763 3382 1787 ,
3410 1722 3467 1777 id
3494 1733 3577 1781 cst
3596 1767 3612 1792 ,
3662 1726 3765 1783 bo-
3817 1775 3830 1779 η

2181 1805 2329 1851 ueste
2355 1799 2633 1857 ambulans
2652 1803 2723 1858 ad
2748 1819 2842 1860 eos
2875 1807 2965 1876 qui
3008 1808 3138 1866 foris
3162 1822 3287 1867 sunt
3319 1831 3335 1869 :
3360 1813 3601 1872 doctrina
3628 1832 3763 1876 vero

2178 1883 2267 1939 illa
2291 1887 2563 1956 sapientiae
2585 1932 2601 1957 ,
2631 1906 2748 1962 quae
2782 1909 2813 1948 a
2839 1896 2980 1967 vulgi
3021 1904 3244 1970 strepitu
3272 1907 3631 1963 remotissima
3649 1951 3665 1975 ,
3697 1911 3761 1966 in

2178 1980 2627 2073 contemplatione
2654 1986 2893 2043 veritatis
2916 1988 3055 2046 dulci
3089 1992 3444 2053 delectatione
3481 1999 3758 2073 deﬁgitur,

2176 2068 2315 2126 hanc
2340 2074 2651 2143 popularem
2687 2079 2907 2148 gloriam
2946 2086 3485 2160 quantulumcunque
3525 2068 3635 2149 non
3663 2068 3760 2151 as;

2174 2176 2508 2236 sequeretur,
2532 2170 2634 2225 nisi
2680 2187 2775 2241 per
2802 2189 2896 2230 eos
2918 2177 3010 2246 qui
3054 2179 3111 2233 in
3136 2180 3329 2237 mediis
3355 2184 3520 2240 turbis
3545 2188 3760 2257 agendo

2172 2272 2236 2314 ac
2276 2260 2550 2316 suadendo
2576 2266 2787 2334 pepulis
2825 2279 3095 2339 praesunt,
3121 2288 3243 2329 non.
3267 2284 3327 2331 ut
3366 2279 3615 2348 praesint,
3654 2282 3757 2338 sed

2172 2358 2230 2405 ut
2252 2352 2458 2421 prosint
2486 2371 2501 2409 :
2532 2355 2654 2424 quia
2680 2356 2805 2411 dum
2833 2360 2919 2414 isti
2966 2364 3169 2418 actuosi
3193 2373 3247 2420 et
3288 2369 3545 2438 negotiosi
3570 2371 3754 2427 homi-

2169 2456 2289 2509 nes,
2316 2458 2412 2512 per
2439 2460 2573 2515 quos
2604 2448 2954 2508 multitudinis
2991 2453 3394 2514 administratur
3423 2462 3625 2520 utilitas
3647 2504 3664 2531 ,
3695 2472 3754 2521 et

2169 2546 2396 2625 quorum
2413 2538 2701 2595 auctoritas
2719 2542 2925 2611 populis
2943 2542 3105 2600 chara
3122 2555 3225 2615 est,
3243 2552 3603 2609 testimonium
3618 2568 3753 2625 per-

2167 2622 2354 2681 hibent
2390 2628 2550 2684 etiam
2596 2631 2720 2687 vitae
2761 2643 2978 2703 propter
3013 2637 3245 2694 studium
3293 2622 3673 2713 conquirendae
3694 2655 3754 2704 et

2165 2719 2591 2787 contemplandas
2623 2724 2863 2781 veritatis
2885 2727 3099 2795 otiosae,
3133 2732 3363 2801 quodam
3406 2737 3568 2792 modo
3605 2738 3751 2797 mala

2165 2807 2566 2879 mandragoriea
2595 2828 2692 2882 per
2738 2814 2889 2872 [iam
2926 2822 3239 2889 perveniunt
3290 2825 3359 2880 ad
3404 2827 3625 2886 Rachel.
3658 2831 3747 2888 Ad

2163 2895 2333 2964 ipsam
2368 2914 2495 2955 vero
2520 2900 2669 2956 Liam
2700 2919 2796 2973 per
2838 2907 3009 2965 ﬁlium
3050 2912 3458 2983 primogenitum
3482 2959 3500 2985 ,
3526 2918 3583 2974 id
3621 2930 3743 2987 est,

2161 3004 2259 3061 per
2286 2990 2545 3049 honorem
2566 2993 2900 3054 fecunditatis
2926 3002 3039 3071 ejus
3058 3044 3073 3067 ,
3096 3004 3151 3059 in
3176 3020 3279 3075 qua
3319 3018 3403 3064 est
3427 3011 3606 3067 omnis
3628 3012 3746 3067 fru-

2159 3090 2277 3141 ctus
2302 3084 2583 3143 laboriosae
2602 3097 2761 3160 atque
2788 3091 2927 3148 inter
2973 3094 3173 3151 incerta
3206 3100 3561 3156 testationem
3597 3104 3744 3174 peri-

2157 3176 2389 3236 clitantis
2411 3180 2639 3237 actionis
2661 3199 2678 3236 :
2703 3198 2861 3253 quam
2876 3186 3114 3257 plerique
3130 3188 3274 3245 bono
3294 3191 3505 3260 higeiiio
3529 3190 3743 3263 prmditi

2156 3267 2439 3340 studioque
2462 3271 2765 3355 ﬂagrantes,
2789 3278 3029 3345 quamvis
3054 3278 3231 3335 idonei
3260 3282 3507 3351 regendis
3528 3285 3741 3355 populis

2156 3374 2283 3417 esse
2308 3364 2515 3431 possint
2532 3403 2547 3429 ,
2574 3354 2757 3421 tamen
2774 3367 2943 3422 vitant
2960 3377 3179 3440 propter
3203 3373 3539 3430 turbulentas
3568 3389 3738 3431 oecu-

2154 3453 2423 3522 potiones,
2438 3462 2494 3510 et
2515 3455 2570 3511 in
2595 3455 2854 3513 doctrina:
2876 3459 3044 3514 otium
3075 3468 3186 3517 toto
3216 3473 3452 3534 pectore,
3481 3473 3737 3539 tanquam

2152 3546 2411 3615 speciosis
2435 3547 2452 3579 ⁸
2472 3546 2675 3604 Rachel
2697 3548 2938 3606 feremur
2959 3553 3283 3622 amplexum.

2222 3638 2450 3694 CAPUT
2476 3638 2635 3693 LVII.
2662 3668 2733 3691 -ε-
2752 3637 2858 3697 Sed
2873 3642 2996 3711 quia
3018 3642 3217 3699 bonum
3243 3653 3329 3701 est
3354 3654 3412 3702 ιιι
3429 3646 3591 3703 etiam
3613 3645 3733 3705 haec

2151 3730 2257 3787 vita
2282 3731 2442 3788 latius
2468 3732 2810 3788 innotescens
2845 3735 3155 3804 popularem
3185 3736 3410 3806 gloriam
3438 3747 3728 3807 mereatur,

2148 3822 2405 3894 mustum
2431 3831 2515 3881 est
2556 3832 2734 3880 autem
2773 3832 2832 3880 ut
2856 3838 2976 3881 eam
3025 3836 3403 3898 consequatur,
3433 3831 3485 3885 si
3518 3840 3730 3887 amato-

2134 3930 2266 3973 rem
2288 3930 2443 3971 suum
2481 3914 2915 3974 administrandis
2959 3917 3331 3976 ecclesiasticis
3365 3923 3508 3978 curis
3544 3934 3731 3994 aptum

2146 4014 2205 4064 et
2245 4006 2498 4071 idoneum
2533 4009 2589 4064 in
2623 4009 2734 4064 otio
2774 4008 3013 4079 detinet,
3054 4025 3155 4066 nec
3188 4012 3731 4082 gubernationis“:-

2144 4099 2325 4167 munis
2393 4099 2631 4155 utilitatis
2696 4098 2933 4170 impertit
2960 4117 2987 4167 ;,
3038 4110 3319 4171 propterea
3383 4103 3480 4159 Lia
3552 4106 3728 4162 sorori

2143 4203 2259 4246 suto
2287 4190 2442 4259 dicit,
2473 4190 2669 4245 Parum
2690 4199 2764 4246 est
2791 4192 2881 4246 tibi
2902 4193 3039 4264 quod
3061 4194 3227 4248 νὶτιιιιι
3264 4210 3430 4249 meum
3451 4198 3689 4267 accepisti
3706 4237 3724 4265 ,
3834 4198 3841 4205 ’

2142 4282 2351 4354 ἕλωρα
2386 4292 2434 4338 et
2471 4284 2858 4355 mandragorica
2903 4284 3005 4354 ﬁlii
3047 4286 3146 4340 mei
3188 4286 3263 4340 eis
3307 4288 3577 4358 accipere?
3617 4289 3727 4346 Per

2143 4387 2306 4429 unum
2374 4372 2545 4429 virum
2593 4374 2897 4445 signiﬁcans
2943 4389 3043 4432 eos
3085 4388 3274 4433 omnes
3305 4378 3397 4449 qui
3444 4392 3564 4433 eum
3614 4380 3728 4435 sint

2141 4469 2332 4541 agendi
2355 4470 2551 4527 virtute
2590 4469 2818 4537 habiles,
2865 4478 2918 4526 et
2942 4470 3083 4541 digni
3125 4472 3320 4540 quibus
3354 4474 3591 4543 regimen
3619 4474 3726 4530 Ec-

2139 4562 2321 4619 clesim
2347 4561 2707 4617 committatur
2752 4560 2819 4616 ad
2847 4560 3262 4631 dispenmdum
3290 4562 3371 4618 illi
3390 4563 3512 4619 ﬁdei
3536 4578 3724 4621 sacra-

2139 4661 2401 4720 mentum,
2428 4656 2638 4710 accensi
2668 4656 2689 4686 ²
2718 4654 2893 4709 studio
2928 4653 3186 4710 doctrinae
3207 4663 3368 4725 atque
3407 4656 3724 4726 indaganda:

2137 4754 2193 4803 et
2219 4734 2651 4815 contemplandis
2670 4744 2962 4814 sapientiai,
2990 4756 3050 4800 se
3078 4745 3145 4801 ab
3179 4748 3426 4803 omnibus
3449 4748 3722 4805 action-un

2138 4838 2398 4893 molestiis
2417 4850 2711 4903 removere,
2738 4844 2896 4905 atque
2917 4836 2969 4890 in
2998 4837 3108 4891 otio
3137 4837 3379 4895 discendi
3405 4854 3470 4895 ac
3488 4838 3721 4895 docendi

2136 4928 2372 4986 condere
2417 4928 2623 4983 volunt.
2654 4928 2733 4982 ita
2778 4941 2906 4998 ergo
2933 4927 3137 4983 dictum
3177 4939 3281 4997 est,
3314 4929 3511 4987 Parum
3530 4941 3606 4986 est
3627 4933 3721 4986 tibi

2132 5022 2273 5094 quod
2294 5020 2531 5091 accepisti
2575 5019 2739 5074 cirum
2770 5032 2968 5087 meum,
2992 5021 3199 5092 insuper
3237 5030 3288 5076 et
3328 5022 3721 5095 mndragarica

2134 5114 2235 5185 ﬁlii
2256 5114 2355 5169 mei
2376 5114 2451 5167 eis
2474 5113 2699 5183 accipere
2717 5112 2744 5166 ?
2760 5125 2830 5179 ac
2854 5113 2897 5168 si
2927 5112 3215 5182 diceretur,
3247 5114 3441 5170 Parum
3466 5123 3547 5171 est
3572 5116 3719 5186 quod

2134 5206 2381 5263 homines
2417 5206 2485 5261 ad
2512 5205 2747 5261 laborem
2773 5202 2967 5261 rerum"
2991 5206 3341 5275 gerendarum
3382 5209 3717 5266 necessarios

2130 5299 2187 5354 in
2211 5299 2323 5355 otio
2348 5298 2550 5353 detinet
2574 5298 2681 5352 vita
2703 5295 2999 5353 studiorum
3016 5295 3058 5365 ⁸,
3081 5297 3299 5369 insuper
3322 5307 3377 5355 et
3400 5301 3716 5371 popularem

2132 5389 2353 5462 gloriam
2380 5382 2663 5459 requirit?

2202 5479 2426 5539 CAPUT
2465 5479 2645 5537 LVIII.
2673 5479 2906 5537 Proinde
2943 5487 3002 5535 ut
3053 5495 3172 5536 eam
3212 5481 3354 5552 juste
3395 5491 3709 5555 comparet,

2194 5641 2213 5672 ί
2246 5639 2377 5704 Apud
2391 5638 2536 5702 Lugd.
2561 5646 2702 5704 ven.,
2725 5644 2953 5704 tanquam
2972 5635 3023 5689 in
3040 5639 3283 5704 speciosae.
3330 5647 3385 5691 Μ.

2194 5705 2213 5733 ²
2246 5699 2377 5774 Apud
2400 5699 2644 5774 Erilmgd.
2669 5699 2789 5773 Ven.
2816 5699 2948 5774 i.ov.,
3066 5699 3456 5767 dispensandum
3493 5699 3616 5768 ﬁdei
3630 5713 3712 5757 εσ-

2130 5760 2427 5815 ενιιιηέηιιιηι
2448 5760 2784 5821 :illi'accensi,
2813 5770 2907 5813 etc.
2934 5760 2941 5762 ’
3005 5769 3061 5812 ιιι.

2198 5828 2217 5859 δ
2250 5826 2437 5889 aliquot
2458 5831 2583 5887 Mss,
2608 5825 2704 5877 cita
2727 5824 3059 5876 studiosorum.
