4052 6454
268 351 372 409 ιδν

267 461 506 534 impertit
524 463 724 523 Rachel
762 465 935 523 virum
960 464 1134 523 sorori
1164 478 1276 521 suae
1315 464 1403 520 illa
1434 474 1631 522 nocte:
1661 473 1720 520 ut
1744 463 1854 520 sci-

263 556 391 614 licet
409 559 501 628 qui
527 559 724 614 virtute
745 555 1007 616 laboriosa
1031 557 1275 630 regimini
1305 553 1623 630 populorum
1649 555 1859 613 accom-

263 649 468 705 t‘nodati
529 657 682 718 sunt,
733 650 939 707 etiamsi
988 651 1224 707 scientiae
1273 665 1470 707 vacare
1513 649 1856 720 delegerant,

263 743 567 814 suscipiant
611 743 996 815 experientiam
1067 745 1417 799 mutationum
1507 738 1859 812 curarumque

263 835 536 890 sarcinam
581 847 681 906 pro
734 835 960 891 utilitate
1001 836 1270 891 communi
1313 851 1422 891 :ne
1461 836 1572 907 ipsa
1616 833 1859 890 doctrina

263 926 548 996 sapientiae
570 969 584 991 ,
610 923 696 982 cui
718 935 909 982 vacare
933 935 1276 995 statuerunt,
1308 925 1729 995 blaSphemetur,
1759 922 1859 980 ne-

262 1033 371 1087 que
397 1015 723 1087 adipiscatur
750 1017 816 1072 ab
861 1019 1283 1088 imperitioribus
1327 1019 1537 1089 populis
1579 1015 1856 1072 existima-

263 1110 470 1165 tionem
513 1110 708 1165 bonam
733 1152 750 1179 ,
791 1102 938 1182 quod
961 1111 1050 1166 illa
1091 1126 1244 1182 poma
1272 1111 1570 1183 significant
1595 1154 1608 1178 ,
1639 1119 1692 1166 et
1719 1109 1861 1181 quod

263 1201 633 1258 necessarium
663 1211 765 1269 est
805 1195 870 1258 ad
901 1197 1327 1259 exhortationem
1368 1193 1708 1259 discentium.
1755 1201 1862 1258 Sed

265 1295 428 1367 plane
469 1305 531 1352 ut
558 1291 696 1352 hanc
745 1309 926 1351 curam
972 1297 1262 1366 suscipiant
1288 1340 1301 1364 ,
1331 1297 1382 1352 vi
1414 1307 1694 1367 coguntur.
1723 1295 1862 1352 Satis

267 1397 322 1444 et
365 1387 472 1444 hoc
498 1389 851 1460 significatum
881 1396 993 1454 est,
1025 1387 1165 1460 quod
1207 1404 1328 1443 cum
1377 1388 1583 1443 veniret
1627 1381 1693 1442 de
1735 1401 1862 1457 agro

269 1475 455 1547 Iacob,
480 1480 713 1536 occurrit
732 1481 779 1536 ei
804 1477 900 1534 Lia
926 1522 939 1545 ,
972 1491 1201 1551 eumque
1244 1479 1495 1534 detinens
1532 1480 1604 1533 ait
1638 1495 1650 1531 :
1681 1473 1760 1531 Ad
1785 1495 1863 1532 me

269 1574 526 1639 intrabis;
567 1574 792 1629 conduxi
836 1574 967 1628 enim
1012 1582 1058 1629 te
1101 1590 1192 1644 pro
1230 1574 1582 1644 mandragoris
1624 1569 1719 1642 ﬁlii
1767 1573 1864 1627 mei

274 1660 423 1734 (Gen.
451 1679 585 1729 xxx,
619 1661 825 1735 M—iﬁ).
855 1655 1126 1734 Tanquam
1158 1661 1388 1719 diceret:
1419 1664 1683 1718 Doctrina:
1703 1665 1862 1734 quam

270 1757 444 1828 diligis
465 1759 551 1813 vis
599 1758 834 1814 conferri
864 1759 1057 1815 bonam
1089 1749 1437 1829 Opinionem?
1466 1761 1572 1814 noli
1609 1759 1862 1830 defugere

271 1845 570 1905 officiosum
615 1851 869 1906 laborem.
921 1852 1043 1906 Haec
1085 1853 1137 1907 in
1168 1849 1404 1908 Ecclesia
1443 1853 1595 1924 geri,
1623 1854 1861 1924 quisquis

273 1940 566 1995 adverterit
585 1982 601 2009 ,
628 1943 817 1996 cernit.
859 1939 1176 2011 Experimur
1204 1943 1256 1998 in
1283 1944 1572 2013 exemplis,
1596 1943 1736 2014 quod
1777 1944 1860 1999 in-

272 2034 571 2104 telligamus
607 2035 660 2089 in
708 2033 878 2090 libris.
916 2035 1044 2103 Quis
1081 2051 1187 2091 non
1235 2035 1414 2091 videat
1452 2035 1552 2091 hoc
1591 2036 1704 2107 geri
1748 2045 1862 2093 toto

271 2125 397 2180 orbe
423 2135 690 2180 terrarum
709 2167 726 2194 ,
759 2126 943 2182 venire
973 2127 1213 2182 homines
1233 2126 1253 2159 ¹
1285 2143 1350 2183 ex
1393 2127 1645 2198 operibus
1671 2127 1854 2184 saeculi

273 2227 324 2272 et
356 2219 436 2274 ire
474 2219 531 2275 in
567 2222 736 2275 otium
757 2221 1157 2292 cognoscendae
1178 2230 1232 2298 et
1260 2221 1682 2292 contemplandas
1716 2222 1860 2278 veri-

271 2309 391 2365 tatis
416 2351 432 2374 ,
466 2301 720 2382 t'anquam
765 2311 818 2366 in
866 2313 1166 2384 amplexum
1212 2311 1444 2380 Rachel;
1488 2321 1543 2369 et
1583 2311 1756 2384 excipi
1795 2311 1863 2369 de

274 2409 583 2457 transverso
610 2401 971 2459 ecclesiastica
1000 2405 1338 2471 necessitate,
1361 2413 1519 2476 atque
1543 2404 1778 2460 ordinari
1806 2404 1862 2460 in

273 2491 532 2558 laborem,
559 2499 812 2563 tanquam
841 2495 932 2549 Lia
961 2494 1204 2564 dicente,
1235 2496 1316 2550 Ad
1335 2512 1414 2551 me
1451 2495 1662 2552 intrabis
1682 2496 1708 2551 .’
1731 2495 1863 2564 Qui-

273 2581 549 2648 bitspaste
573 2587 883 2656 mysterium
915 2583 1009 2641 Dei
1039 2586 1468 2657 dispensantibus
1491 2628 1506 2654 ,
1539 2591 1599 2642 ut
1625 2587 1678 2642 in
1705 2594 1862 2643 nocte

272 2677 426 2747 hujus
465 2677 654 2735 saeculi
677 2671 814 2735 filios
838 2689 1094 2750 generem
1134 2673 1260 2736 fidei
1285 2722 1300 2748 ,
1329 2667 1574 2736 laudatur
1600 2695 1628 2734 a
1648 2680 1861 2750 pOpulis

271 2773 430 2827 etiam
481 2773 573 2828 illa
615 2774 757 2838 vita,
789 2772 941 2845 eujus
979 2789 1161 2830 amore
1201 2775 1447 2830 conversi
1491 2789 1641 2846 spem
1680 2775 1863 2831 saeculi

269 2861 602 2933 reliquerunt
624 2906 639 2931 ,
672 2872 725 2921 et
754 2868 820 2921 ex
862 2865 1015 2936 cujus
1064 2865 1399 2936 professione
1447 2866 1514 2922 ad
1558 2865 1862 2921 misericor—

272 2951 408 3008 diam
442 2957 693 3026 regendae
726 2953 896 3026 plebis
933 2958 1191 3028 assumpti
1233 2965 1373 3014 sunt.
1423 2956 1481 3013 Id
1529 2959 1672 3014 enim
1699 2967 1862 3031 agunt

273 3044 344 3098 in
368 3045 628 3100 omnibus
661 3045 932 3103 laboribus
968 3049 1077 3104 suis
1102 3091 1116 3116 ,
1145 3056 1203 3102 ut
1240 3033 1326 3104 illa
1369 3047 1628 3118 professio
1658 3065 1763 3121 quo
1802 3064 1862 3105 se

271 3135 649 3192 converterant
671 3180 688 3206 ,
718 3139 839 3209 quia
878 3139 1010 3196 tales
1056 3149 1293 3196 rectores
1337 3141 1546 3211 populis
1574 3138 1753 3210 dedit,
1785 3142 1862 3198 la-

270 3225 373 3282 tius
415 3237 472 3282 et
497 3227 696 3285 clarius
719 3227 1061 3300 gleriflcetur,
1094 3240 1344 3301 tanquam
1369 3229 1535 3287 Jacob
1571 3247 1675 3288 non
1703 3247 1861 3287 recu-

270 3325 425 3374 Sante
451 3328 665 3376 noctem
691 3319 802 3376 Lia:
825 3363 841 3388 ,
869 3325 928 3377 ut
970 3321 1173 3379 Rachel
1221 3324 1396 3393 pomis
1438 3323 1863 3380 suaveolentibus

275 3419 328 3468 et
354 3413 503 3468 clare
546 3412 838 3470 nitentibus
866 3415 1095 3485 potiatur
1125 3433 1137 3472 :
1163 3429 1280 3486 qua:
1309 3415 1593 3487 aliquando
1621 3423 1674 3471 ct
1710 3415 1822 3485 ipsa
1843 3457 1860 3484 ,

275 3511 570 3573 prmstante
611 3503 986 3561 mis’eriCordia'
1027 3503 1154 3574 Dei,
1208 3520 1305 3576 per
1353 3521 1411 3562 se
1463 3508 1632 3577 ipsam
1689 3506 1860 3576 parit,

277 3594 363 3649 Vix
391 3595 611 3651 tandem
635 3595 869 3666 quidem;
896 3597 1017 3668 quia
1046 3612 1320 3668 perrarum
1347 3593 1429 3653 est
1455 3599 1548 3665 ut,
1579 3597 1645 3652 In
1675 3597 1865 3668 princi-

277 3687 362 3756 pio
389 3693 504 3740 erat
537 3684 758 3742 Verbum
779 3731 795 3758 ,
823 3697 872 3743 et
898 3686 1116 3744 Verbum
1143 3693 1250 3744 erat
1287 3689 1426 3760 apud
1449 3687 1630 3753 Deum,
1661 3697 1707 3743 et
1727 3687 1865 3742 Deus

277 3791 384 3834 erat
425 3779 649 3836 Verbum
691 3773 871 3855 (Idan.
901 3791 940 3852 ι,
973 3777 1061 3854 l),
1085 3790 1140 3839 et
1162 3781 1415 3853 quidquid
1456 3781 1524 3838 de
1568 3781 1667 3836 hac
1695 3795 1754 3836 re
1778 3780 1866 3850 pie

278 3873 659 3944 sapienterqtm
681 3873 896 3943 dicitur,
923 3874 1040 3931 sine
1068 3871 1437 3945 phantasmate
1473 3875 1703 3930 carnalis
1730 3872 1867 3945 cogi-

276 3966 501 4020 tationis
524 3974 582 4021 et
605 3963 890 4022 salubriter
907 3967 990 4023 vel
1015 3982 1083 4023 ex
1123 3976 1271 4038 parte
1300 3967 1561 4037 capiatur.

355 4055 584 4114 CAPUT
602 4057 738 4114 LIX.
764 4089 830 4100 —
850 4056 977 4114 Haec
1002 4057 1070 4114 de
1101 4057 1269 4114 tribus
1291 4058 1549 4130 patribus,
1574 4056 1860 4126 Abraham,

1403 348 1610 410 LIBER
1645 341 2010 436 vlcssmus
2046 345 2420 426 secessus

282 4146 468 4215 lsaac,
516 4155 576 4204 et
614 4145 811 4217 Jacob‘,
847 4159 1072 4220 quorum
1113 4155 1184 4205 se"
1217 4145 1383 4204 Deum
1420 4148 1679 4218 appellari
1701 4149 1869 4205 valuit
1917 4189 1920 4192 .

282 4239 459 4305 Deus,
491 4253 651 4311 quem
692 4241 950 4298 catholica
979 4241 1218 4298 Ecclesia
1262 4240 1418 4310 colit,
1447 4239 1702 4296 adversus
1727 4239 1867 4296 Fau-

284 4332 349 4387 s‘tl
370 4331 671 4389 Calumnias
699 4333 839 4391 dicta
867 4329 1193 4390 suffecerint.
1224 4331 1300 4389 De
1333 4341 1558 4403 quorum
1585 4335 1744 4390 trium
1769 4333 1870 4389 ho-

283 4424 490 4479 minam
535 4424 746 4480 meritis
782 4435 940 4496 atque
967 4425 1190 4495 pietate,
1217 4427 1274 4480 et'
1297 4425 1455 4496 longe
1479 4433 1683 4482 remota
1712 4440 1743 4480 a
1777 4425 1868 4495 ju-

287 4515 426 4572 dicio
455 4516 762 4572 carnalium
786 4512 1063 4572 altitudine
1103 4515 1428 4588 prophetiae,
1476 4531 1582 4572 non
1610 4523 1692 4572 est
1727 4530 1871 4572 nunc

287 4606 586 4665 disserendi
617 4608 766 4665 locus
799 4616 814 4664 :'
843 4617 1048 4664 tantum
1089 4608 1154 4663 ab
1185 4608 1268 4664 liis
1293 4607 1609 4664 criminibus
1632 4651 1648 4678 ,
1677 4608 1870 4679 quibus

289 4709 382 4756 eos
405 4700 667 4757 maledica
699 4707 754 4757 et
803 4701 1041 4758 veritatis
1067 4700 1282 4756 inimica
1304 4699 1478 4770 lingua
1498 4699 1746 4772 pulsavit,
1778 4697 1871 4755 de-

293 4791 545 4848 fendendi
571 4789 829 4849 fuerunt’
855 4795 906 4848 in
937 4794 1039 4849 hoc
1076 4793 1327 4864 praesenti
1357 4807 1524 4864 opere
1559 4801 1777 4856 nostro;
1804 4806 1871 4846 ue

291 4893 474 4938 contra
503 4882 808 4953 Scripturas
834 4895 1045 4940 sanctas
1078 4893 1131 4940 et
1155 4883 1397 4939 salubres
1422 4883 1622 4953 aliquid
1661 4883 1762 4940 sibi
1792 4883 1874 4937 di-

292 4987 412 5029 cere
453 4973 784 5042 viderentur,
821 4975 910 5045 qui
953 4989 1042 5031 eas
1071 4989 1324 5045 perversa
1361 4985 1415 5030 et
1448 4975 1668 5032 adversa
1693 4985 1873 5031 mente

292 5066 558 5136 legerunt,
589 5067 718 5123 dum
743 5067 1098 5138 petulantibus
1123 5069 1376 5124 conviciis
1403 5068 1729 5124 insectantur
1753 5075 1865 5136 eos,

293 5159 379 5228 qui
407 5157 522 5213 illic
549 5173 672 5214 cum
700 5167 849 5215 tanto
875 5160 1079 5215 honore
1100 5159 1481 5230 praedicantur.

361 5249 593 5306 CAPUT
622 5247 1083 5308 LX.—Ca:terum
1112 5251 1246 5308 Loth
1261 5250 1445 5320 frater,
1472 5251 1526 5307 id
1545 5259 1626 5307 est
1644 5263 1874 5308 consan-

297 5343 520 5413 guineus
544 5343 797 5411 Abrahae,
824 5357 1158 5416 nequaquam
1200 5343 1313 5400 i‘sti's
1355 5344 1744 5415 comparandus
1770 5346 1873 5412 est,

301 5433 364 5488 de
389 5434 585 5504 quibus
605 5435 746 5490 Deus
763 5433 911 5502 dicit,
938 5434 1051 5506 Ego
1077 5452 1192 5490 sunt
1215 5435 1353 5490 Deus
1377 5435 1652 5503 Abraham,
1675 5443 1722 5490 et
1742 5435 1878 5492 Deus

303 5523 472 5593 Isaac,
497 5533 544 5581 et
569 5525 709 5580 Deus
729 5524 889 5581 Iacob
919 5525 1110 5600 (Exod.
1136 5543 1212 5595 ιιι,
1235 5526 1327 5598 6);
1357 5539 1457 5584 nec
1483 5528 1538 5582 in
1565 5543 1749 5584 eorum
1776 5545 1877 5584 nu-

305 5633 450 5678 mero
490 5619 842 5691 deputandus,
870 5622 1060 5694 quibus
1103 5623 1192 5678 illa
1229 5622 1502 5695 Scriptura
1535 5631 1701 5698 usque
1732 5627 1783 5681 in
1815 5625 1878 5681 ti-

365 5753 382 5817 !
417 5755 490 5803 sic
510 5761 618 5806 Mss.
638 5754 758 5808 mliti
779 5769 915 5817 vero,
938 5757 1097 5808 venire
1117 5769 1292 5808 omnes.

351 5815 387 5881 ,ί
417 5817 551 5895 Δρυᾶ
565 5823 640 5872 Er.
663 5819 812 5887 Lugd.
839 5815 956 5875 Ven.
980 5827 1110 5884 Lov.,
1129 5819 1336 5884 fuerant.
1386 5826 1442 5871 Μ.

1923 5967 1960 5980 ινν

1967 477 2090 535 nem
2135 467 2379 536 perhibet
2424 468 2642 540 iustitia:
2694 471 3053 543 testimonium
3083 490 3097 528 :
3126 475 3370 548 quamvis
3409 477 3550 536 inter

1968 549 2269 617 Sodomitas
2297 562 2382 632 pie
2407 572 2660 636 casteque
2687 574 2958 633 versatus,
2989 566 3360 638 hospitalitatis
3390 570 3550 627 etiam

1967 650 2172 712 meritis
2201 654 2624 723 commendatus,
2659 656 2727 711 ab
2769 657 2910 712 illius
2954 666 3108 714 terra:
3137 659 3384 717 incendio
3413 661 3550 720 libe-

1967 749 2113 797 ratus
2138 744 2226 809 sit,
2254 754 2308 800 et
2336 745 2451 817 ejus
2479 749 2705 818 posteris
2734 757 2874 805 terra
2901 751 3255 828 possessionis
3284 753 3300 784 ί
3329 762 3547 828 propter

1969 832 2258 904 Abraham,
2296 837 2386 908 qui
2425 847 2644 909 patruus
2673 843 2794 911 ejus
2822 843 3012 909 fuerat,
3037 829 3180 898 dono
3207 843 3305 898 Dei
3333 843 3452 898 data
3483 844 3550 900 sit

1970 923 2122 996 (Gen.
2153 926 2291 1002 xxx).
2316 929 2443 984 llaec
2470 930 2624 986 nobis
2653 933 2844 988 merita
2874 933 2926 988 in
2957 933 3061 988 illis
3089 932 3261 990 Libris
3291 919 3553 989 laudanda

1969 1030 2356 1091 proponuntur,
2380 1037 2486 1076 non
2513 1022 2764 1090 ebrietas,
2792 1041 2896 1080 non
2930 1025 3160 1081 incestus
3183 1023 3359 1096 (Deut.
3388 1042 3443 1090 tt,
3473 1024 3552 1097 9):

1969 1099 2069 1165 sed
2103 1127 2222 1166 cum
2260 1112 2492 1168 hominis
2521 1113 2758 1185 ejusdem
2788 1124 2841 1171 et
2869 1125 3014 1172 recte
3054 1117 3246 1172 factum
3278 1129 3333 1172 et
3358 1132 3552 1188 pecca-

1972 1214 2081 1256 tum
2101 1203 2358 1274 scriptum
2385 1205 2708 1270 invenimus,
2730 1207 2870 1263 aliud
2898 1207 3194 1264 insinuatur
3215 1208 3547 1276 imitandum,

1969 1292 2132 1385 aliud.
2168 1295 2590 1363 prmeavendum.
2628 1295 2796 1352 Porro
2849 1298 2893 1352 si
2935 1308 3208 1369 peccatum
3258 1296 3418 1365 Loth,
3469 1298 3551 1353 cui

1969 1381 2291 1456 perliibitum
2320 1396 2418 1454 est,
2453 1397 2732 1458 antequam
2771 1398 3036 1459 peccaret,
3061 1389 3280 1460 justitim
3312 1389 3553 1445 testimo-

1969 1476 2113 1530 nium
2142 1477 2292 1550 (Sap.
2313 1496 2368 1545 x,
2393 1479 2471 1551 6),
2495 1496 2600 1535 non
2627 1481 2787 1536 modo
2809 1497 2913 1536 non
2935 1481 3203 1539 decolorat
3222 1483 3552 1537 divinitatem

1972 1561 2064 1622 Dei
2093 1569 2176 1624 vel
2219 1571 2492 1641 scriptura:
2523 1573 2661 1627 illius
2687 1572 2984 1640 veritatem,
3013 1590 3197 1630 verum
3233 1575 3393 1629 etiam
3434 1573 3553 1628 Iau-

1971 1657 2204 1716 dandam’
2244 1664 2670 1737 diligendamque
2715 1669 3083 1736 commendat,
3123 1668 3264 1740 quod
3304 1678 3555 1740 tanquam

1971 1753 2174 1826 speculi
2202 1755 2375 1811 ﬁdelis
2399 1760 2561 1827 nitor,
2587 1759 2920 1814 admotarum
2947 1759 3046 1815 sibi
3074 1774 3426 1829 personarum
3444 1775 3554 1816 non

1971 1844 2144 1900 solum
2176 1863 2294 1917 quae
2321 1848 2540 1918 pulchra
2571 1858 2731 1920 atque
2771 1850 3006 1922 integra,
3034 1866 3220 1908 verum
3248 1853 3405 1909 etiam
3436 1867 3555 1924 quae.

1970 1933 2227 1993 deformia
2269 1940 2562 2012 vitinsaque
2604 1944 2732 2010 sint,
2760 1942 2990 2009 indicat;
3031 1952 3229 2020 quanto
3265 1944 3434 2016 magis
3473 1943 3558 2001 fa-

1970 2039 2112 2106 ctum
2160 2029 2341 2096 Judae,
2389 2032 2532 2102 quod
2576 2050 2695 2088 cum
2739 2050 2836 2089 sua
2880 2051 3018 2094 nuru
3063 2036 3347 2090 concubuit
3384 2033 3554 2105 (Gen.

1970 2138 2196 2190 xxxvm,
2223 2122 2437 2198 15—18),
2471 2126 2600 2180 nihil
2639 2127 2858 2182 omnino
2895 2127 3071 2193 ail‘ert,
3098 2127 3241 2183 unde
3269 2130 3556 2187 auctoritas

1971 2219 2153 2269 sancta
2197 2215 2478 2286 culpetur:
2509 2233 2629 2288 quae
2669 2219 2723 2272 in
2771 2219 2874 2274 illis
2903 2219 3078 2276 Libris
3121 2219 3339 2276 fundata
3383 2223 3556 2292 persi-

1971 2315 2136 2376 stens,
2166 2325 2270 2363 non
2304 2318 2507 2364 tantum
2537 2311 2977 2380 paucissimorum
3016 2312 3424 2368 Manichteorum
3463 2329 3555 2370 ca-

1970 2399 2262 2457 Iumuiosas
2291 2403 2546 2473 argutias,
2577 2419 2758 2459 verum
2793 2404 2954 2460 etiam
2977 2405 3252 2476 gentilium
3275 2413 3353 2460 tot
3381 2413 3554 2462 tanto-

1968 2505 2194 2566 rumque
2225 2495 2538 2566 populorum
2564 2495 2858 2553 horrendas
2888 2497 3192 2554 inimicitias
3221 2497 3399 2554 divino
3434 2498 3556 2568 jure

1969 2586 2282 2652 contemnit,
2302 2602 2434 2657 quos
2457 2603 2591 2657 pene
2607 2587 2717 2658 jam
2743 2595 2882 2643 totos
2902 2603 2932 2643 a
2955 2588 3154 2644 nefaria
3181 2588 3555 2660 superstitione

1967 2678 2399 2745 simulacrorum,
2436 2679 2504 2734 ad
2543 2680 2701 2734 unius
2738 2679 2832 2735 Dei
2869 2681 2982 2735 veri
3024 2681 3224 2736 cultum
3264 2679 3555 2736 christiano

1968 2770 2197 2842 imperio
2226 2773 2545 2843 subjugavit,
2574 2773 2808 2829 edomito
2837 2773 2967 2830 orbe
2994 2783 3276 2840 terrarum,
3306 2790 3415 2831 non
3436 2776 3555 2830 vio-

1967 2859 2138 2916 lentia
2169 2862 2351 2917 bellici
2377 2862 2704 2930 certaminis,
2734 2863 2829 2919 sed
2860 2865 3068 2919 invictae.
3096 2865 3327 2935 potentia
3354 2865 3555 2922 verita-

1969 2953 2077 3006 tis?
2099 2951 2198 3008 Ubi
2227 2954 2370 3008 enim
2397 2953 2716 3009 Litterarum
2750 2955 2962 3011 illarum
2992 2955 3236 3012 laudatus
3257 2965 3338 3013 est
3359 2955 3556 3012 Judas?

1969 3039 2104 3111 Quid
2131 3043 2197 3098 de
2223 3043 2315 3098 illo
2347 3044 2472 3098 boni
2501 3043 2772 3116 Scriptura
2815 3045 2902 3100 illa
2929 3055 3124 3102 testata
3159 3054 3260 3114 est,
3288 3047 3391 3102 nisi
3415 3045 3556 3118 quod

1967 3133 2022 3187 in
2052 3133 2327 3204 prophetia
2354 3134 2575 3203 Christi,
2601 3137 2689 3206 qui
2712 3152 2777 3191 ex
2799 3135 2914 3206 ejus
2937 3138 3076 3194 tribu
3101 3139 3558 3209 praenuntiabatur

1969 3223 2022 3278 in
2045 3239 2207 3280 carne
2226 3234 2498 3291 venturus,
2523 3227 2899 3283 benedictione
2917 3229 3083 3299 patris
3109 3231 3190 3286 sui
3217 3246 3327 3302 pra:
3345 3231 3556 3300 ceteris

1969 3315 2373 3371 commendatus
2398 3317 2622 3372 eminuit
2648 3317 2758 3389 (Id.
2786 3334 2928 3385 XLIX,
2959 3318 3149 3392 8-12)?

2041 3405 2266 3464 CAPUT
2302 3399 2440 3464 LXI.
2467 3440 2537 3450 —
2566 3409 2830 3465 Caeterum
2875 3410 2942 3466 ad
2983 3411 3035 3466 id
3054 3453 3070 3479 ,
3097 3412 3240 3482 quod
3268 3427 3390 3468 eum
3420 3412 3558 3470 Fau-

1970 3508 2084 3556 stus
2126 3499 2442 3556 fornicatum
2484 3504 2951 3572 commemoravit,
2991 3503 3235 3560 addimus
3262 3519 3361 3561 nos
3390 3506 3554 3573 aliud,

1971 3592 2113 3663 quod
2162 3593 2379 3649 fratrem
2434 3609 2589 3651 suum
2635 3595 2834 3666 Joseph
2878 3597 2933 3652 in
2975 3597 3266 3670 Egyptian
3316 3597 3560 3655 vendidit

1975 3676 2087 3755 (Id.
2113 3699 2310 3751 xxxvn,
2339 3672 2552 3757 26-28).
2577 3684 2844 3758 Numquid
2871 3686 3181 3760 cujusquam
3207 3689 3445 3746 membra
3471 3689 3556 3748 di-

1971 3783 2138 3833 Storta
2167 3777 2464 3850 depravant
2491 3771 2683 3846 lucem,
2705 3795 2825 3852 quae
2851 3790 3042 3838 cuncta
3077 3782 3444 3839 demonstrat?
3468 3779 3558 3842 Sic

1970 3884 2071 3924 nec
2104 3869 2398 3940 cujuspiam
2435 3869 2710 3942 malefacta
2738 3871 2936 3927 malam
2965 3872 3294 3945 Scripturam
3335 3873 3555 3942 ludunt,

1972 3967 2073 4034 qua
2097 3963 2356 4035 prodente
2376 3963 2674 4035 legentibus
2699 3965 3056 4020 innotescunt.
3080 3965 3339 4020 Consulta
3359 3964 3560 4036 quippe

1973 4063 2172 4112 acterna
2217 4057 2304 4111 lex
2345 4056 2457 4124 illa,
2489 4071 2607 4127 qua:
2652 4056 2894 4113 ordinem
2924 4057 3224 4113 naturalem
3251 4056 3566 4114 conservari

1970 4139 2140 4217 jubet,
2169 4147 2474 4217 perturbari.
2495 4155 2668 4212 vetat,
2702 4163 2807 4202 non
2839 4147 2941 4202 nisi
2970 4147 3368 4219 propagationis
3395 4160 3560 4204 causa

1974 4239 2158 4295 statuit
2195 4238 2427 4295 hominis
2467 4240 2807 4297 concubitum
2838 4239 2975 4305 ﬁeri,
2998 4249 3053 4296 et
3078 4240 3180 4298 hoc
3206 4254 3314 4295 non
3343 4239 3560 4296 nisim-

1973 4333 2177 4390 cialiter
2199 4333 2442 4389 ordinato
2465 4333 2752 4400 connubio,
2782 4333 2924 4403 quod
2952 4347 3058 4388 non
3085 4339 3350 4403 pervertat
3373 4330 3586 4388 vincu-'

1971 4423 2085 4480 lum
2134 4425 2319 4496 pacis:
2352 4434 2407 4480 et
2446 4425 2568 4480 ideo
2605 4424 2907 4494 prostitutio
2947 4423 3291 4489 feminarum,
3338 4435 3448 4478 non
3490 4420 3562 4478 ad

1974 4515 2394 4572 substituendam
2435 4515 2662 4586 prolem,
2694 4514 2791 4570 sed
2833 4513 2900 4568 ad
2941 4513 3237 4570 satiandam
3279 4512 3554 4569 libidinem

1977 4609 2368 4679 propositarum
2391 4649 2407 4675 ,
2447 4607 2623 4662 divina
2666 4616 2824 4678 atque
2859 4615 3060 4663 aeterna
3101 4595 3227 4680 lege
3255 4607 3558 4666 damnatur.

1977 4691 2200 4757 Omnem
2222 4702 2416 4770 quippe
2437 4697 2753 4754 dehonestat
2779 4710 3076 4775 emptorem
3103 4698 3374 4769 turpitudo
3399 4712 3563 4754 venu-

1976 4793 2042 4850 lis
2063 4809 2156 4851 :ac
2184 4810 2278 4864 per
2307 4794 2409 4849 hoc
2434 4793 2596 4848 Judas
2621 4775 2721 4850 etsi
2749 4795 2960 4865 gravius
2987 4804 3279 4865 peccasset,
3301 4795 3348 4850 si
3367 4807 3564 4850 nurum

1978 4887 2155 4943 sciens
2188 4901 2310 4942 cum
2346 4900 2408 4940 ea
2448 4886 2805 4942 concumbere
2841 4886 3097 4942 voluisset
3124 4885 3211 4959 (si
3238 4885 3380 4941 enim
3403 4885 3483 4940 vir
3508 4892 3564 4940 et

1979 4971 2136 5047 uxor,
2167 4980 2304 5035 sicut
2329 4977 2594 5050 Dominus.
2609 4976 2758 5046 dicit,
2788 4995 2890 5032 non
2907 4979 3026 5049 jam
3051 4977 3173 5044 ω,
3203 4976 3290 5032 aed
3313 4991 3416 5031 una
3441 4990 3562 5030 caro

1979 5081 2064 5128 est
2116 5069 2344 5144 (Matth.
2377 5085 2489 5138 xix,
2523 5068 2622 5144 6),
2647 5085 2758 5127 non
2783 5069 2937 5126 aliter
2961 5086 3127 5126 nurus
3151 5076 3235 5126 est
3257 5067 3561 5142 deputanda

1980 5177 2138 5234 quam
2170 5160 2319 5234 ﬁlia)
2346 5177 2362 5228 ;
2393 5169 2573 5217 tamen
2607 5177 2752 5230 eum,
2779 5171 3035 5233 quantum
3070 5162 3126 5217 in
3155 5160 3271 5231 ipso
3297 5168 3430 5227 erat,
3463 5159 3563 5218 de-

1980 5254 2221 5309 formiter
2249 5269 2368 5310 cum
2399 5253 2683 5310 meretrice
2704 5254 2928 5310 cubasse
2960 5268 3068 5310 non
3101 5252 3321 5310 dubium
3359 5261 3461 5309 est.
3491 5253 3562 5309 At

1982 5347 2071 5404 illa
2092 5363 2208 5418 qua:
2229 5361 2474 5404 socerum
2493 5345 2702 5414 fefellit,
2727 5362 2832 5402 non
2851 5345 3026 5403 carnis
3044 5345 3164 5416 ejus
3179 5346 3563 5417 concupiscen-

1981 5437 2076 5510 tia,
2098 5455 2199 5496 nec
2223 5441 2538 5497 meretriciae
2560 5439 2824 5496 mercedis
2847 5437 3438 5513 cupiditatepeecavit:
3466 5439 3562 5497 sed

2051 5637 2066 5666 ι
2101 5641 2234 5692 Lov.,
2257 5637 2392 5684 terra
2771 5633 2944 5696 verius
2967 5630 3183 5696 editi'alti
3199 5639 3250 5682 et
3270 5630 3379 5682 fere
3395 5643 3569 5681 omnes

1985 5701 2112 5757 Mss,
2139 5690 2269 5745 terra
2292 5690 2635 5764 possessionis.
2660 5699 2819 5764 forte
2854 5693 3144 5764 addendum,
3184 5706 3302 5745 suae.
3325 5698 3569 5764 Denterra

1989 5755 2106 5822 quae
2123 5757 2330 5822 posteris
2369 5755 2482 5822 both
2506 5789 2520 5814 ,
2560 5755 2775 5822 Moabitis
2809 5755 2996 5822 scilicet
3029 5764 3176 5821 atque
3211 5755 3488 5822 Ammonitis
3518 5755 3568 5806 in

1992 5813 2355 5889 possessionem
2375 5817 2486 5870 data
2507 5813 2582 5870 est
2598 5853 2613 5881 ,
2637 5815 2810 5871 dicitur
2841 5820 2892 5874 in
2913 5813 3272 5878 Denter'onomii
3292 5829 3400 5882 cap.
3424 5813 3473 5868 2.
