4052 6438
456 392 564 451 459

458 524 526 565 ex
568 507 688 578 ipso
732 501 990 575 sanguine
1028 500 1233 573 prolem
1269 497 1568 568 requirens,
1598 509 1665 550 ex
1689 507 1797 565 quo
1824 490 2034 548 duobus

454 601 567 671 jam
611 597 860 657 tratribus
898 604 1081 666 nupta,
1112 592 1268 648 tertio
1308 601 1521 659 quoque
1552 584 1815 656 denegatae
1841 582 2042 637 habere

460 708 569 748 non
596 690 767 761 potuit
786 689 825 755 ι,
848 687 985 758 patri
1004 698 1191 741 eorum
1219 694 1408 737 socero
1430 692 1527 734 suo
1549 676 1822 733 fetandum
1845 686 2043 743 corpus

458 783 650 842 fraude
688 781 932 852 subjecit,
956 778 1177 851 pignore
1204 772 1469 830 mercedis
1493 779 1732 844 accepto,
1761 767 1903 841 quod
1936 780 2044 821 non

460 879 529 934 ad
554 884 947 939 ornamentum,
979 869 1074 926 sed
1107 867 1173 923 ad
1206 864 1568 923 testimonium
1596 860 1912 919 reservavit.
1932 858 2046 915 Me-

460 970 567 1024 lius
612 967 826 1039 quidem
878 964 994 1018 sine
1040 959 1160 1015 ﬁliis
1205 968 1530 1025 remaneret,
1572 970 1736 1027 quam
1775 954 1892 1011 sine
1924 952 2047 1023 jure

462 1058 785 1117 matrimonii
814 1063 983 1111 mater
1018 1053 1170 1109 ﬁeret
1193 1069 1208 1107 :
1232 1052 1390 1122 longe
1417 1056 1593 1105 tamen
1618 1047 1724 1102 alia
1752 1045 2047 1102 intentione

463 1151 722 1223 peccavit,
761 1145 902 1218 quod
950 1144 1074 1200 ﬁliis
1117 1142 1229 1200 suis
1272 1151 1476 1214 patrem
1525 1139 1755 1212 providit
1798 1132 2046 1193 soCerum

461 1259 639 1310 suum,
662 1257 820 1312 quam
847 1240 891 1295 si
918 1253 1041 1295 eum
1065 1237 1164 1293 sibi
1186 1235 1522 1304 concupisset
1541 1232 1859 1289 adulterum.
1887 1228 2049 1285 Deni-

464 1351 567 1405 que
593 1349 713 1389 cum
739 1333 889 1402 jussu
915 1330 1031 1401 ejus
1064 1327 1450 1400 produceretur
1482 1325 1552 1381 ad
1587 1332 1839 1390 mortem,
1864 1320 2052 1378 etvir-

462 1442 607 1498 gam,
626 1424 846 1491 monile,
872 1431 1032 1493 atque
1052 1420 1311 1475 annulum
1332 1417 1661 1490 protulisset,
1686 1415 1871 1471 dicens
1892 1413 1959 1470 ab
1981 1426 2051 1469 eo

465 1534 525 1575 se
548 1516 902 1589 gravidatam,
931 1514 1084 1584 cujus
1111 1514 1333 1584 pignora
1361 1511 1449 1566 illa
1478 1517 1691 1576 essent;
1718 1506 1809 1564 ubi
1842 1522 1908 1563 ea
1931 1520 2054 1577 quae

467 1610 691 1665 dederat
726 1608 817 1663 ille
850 1605 1118 1676 cognovit,
1143 1604 1298 1659 istam
1333 1602 1501 1673 magis
1524 1615 1683 1672 quam
1708 1615 1769 1656 se
1789 1599 2053 1669 justilica-

469 1710 575 1755 tam
598 1714 717 1757 esse
741 1697 1035 1769 respondit,
1059 1695 1200 1766 quod
1226 1695 1273 1750 ei
1297 1694 1461 1749 ﬁlium
1481 1708 1634 1749 suum
1657 1692 1906 1747 maritum
1924 1704 2056 1746 con-

464 1792 690 1861 jungere
740 1790 1031 1854 noluisset;
1073 1801 1175 1858 qua
1220 1785 1566 1841 destitutione
1612 1783 1908 1854 compulsa,
1958 1781 2055 1838 illo

471 1885 630 1941 modo
677 1885 853 1955 potius
900 1895 1058 1952 quam
1100 1878 1247 1935 nullo
1293 1877 1455 1933 modo
1507 1876 1898 1947 posteritatem,
1946 1889 2055 1930 non

471 1977 686 2031 aliunde
729 1990 884 2046 quam
923 1973 990 2028 ab
1028 1971 1215 2029 eadem
1264 1971 1430 2041 stirpe
1473 1970 1833 2041 conquireret.
1864 1968 1922 2022 In
1951 1982 2056 2038 qua

475 2068 759 2133 sententia,
780 2082 884 2122 non
914 2080 1030 2122 eam
1055 2065 1419 2135 justiﬁcatam,
1448 2063 1541 2119 sed
1563 2078 1681 2118 eam
1701 2062 1869 2131 magis
1896 2076 2056 2131 quam

475 2180 534 2217 se
559 2162 898 2231 justiﬁcatam
928 2160 1132 2224 dicens,
1166 2175 1265 2215 ncc
1290 2159 1459 2229 ipsam
1492 2158 1745 2226 laudavit,
1768 2157 1862 2214 sed
1893 2158 1947 2213 in
1976 2156 2061 2213 sui

475 2253 873 2322 comparatione
897 2250 1218 2321 praeposuit;
1238 2250 1562 2305 desiderium
1579 2249 1781 2306 scilicet
1802 2248 2062 2305 habenda:

476 2343 664 2412 prolis,
696 2359 801 2414 quo
832 2344 989 2398 ducta
1029 2342 1118 2396 illa
1161 2356 1219 2396 se
1259 2356 1449 2397 socero
1483 2350 1852 2411 supposuerat,
1884 2342 2063 2397 minus

478 2435 735 2504 culpane,
776 2450 934 2505 quam
974 2432 1242 2489 libidinosi
1281 2433 1596 2489 concubitus
1634 2433 1914 2499 ardorem,
1956 2448 2064 2504 quo

481 2526 598 2595 ipse
623 2525 767 2580 velut
790 2524 856 2580 ad
884 2524 1219 2582 meretricem
1239 2524 1413 2579 victus
1437 2523 1726 2579 intraverat
1751 2543 1765 2580 :
1789 2523 1928 2579 sicut
1949 2524 2068 2595 qui-

484 2617 706 2671 busdam
754 2618 967 2684 dicitur,
1006 2617 1335 2687 Justi/icastis
1377 2616 1656 2673 Sodomam
1693 2615 1928 2691 (Ezech.
1954 2633 2064 2686 xvt,

487 2708 557 2763 52
581 2709 622 2779 ),
651 2708 704 2763 id
734 2720 835 2775 est,
865 2718 1067 2765 tantum
1096 2710 1375 2780 peceastis,
1403 2717 1462 2765 ut
1482 2710 1634 2766 vobis
1659 2710 1890 2766 Sodoma
1917 2726 2067 2767 com-

482 2809 670 2870 parata
705 2800 847 2871 justa
875 2801 1137 2857 videatur.
1161 2801 1476 2873 Quanquam
1501 2802 1712 2858 etiamsi
1736 2803 1852 2858 haec
1877 2803 2070 2860 mulier

485 2907 595 2947 non
623 2892 679 2947 in
708 2893 908 2962 pejoris
936 2892 1064 2949 facti
1087 2894 1485 2964 comparatione
1509 2894 1688 2951 minus
1712 2895 1945 2966 culpata,
1974 2896 2070 2953 sed

486 2982 709 3038 omnino
751 2998 783 3037 a
829 2998 1021 3040 socero
1066 2985 1275 3040 laudata
1326 2985 1695 3058 intelligatur:
1725 3003 1845 3058 quae
1893 2997 2069 3044 tamen

487 3074 732 3129 consulta
762 3075 853 3129 illa
878 3084 1079 3130 aeterna
1109 3076 1227 3147 lege
1247 3076 1486 3147 iustitiae,
1512 3093 1631 3148 quae
1660 3079 1954 3135 naturalem
1984 3095 2073 3134 or-

490 3165 670 3221 dinem
700 3167 997 3235 perturbari
1022 3175 1187 3236 vetat,
1212 3182 1321 3224 non
1344 3169 1527 3240 utique
1558 3170 1927 3226 tantummodo
1950 3186 2073 3227 cor-

490 3270 702 3324 porum,
739 3256 833 3310 sed
870 3256 1102 3313 maxime
1140 3271 1203 3313 ac
1240 3257 1486 3328 primitus
1522 3260 1843 3327 animorum,
1870 3262 1992 3332 quia
2020 3262 2074 3318 in

494 3347 839 3415 procreandis
868 3347 990 3403 ﬁliis
1017 3349 1316 3405 ordinatam
1354 3351 1664 3407 societatem
1700 3365 1808 3406 non
1834 3353 2075 3410 custodi-

491 3437 589 3505 vit,
628 3438 819 3492 merito
850 3437 1128 3507 culpabilis
1153 3440 1459 3497 invenitur:
1486 3441 1613 3513 quid
1640 3443 1852 3511 mirum,
1878 3444 1923 3500 si
1951 3458 2077 3515 pec-

493 3527 664 3582 catrix
686 3543 715 3583 a
744 3537 1025 3597 peccatore
1053 3530 1337 3587 laudatur?

565 3619 793 3675 CAPUT
820 3620 980 3676 LXII.
1005 3651 1079 3663 —
1101 3622 1254 3690 Quod
1280 3624 1352 3679 ita
1377 3624 1531 3681 nobis
1555 3624 1804 3697 Faustus,
1834 3627 1920 3684 vel
1961 3628 2078 3699 ipsa

495 3710 781 3767 Manicltzea
806 3714 1127 3784 perversitas
1151 3714 1440 3772 arbitratur
1462 3717 1743 3774 adversum
1765 3759 1779 3787 ,
1805 3719 1957 3790 quasi
1982 3735 2079 3776 no-

497 3801 579 3858 bis
605 3804 658 3858 in
686 3803 826 3859 illius
846 3803 1135 3877 Scriptura:
1154 3809 1499 3865 veneratione
1521 3809 1787 3882 dignoque
1812 3813 2079 3883 praeconio

494 3894 623 3950 vitia
669 3894 965 3965 hominum,
1007 3914 1127 3970 qua:
1166 3899 1257 3957 illa
1301 3911 1705 3971 commemorat,
1747 3919 1968 3961 necesse
2009 3906 2081 3963 sit

497 3987 793 4056 approbare
819 4007 834 4045 :
856 3990 983 4059 quin
1021 3992 1199 4061 potius
1237 4007 1458 4050 necesse
1497 4001 1581 4050 est
1618 4004 1675 4050 ut
1706 4007 1905 4067 quanto
1932 3998 2079 4054 illam

497 4077 798 4149 religiosius
824 4080 1141 4149 accipimus,
1174 4090 1321 4138 tanto
1355 4083 1605 4140 ﬁdentius
1649 4084 1739 4140 illa
1781 4087 2077 4158 culpamus,

499 4184 619 4238 qua:
658 4185 757 4239 per
789 4170 904 4241 ejus
931 4172 1209 4229 veritatem
1240 4174 1438 4229 certius
1475 4176 1733 4246 culpanda
1775 4177 2078 4237 didicimus.

504 4259 581 4315 lbi
616 4260 759 4315 enim
794 4260 1078 4319 fornicatio
1112 4272 1168 4320 et
1209 4266 1383 4320 omnis
1412 4266 1627 4323 illicitus
1656 4270 1968 4327 concubitus
1999 4270 2083 4328 di-

497 4353 626 4409 vino
650 4353 769 4423 jure
791 4353 1077 4411 damnatur
1102 4354 1125 4429 (
1139 4356 1308 4411 Exod.
1331 4373 1423 4425 xx,
1455 4359 1543 4425 14,
1570 4359 1672 4432 l7)
1701 4376 1805 4417 :.ac
1834 4377 1931 4433 per
1954 4362 2081 4433 hoc,

501 4457 622 4497 cum
662 4444 786 4499 talia
819 4446 1166 4515 quorumdam
1196 4447 1333 4503 facta
1360 4463 1763 4520 commemorat,
1796 4454 1863 4510 de
1891 4455 2084 4525 quibus

503 4548 571 4590 eo
590 4533 710 4590 loco
733 4550 885 4590 suam
912 4544 1087 4593 taceat
1112 4540 1451 4606 sententiam,
1474 4541 1759 4611 judicanda
1786 4545 1940 4601 nobis
1962 4562 2084 4617 per-

490 4627 690 4691 mittit,
724 4642 833 4683 non
863 4628 1123 4686 laudanda
1158 4632 1477 4702 praescribit.
1508 4636 1638 4701 Quis
1667 4637 1807 4693 enim
1839 4646 2082 4695 nostrum

504 4717 561 4772 in
598 4719 715 4788 ipso
743 4719 1031 4790 Evangelio
1070 4737 1177 4778 non
1210 4722 1504 4781 detestatur
1538 4726 1765 4782 Herodis
1800 4730 2086 4785 crudelita-

509 4819 638 4874 tem,
674 4826 794 4865 cum
829 4811 897 4868 de
927 4812 1128 4869 Christi
1157 4815 1433 4872 nativitate
1462 4818 1721 4873 sollicitus
1750 4826 1829 4872 tot
1855 4819 2084 4876 infantes

480 4901 662 4968 ‘jussit
699 4901 870 4957 occidi
908 4901 929 4973 (
955 4902 1142 4958 Matth.
1171 4920 1230 4972 ll,
1256 4906 1324 4963 16
1348 4906 1403 4976 )?
1427 4907 1497 4961 At
1525 4907 1627 4962 hoc
1653 4906 1847 4963 factum
1879 4909 1949 4964 ibi
1977 4925 2084 4966 non

428 5058 431 5061 ν
505 4990 855 5061 vituperatur,
894 4993 989 5049 sed
1028 5002 1231 5049 tantum
1259 5005 1526 5052 narratur.
1553 4996 1658 5053 Sed
1694 5013 1762 5054 ne
1790 4997 1892 5055 hoc
1922 4998 2088 5055 Mani-

506 5082 642 5138 chtei
687 5099 881 5140 vesana
937 5085 1263 5157 impudentia
1313 5088 1505 5143 falsum
1555 5103 1673 5144 esse
1723 5092 2084 5162 contendant,

506 5175 631 5244 quia
669 5184 725 5230 et
761 5175 932 5245 ipsam
959 5175 1160 5231 Christi
1195 5178 1543 5243 nativitatem,
1576 5193 1674 5248 qua
1703 5180 1940 5237 Herodes
1971 5198 2091 5252 pcr-

510 5266 751 5322 turbatus
776 5276 888 5333 est,
918 5278 1145 5338 negant;
1176 5268 1411 5338 ipsorum
1445 5269 1746 5327 Judznorutn
1791 5274 2091 5331 immanita-

512 5367 622 5415 tem
638 5368 698 5415 et
713 5360 1009 5416 caecitatem
1035 5364 1230 5429 legant,
1254 5361 1699 5429 quemadmodum
1727 5365 1831 5421 illic
1861 5376 2092 5423 tantum-

513 5451 675 5505 modo
695 5461 956 5518 narretur,
982 5466 1089 5507 non
1112 5450 1461 5521 vituperetur,
1487 5463 1541 5510 et
1562 5462 1737 5511 tamen
1757 5456 1823 5512 ab
1844 5458 2091 5515 omnibus

508 5545 820 5599 detestetur.

584 5634 809 5693 CAPUT
835 5634 1016 5691 LXIII.
1044 5635 1275 5706 -—Sed,
1319 5638 1591 5710 inquiunt,
1631 5641 1730 5697 iste
1772 5641 1955 5710 Judas,
2001 5645 2093 5714 qui

579 5773 924 5851 tsicsmLtEr.
950 5782 1003 5828 et
1022 5782 1131 5828 Mss.
1156 5782 1212 5833 At
1232 5784 1364 5845 Lov.,
1388 5781 1528 5833 tertio
1549 5782 1716 5849 potuit,
1738 5785 1968 5851 denegata
2003 5785 2093 5838 Ita-

515 5835 625 5885 bere
646 5846 737 5887 non
755 5835 919 5899 potuit.

1272 382 1542 441 CONTRA
1581 375 1902 437 FAUSTUM
1937 366 2390 445 MANICHASUM,
2431 375 2489 435 S.
2530 371 2906 439 AUGUSTINI

3628 384 3740 445 M0

2150 507 2269 549 cum
2296 508 2390 551 sua
2418 512 2554 553 nuru
2582 497 2889 565 concubuit,
2917 498 3057 553 inter
3088 494 3367 555 duodecim
3396 494 3741 559 Patriarchas

2146 598 2487 660 computatur
2511 592 2534 661 (
2560 587 2687 645 Gen.
2712 582 2880 655 xxxv,
2904 588 3071 647 22-26
3091 591 3132 662 ).
3171 590 3309 658 Quid
3349 592 3517 659 enim,
3542 600 3598 647 et
3639 593 3740 650 ille

2146 680 2330 747 Iudas,
2359 682 2451 753 qui
2489 682 2773 737 Dominum
2803 680 3037 748 tradidit,
3065 697 3244 737 nonne
3284 683 3423 738 inter
3448 681 3738 740 duodecim

2154 772 2442 842 Apostolos
2466 782 2775 829 numeratus
2809 782 2912 839 est,
2946 782 3001 829 et
3034 788 3155 829 cum
3184 773 3263 830 eis
3291 788 3430 830 unus
3464 789 3534 830 ex
3563 776 3642 831 eis
3669 775 3744 833 ad

2149 866 2545 936 praedicandum
2567 866 2910 939 Evangelium
2932 866 3175 923 diabolus
3193 866 3390 924 missus
3419 875 3501 923 est
3520 866 3740 940 (Matth.

2149 972 2204 1023 x,
2227 956 2346 1025 2-5,
2370 968 2417 1013 et
2444 958 2599 1013 Joan.
2620 974 2695 1027 vi,
2724 958 2813 1026 7l,
2842 958 2975 1029 72)?
2999 956 3107 1013 Sed
3134 957 3307 1015 adhuc
3333 959 3657 1030 respondent
3686 968 3748 1016 et

2150 1049 2335 1105 dicunt
2361 1069 2375 1106 :
2403 1049 2498 1107 Ille
2518 1061 2638 1123 post
2664 1052 2770 1108 tale
2794 1051 2999 1109 facinus
3024 1052 3215 1124 laqueo
3239 1067 3337 1108 suo
3355 1063 3663 1123 peremptus
3685 1060 3748 1109 et

2152 1143 2529 1212 Apostolorum
2558 1159 2781 1200 numero
2808 1152 3089 1215 exemptus
3111 1153 3195 1201 est
3220 1142 3432 1216 (Matth.
3453 1159 3626 1209 xxvn,
3654 1142 3744 1213 5);

2153 1232 2257 1287 iste
2281 1242 2457 1288 autem
2484 1243 2602 1304 post
2628 1235 2769 1290 hanc
2792 1232 3197 1304 turpitudinem,
3224 1233 3364 1289 inter
3390 1232 3583 1289 fratres
3613 1248 3748 1288 suos

2153 1328 2222 1383 ab
2250 1326 2342 1383 illo
2365 1335 2537 1397 patre,
2559 1327 2644 1382 cui
2666 1336 2773 1383 tam
2801 1341 3051 1397 magnum
3074 1325 3434 1382 testimonium
3457 1325 3598 1380 Deus
3617 1339 3749 1395 per-

2158 1417 2327 1483 hibet,
2354 1418 2622 1488 praecipue
2660 1416 2970 1473 benedictus
2996 1425 3052 1473 et
3078 1432 3240 1487 super
3272 1430 3459 1472 omnes
3497 1415 3750 1472 laudatus

2154 1520 2238 1567 est
2267 1509 2419 1583 (Gen.
2442 1526 2594 1576 χιιι,
2622 1507 2789 1582 8-12).
2816 1509 3066 1578 Quinimo
3092 1508 3218 1565 hinc
3243 1509 3548 1580 expressius
3572 1521 3749 1578 appa—

2154 1611 2259 1670 ret,
2282 1617 2390 1658 non
2411 1601 2479 1657 ad
2505 1602 2699 1672 ipsum,
2723 1601 2819 1658 sed
2846 1601 2915 1656 ad
2934 1600 3225 1666 Christum,
3251 1598 3344 1670 qui
3370 1613 3435 1654 ex
3457 1598 3573 1668 ejus
3599 1596 3753 1653 tribu

2156 1693 2615 1766 praenuntiabatur
2660 1694 2714 1749 in
2760 1708 2923 1750 carne
2966 1700 3241 1758 venturus,
3284 1691 3431 1746 illam
3474 1689 3755 1760 pertinere

2156 1786 2492 1858 prophetiam
2518 1804 2532 1842 :
2559 1797 2613 1843 et
2638 1785 2762 1842 ideo
2790 1786 2960 1857 magis
2986 1783 3241 1855 ﬂagitium
3267 1783 3385 1854 ejus
3411 1783 3590 1839 divina
3609 1780 3757 1837 Scri-

2159 1888 2313 1949 ptura
2340 1888 2517 1934 tacere
2542 1894 2648 1933 non
2674 1878 2876 1945 debuit,
2903 1878 3041 1933 sicut
3065 1892 3171 1932 non
3198 1875 3383 1942 tacuit,
3407 1884 3467 1929 ut
3490 1876 3544 1929 in
3567 1874 3755 1930 verbis

2160 1970 2326 2040 patris
2366 1969 2501 2040 ejus,
2538 1969 2730 2041 quibus
2773 1980 2892 2039 post
2934 1968 3064 2023 illud
3101 1967 3332 2023 dedecus
3362 1967 3434 2022 ita
3475 1965 3752 2035 laudatur,

2159 2064 2285 2133 quia
2315 2061 2428 2132 ipse
2457 2077 2563 2116 non
2592 2061 2916 2132 agnoscitur,
2943 2060 3079 2116 alius
3107 2060 3434 2130 requiratur.

2231 2152 2455 2210 CAPUT
2484 2152 2668 2208 LXIV.
2694 2178 2765 2194 -ι
2792 2152 3105 2223 Quanquam
3138 2152 3366 2208 Faustus
3391 2151 3551 2208 dente
3580 2151 3758 2208 male-

2162 2246 2286 2302 dico
2322 2246 2425 2301 hoc
2464 2246 2635 2316 ipsum
2682 2245 3005 2316 intelligatur
3039 2245 3286 2302 mordere
3318 2243 3579 2311 voluisse,
3606 2242 3759 2315 quod

2163 2338 2408 2395 Christus
2436 2354 2467 2394 a
2498 2338 2651 2395 nobis
2690 2354 2757 2395 ex
2796 2338 2912 2408 ejus
2952 2338 3091 2393 tribu
3129 2338 3345 2393 venisse
3384 2337 3706 2407 praedicatur
3737 2352 3757 2391 :

2166 2433 2399 2489 maxime
2443 2433 2563 2504 quia
2615 2433 2668 2487 in
2716 2432 3147 2503 generationibus
3197 2443 3404 2501 patrum
3448 2429 3585 2500 ejus,
3616 2443 3760 2500 quas

2166 2525 2449 2583 Matthaeus
2464 2526 2788 2598 evangelista
2810 2531 3215 2591 commemorat,
3236 2524 3395 2581 etiam
3412 2522 3568 2589 Zara,
3591 2537 3761 2593 quem

2169 2621 2402 2677 Thamar
2421 2622 2509 2676 illa
2530 2636 2595 2677 ex
2615 2620 2708 2676 illo
2729 2628 2990 2689 conceptu
3006 2619 3231 2691 peperit,
3250 2618 3519 2674 invenitur
3533 2604 3760 2688 (Matth.

2168 2729 2297 2779 xm;
2325 2712 2453 2768 Gen.
2477 2728 2698 2778 xxxvm,
2724 2711 2795 2767 '50
2818 2712 2857 2783 ).
2889 2710 3022 2765 Nam
3042 2709 3089 2765 si
3138 2710 3359 2780 stirpem
3400 2707 3596 2773 Iacob,
3645 2722 3767 2764 non

2170 2804 2368 2861 Christi
2412 2805 2812 2876 generationem
2856 2804 3017 2859 vellet
3064 2800 3478 2873 reprehendere,
3524 2799 3768 2857 habebat

2172 2896 2340 2966 magis
2372 2896 2695 2965 primitivum
2726 2894 2937 2961 Ruben,
2969 2893 3059 2965 qui
3090 2902 3371 2964 paternum
3412 2892 3627 2948 thorum
3654 2906 3766 2947 ne-

2171 2986 2303 3042 faria
2330 2985 2547 3042 libidine
2572 2986 2789 3042 violavit
2815 2984 2968 3060 (Gen.
2991 3001 3155 3053 xxxv,
3177 2983 3278 3057 22)
3307 3002 3322 3040 :
3350 2983 3562 3055 qualem
3590 2982 3768 3039 forni-

2172 3079 2438 3135 cationem
2478 3079 2766 3149 Apostolus
2812 3094 2914 3134 nec
2957 3078 3011 3133 in
3050 3077 3309 3136 Gentibus
3349 3075 3478 3132 dicit
3524 3075 3767 3133 auditam

2175 3170 2221 3243 (ι
2242 3171 2360 3227 Cor.
2387 3187 2440 3238 v,
2463 3168 2542 3243 l).
2589 3169 2743 3239 Quod
2786 3169 2982 3225 factum
3022 3169 3185 3225 etiam
3224 3167 3340 3239 ipse
3376 3176 3531 3238 pater
3568 3165 3766 3236 Iacob,

2174 3280 2296 3321 cum
2322 3278 2416 3320 eos
2444 3262 2809 3331 benediceret,
2847 3278 3010 3333 super
3043 3271 3204 3331 caput
3236 3260 3353 3332 ejus
3380 3259 3677 3317 accusando
3704 3266 3771 3317 et

2175 3354 2491 3411 detestando
2516 3369 2622 3409 non
2650 3354 2816 3409 tacuit
2841 3352 2993 3424 (Gen.
3013 3368 3162 3419 xux,
3188 3352 3242 3420 ὅ,
3265 3350 3343 3423 4).
3365 3351 3478 3407 Hoc
3502 3366 3631 3422 ergo
3655 3350 3770 3407 cri-

2175 3462 2299 3503 men
2320 3447 2498 3517 potius
2518 3445 2746 3501 Faustus
2770 3443 3051 3515 objiceret,
3072 3443 3163 3499 ubi
3184 3457 3292 3498 non
3310 3456 3463 3498 error
3480 3457 3547 3497 cx
3574 3440 3767 3498 habitu

2176 3538 2507 3604 meretricio,
2538 3536 2633 3593 sed
2663 3536 2884 3592 omnino
2912 3535 3211 3591 voluntaria
3251 3533 3633 3590 contaminatio
3660 3546 3765 3602 pa-

2176 3632 2316 3689 terni
2345 3631 2526 3687 lectuli
2553 3640 2805 3702 apparet;
2827 3630 2931 3686 nisi
2955 3638 3010 3686 et
3034 3629 3205 3701 ipsam
3220 3628 3453 3697 Thamar
3472 3624 3594 3698 plus
3612 3624 3768 3682 odis—

2177 3733 2282 3791 set,
2309 3724 2451 3796 quod
2481 3724 2571 3780 illo
2596 3723 2882 3780 concubitu
2908 3722 3042 3778 nihil
3068 3721 3215 3778 aliud
3240 3735 3401 3792 quam
3432 3734 3624 3791 parere
3661 3733 3766 3774 cu-

2179 3828 2352 3890 peret,
2374 3832 2534 3890 quam
2559 3817 2607 3871 si
2632 3817 2746 3873 sola
2774 3816 2994 3872 libidine
3017 3813 3248 3872 carnalis
3273 3812 3558 3885 voluptatis
3591 3812 3765 3868 arsis-

2180 3921 2295 3979 set;
2338 3921 2392 3968 et
2434 3910 2632 3967 Christi
2675 3911 3044 3981 progenitores
3096 3907 3363 3979 culpando
3405 3904 3770 3963 lncarnationi

2181 4005 2298 4075 ejus
2326 4004 2483 4059 ﬁdem
2509 4003 2753 4074 derogari
2780 4001 3067 4057 voluisset:
3092 4000 3342 4071 ignorans
3365 3998 3530 4053 miser
3547 3996 3768 4052 verissi-

2182 4113 2332 4153 mum
2352 4105 2406 4154 et
2426 4096 2826 4152 veracissimum
2847 4093 3197 4158 Salvatorem,
3219 4105 3329 4146 non
3348 4088 3523 4144 solum
3540 4086 3772 4157 loquen-

2182 4188 2274 4255 do,
2296 4188 2393 4244 sed
2420 4189 2578 4243 ctiam
2609 4184 2878 4241 nascendo
2906 4184 3216 4255 magistrum
3239 4180 3527 4238 exstitisse.
3550 4176 3769 4233 Fideles

2184 4283 2329 4338 enim
2359 4280 2475 4351 ejus
2499 4279 2706 4335 venturi
2742 4294 2810 4335 ex
2837 4277 3085 4333 omnibus
3110 4274 3356 4346 gentibus
3385 4272 3543 4329 etiam
3582 4283 3771 4325 exem-

2184 4373 2275 4443 plo
2294 4372 2469 4428 carnis
2489 4371 2655 4441 ipsius
2675 4370 2882 4425 discere
2900 4368 3220 4434 debuerunt,
3243 4373 3521 4437 parentum
3544 4375 3770 4417 suorum

2183 4466 2491 4537 iniquitates
2533 4463 2637 4520 sibi
2678 4462 2869 4519 obesse
2907 4477 3015 4516 non
3053 4474 3231 4531 posse.
3268 4456 3500 4513 Proinde
3537 4465 3773 4525 sponsus

2185 4556 2278 4612 ille
2322 4555 2435 4612 suis
2477 4569 2776 4626 congruens
2819 4552 3076 4616 invitatis,
3103 4550 3197 4621 qui
3218 4556 3501 4605 vocaturus
3540 4552 3656 4600 erat
3698 4542 3774 4598 ad

2186 4648 2399 4717 nuptias
2424 4645 2593 4702 bonos
2619 4655 2674 4701 et
2699 4644 2869 4701 malos
2896 4642 3109 4716 (Matth.
3132 4655 3265 4708 xm,
3290 4639 3403 4710 10),
3427 4638 3589 4695 etiam
3618 4634 3776 4691 nasci

2185 4742 2353 4797 voluit
2381 4741 2451 4797 de
2486 4740 2639 4796 bonis
2670 4747 2724 4793 et
2758 4736 2910 4793 malis
2935 4753 2949 4790 :
2976 4744 3037 4791 ut
3062 4732 3395 4806 prophetiam
3419 4728 3639 4786 Pascha:
3665 4741 3773 4798 qua

2187 4843 2487 4905 praeceptus
2510 4842 2592 4887 est
2617 4828 2925 4885 manducari
2952 4842 3120 4898 agnus
3143 4833 3395 4896 acceptus
3420 4836 3486 4878 ex
3507 4821 3696 4878 ovibus
3720 4828 3780 4872 et

2189 4925 2363 4994 capris
2392 4921 2583 4994 (Exod.
2612 4936 2708 4987 xu,
2730 4920 2867 4990 5-5),
2897 4928 3146 4988 tanquam
3171 4915 3330 4986 justis
3355 4923 3410 4969 et
3444 4912 3676 4982 injustis,
3706 4907 3779 4963 ad

2191 5030 2251 5071 se
2291 5012 2737 5084 praeﬁgurandum
2774 5011 3114 5081 praecessisse
3152 5007 3406 5062 ﬁrmaret.
3444 5003 3777 5058 Documenta

2189 5108 2386 5178 quippe
2412 5105 2506 5160 Dei
2532 5112 2588 5160 et
2615 5102 2846 5158 hominis
2873 5101 3066 5172 ubique
3095 5111 3419 5154 conservans
3446 5099 3695 5164 parentes
3720 5098 3780 5146 et

2191 5200 2361 5255 bonos
2403 5207 2457 5254 et
2494 5196 2662 5252 malos
2708 5203 2926 5267 propter
2966 5191 3387 5249 convenientiam
3430 5184 3780 5242 humanitatis

2194 5307 2300 5346 non
2328 5289 2547 5360 sprevit,
2580 5295 2790 5359 partum
2819 5294 2997 5341 autem
3037 5283 3255 5355 virginis
3292 5287 3511 5352 propter
3538 5276 3777 5332 miracu-

2191 5383 2301 5437 Ium
2328 5382 2617 5455 divinitatis
2646 5380 2823 5452 elegit.

2264 5473 2489 5530 CAPUT
2527 5470 2687 5527 LXV.
2726 5500 2799 5512 —
2835 5471 3065 5525 luaniter
3113 5483 3240 5539 ergo
3292 5465 3556 5532 Faustus,
3605 5465 3657 5518 in
3716 5476 3779 5517 se

2196 5565 2367 5635 ipsmn
2412 5564 2586 5634 potius
2610 5561 2769 5617 dente
2794 5561 3053 5631 sacrilego
3080 5558 3327 5625 sazvicns,
3357 5567 3593 5611 sanctam
3632 5552 3781 5607 Seri-

2196 5668 2427 5727 pturam,
2460 5670 2617 5725 quam
2662 5662 2803 5707 totus
2825 5653 2934 5724 jam
2980 5650 3210 5707 mundus
3254 5649 3443 5704 merito
3470 5654 3778 5711 veneratur,

2195 5758 2409 5803 accusat
2436 5766 2448 5801 :
2479 5762 2617 5816 quae,
2650 5753 2710 5799 ut
2733 5759 2890 5814 supra
2921 5743 3050 5807 dixi,
3085 5751 3331 5811 tanquam
3370 5736 3567 5807 speculi
3606 5732 3780 5787 fidelis

2201 5842 2361 5912 nitor,
2410 5838 2606 5897 nullius
2643 5834 2835 5909 accipit
2876 5832 3189 5893 adulantium
3233 5846 3536 5905 personam,
3582 5825 3679 5884 sed
3720 5832 3781 5885 et
