4052 6474
254 395 361 459 441

256 498 523 572 laudanda
558 517 614 566 et
639 504 988 578 vituperanda
1011 497 1291 560 hominum
1332 499 1469 556 facta
1506 498 1593 555 vel
1619 498 1732 569 ipsa
1756 494 1843 566 ju-

254 608 422 672 dicat,
454 602 540 659 vel
570 599 866 672 legentibus
887 594 1175 668 judicanda
1199 592 1487 665 proponit;
1532 604 1633 646 nec
1668 588 1839 645 solum

255 698 505 752 homines
532 695 677 765 ipsos
703 691 788 747 vel
816 687 1198 760 vituperabiles
1239 686 1324 740 vel
1372 682 1667 739 laudabiles
1711 679 1839 735 inti-

252 804 429 853 mans,
463 800 653 841 verum
666 784 841 857 etiam
877 779 1120 851 quasdam
1155 778 1209 833 in
1250 773 1687 846 vituperabilibus
1722 772 1845 826 lau-

256 877 457 944 danda,
482 886 537 932 et
560 876 614 931 in
641 872 991 930 laudabilibus
1010 867 1355 940 vituperanda
1379 882 1485 923 non
1506 872 1711 920 tacens.
1737 861 1844 919 Ne-

256 986 361 1041 que
386 970 528 1025 enim
555 968 679 1037 quia
706 962 1072 1035 vituperabilis
1093 962 1256 1016 homo
1282 967 1400 1015 erat
1422 956 1568 1022 Saﬁl,
1590 955 1712 1012 ideo
1733 969 1842 1010 non

258 1075 340 1120 est
369 1062 637 1118 laudabile
666 1061 863 1115 factum
892 1058 1029 1129 ejus,
1059 1055 1202 1128 quod
1228 1063 1496 1126 gustatum
1524 1053 1591 1109 de
1618 1051 1842 1109 anathe-

254 1165 398 1211 mate
425 1166 535 1209 tam
563 1154 845 1226 diligenter
879 1159 1164 1215 scrutatus,
1194 1157 1301 1204 tam
1342 1162 1532 1202 severe
1570 1144 1843 1200 vindicare

256 1254 483 1302 conatus
507 1255 612 1314 est,
634 1244 891 1300 obediens
932 1243 1064 1309 Deo,
1094 1240 1184 1311 qui
1211 1240 1313 1295 hoc
1340 1238 1455 1294 fieri
1498 1237 1843 1308 prohibuerat

259 1336 311 1407 (l
340 1335 470 1407 Reg.
496 1352 608 1404 xiv,
647 1334 882 1405 24-45);
928 1334 1011 1388 vel
1050 1330 1194 1402 quod
1237 1330 1500 1403 pythones
1540 1340 1595 1384 et
1634 1326 1839 1383 ventri-

255 1428 449 1498 loquos
474 1427 541 1482 de
566 1441 733 1496 regno
760 1440 859 1481 suo
900 1424 1097 1480 delevit
1122 1421 1235 1494 (Id.
1265 1437 1453 1489 xxvin,
1481 1420 1571 1490 5):
1601 1427 1694 1473 aut
1717 1418 1841 1488 quia

254 1516 538 1572 laudabilis
581 1524 697 1572 erat
740 1514 924 1582 David,
962 1513 1083 1569 ideo
1126 1521 1343 1584 peccata
1370 1512 1506 1581 ejus,
1539 1524 1659 1581 quae
1701 1509 1842 1564 Deus

255 1622 473 1679 quoque
503 1605 674 1677 arguit
700 1621 797 1676 per
822 1604 1134 1675 prophetam
1163 1603 1239 1672 (Il
1265 1603 1394 1673 Reg.
1420 1617 1515 1668 xu,
1548 1600 1728 1668 1-14),
1757 1598 1842 1654 vel

255 1696 603 1767 approbanda
650 1696 733 1752 vel
757 1695 1012 1750 imitanda
1055 1702 1199 1749 sunt.
1226 1693 1376 1750 Sicut
1415 1706 1515 1747 nec
1550 1690 1605 1745 in
1651 1689 1841 1745 Pontio

254 1787 431 1843 Pilato
460 1786 866 1857 vituperandum
899 1794 1002 1853 est,
1025 1785 1167 1856 quod
1193 1784 1447 1840 adversus
1475 1781 1842 1838 accusationes

256 1881 571 1937 Iudaeorum
616 1882 959 1936 innocentem
1017 1879 1301 1935 Dominum
1347 1877 1602 1948 judicavit
1648 1874 1837 1946 (Joan.

254 1974 455 2040 xxx,4,
478 1972 568 2044 6):
596 1988 697 2027 nec
724 1973 779 2027 in
821 1971 980 2027 Petro
1016 1969 1336 2026 laudandum
1361 1978 1463 2034 est,
1503 1966 1644 2038 quod
1686 1980 1841 2022 eum-

257 2066 381 2120 dem
408 2065 696 2120 Dominum
723 2075 802 2121 ter
826 2063 1041 2136 negavit
1069 2063 1280 2135 (Matth.
1310 2079 1457 2128 xxvr,
1487 2060 1713 2131 70—74);
1756 2059 1842 2116 vel

256 2156 402 2211 unde
444 2156 512 2210 ab
552 2156 668 2226 ipso
696 2164 910 2210 satanas
950 2154 1247 2225 appellatus
1285 2142 1386 2219 est,
1428 2152 1569 2223 quod
1606 2167 1713 2207 non
1751 2166 1841 2207 sa-

258 2247 459 2317 piendo
484 2262 605 2318 quae
634 2246 732 2302 Dei
760 2255 903 2315 sunt,
932 2261 1055 2301 eum
1079 2245 1248 2300 voluit
1272 2260 1303 2300 a
1323 2245 1592 2314 passione,
1613 2243 1717 2298 hoc
1736 2251 1839 2312 est,

258 2352 287 2391 a
319 2349 505 2395 nostra
527 2338 698 2393 salute
724 2352 1010 2393 revocare:
1040 2335 1198 2406 paulo
1223 2343 1346 2390 ante
1371 2350 1499 2405 ergo
1516 2334 1690 2389 dictus
1716 2334 1844 2390 bea-

256 2440 378 2498 tus,
440 2430 600 2500 paulo
644 2439 764 2500 post
807 2428 984 2485 dictus
1030 2438 1114 2484 est
1157 2436 1371 2483 satanas
1416 2424 1526 2499 (Id.
1584 2442 1698 2495 xvr,
1747 2426 1839 2495 22,

253 2523 349 2588 23,
378 2522 494 2594 I7).
526 2521 635 2578 Sed
658 2521 786 2593 quid
830 2523 886 2577 in
915 2521 1006 2576 illo
1034 2519 1345 2588 obtinuerit,
1372 2519 1699 2592 apostolatus
1725 2520 1843 2590 ejus

255 2623 315 2669 et
340 2613 586 2685 martyrii
614 2627 815 2668 corona
844 2620 1086 2668 testatur.

328 2706 559 2764 CAPUT
595 2706 779 2762 LXVI.
819 2736 892 2747 --
927 2705 1017 2762 Sic
1057 2705 1235 2776 itaque
1262 2713 1318 2761 et
1350 2706 1490 2776 regis
1521 2704 1689 2761 David
1716 2704 1845 2776 legi-

255 2814 380 2856 mus
419 2809 662 2871 peccata,
693 2798 788 2854 sed
825 2797 1053 2870 legimus
1080 2798 1240 2853 etiam
1279 2806 1425 2853 recte
1460 2795 1621 2853 facta.
1652 2796 1710 2852 In
1736 2811 1844 2868 quo

256 2900 442 2946 autem
487 2889 862 2961 pmvaluerit,
909 2897 965 2945 et
1012 2888 1155 2944 unde
1195 2888 1322 2959 quid
1364 2889 1569 2951 vicerit,
1612 2889 1742 2945 satis
1788 2888 1845 2944 in

256 2991 512 3057 promptu
554 2992 658 3049 est,
692 2998 802 3039 non
841 2981 1119 3038 malevola
1148 2981 1394 3049 etecitati,
1424 2982 1605 3052 quain
1630 2990 1845 3039 sanctos

258 3074 458 3130 Libros
485 3082 540 3128 et
578 3074 722 3129 viros
756 3073 985 3129 Faustus
1011 3072 1267 3140 irruebat,
1296 3072 1392 3128 sed
1419 3072 1680 3143 religiosae
1718 3090 1846 3145 pru-

260 3166 479 3231 dentiae,
513 3179 617 3236 qua
656 3174 713 3221 et
744 3165 1037 3222 auctoritas
1064 3165 1263 3231 divina,
1303 3174 1358 3221 et
1397 3166 1585 3221 merita
1613 3164 1846 3222 humana

259 3267 490 3331 possunt
519 3260 669 3315 cerni
708 3268 869 3329 atque
897 3259 1149 3315 discerni.
1175 3258 1310 3314 Nam
1349 3259 1525 3331 legant
1568 3260 1656 3316 isti
1680 3268 1736 3315 et
1760 3260 1845 3317 vi-

258 3350 445 3416 deant,
476 3350 531 3403 in
559 3348 727 3404 David
753 3348 905 3419 plura
943 3349 1112 3404 Deum
1139 3348 1478 3421 redargnisse
1517 3364 1675 3419 quam
1701 3350 1844 3405 Fau-

256 3452 401 3498 stum
432 3440 510 3514 (ll
538 3439 668 3513 Reg.
695 3456 790 3507 xu,
808 3449 856 3495 et
882 3441 1076 3512 xxrv):
1106 3440 1201 3497 sed
1230 3440 1303 3497 ibi
1331 3451 1414 3498 est
1439 3450 1494 3497 et
1519 3441 1847 3513 pauitantia

257 3534 610 3601 sacriﬁcium,
655 3534 727 3590 ibi
767 3543 850 3591 est
887 3534 979 3590 illa
1024 3535 1455 3606 incomparabilis
1494 3536 1847 3594 mansuetudo

262 3641 435 3697 usque
472 3626 539 3681 ad
568 3626 1012 3682 immanissimum
1041 3637 1096 3683 et
1132 3627 1521 3683 atrocissimum
1550 3629 1845 3697 inimicum,

260 3714 356 3786 qui
383 3715 595 3784 quoties
629 3715 708 3769 illi
746 3725 827 3771 est
852 3715 906 3770 in
932 3729 1120 3772 manus
1153 3714 1470 3774 fortissimas
1488 3716 1662 3785 datus,
1688 3719 1847 3775 toties

259 3806 332 3861 ab
375 3807 471 3861 illo
513 3815 598 3862 est
639 3806 708 3863 de
749 3807 993 3864 manibus
1039 3808 1291 3878 piissimis
1335 3809 1586 3867 dimissus
1646 3810 1847 3869 illaesus

260 3897 474 3970 (lReg.
502 3915 654 3966 xxiv,
678 3910 726 3954 et
750 3898 926 3970 xxvi).
954 3899 1032 3955 Ibi
1060 3900 1420 3957 memorabilis
1446 3901 1718 3959 humilitas
1747 3904 1848 3961 sub

259 3988 479 4059 flagello
518 3989 632 4057 Dei,
661 3999 717 4044 et
753 3991 931 4045 cervix
971 3991 1115 4062 regia
1156 3991 1425 4049 dominico
1456 3993 1586 4065 jugo
1623 3994 1696 4049 ita
1723 3996 1849 4052 sub-

257 4080 402 4145 dita,
434 4088 495 4134 ut
519 4090 749 4137 armatus
774 4092 829 4138 et
853 4083 1139 4140 comitatus
1161 4085 1402 4152 armatis,
1433 4101 1616 4143 amara
1644 4104 1711 4144 ex
1748 4089 1847 4144 ini-

262 4172 391 4227 mici
422 4186 523 4228 ore
543 4174 784 4229 convicia
813 4174 1197 4244 patientissime
1224 4178 1542 4245 sustineret;
1588 4195 1849 4252 suumque

264 4264 523 4320 comitem
568 4280 851 4321 accensum
900 4266 1193 4333 iracundia,
1224 4269 1367 4339 quod
1415 4270 1541 4326 talia
1588 4284 1681 4328 rex
1733 4274 1849 4344 ejus

266 4355 497 4424 audiret,
525 4365 581 4411 et
604 4356 715 4426 jam
734 4357 951 4429 jamque
979 4359 1035 4413 in
1054 4359 1426 4418 eonviciatoris
1447 4374 1606 4434 caput
1628 4364 1849 4423 dextera

266 4447 457 4503 ultrice
500 4458 842 4519 pergentem,
888 4450 1279 4507 modestissime
1327 4453 1643 4523 refrenaret,
1684 4458 1849 4528 regali

266 4551 377 4593 suae
418 4538 651 4608 jussioni
692 4538 856 4594 divini
894 4540 1102 4596 timoris
1130 4543 1337 4612 pondus
1372 4545 1647 4615 adjiciens,
1679 4557 1733 4603 et
1769 4549 1849 4605 di-

268 4642 398 4684 cens
425 4629 633 4684 meritis
671 4631 782 4685 suis
811 4629 913 4686 hoc
941 4631 1208 4686 redditum
1244 4648 1475 4705 superno
1496 4636 1715 4705 judicio,
1743 4655 1848 4710 quo

269 4720 670 4790 illcinjuriosus
692 4723 887 4779 missus
910 4733 1075 4793 esset,
1105 4734 1165 4781 ut
1204 4726 1260 4782 in
1288 4742 1410 4784 eum
1441 4730 1563 4784 talia
1586 4730 1849 4801 jaculare-

271 4818 353 4866 tur
375 4814 667 4883 opprobria
710 4814 783 4886 (ll
809 4815 937 4887 Reg.
969 4816 1103 4888 xvr).
1132 4818 1209 4874 Ibi
1239 4819 1291 4874 in
1320 4836 1535 4892 gregem
1576 4824 1675 4879 sibi
1703 4841 1849 4883 com-

280 4907 499 4962 missum
524 4916 672 4962 tanta
693 4910 911 4965 dilectio
932 4913 1238 4981 pastoralis,
1263 4924 1324 4969 ut
1343 4932 1440 4987 pro
1456 4918 1536 4973 eis
1556 4918 1670 4989 ipse
1690 4920 1850 4977 vellet

282 4998 434 5063 mori,
478 5001 695 5070 quando
733 5003 928 5072 populo
970 5014 1251 5062 numerato
1280 5017 1564 5077 peceatum
1599 5012 1849 5069 elationis

283 5087 390 5155 ejus
417 5091 497 5144 sic
529 5093 723 5162 punire
758 5094 958 5164 placuit
1001 5095 1132 5161 Deo,
1162 5104 1223 5151 ut
1268 5098 1516 5154 eumdem
1562 5116 1848 5158 numerum

281 5180 546 5236 minueret
581 5192 755 5238 morte
799 5185 1087 5239 multorum
1117 5225 1132 5251 ,
1173 5185 1326 5255 cujus
1370 5189 1714 5246 multitudine
1756 5208 1851 5248 cor

285 5271 421 5339 regis
454 5272 634 5328 fuerat
666 5276 917 5344 superbia
956 5284 1319 5346 perteutatum
1348 5294 1362 5332 :
1396 5280 1455 5335 in
1487 5296 1594 5350 quo
1640 5284 1850 5339 occulto

282 5360 474 5429 judicio
504 5365 670 5431 Deus,
694 5367 833 5437 apud
861 5382 1021 5436 quem
1036 5384 1142 5423 non
1184 5380 1267 5425 est
1281 5369 1538 5441 iniquitas
1565 5372 1742 5443 (Rom.
1770 5392 1848 5443 ix,

290 5451 391 5522 14),
415 5463 469 5509 et
488 5471 628 5525 quos
647 5463 871 5511 noverat
900 5458 1145 5527 indignos
1166 5459 1267 5515 hac
1283 5448 1415 5527 vita,
1440 5463 1711 5518 subtraxit
1726 5465 1851 5521 huic

290 5544 430 5613 vine;
480 5558 536 5603 et
558 5550 612 5603 in
640 5550 731 5605 illo
756 5552 848 5619 qui
875 5552 937 5607 de
965 5552 1243 5608 hominum
1270 5555 1421 5625 copia
1455 5540 1515 5611 se
1558 5558 1848 5625 extulerat,

290 5643 542 5693 tumorem
564 5642 730 5695 animi
759 5644 978 5697 humani
1014 5642 1252 5713 ejusdem
1279 5647 1445 5717 c0pite
1497 5649 1851 5705 diminutione

291 5730 506 5783 sanavit.
535 5730 616 5787 lbi
645 5741 753 5785 tam
786 5734 1064 5803 religiosus
1110 5734 1204 5789 Dei
1235 5736 1419 5803 timor,
1448 5749 1845 5796 sacramentum
1894 5731 1901 5739 ’

292 5815 479 5878 Christi
522 5822 575 5878 in
599 5834 788 5881 sancta
814 5826 1066 5884 unctione
1084 5829 1355 5899 servabat,
1385 5837 1443 5886 ut
1487 5846 1582 5887 cor
1610 5829 1727 5901 ejus
1759 5833 1848 5904 pia

1390 380 1597 440 LIBER
1635 375 1997 438 VICESIMUS
2032 374 2409 443 SECUNDUS.

3420 395 3528 454 ΜΞ

1950 496 2305 555 sollicitudine
2350 500 2710 571 trepidaverit,
2750 503 2965 575 quando
3007 506 3252 578 exiguam
3297 511 3531 580 particu-

1950 585 2056 642 lam
2096 589 2164 644 de
2203 599 2350 647 veste
2394 593 2559 663 ipsius
2589 593 2765 651 Saulis
2804 596 3033 653 latenter
3058 598 3303 668 abscidit,
3331 609 3391 656 ut
3437 600 3533 657 ha-

1949 678 2100 735 heret
2125 682 2265 738 unde
2307 684 2382 738 illi
2424 685 2580 741 fidem
2621 686 2823 744 faceret
2855 701 3012 759 quam
3041 690 3208 746 nollet
3231 705 3378 758 eum,
3407 707 3531 749 cum

1949 782 2151 840 posset,
2188 775 2451 832 occidere.
2498 776 2572 833 lbi
2604 788 2708 834 tam
2759 780 2994 850 prudens
3041 782 3094 837 in
3127 782 3262 840 ﬁlios
3303 793 3358 839 et
3383 793 3531 842 tanta

1950 865 2250 936 clementia,
2305 878 2365 924 ut
2414 885 2535 926 cum
2585 873 2921 931 innocentem
2971 890 3225 945 puerum,
3275 892 3375 948 pro
3424 892 3533 948 quo
3614 948 3627 955 ν

1949 970 2238 1030 mgrotante
2296 963 2478 1018 multis
2523 964 2773 1036 lacrymis
2825 977 2882 1023 et
2922 968 3236 1025 humilitatis
3279 969 3530 1026 sordibus

1948 1066 2068 1107 sese
2091 1053 2349 1123 abjieiens
2379 1056 2660 1111 Dominum
2698 1057 2871 1113 fuerat
2896 1059 3232 1130 deprecatus,
3260 1070 3529 1116 mortuum

1948 1160 2054 1199 non
2095 1145 2318 1211 luxerit;
2362 1147 2502 1202 idem
2526 1148 2777 1219 juvenem
2813 1150 2978 1206 tilium
3023 1152 3321 1221 parricidali
3347 1151 3529 1208 furore

1948 1236 2296 1307 praecipitem,
2325 1239 2415 1309 qui
2455 1249 2509 1296 et
2553 1248 2833 1310 paternum
2872 1242 3045 1297 cubile
3084 1244 3281 1314 stupris
3309 1242 3527 1299 nefariis

1948 1328 2323 1396 maculaverat,
2354 1341 2410 1386 et
2432 1342 2620 1387 contra
2651 1342 2855 1402 patrem
2886 1334 3167 1389 scelestum
3194 1334 3392 1391 bellum
3433 1351 3527 1406 ge-

1947 1417 2117 1485 rebat,
2148 1428 2203 1473 et
2228 1420 2391 1475 vellet
2423 1432 2817 1487 conservatum,
2841 1432 2895 1478 et
2926 1423 3080 1479 fleret
3106 1424 3342 1480 occisum
3368 1444 3382 1480 :
3412 1425 3529 1481 ani-

1946 1525 2048 1564 ma:
2084 1511 2288 1567 scilicet
2318 1514 2478 1568 tantis
2523 1514 2834 1571 criminibus
2878 1516 3131 1572 involutae
3175 1517 3527 1588 sempiternas

1948 1601 2245 1671 praevidens
2292 1619 2498 1674 poenas,
2529 1606 2724 1677 quibus
2760 1606 3049 1663 evadendis
3074 1624 3196 1664 eum
3226 1624 3323 1679 per
3357 1611 3529 1680 pmni-

1948 1694 2166 1749 tentiam
2229 1697 2602 1767 corrigendum
2651 1698 2831 1755 vivere
2885 1701 3132 1770 cupiebat
3195 1702 3526 1759 humiliatum

1947 1783 2026 1854 (lI
2045 1784 2173 1857 Reg.
2205 1789 2380 1859 xvtn).
2412 1788 2537 1845 Haec
2562 1798 2618 1845 et
2660 1790 2762 1845 alia
2809 1792 2973 1847 multa
3013 1791 3276 1848 laudanda
3316 1803 3368 1848 et
3409 1794 3529 1849 imi-

1948 1876 2105 1933 tanda
2132 1879 2187 1933 in
2216 1878 2308 1934 illo
2336 1889 2522 1936 sancto
2551 1884 2894 1952 reperiuntur
2922 1886 3058 1952 viro,
3087 1885 3133 1941 si
3163 1899 3269 1940 non
3308 1900 3529 1955 perver-

1946 1983 2037 2024 sus
2066 1969 2277 2025 animus
2320 1985 2438 2026 eam
2481 1972 2829 2043 Scripturam,
2861 1990 2979 2045 quae
3024 1975 3093 2031 de
3140 1977 3232 2032 illo
3271 1976 3525 2047 loquitur,

1947 2068 2332 2131 perscrutetur,
2354 2063 2586 2121 maxime
2606 2064 2651 2119 si
2672 2075 2851 2121 mente
2870 2065 3079 2121 subdita
3104 2074 3161 2122 et
3184 2066 3269 2136 pia
3292 2075 3347 2122 et
3372 2067 3527 2138 plane

1946 2150 2089 2207 fideli
2118 2167 2406 2223 sequamur
2431 2156 2751 2211 sententiam
2792 2157 2905 2224 Dei,
2933 2158 3024 2228 qui
3046 2158 3162 2228 ejus
3183 2168 3404 2215 noverat
3428 2174 3527 2215 oc-

1946 2242 2087 2297 culta
2117 2244 2315 2310 cordis,
2339 2245 2429 2301 ubi
2468 2246 2522 2301 in
2551 2258 2841 2317 conspectu
2866 2247 2983 2315 ejus
3007 2250 3096 2319 qui
3136 2249 3245 2303 falli
3282 2264 3388 2305 non
3431 2264 3527 2320 po-

1948 2341 2071 2402 test,
2104 2335 2176 2389 ita
2199 2336 2415 2405 placuit,
2448 2346 2508 2393 ut
2534 2339 2694 2394 etiam
2737 2338 2860 2393 filiis
2888 2339 2998 2395 suis
3026 2339 3313 2397 imitandus
3340 2340 3408 2395 ab
3434 2340 3527 2397 illo

1948 2436 2356 2493 proponeretur.
3520 2458 3526 2464 ~

2019 2515 2245 2573 CAPUT
2284 2518 2490 2574 LXVII.
2530 2550 2600 2561 —
2636 2521 2774 2588 Quid
2797 2523 2941 2577 enim
2985 2522 3127 2578 aliud
3164 2538 3323 2593 quam
3350 2524 3527 2580 cordis

1946 2608 2063 2678 ejus
2092 2609 2349 2680 profunda
2380 2613 2633 2669 cernebat
2671 2613 2901 2684 Spiritus
2946 2614 3063 2681 Dei,
3089 2615 3304 2686 quando
3340 2630 3526 2672 corre-

1946 2710 2071 2771 ptus
2108 2717 2206 2772 per
2232 2703 2549 2774 Prophetam
2594 2706 2745 2772 dixit,
2780 2706 3028 2773 Peccavi;
3073 2709 3434 2779 continuoque
3460 2708 3528 2764 ad

1950 2791 2051 2847 hoc
2076 2809 2239 2848 unum
2278 2794 2500 2851 verbum
2530 2797 2716 2853 audire
2744 2798 2938 2854 meruit
2962 2799 3105 2870 quod
3133 2801 3397 2871 acceperit
3431 2816 3528 2855 ve-

1948 2885 2133 2941 niam?
2160 2887 2241 2943 Ad
2270 2903 2429 2958 quam
2456 2905 2592 2957 rem,
2632 2891 2732 2945 nisi
2762 2890 2829 2946 ad
2855 2880 3233 2962 sempiternam
3262 2891 3529 2948 salutem?

1947 2977 2134 3049 Neque
2170 2980 2313 3035 enim
2361 2983 2717 3052 praetermissa
2742 2992 2824 3039 est
2851 2984 2905 3039 in
2950 2984 3062 3054 illo,
3092 2984 3384 3041 secundum
3432 2984 3529 3041 Dei

1949 3073 2438 3141 comminationem,
2468 3075 2660 3145 flagelli
2683 3076 2893 3145 paterni
2916 3076 3220 3147 disciplina,
3243 3086 3304 3133 ut
3326 3086 3381 3134 et
3402 3092 3531 3133 con-

1950 3158 2124 3218 fessus
2151 3162 2203 3217 in
2232 3172 2492 3221 aeternum
2532 3165 2871 3234 liberaretur,
2902 3175 2958 3223 et
2996 3167 3224 3224 afflictus
3251 3177 3528 3238 tempora-

1949 3254 2073 3310 liter
2121 3256 2456 3327 probaretur.
2504 3258 2656 3314 llaud
2697 3274 2827 3316 vero
2874 3260 3144 3316 mediocre
3195 3259 3319 3316 fidei
3365 3260 3532 3316 robur

1949 3343 2071 3414 fuit,
2101 3356 2193 3403 aut
2220 3364 2442 3417 parvum
2472 3350 2615 3404 mitis
2641 3359 2695 3405 et
2725 3351 3023 3407 obedientis
3048 3351 3214 3407 animi
3254 3350 3527 3419 indicium,

1950 3449 2072 3491 cum
2096 3438 2332 3495 audisset
2365 3455 2397 3494 a
2421 3439 2685 3510 Propheta
2712 3442 2856 3512 quod
2893 3442 2996 3498 sibi
3037 3442 3179 3498 Deus
3219 3442 3529 3513 ignovisset,

1951 3536 2006 3584 et
2033 3537 2207 3585 tamen
2236 3545 2357 3600 quae
2399 3529 2575 3586 fuerat
2612 3533 2966 3587 comminatus
2993 3541 3381 3603 consequenter
3404 3548 3530 3589 eve-

1950 3618 2189 3689 nissent,
2246 3635 2355 3676 non
2404 3635 2463 3677 se
2507 3621 2685 3678 dicere
2742 3622 3021 3693 Prophetae
3075 3624 3355 3694 deceptum
3412 3637 3533 3678 esse

1950 3708 2251 3781 mendacio,
2303 3727 2404 3767 nec
2451 3727 2789 3770 murmurare
2842 3714 3100 3770 adversus
3150 3716 3338 3783 Deum,
3378 3715 3531 3785 quasi

1951 3799 2141 3858 falsam
2167 3811 2507 3872 peccatorum
2539 3804 2655 3874 ejus
2682 3804 3061 3877 indulgentiam
3090 3808 3529 3877 pronuntiaverit.

1951 3889 2283 3963 Intelligebat
2333 3893 2475 3950 enim
2522 3894 2604 3949 vir
2643 3895 2750 3950 alte
2809 3906 3046 3964 sanctus,
3094 3905 3149 3953 et
3192 3912 3301 3953 non
3347 3907 3533 3954 contra

1952 3981 2143 4053 Deum,
2174 3982 2269 4039 sed
2304 3983 2374 4040 ad
2403 3984 2568 4040 Deum
2611 3985 2793 4042 levans
2816 3987 3049 4042 animam
3076 4002 3250 4055 suam,
3276 3988 3379 4044 nisi
3423 3989 3532 4045 Do-

1953 4076 2131 4133 minus
2158 4086 2300 4133 esset
2335 4078 2606 4133 conlitenti
2645 4079 3035 4150 pmnitentique
3058 4081 3339 4152 propitius,
3360 4096 3533 4152 quan-

1953 4176 2066 4223 tum
2120 4183 2399 4239 poenarum
2448 4178 2770 4225 reternarum
2818 4171 2935 4240 ejus
2985 4178 3167 4228 essent
3205 4171 3364 4243 digna
3402 4187 3532 4244 pee-

1952 4271 2070 4318 cata
2100 4279 2113 4316 :
2156 4278 2254 4332 pro
2292 4262 2487 4332 quibus
2510 4278 2629 4319 cum
2668 4263 3048 4333 temporalibus
3071 4265 3532 4323 emendationibus

1953 4355 2255 4421 ureretur‘,
2294 4353 2509 4411 videbat
2534 4370 2657 4426 erga
2684 4370 2745 4411 se
2769 4364 2825 4411 et
2847 4369 3066 4412 manere
3087 4356 3317 4425 veniam,
3344 4366 3397 4413 et
3423 4372 3531 4413 non

1952 4447 2146 4518 negligi
2182 4448 2522 4504 medicinam.
2551 4450 2660 4506 Cur
2697 4459 2873 4507 autem
2915 4450 3043 4507 Saul
3089 4465 3187 4523 per
3230 4451 3532 4509 Samuelem

1953 4545 2253 4607 correptus,
2298 4554 2419 4594 cum
2457 4540 2661 4596 diceret
2693 4542 2854 4597 etiam
2899 4542 3033 4612 ipse,
3062 4540 3280 4597 Peccavi
3323 4542 3530 4615 (lReg.

1955 4644 2049 4697 xv,
2080 4629 2196 4702 24),
2230 4645 2336 4686 non
2361 4633 2556 4688 meruit
2583 4633 2769 4689 audire
2797 4633 2941 4704 quod
2970 4634 3155 4702 David,
3185 4635 3327 4706 quod
3356 4636 3404 4692 ei
3430 4636 3534 4691 Do-

1952 4720 2128 4776 minus
2188 4721 2516 4792 ignovisset?
2560 4723 2699 4778 Num
2749 4738 3097 4795 personarum
3158 4725 3399 4796 acceptio
3448 4734 3531 4781 est

1952 4812 2092 4882 apud
2120 4812 2329 4869 Deum?
2373 4815 2527 4870 Absit
2564 4814 2756 4888 (Galat.
2787 4833 2846 4886 ιι,
2874 4817 2954 4889 6).
2985 4816 3091 4874 Sed
3129 4818 3183 4873 in
3211 4817 3373 4873 simili
3402 4830 3532 4873 voce

1953 4916 2113 4971 quam
2137 4918 2327 4959 sensus
2351 4904 2616 4961 humanus
2641 4906 2907 4976 audiebat,
2926 4907 3183 4965 dissimile
3209 4917 3393 4977 pectus
3415 4913 3531 4962 erat

1952 4992 2095 5062 quod
2118 4994 2329 5050 divinus
2367 4998 2552 5053 oculus
2581 4998 2935 5055 discernebat.
2966 5000 3103 5069 Quid
3139 4999 3333 5055 talibus
3370 4997 3533 5053 doce-

1952 5098 2073 5139 mur
2096 5086 2376 5155 excmplis,
2406 5087 2507 5143 nisi
2545 5104 2765 5160 regnum
2795 5083 3231 5147 caelorum-intra
3273 5103 3373 5145 nos
3409 5103 3531 5146 esse

1955 5174 2104 5244 (Luc.
2132 5192 2261 5243 xvn,
2284 5176 2399 5250 28),
2421 5179 2562 5235 etde
2592 5180 2792 5236 intimis
2820 5183 3021 5237 nostris
3043 5183 3209 5237 Deum
3238 5181 3413 5236 colere
3432 5196 3533 5237 nos

1954 5264 2170 5333 debere,
2214 5277 2270 5322 ut
2298 5284 2363 5324 ex
2390 5270 2714 5329 abundantia
2744 5275 2920 5329 cordis
2945 5288 3007 5328 os
3043 5274 3288 5343 loquatur
3316 5274 3529 5348 (Matth.

1956 5374 2055 5426 ιιι,
2082 5358 2207 5430 54);
2240 5376 2346 5417 non
2382 5374 2560 5420 autem
2592 5374 2649 5420 ut
2678 5366 2903 5437 populus
2927 5381 3049 5421 eum
3093 5365 3246 5421 labiis
3282 5366 3531 5436 honoret,

1955 5463 2048 5503 cor
2081 5461 2257 5507 autem
2281 5468 2465 5509 eorum
2497 5455 2650 5526 longe
2679 5456 2748 5510 sit
2774 5457 2842 5510 ab
2873 5470 2939 5512 eo
2979 5455 3088 5528 (Id.
3118 5472 3209 5525 xv,
3234 5456 3328 5529 8):
3362 5474 3534 5531 neque

1950 5540 2188 5610 judicare
2225 5546 2379 5600 aliter
2405 5547 2695 5602 audeamus
2722 5547 2789 5603 de
2829 5548 3153 5617 hominibus,
3176 5566 3403 5621 quorum
3447 5555 3533 5607 in-

1958 5634 2149 5690 teriora
2192 5637 2372 5693 videre
2421 5654 2527 5693 non
2572 5654 2875 5710 possumus,
2903 5657 3061 5714 quam
3108 5643 3251 5700 Deus
3294 5646 3384 5715 qui
3430 5643 3536 5700 hoc

1956 5792 2287 5906 m;;;:)rnnulli
2310 5794 2517 5860 codices,
2544 5802 2772 5851 uteretur.
2799 5808 2921 5865 Am.,
2949 5809 3209 5857 vereretur.
3248 5811 3344 5875 En,
3370 5802 3535 5856 verbe-
