4028 6448
607 366 713 425 £47

607 478 982 538 obsecundans
1014 479 1295 535 famulatus
1321 521 1336 547 ,
1367 494 1473 534 non
1495 480 1666 534 solum
1698 478 2030 548 inculpabilis
2056 514 2071 543 ,
2100 489 2196 528 ve-

607 587 727 627 rum
770 572 928 627 etiam
972 570 1252 626 laudabilis
1283 571 1587 635 invenitur;
1629 570 1754 640 quid
1785 570 2035 642 Moysen,
2066 568 2199 622 Fau-

607 672 691 719 ste
709 705 725 730 ,
768 663 1113 733 reprehendis
1136 704 1152 729 ,
1198 662 1337 731 quod
1381 663 1689 733 exspoliarit
1718 662 2033 733 Egyptios?
2060 660 2115 717 Si
2144 670 2197 717 te

608 754 783 810 irritat
820 755 967 811 velut
1001 754 1228 809 humana
1255 753 1495 810 facientis
1521 755 1859 824 improbitas,
1895 754 2071 809 divina
2099 764 2198 809 ter-

608 858 723 905 reet
759 849 992 918 iubentis
1016 850 1319 906 auctoritas.
1348 852 1429 905 An
1462 850 1585 905 talia
1614 851 1727 906 fieri
1753 852 2013 907 volentem
2037 851 2198 906 etiam

608 939 781 1011 ipsum
816 941 982 996 Deum
1018 942 1320 1011 vituperare
1354 952 1567 1013 paratus
1592 943 1692 998 es?
1717 942 1847 997 Redi
1872 959 1997 1014 ergo
2022 953 2154 998 retro
2178 986 2194 1012 ,

608 1042 812 1086 satanas
833 1049 854 1097 ;
891 1049 1046 1103 neque
1069 1034 1201 1088 enim
1230 1035 1367 1105 sapis
1397 1050 1510 1106 qua:
1536 1033 1630 1088 Dei
1655 1045 1798 1099 sunt,
1827 1035 1914 1089 sed
1941 1051 2055 1105 qua:
2080 1044 2197 1090 sunt

608 1122 870 1177 hominum
914 1122 1125 1196 (Matth.
1171 1141 1260 1181 xvr
1283 1168 1299 1193 ,
1339 1125 1455 1197 25).
1503 1127 1674 1197 Atque
1704 1127 1902 1182 utinam
1933 1126 2035 1182 hoc
2062 1126 2199 1182 sicut

608 1213 799 1271 Petrus
842 1214 1025 1270 audire
1069 1216 1257 1287 dignus
1301 1216 1491 1272 fuisses
1516 1259 1531 1285 ,
1568 1226 1726 1288 atque
1753 1218 1805 1273 id
1834 1217 1975 1288 quod
2006 1218 2058 1271 in
2084 1216 2198 1273 Deo

606 1318 767 1359 sensu
794 1307 1006 1361 inﬁrmo
1024 1307 1392 1377 reprehendis,
1417 1317 1599 1379 postea
1621 1309 1965 1379 praedicasses
1985 1326 1999 1374 ;
2018 1323 2198 1379 quem-

606 1397 893 1454 admodum
937 1399 1026 1455 ille
1065 1400 1301 1470 glorioso
1330 1401 1594 1470 praeconio
1625 1410 1806 1471 postea
1830 1401 2074 1472 gentibus
2103 1416 2199 1455 an-

608 1488 925 1557 nuntiabat,
953 1491 1095 1560 quod
1124 1491 1174 1545 ei
1204 1491 1376 1560 primo
1395 1532 1410 1559 ,
1437 1506 1557 1548 cum
1581 1492 1834 1548 Dominus
1864 1491 2019 1547 vellet
2046 1491 2194 1559 fieri,

606 1581 941 1652 displicebat.

678 1673 902 1730 CAPUT
929 1675 1241 1731 LXXIV.—
1255 1678 1646 1745 Quamobrem,
1677 1678 1722 1734 si
1746 1679 1855 1750 jam
1879 1678 2089 1734 tandem
2114 1678 2195 1733 in-

610 1764 798 1835 telligit
822 1765 1053 1823 humana
1078 1768 1271 1826 duritia
1291 1772 1525 1841 atquein
1563 1770 1725 1827 rebus
1752 1771 1917 1827 rectis
1944 1771 2189 1827 voluntas

611 1868 773 1923 prava
814 1866 971 1927 atque
1000 1873 1279 1928 perversa,
1331 1860 1623 1931 plurimum
1670 1862 1960 1929 interesse,
2012 1870 2189 1916 utrum

610 1947 806 2017 aliquid
836 1949 1068 2006 humana
1098 1953 1385 2023 cupiditate
1403 1954 1486 2009 vel
1515 1954 1813 2009 temeritate
1841 1953 2152 2009 admittatur
2175 1994 2193 2021 ,

612 2053 680 2093 an
712 2038 805 2094 Dei
837 2050 1085 2111 pareatur
1110 2044 1337 2114 imperio
1358 2084 1376 2112 ,
1426 2045 1519 2115 qui
1560 2045 1707 2101 novit
1728 2044 1855 2116 quid
1875 2086 1891 2113 ,
1933 2043 2145 2116 quando
2173 2085 2191 2112 ,

613 2131 805 2200 quibus
831 2135 1100 2203 permittat
1144 2146 1237 2191 aut
1262 2136 1469 2206 iubeat,
1503 2138 1630 2207 quid
1662 2139 1853 2208 cuique
1895 2138 2073 2195 facere
2101 2154 2194 2208 pa-

613 2221 757 2291 tique
781 2226 1092 2291 conveniat;
1123 2241 1221 2282 nec
1246 2227 1383 2282 bella
1413 2242 1508 2297 per
1536 2227 1750 2299 Moysen
1775 2238 1922 2299 gesta
1974 2229 2196 2283 miretur

610 2321 703 2368 aut
731 2314 977 2383 horreat,
1008 2318 1131 2387 quia
1154 2325 1208 2373 et
1233 2318 1285 2372 in
1328 2318 1435 2373 illis
1478 2319 1656 2373 divina
1687 2330 1902 2375 secutus
1930 2320 2149 2390 imperia
2175 2360 2190 2387 ,

609 2420 717 2461 non
743 2409 969 2463 saeviens
988 2451 1002 2475 ,
1034 2410 1129 2465 sed
1156 2410 1413 2467 obediens
1438 2411 1574 2467 fuit:
1606 2427 1707 2468 nec
1736 2413 1908 2480 Deus,
1945 2429 2065 2468 cum
2103 2413 2192 2483 ju-

610 2496 770 2554 bebat
798 2500 897 2555 ista
916 2542 932 2567 ,
979 2502 1263 2567 saeviebat;
1293 2502 1386 2558 sed
1415 2502 1573 2574 digna
1603 2503 1776 2574 dignis
1818 2504 2145 2561 retribuebat
2173 2547 2189 2573 ,

609 2587 908 2661 dignosque
934 2592 1171 2647 terrebat
1198 2594 1239 2648 ί.
1271 2593 1407 2662 Quid
1442 2595 1584 2650 enim
1625 2595 1866 2666 culpatur
1904 2597 1958 2651 in
2002 2597 2142 2652 bello
2170 2597 2194 2651 ?

613 2681 697 2737 An
723 2684 845 2753 quia
871 2686 1169 2740 moriuntur
1181 2687 1497 2757 quandoque
1519 2689 1780 2755 morituri,
1804 2688 2192 2744 utdomenturll

612 2772 667 2827 in
695 2789 825 2843 pace
854 2777 1078 2832 victuri?
1128 2777 1240 2832 Hoc
1278 2778 1676 2847 reprehendere
1719 2780 2026 2835 timidorum
2065 2790 2151 2836 est
2174 2822 2189 2847 ,

610 2876 717 2916 non
748 2864 1138 2934 religiosorum.
1161 2867 1398 2923 Nocendi
1424 2868 1717 2937 cupiditas,
1748 2871 2036 2926 ulciscendi
2065 2887 2192 2926 cru-

612 2953 804 3009 delitas
827 2996 843 3023 ,
867 2956 1160 3026 impacatus
1186 2967 1343 3029 atque
1371 2960 1724 3028 implacabilis
1747 2962 1985 3026 animus,
2013 2961 2194 3017 feritas

612 3043 908 3100 rebellandi
933 3087 947 3111 ,
978 3045 1141 3101 libido
1170 3047 1514 3115 dominandi,
1544 3057 1598 3104 et
1626 3050 1672 3105 si
1702 3065 1805 3120 qua
1831 3051 2051 3116 similia,
2078 3049 2193 3106 haec

611 3142 736 3188 sunt
762 3150 880 3204 qua:
908 3135 963 3191 in
989 3136 1141 3192 bellis
1157 3137 1277 3207 jure
1305 3138 1619 3209 culpantur;
1651 3155 1771 3210 qua:
1792 3141 2109 3212 plerumque
2137 3149 2193 3197 ut

611 3224 773 3279 etiam
798 3225 920 3295 jure
946 3227 1260 3295 puniantur,
1293 3228 1550 3285 adversus
1572 3229 1879 3285 violentiam
1930 3233 2190 3288 resisten-

613 3314 767 3381 tium,
792 3316 905 3371 sive
936 3318 1064 3384 Deo,
1090 3322 1205 3375 sive
1231 3320 1409 3390 aliquo
1434 3321 1671 3393 legitimo
1698 3322 1925 3393 imperio
1946 3324 2191 3394 jubente,

612 3406 847 3476 gerenda
876 3408 991 3479 ipsa
1038 3408 1175 3465 bella
1223 3412 1584 3481 suscipiuntur
1607 3428 1639 3467 a
1663 3413 1820 3470 bonis
1839 3455 1854 3481 ,
1884 3429 2004 3469 cum
2052 3416 2103 3470 in
2130 3430 2196 3473 eo

612 3512 793 3554 rerum
837 3499 1188 3556 humanarum
1214 3502 1402 3559 ordine
1452 3504 1822 3572 inveniuntur,
1862 3505 1950 3561 ubi
1979 3521 2074 3561 eos
2112 3507 2195 3562 vel

611 3590 799 3662 jubere
810 3593 914 3649 tale
932 3593 1152 3663 aliquid,
1166 3595 1316 3650 velin
1335 3596 1526 3653 talibus
1540 3597 1757 3654 obedire
1768 3598 1911 3669 juste
1927 3600 2060 3655 ordo
2078 3600 2194 3671 ipse

613 3682 949 3754 constringit.
968 3683 1216 3755 Alioquin
1238 3684 1492 3755 Joannes,
1514 3702 1636 3743 cum
1650 3688 1718 3743 ad
1740 3705 1863 3745 eum
1884 3691 2190 3760 baptizandi

612 3775 809 3832 milites
850 3777 1129 3845 venirent,
1185 3777 1459 3848 dicentes,
1506 3779 1574 3835 Et
1611 3798 1704 3836 nos
1748 3783 1870 3850 quid
1911 3784 2198 3855 faciemus?

613 3866 962 3935 responderet
984 3868 1097 3936 eis,
1128 3870 1292 3925 Arma
1317 3870 1531 3941 abjicite
1554 3912 1571 3939 ,
1618 3873 1862 3928 militiam
1903 3873 2059 3929 istam
2103 3877 2198 3929 de-

613 3957 812 4024 serite;
844 3958 1111 4015 neminem
1128 3962 1386 4031 percutite
1408 4004 1425 4031 ,
1452 3964 1727 4019 vulnerate
1746 4007 1761 4031 ,
1802 3966 2124 4035 prosternite
2150 3965 2194 4021 ³.

617 4044 727 4102 Sed
751 4047 874 4117 quia
920 4049 1123 4105 sciebat
1154 4065 1282 4119 eos,
1322 4067 1444 4108 cum
1470 4053 1586 4109 haec
1613 4055 1890 4111 militando
1915 4055 2152 4112 facerent
2177 4096 2193 4124 ,

620 4152 726 4194 non
749 4153 869 4195 esse
896 4139 1224 4209 homicidas,
1254 4143 1349 4198 sed
1374 4144 1648 4198 ministros
1676 4145 1845 4216 legis;
1884 4155 1938 4201 et
1967 4163 2071 4201 non
2115 4148 2201 4203 ul-

617 4236 762 4285 tores
785 4230 1099 4301 injuriarum
1129 4247 1345 4289 suarum
1363 4276 1379 4302 ,
1428 4235 1524 4291 sed
1552 4236 1737 4292 salutis
1766 4238 1988 4307 publica:
2016 4240 2201 4297 defen-

619 4334 772 4377 sores
796 4340 810 4377 :
838 4324 1115 4394 respondit
1131 4324 1241 4393 eis,
1275 4325 1543 4382 Neminem
1558 4332 1928 4398 concussen‘tis,
1958 4334 2088 4387 nulli
2115 4351 2202 4388 ca-

619 4414 862 4469 lumniam
910 4416 1128 4487 feceritis
1151 4457 1167 4483 ,
1209 4419 1425 4489 suﬁiciat
1463 4421 1602 4477 vobis
1634 4423 1939 4493 stipendium
1981 4437 2201 4484 vestrum

622 4503 773 4577 (Luc.
801 4522 891 4573 ιιι,
923 4507 1037 4578 M).
1086 4507 1194 4563 Sed
1235 4509 1357 4580 quia
1408 4510 1686 4569 Manichazi
1720 4514 1979 4574 Joannem
2018 4528 2200 4589 aperte

618 4597 993 4669 blasphemare
1030 4610 1455 4671 consueverunt,
1494 4604 1669 4675 ipsum
1708 4607 1987 4664 Dominum
2015 4611 2201 4668 Jesum

618 4688 891 4747 Christum
906 4691 1122 4747 audiant
1141 4692 1244 4749 hoc
1268 4695 1591 4765 stipendium
1613 4697 1889 4767 jubentem
1915 4701 2068 4757 reddi
2089 4703 2204 4759 Cae-

1421 365 1694 423 CONTRA
1733 358 2049 420 FAUSTUM
2088 353 2533 429 MANICHEUM,
2578 357 2635 415 S.
2676 355 3042 415 AUGUSTINI

3783 368 3895 427 448

2305 470 2603 542 imperavit.
2632 469 2736 527 Sed
2752 470 2819 526 de
2829 472 2985 542 justis
3006 473 3219 545 quidem
3244 475 3556 549 injustisque
3573 477 3730 538 bellis
3745 498 3892 539 nunc

2301 561 2572 631 disputare
2594 563 2807 633 longum
2838 574 2953 630 est,
2988 572 3042 620 et
3075 580 3180 621 non
3218 570 3599 628 necessarium.

2372 653 2601 709 CAPUT
2631 654 2917 709 LXXV.—
2935 656 3160 714 interest
3189 660 3329 715 enim
3351 663 3542 733 quibus
3567 668 3745 721 causis
3765 667 3893 738 qui-

2298 744 2505 815 busque
2534 749 2838 804 auctoribus
2868 750 3109 808 homines
3130 753 3363 823 gerenda
3388 756 3525 812 bella
3541 760 3843 831 suscipiant
3873 777 3890 819 :

2298 837 2431 893 ordo
2455 848 2630 894 tamen
2658 841 2746 896 ille
2767 843 3021 900 naturalis
3042 846 3344 900 mortalium
3366 849 3481 917 paci
3511 854 3892 908 accommoda—

2300 934 2382 983 tus
2408 929 2511 985 hoc
2540 932 2745 1001 poscit,
2775 942 2834 988 ut
2861 936 3183 1006 suscipiendi
3226 937 3351 994 belli
3379 943 3670 999 auctoritas
3719 956 3893 1018 atque

2301 1023 2582 1078 consilium
2623 1038 2788 1094 penes
2837 1026 3141 1099 Principem
3186 1030 3289 1096 sit;
3335 1036 3658 1105 exsequendi
3704 1048 3890 1094 autem

2294 1110 2441 1181 jussa
2468 1114 2657 1169 bellica
2687 1117 3040 1174 ministerium
3083 1121 3283 1178 milites
3313 1123 3545 1181 debeant
3575 1128 3692 1197 paci
3740 1131 3891 1186 salu-

2298 1204 2444 1276 tique
2469 1211 2757 1264 communi.
2785 1209 2990 1267 Bellum
3041 1222 3219 1269 autem
3262 1216 3402 1287 quod
3432 1222 3722 1288 gerendum
3772 1221 3889 1279 Deo

2298 1308 2519 1354 auctore
2561 1302 2878 1372 suscipitur,
2928 1314 3077 1362 recte
3103 1308 3335 1378 suscipi,
3379 1310 3620 1367 dubitare
3649 1312 3730 1367 fas
3776 1330 3887 1370 non

2298 1396 2415 1456 est,
2443 1391 2528 1445 vel
2575 1392 2642 1447 ad
2681 1395 2982 1450 terrendam
3003 1437 3018 1463 ,
3050 1399 3134 1452 vel
3162 1399 3229 1451 ad
3270 1399 3614 1457 obterendam
3636 1446 3651 1472 ,
3684 1404 3771 1460 vel
3815 1404 3887 1461 ad

2298 1480 2682 1551 subjugandam
2703 1485 3009 1541 mortalium
3032 1489 3338 1557 superbiam
3372 1509 3387 1545 :
3419 1493 3633 1562 quando
3660 1510 3730 1549 ne
3749 1496 3887 1552 illud

2297 1570 2511 1637 quidem
2536 1574 2678 1644 quod
2709 1575 2939 1633 humana
2964 1578 3253 1648 cupiditate
3294 1583 3525 1653 geritur,
3559 1602 3663 1641 non
3703 1588 3886 1643 solum

2298 1660 2686 1734 ineorruptibili
2734 1668 2844 1722 Deo
2868 1711 2884 1737 ,
2927 1670 3022 1725 sed
3052 1673 3151 1727 nec
3178 1675 3377 1755 sanctis
3406 1674 3521 1745 ejus
3548 1677 3740 1732 obesse
3779 1679 3885 1733 ali-

2296 1755 2420 1824 quid
2445 1766 2652 1826 potest;
2676 1761 2868 1830 quibus
2893 1764 3068 1833 potius
3088 1765 3156 1819 ad
3176 1767 3524 1821 exercendam
3547 1771 3886 1840 patientiam,

2298 1854 2353 1899 et
2382 1847 2449 1901 ad
2493 1848 2873 1908 humiliandam
2903 1860 3164 1924 animam,
3195 1856 3575 1930 ferendamque
3604 1873 3889 1930 paternam

2301 1936 2633 2009 disciplinam
2660 1944 2818 1999 etiam
2872 1946 3127 2016 prodesse
3171 1949 3456 2005 invenitur.
3510 1952 3693 2024 Neque
3737 1956 3889 2010 enim

2296 2029 2455 2086 habet
2484 2033 2536 2087 in
2574 2049 2668 2090 eos
2712 2037 2989 2108 quisquam
3038 2040 3198 2094 ullam
3252 2052 3604 2113 potestatem,
3649 2046 3752 2101 nisi
3798 2047 3889 2104 cui

2295 2118 2416 2175 data
2434 2122 2593 2179 fuerit
2616 2126 2863 2198 desuper.
2896 2128 3013 2183 Non
3035 2139 3117 2185 est
3142 2132 3285 2186 enim
3310 2142 3543 2203 potestas
3574 2137 3676 2191 nisi
3702 2153 3735 2191 a
3772 2138 3890 2195 Deo

2295 2212 2470 2281 (Rom.
2494 2230 2619 2284 ιιιιι,
2645 2217 2699 2287 1)
2719 2259 2735 2283 ,
2762 2218 2876 2274 sive
2896 2219 3119 2288 jubente
3140 2262 3157 2288 ,
3184 2224 3297 2277 sive
3317 2224 3543 2281 sinente.
3576 2225 3708 2281 Cum
3751 2245 3889 2299 ergo

2292 2301 2375 2355 vir
2395 2302 2570 2371 justus
2591 2347 2605 2373 ,
2638 2306 2683 2360 si
2704 2306 2843 2363 forte
2863 2310 2963 2364 sub
2989 2326 3115 2382 rege
3158 2312 3374 2370 homine
3414 2316 3575 2370 etiam
3620 2319 3891 2390 sacrilego

2293 2394 2521 2462 militet,
2549 2406 2695 2454 recte
2724 2401 2894 2469 poscit
2917 2401 3008 2456 illo
3028 2403 3246 2472 jubente
3273 2405 3473 2463 bellare
3509 2409 3689 2463 civicae
3734 2411 3891 2480 pacis

2292 2486 2531 2541 ordinem
2563 2505 2815 2558 servans;
2840 2494 2926 2548 cui
2955 2494 3095 2565 quod
3117 2497 3332 2567 jubetur
3366 2500 3416 2565 ⁸,
3476 2502 3562 2557 vel
3607 2518 3713 2557 non
3762 2519 3894 2562 esse

2292 2587 2477 2633 contra
2506 2580 2598 2635 Dei
2625 2593 2950 2653 praeceptum
2978 2596 3182 2655 certum
3209 2597 3311 2657 est,
3334 2590 3419 2644 vel
3448 2598 3619 2645 utrum
3647 2592 3737 2659 sit,
3766 2608 3895 2648 cer-

2292 2675 2404 2722 tum
2432 2684 2535 2724 non
2564 2680 2643 2725 est
2668 2712 2683 2737 ,
2716 2673 2788 2727 ita
2822 2683 2879 2728 ut
2906 2674 3132 2731 fortasse
3158 2694 3310 2733 reum
3359 2695 3537 2749 regem
3578 2680 3742 2737 faciat
3770 2683 3882 2738 ini-

2293 2759 2468 2827 quitas
2494 2761 2824 2831 imperandi,
2858 2765 3197 2823 innocentem
3237 2778 3414 2824 autem
3441 2771 3662 2827 militem
3690 2783 3889 2830 osten-

2291 2849 2384 2905 dat
2408 2851 2543 2907 ordo
2562 2855 2827 2910 serviendi
2857 2874 2870 2910 :
2900 2867 3098 2927 quanto
3131 2860 3299 2930 magis
3330 2861 3383 2915 in
3412 2861 3890 2922 administratione

2296 2941 2560 2997 bellorum
2581 2945 3016 3004 innocentissime
3040 2949 3339 3006 diversatur
3357 2993 3372 3017 ,
3398 2952 3487 3022 qui
3517 2952 3628 3009 Deo
3652 2954 3888 3024 jubente

2295 3032 2601 3103 belligerat,
2647 3052 2806 3106 quem
2852 3040 2992 3094 male
3042 3040 3243 3111 aliquid
3283 3042 3471 3113 jubere
3512 3059 3617 3101 non
3670 3062 3836 3116 posse
3868 3090 3889 3117 ,

2295 3139 2455 3180 nemo
2483 3127 2574 3197 qui
2599 3127 2647 3181 ei
2670 3129 2836 3183 servit
2851 3130 3065 3200 ignorat

2366 3214 2595 3272 CAPUT
2620 3218 2933 3275 LXXVI.—
2949 3222 3008 3279 Si
3036 3232 3214 3280 autem
3242 3236 3519 3296 propterea
3559 3238 3750 3299 putant
3775 3247 3896 3288 non

2295 3308 2530 3378 potuisse
2559 3311 2725 3366 Deum
2753 3312 2950 3368 bellum
2977 3315 3266 3386 gerendum
3295 3317 3483 3387 jubere
3501 3360 3518 3387 ,
3545 3320 3666 3390 quia
3694 3321 3897 3377 Domi-

2297 3414 2398 3457 nus
2426 3411 2609 3472 postea
2635 3403 2792 3459 Jesus
2815 3405 3059 3463 Christus
3082 3448 3097 3475 ,
3126 3407 3241 3479 Ego
3260 3450 3275 3477 ,
3308 3410 3511 3480 inquit,
3542 3412 3655 3466 dico
3692 3413 3841 3468 vobis
3874 3456 3895 3481 ,

2296 3511 2398 3550 non
2426 3496 2655 3552 resistere
2680 3497 2919 3554 adversus
2938 3500 3167 3565 malum;
3190 3501 3281 3556 sed
3312 3502 3358 3556 si
3381 3505 3490 3573 quis
3515 3514 3562 3558 te
3585 3509 3901 3576 percusserit

2296 3587 2352 3641 in
2389 3588 2649 3642 maxillam
2703 3598 2844 3643 tuam
2888 3592 3157 3660 dextram,
3204 3592 3372 3663 praebe
3415 3594 3492 3648 illi
3534 3605 3581 3648 et
3620 3597 3900 3652 sinistram

2303 3676 2515 3749 (Matth.
2543 3694 2576 3733 v
2596 3720 2612 3747 ,
2638 3680 2767 3750 39);
2800 3681 3095 3752 intelligant
3120 3684 3257 3739 hanc
3301 3686 3747 3755 praeparationem
3776 3703 3900 3744 non

2298 3784 2419 3825 esse
2446 3772 2499 3825 in
2530 3786 2755 3841 corpore
2774 3814 2790 3839 ,
2820 3773 2917 3829 sed
2941 3774 2995 3829 in
3023 3775 3218 3831 corde:
3251 3775 3325 3830 ibi
3351 3784 3433 3832 est
3469 3778 3608 3832 enim
3639 3788 3900 3835 sanctum

2297 3859 2474 3916 cubile
2504 3861 2759 3931 virtutis,
2788 3880 2907 3931 qua:
2956 3864 3013 3919 in
3040 3865 3146 3920 illis
3189 3881 3403 3937 quoque
3451 3868 3682 3937 antiquis
3727 3868 3903 3939 juStis

2298 3953 2497 4008 nostris
2521 3954 2760 4023 patribus
2786 3954 3078 4011 habitavit:
3105 3956 3199 4012 sed
3224 3972 3341 4012 eam
3382 3973 3564 4014 rerum
3592 3960 3897 4028 diSpensa-

2298 4044 2498 4100 tionem
2525 4060 2589 4101 ac
2611 4045 3042 4104 distributionem
3082 4056 3381 4119 temporum
3425 4050 3557 4105 ordo
3594 4052 3901 4120 poscebat,

2299 4144 2361 4191 ut
2386 4137 2536 4208 prius
2560 4147 2841 4207 appareret
2868 4139 3026 4193 etiam
3073 4139 3188 4210 ipsa
3217 4140 3355 4195 bona
3385 4150 3592 4196 terrena
3611 4184 3626 4206 ,
3669 4141 3727 4197 in
3770 4145 3905 4213 qui.

2302 4227 2487 4283 bus’et
2514 4214 2745 4282 humana
2793 4244 2957 4300 regna
2987 4239 3041 4285 et
3080 4246 3149 4286 ex
3186 4230 3427 4287 hostibus
3456 4232 3690 4287 victoria:
3718 4233 3908 4304 depu-

2305 4325 2514 4385 tantur,
2543 4328 2763 4388 propter
2790 4335 2909 4389 quaa
2934 4321 3165 4377 maxime
3183 4323 3370 4378 civitas
3386 4323 3669 4394 impiorum
3693 4325 3909 4383 diffusa

2302 4423 2400 4478 per
2436 4408 2692 4463 mundum
2724 4410 3022 4480 supplicare
3069 4411 3227 4467 idolis
3252 4422 3307 4468 et
3339 4413 3670 4470 daemonibus
3715 4418 3905 4485 solet,

2301 4512 2409 4553 non
2436 4497 2536 4552 nisi
2557 4498 2623 4553 ad
2648 4499 2804 4554 unius
2833 4498 2927 4555 Dei
2949 4502 3063 4556 veri
3087 4510 3403 4572 potestatem
3427 4514 3585 4575 atque
3607 4504 3913 4562 arbitrium

2304 4594 2593 4665 pertinere.
2614 4593 2768 4650 Unde
2784 4603 2839 4650 et
2849 4594 3013 4651 Vetus
3028 4594 3428 4654 Testamentum
3454 4604 3720 4654 secretum
3743 4601 3915 4669 regni

2303 4686 2564 4741 caelorum
2592 4694 2833 4755 tempore
2856 4694 3157 4757 opportuno
3179 4688 3523 4760 aperiendum
3570 4689 3913 4759 promissio-

2305 4775 2460 4830 nibus
2484 4775 2709 4830 terrenis
2730 4775 2974 4844 operuit,
3015 4784 3069 4831 et
3114 4776 3345 4847 quodam
3381 4778 3543 4833 modo
3581 4778 3920 4837 umbrosius

2305 4866 2571 4935 opacavit.
2630 4865 2731 4921 Ubi
2778 4873 2955 4921 autem
3005 4868 3154 4923 venit
3192 4868 3465 4939 plenitudo
3493 4870 3786 4939 temporis,
3856 4880 3929 4927 ut.

2304 4955 2508 5011 Novum
2546 4956 2949 5012 Testamentum
2970 4958 3295 5013 revelaretur
3313 4999 3328 5025 ,
3348 4960 3491 5030 quod
3536 4960 3721 5031 figuris
3739 4960 3929 5017 Vete—

2305 5047 2379 5103 ris
2398 5046 2671 5101 velabatur
2690 5087 2705 5114 ,
2727 5046 2962 5102 evidenti
2981 5046 3353 5105 testiﬁcatione
3379 5050 3488 5119 jam
3511 5048 3831 5106 demonstra
3843 5070 3925 5108 ιι-

2308 5139 2434 5195 dum
2459 5147 2618 5206 erat,
2649 5152 2769 5193 esse
2793 5139 2953 5194 aliam
2985 5140 3145 5194 vitam
3186 5156 3283 5210 pro
3307 5156 3412 5211 qua
3451 5142 3614 5198 debet
3654 5142 3771 5199 haec
3795 5146 3937 5199 vita

2308 5232 2579 5287 contemni
2603 5272 2619 5299 ,
2658 5242 2712 5286 et
2731 5231 2871 5287 aliud
2898 5247 3121 5302 regnum
3161 5248 3258 5304 pro
3285 5250 3392 5305 quo
3418 5244 3631 5304 oportet
3658 5236 3941 5293 omnium

2310 5333 2643 5381 terrenarum
2670 5340 2957 5395 regnorum
2972 5326 3354 5383 adversitatum
3371 5328 3762 5398 patientissime
3785 5344 3944 5387 sus-

2315 5418 2493 5472 tineri.
2521 5416 2750 5472 Proinde
2776 5433 2872 5487 per
2901 5433 3125 5488 quorum
3156 5420 3549 5487 confessiones,
3581 5422 3890 5491 passiones
3922 5467 3945 5494 ,

2314 5516 2369 5563 et
2394 5517 2593 5563 mortes
2621 5507 2724 5562 hoc
2753 5508 2864 5563 Deo
2890 5508 3090 5578 placuit
3111 5511 3350 5565 attestari
3368 5552 3382 5579 ,
3435 5521 3702 5583 martyres
3723 5515 3949 5581 appel-

2294 5600 2527 5673 lantur,
2578 5600 2669 5670 qui
2722 5600 2887 5655 latine
2941 5612 3108 5658 testes
3162 5603 3622 5674 interpretantur:
3679 5622 3948 5676 quorum

2294 5676 2572 5749 (numerus
2602 5702 2776 5748 tantus
2803 5693 3063 5761 efﬂoruit,
3087 5704 3145 5751 ut
3188 5698 3234 5752 si
3264 5713 3359 5755 eos
3403 5697 3651 5756 Christus
3672 5736 3690 5768 ,
3724 5700 3825 5771 qui
3861 5702 3956 5761 dc

620 4781 727 4836 sari
760 4823 776 4847 ,
830 4781 974 4851 quod
1014 4782 1247 4841 Joannes
1312 4785 1441 4841 dicit
1486 4787 1682 4844 debere
1728 4788 1974 4847 sufficere
2027 4794 2199 4850 militi.

619 4869 835 4927 Reddite
854 4914 870 4940 ,
894 4874 1063 4943 inquit
1086 4916 1102 4941 ,
1124 4874 1313 4931 Caesari
1332 4893 1445 4947 qua
1467 4878 1680 4934 Ctesaris
1699 4890 1853 4948 sunt,
1884 4890 1929 4935 et
1957 4882 2067 4938 Deo
2091 4901 2205 4954 quae

621 4961 718 5017 Dei
747 4974 862 5018 sunt
899 4964 1112 5034 (Matth.
1146 4982 1285 5033 ιιιιι,
1314 4966 1428 5037 21).
1482 4967 1551 5023 Ει
1593 4970 1659 5024 ad
1688 4969 1792 5026 hoc
1828 4973 1971 5028 enim
2010 4973 2205 5031 tributa

621 5066 942 5127 praestantur
964 5099 980 5125 ,
1005 5068 1063 5113 ut
1088 5069 1303 5129 propter
1320 5061 1459 5116 bella
1489 5064 1793 5118 necessario
1813 5066 1968 5120 militi
1999 5068 2204 5138 stipen-

622 5149 768 5205 dium
798 5149 1119 5221 praebeatur.
1149 5151 1338 5217 Merito
1362 5161 1417 5207 et
1443 5153 1583 5209 illius
1599 5153 1938 5212 Centurionis
1953 5159 2203 5226 dicentis,

628 5239 696 5294 Et
725 5256 815 5311 ego
851 5241 1000 5295 homo
1018 5258 1131 5297 sum
1152 5242 1248 5297 sub
1287 5251 1528 5313 potestate
1548 5247 1846 5303 constitutus
1864 5290 1879 5315 ,
1904 5250 2089 5305 habens
2112 5251 2205 5306 sub

629 5347 710 5386 me
736 5333 949 5397 milites;
972 5344 1021 5388 et
1041 5334 1153 5389 dico
1179 5336 1296 5389 huic
1316 5376 1331 5400 ,
1367 5335 1503 5390 Vade
1521 5376 1536 5403 ,
1563 5346 1611 5392 et
1630 5340 1766 5393 vadit
1784 5357 1805 5406 ;
1826 5349 1871 5395 et
1898 5342 2017 5408 alii,
2058 5342 2204 5413 Veni,

628 5425 862 5490 etvenit;
889 5433 935 5478 et
959 5441 1100 5481 servo
1121 5442 1230 5481 meo
1249 5467 1266 5494 ,
1291 5426 1398 5480 Fac
1420 5428 1513 5483 hoc
1534 5470 1548 5495 ,
1571 5438 1618 5483 et
1639 5432 1805 5501 facit;
1832 5432 1989 5489 fidem
2016 5435 2206 5491 lauda-

629 5513 705 5566 vit
733 5512 842 5583 (ld.
878 5530 970 5569 vni
994 5557 1007 5582 ,
1038 5516 1071 5571 9
1091 5559 1105 5584 ,
1140 5517 1231 5585 l0)
1257 5560 1271 5585 ,
1302 5535 1405 5574 non
1444 5519 1585 5575 illius
1616 5523 1814 5579 militia:
1843 5524 2204 5583 descrtionem

691 5604 709 5674 ξ
743 5605 939 5674 Quidam
963 5614 1094 5674 Mss,
1111 5606 1424 5674 indignosque
1459 5611 1684 5663 terrebat.

689 5666 709 5732 ξ
744 5671 942 5732 Αιιιηῑιι.
971 5675 1023 5718 et
1038 5666 1356 5732 aliquot'luss.,
1384 5681 1434 5723 ut
1459 5673 1776 5727 dominentur.

691 5727 888 5801 "Lugd.
919 5735 971 5799 et
1011 5727 1133 5780 Ven:
1166 5727 1387 5801 verbum,
1413 5736 1667 5801 neminem,
1708 5745 1788 5801 ter
1830 5748 2082 5801 repetunt,
2119 5742 2211 5793 hoc
2252 5782 2263 5791 ,

625 5788 784 5848 modo,
828 5790 1064 5842 neminem

624 5795 1078 5913 ξι(ιᾶῗέ
1106 5795 1356 5859 percutite,
1400 5798 1637 5853 neminem
1655 5795 1660 5797 ’
1677 5795 1941 5867 metuente,
1972 5795 2212 5859 neminem

2238 5950 2246 5957 .
2385 5870 2403 5902 ί
2437 5874 2491 5922 ιιι
2511 5875 2639 5936 uss,
2662 5867 2843 5925 cumid
2866 5868 3220 5936 quadjubetur.
