4052 6424
152 326 270 387 ω

156 442 307 499 nmio
333 440 553 497 Saulum
579 442 820 507 vocavit,
861 447 915 498 et
958 455 1028 498 ex
1070 440 1197 517 lupo
1227 440 1420 498 factum
1448 456 1635 509 ovem,
1691 442 1746 495 in

154 535 404 591 medium
443 535 687 606 luporum
714 535 859 590 misit
886 534 1021 608 (Act.
1062 535 1171 606 rx),
1212 544 1562 605 congregatos
1592 533 1751 589 vellet

156 639 377 681 armare
406 634 569 696 atque
591 625 843 697 adjuvare
865 635 1158 696 pugnantes
1178 668 1193 693 ,
1215 626 1352 681 sicut
1380 625 1632 680 Hebraeos
1656 640 1751 695 pa-

157 724 274 772 tres
304 715 547 786 adjuvit,
576 732 697 788 qua:
719 726 909 788 gentes
930 717 1425 788 resisterent‘lquae
1454 731 1613 786 regna
1645 731 1753 771 non

156 807 460 865 cederent?
487 808 595 865 Sed
620 818 677 864 ut
720 809 1189 880 praeclarissimum
1214 809 1575 864 testimonium
1605 808 1753 864 veri-

159 900 255 955 tati
286 899 695 971 pcrhiberetur,
722 917 826 971 qua
869 900 980 971 jam
1034 901 1053 933 ί
1104 900 1403 957 docendum
1449 909 1597 966 erat,
1645 915 1753 955 non

159 1000 383 1061 prapter
406 991 760 1062 temporalem
782 992 833 1047 in
862 992 961 1047 hac
980 991 1107 1059 vita,
1139 991 1234 1048 sed
1262 1000 1475 1063 propter
1498 999 1751 1047 aeternam

159 1090 284 1151 post
306 1081 448 1137 hanc
474 1084 639 1138 vitam
665 1082 972 1140 felicitatem
1001 1083 1112 1139 Deo
1137 1098 1257 1141 esse
1293 1085 1657 1153 serviendum,
1690 1100 1753 1141 ea

159 1188 279 1244 quae
312 1176 478 1246 vulgo
508 1176 791 1232 infelicitas
814 1176 1007 1233 dicitur
1029 1219 1045 1245 ,
1073 1192 1171 1248 pro
1218 1177 1306 1233 illa
1351 1177 1601 1234 felicitate
1628 1178 1757 1233 sub-

166 1263 337 1319 eunda
371 1264 552 1321 fuerat
571 1276 626 1322 et
652 1265 891 1323 ferenda.
922 1266 1104 1339 Itaque
1128 1268 1182 1322 in
1210 1267 1538 1336 plenitudine
1557 1276 1758 1338 tempo-

163 1369 280 1410 rum
307 1354 488 1411 Filius
515 1356 613 1412 Dei
637 1356 808 1412 factus
832 1373 902 1413 ex
933 1359 1157 1415 muliere
1177 1399 1192 1425 ,
1244 1358 1414 1414 factus
1449 1360 1548 1415 sub
1572 1359 1714 1431 Lege
1740 1400 1756 1428 ,

164 1457 219 1502 ut
244 1463 339 1504 eos
375 1450 469 1519 qui
496 1452 599 1505 sub
630 1450 773 1522 Lege
801 1460 954 1506 erant
979 1451 1266 1508 redimeret
1303 1451 1501 1525 (Galat.
1532 1469 1587 1507 ιν
1613 1494 1628 1519 ,
1675 1454 1710 1507 4
1739 1494 1755 1520 ,

164 1540 215 1612 5)
234 1582 248 1605 ,
280 1540 460 1596 factus
486 1557 555 1597 ex
580 1544 785 1598 semine
810 1543 975 1598 David
1010 1543 1300 1599 secundum
1334 1559 1549 1599 carnem
1579 1544 1758 1615 (Rom.

164 1648 213 1699 ι,
241 1632 301 1702 3)
323 1675 337 1697 ,
370 1633 544 1688 mittit
586 1633 877 1705 discipulos
906 1636 1052 1691 velut
1079 1650 1206 1691 oves
1244 1636 1297 1691 in
1331 1636 1562 1692 medium
1604 1636 1761 1707 lupo-

164 1740 311 1791 rum,
339 1733 398 1780 et
428 1735 619 1781 monet
662 1741 731 1781 ne
758 1726 979 1781 timeant
1005 1742 1099 1782 eos
1121 1728 1209 1797 qni
1249 1742 1441 1798 corpus
1468 1728 1718 1783 occidunt
1742 1770 1759 1798 ,

165 1815 398 1870 animam
416 1825 603 1872 autem
624 1832 729 1871 non
756 1825 981 1888 possunt
1009 1817 1288 1885 occidere;
1320 1819 1583 1888 promittit
1601 1820 1761 1877 etiam

164 1905 329 1977 ipsius
373 1909 627 1976 corporis
672 1908 1038 1964 renovandam
1090 1910 1447 1980 integritatem
1478 1926 1646 1983 usque
1694 1911 1762 1967 ad

164 1998 332 2067 capilli
372 2000 775 2067 reparationem
806 1998 1020 2068 (Matth.
1062 2017 1097 2055 ιι
1120 2042 1134 2067 ,
1170 2001 1270 2068 16,
1301 2001 1372 2057 28
1392 2044 1406 2066 ,
1440 2002 1531 2073 50)
1564 2020 1576 2056 :
1610 2003 1757 2058 Petri

165 2090 398 2161 gladium
422 2099 649 2146 revocat
676 2093 730 2146 in
748 2092 1028 2162 vaginam;
1052 2108 1234 2149 aurem
1262 2093 1459 2148 inimici
1486 2094 1763 2163 przecisam

167 2192 375 2251 reparat
402 2183 470 2238 ad
502 2184 782 2254 pristinam
806 2184 1030 2239 formam
1054 2202 1066 2239 :
1099 2183 1227 2239 dicit
1251 2199 1309 2239 se
1338 2184 1633 2255 legionibus
1653 2186 1764 2239 An-

164 2274 401 2344 gelorum
428 2274 700 2345 imperare
728 2274 964 2346 potuisse
992 2274 1057 2328 ad
1084 2274 1342 2330 delendas
1366 2276 1628 2340 inimicos,
1661 2276 1763 2332 nisi

166 2366 298 2420 calix
318 2366 596 2421 bibendus
620 2375 796 2433 esset,
828 2382 985 2437 quem
1008 2375 1232 2437 paterna
1257 2366 1501 2421 voluntas
1530 2365 1765 2421 dedisset

167 2457 272 2528 (Id.
306 2475 439 2513 xxvr
465 2500 483 2525 ,
516 2459 621 2524 52,
645 2460 752 2524 55;
782 2458 909 2512 Luc.
932 2474 1067 2521 xxn,
1090 2459 1153 2515 5i
1177 2498 1195 2525 ,
1228 2458 1317 2524 42,
1347 2468 1393 2511 et
1420 2457 1577 2512 Joan.
1608 2474 1760 2526 xvnl,

169 2550 292 2620 il);
326 2549 467 2603 bibit
498 2550 811 2619 prmcedens
835 2592 850 2618 ,
882 2551 1130 2620 propinat
1162 2550 1506 2620 sequentibus
1540 2568 1554 2603 :
1593 2550 1762 2605 virtu-

172 2649 277 2695 tem
306 2642 588 2710 patientiae
614 2656 714 2697 suo
742 2641 943 2696 revelat
976 2643 997 2672 ²
1025 2649 1319 2710 prmeepto,
1360 2655 1458 2695 suo
1486 2641 1765 2696 conﬁrmat

165 2733 439 2802 exemplo.
470 2732 694 2804 Pr0pter
711 2734 847 2803 quod
866 2732 1005 2788 Deus
1032 2733 1179 2787 illum
1202 2734 1459 2788 suscitavit
1477 2750 1509 2787 a
1528 2734 1761 2801 mortuis,

165 2825 442 2880 ddonavit
471 2827 519 2880 ei
544 2843 727 2881 nomen
750 2831 891 2896 quod
906 2840 980 2881 est
997 2843 1150 2897 super
1181 2842 1328 2880 omne
1356 2842 1579 2882 nomen:
1608 2834 1663 2881 ut
1709 2827 1765 2881 in

165 2920 369 2974 nomine
403 2918 535 2974 Iesu
562 2937 709 2975 omne
749 2937 881 2992 genu
933 2922 1201 2991 flectatur,
1256 2921 1557 2989 caelestium,
1598 2929 1762 2975 terre-

167 3016 368 3080 strium,
387 3021 435 3067 et
464 3015 816 3085 infernarum;
836 3022 883 3069 et
913 3015 1077 3068 omnis
1102 3013 1275 3086 lingua
1301 3015 1601 3083 conﬁteatur
1644 3017 1766 3084 quia

167 3102 423 3158 Dominus
441 3104 598 3159 Jesus
641 3106 694 3159 in
721 3106 885 3176 gloria
912 3114 983 3160 est
1026 3104 1124 3159 Dei
1160 3105 1334 3160 Patris
1389 3104 1647 3177 (Philipp.
1676 3121 1711 3160 ιι
1743 3145 1761 3174 ,

166 3193 338 3267 9-11).
365 3195 749 3266 Regnaverunt
776 3197 865 3252 hic
887 3211 1014 3267 ergo
1034 3196 1358 3252 Patriarchaa
1379 3206 1431 3252 et
1455 3196 1759 3267 Prophetaa,

170 3296 223 3342 ut
246 3296 304 3342 et
334 3287 438 3342 ista
465 3303 631 3358 regna
663 3288 831 3343 Deum
855 3288 983 3343 dare
1009 3296 1064 3343 et
1088 3288 1301 3343 auferre
1346 3289 1759 3344 ostenderetur:

166 3392 269 3431 non
300 3376 392 3431 hic
416 3387 777 3448 regnaverunt
797 3379 1039 3449 Apostoli
1055 3387 1109 3434 et
1139 3387 1421 3451 martyres,
1451 3387 1512 3434 ut
1539 3395 1763 3450 regnum

169 3469 430 3523 ctelorum
461 3468 877 3525 desiderandum
921 3470 1095 3541 potius
1122 3469 1467 3540 panderetur.
1496 3470 1577 3525 illi
1607 3484 1763 3542 reges

165 3557 305 3615 bella
335 3560 359 3591 ³
382 3570 702 3631 gesserunt,
733 3571 793 3617 ut
820 3562 953 3617 tales
981 3576 1193 3632 quoque
1212 3562 1459 3617 victorias
1484 3569 1767 3633 appareret

172 3650 263 3707 Dei
289 3651 572 3707 voluntate
596 3653 837 3722 praestari
864 3670 876 3707 :
912 3654 999 3708 isti
1026 3667 1131 3708 non
1161 3653 1465 3709 resistendo
1498 3654 1761 3710 interfecti

169 3753 321 3811 sunt,
347 3753 410 3799 ut
452 3746 718 3814 potiorem
745 3760 867 3802 esse
913 3747 1170 3801 docerent
1195 3747 1473 3801 victoriam
1505 3761 1603 3817 pro
1650 3747 1758 3803 iide

170 3837 419 3892 veritatis
443 3837 638 3893 occidi.
662 3838 974 3910 Quanquam
1002 3848 1059 3894 ct
1079 3839 1183 3893 illic
1205 3838 1486 3909 Pr0phetm
1508 3848 1769 3894 noverant

170 3930 304 3985 mori
332 3945 436 4000 pro
462 3931 691 3986 veritate
709 3972 725 3998 ,
748 3932 888 3987 sicut
925 3932 1041 4002 ipse
1085 3931 1342 3986 Dominus
1371 3931 1531 3996 dicit,
1561 3929 1606 3985 A
1648 3948 1769 3986 san-

171 4026 322 4092 guine
343 4024 473 4078 Abel
494 4040 649 4095 usque
672 4024 739 4078 ad
753 4025 1050 4095 sanguinem
1073 4024 1340 4079 Zachariae
1369 4026 1580 4097 (Matth.
1610 4042 1763 4094 mn,

176 4115 265 4183 35)
290 4133 303 4168 :
328 4125 387 4170 et
436 4115 529 4170 hic
557 4124 904 4187 posteaquam
935 4117 1098 4186 coepit
1134 4115 1157 4148 ‘
1197 4116 1443 4187 impleri,
1496 4118 1636 4187 quod
1667 4120 1769 4174 sub

177 4206 339 4275 ﬁgura
372 4206 680 4262 Salomonis
706 4208 831 4279 (qui
862 4207 1027 4279 latine
1053 4207 1439 4278 interpretatur
1464 4208 1762 4279 Paciﬁcus)

175 4295 240 4351 de
258 4297 498 4352 Domino
524 4278 743 4352 Christo
773 4278 916 4369 (ipse
937 4305 1020 4352 est
1046 4298 1187 4353 enim
1212 4314 1311 4368 pax
1342 4308 1525 4355 nostra
1550 4278 1765 4371 (Ephes.

176 4402 247 4456 ιι,
274 4389 373 4459 14)
403 4389 458 4443 in
487 4388 703 4444 Psalmo
726 4389 1097 4459 prophetatum
1128 4400 1230 4455 est,
1262 4390 1327 4443 Et
1355 4391 1637 4445 adorabunt
1657 4409 1771 4445 eum

178 4496 346 4535 omnes
369 4497 534 4551 reges
588 4490 767 4547 terrae,
800 4498 970 4535 omnes
1000 4490 1171 4552 gentes
1226 4482 1437 4535 servient
1478 4483 1556 4536 illi
1597 4482 1766 4553 (Psal.

180 4582 334 4641 un,
369 4574 495 4643 il);
522 4572 800 4628 christiani
828 4586 1041 4643 quoque
1067 4573 1421 4642 imperatores
1442 4573 1652 4643 plenam
1678 4590 1770 4645 ge-

180 4672 362 4719 rentes
392 4663 646 4718 ﬁduciam
673 4664 886 4734 pietatis
912 4664 967 4718 in
993 4662 1228 4729 Christo,
1255 4663 1324 4719 de
1353 4663 1583 4718 inimicis
1610 4665 1775 4719 sacri-

179 4754 337 4826 legis,
384 4755 479 4825 qui
525 4768 676 4825 spem
701 4769 852 4809 suam
880 4754 934 4809 in
973 4755 1322 4810 sacramentis
1371 4754 1635 4811 idolorum
1659 4755 1772 4811 dae-

182 4861 507 4917 monumque
529 4854 855 4915 posuerant,
877 4844 1320 4916 gloriosissimam
1347 4846 1625 4901 victoriam
1653 4862 1774 4919 per-

182 4947 469 5008 ceperunt;
493 4954 615 4994 cum
636 4937 989 5008 apertissimis
1001 4936 1398 5008 notissimisque
1408 4938 1768 5005 documentis,

182 5030 247 5085 de
275 5030 470 5100 quibus
497 5030 739 5084 nonnulli
776 5028 887 5098 jam
916 5028 1170 5098 scriptum
1200 5029 1475 5083 memoria:
1500 5044 1775 5085 commen-

181 5122 404 5187 darunt,
468 5121 592 5176 illos
642 5122 889 5187 fallerent
936 5120 1183 5175 vaticinia
1209 5120 1630 5191 daemoniorum,
1673 5123 1774 5179 hos

186 5216 461 5272 ﬁrmarent
486 5214 745 5286 praedicta
772 5221 1097 5271 sanctorum.

253 5307 481 5365 CAPUT
507 5307 844 5364 LXXVII.—
858 5308 914 5365 Si
940 5317 1118 5364 autem
1140 5306 1243 5363 hoc
1262 5306 1458 5364 mirum
1487 5307 1602 5365 istis
1624 5310 1776 5366 vanis

248 5513 270 5582 ξ
304 5508 525 5582 «canym
544 5510 757 5582 cortices.
781 5510 1033 5582 ιιιιίαισηιτ

249 5574 273 5604 ⁸
308 5584 403 5622 Am.
432 5580 506 5622 Er.
533 5579 587 5622 et
605 5569 936 5623 Cisterciensis
956 5571 1131 5633 codex,
1149 5569 1341 5621 relevat.

250 5636 283 5698 ξ
308 5643 408 5684 Am.
434 5640 487 5685 et
507 5641 605 5695 Er.,
627 5633 703 5684 Illi
734 5632 837 5697 regi
853 5633 992 5683 bella.
1041 5634 1261 5684 Nonnulli
1306 5640 1433 5695 Mss,
1482 5632 1561 5684 Illi
1604 5647 1775 5698 regum

189 5694 611 5827 Μέθῇἀὶιὶοιθνη
648 5765 927 5820 Quanqman
961 5756 1158 5810 et
1207 5764 1259 5808 Et
1299 5756 1409 5808 ideo
1437 5762 1599 5827 postea
1631 5771 1779 5825 quam

192 5820 355 5881 amt.
373 5822 635 5887 castigatur
659 5832 725 5870 ex
748 5827 852 5873 Mss.
1439 5820 1445 5827 '
1578 5850 1607 5879 κ

1288 322 1491 382 LIBER
1529 320 1895 382 VIGESIMUS
1932 321 2310 385 SECUNDUS.

3340 348 3450 409 450

1869 442 2111 512 videtur,
2144 447 2284 516 quod
2310 447 2453 504 aliud
2484 456 2609 508 tunc
2644 452 2789 510 Deus
2816 457 3070 528 praecepit
3104 459 3443 534 dispensato-

1867 535 2012 592 ribus
2034 537 2238 595 Veteris
2266 541 2594 601 Testamenti
2638 548 2725 604 ubi
2756 549 2888 605 Novi
2933 554 3100 623 gratia
3127 556 3407 614 velabatur
3429 599 3448 628 ,

1867 631 2010 687 aliud
2034 634 2465 703 przedicatoribus
2494 639 2629 697 Novi
2649 641 2977 701 Testamenti
2999 647 3090 703 ubi
3106 647 3314 705 Veteris
3358 652 3453 708 ob-

1868 726 2096 782 scuritas
2124 729 2408 796 revelatur,
2436 733 2710 790 attendant
2739 736 2913 807 ipsum
2945 738 3227 797 Dominum
3276 742 3438 799 Chri-

1866 828 2010 875 stum
2063 831 2359 879 mutantem
2404 842 2523 895 quas
2574 829 2895 899 dixerat,et
2947 834 3090 890 aliud
3138 836 3450 897 dicentem:

1871 909 2087 975 Quando
2113 914 2225 967 misi
2241 931 2325 969 vos
2344 957 2360 982 ,
2389 917 2579 987 inquit,
2609 921 2715 974 sine
2739 923 2944 979 sacculo
2964 934 3011 980 et
3032 944 3153 998 pera
3179 938 3226 983 et
3254 932 3451 987 calcea-

1867 1005 2046 1058 mentis
2066 1046 2080 1071 ,
2105 1008 2349 1077 numquid
2368 1009 2561 1079 aliquid
2586 1012 2744 1083 defuit
2768 1015 2902 1071 vobis
2918 1018 2943 1070 ?
2976 1018 3042 1072 At
3063 1021 3140 1074 illi
3164 1020 3401 1079 dixerunt
3430 1067 3445 1093 ,

1870 1095 2038 1150 Nihil.
2068 1096 2206 1152 Dicit
2238 1116 2355 1171 ergo
2384 1102 2494 1156 eis:
2539 1103 2645 1159 Sed
2670 1122 2802 1160 nunc
2838 1110 2923 1179 qui
2976 1111 3124 1169 habet
3148 1118 3402 1171 sacculum
3430 1158 3446 1185 ,

1869 1190 2045 1255 tollat,
2069 1192 2301 1247 similiter
2332 1202 2377 1248 et
2406 1212 2613 1265 peram;
2634 1206 2680 1252 et
2704 1201 2791 1268 qui
2832 1218 2935 1256 non
2971 1204 3150 1273 habet,
3173 1210 3355 1263 vendat
3373 1217 3455 1264 tu-

1867 1280 2033 1335 nicam
2055 1299 2230 1349 suam,
2260 1294 2306 1340 et
2327 1296 2458 1340 emat
2478 1288 2726 1358 gladium.
2752 1291 2848 1347 Isti
2874 1303 3020 1350 certe
3045 1296 3090 1351 si
3114 1297 3212 1353 ista
3242 1298 3454 1357 diversa

1828 1436 1831 1441 ί
1870 1371 1922 1425 in
1950 1371 2307 1430 Testamentis
2337 1378 2560 1449 singulis
2591 1381 2927 1451 invenirent,
2956 1385 3151 1443 Vetere
3180 1397 3236 1444 et
3262 1389 3445 1460 Novo,

1868 1463 2028 1517 etiam
2058 1480 2124 1519 ex
2154 1465 2255 1521 hoc
2277 1468 2601 1537 clamarent,
2646 1472 2753 1526 duo
2799 1474 2898 1530 sibi
2950 1476 3293 1536 Testamenta
3330 1496 3454 1540 esse

1867 1555 2153 1610 contraria.
2185 1557 2323 1626 Quid
2352 1574 2481 1630 ergo
2517 1577 2659 1617 nunc
2687 1566 3115 1634 respondebunt,
3143 1584 3264 1625 cum
3312 1572 3453 1629 idem

1868 1646 1983 1716 ipse
2007 1647 2156 1717 dicit,
2182 1651 2353 1706 Antea
2377 1653 2494 1707 misi
2512 1670 2597 1708 vos
2618 1655 2726 1709 sine
2747 1658 2948 1712 sacculo
2968 1667 3015 1713 et
3041 1676 3161 1729 pera
3186 1670 3232 1715 et
3254 1664 3453 1720 calcea-

1867 1740 2076 1805 mentis,
2108 1751 2164 1796 et
2204 1743 2341 1798 nihil
2381 1746 2518 1801 vobis
2557 1750 2760 1819 defuit:
2803 1767 2937 1805 nunc
2965 1762 3143 1809 autem
3168 1756 3256 1827 qui
3308 1758 3457 1814 habet

1867 1832 2123 1886 sacculum
2142 1874 2157 1901 ,
2176 1835 2349 1905 tollat,
2381 1838 2615 1894 similiter
2635 1850 2682 1894 et
2706 1858 2915 1913 peram;
2935 1854 2982 1898 et
3016 1847 3103 1916 qui
3141 1847 3290 1903 habet
3322 1851 3458 1904 tuni-

1867 1939 1999 1990 cam,
2018 1927 2199 1980 vendat
2224 1936 2269 1982 et
2289 1939 2419 1984 emat
2433 1931 2661 2001 gladium
2674 1934 2700 1987 ?
2718 1933 2908 1990 iamne
2934 1937 3235 2009 intelligunt
3262 1956 3453 2011 quem-

1867 2016 2154 2073 admodum
2198 2020 2340 2076 nulla
2396 2023 2752 2081 inconstantia
2802 2030 3191 2100 praecipientis,
3224 2035 3320 2089 sed
3365 2050 3453 2090 ra-

1867 2112 2014 2167 tione
2043 2112 2433 2184 dispensantis,
2462 2132 2559 2187 pro
2600 2127 2901 2189 temporum
2928 2122 3270 2193 diversitate,
3306 2143 3447 2196 pra:-

1866 2212 2020 2273 cepta
2043 2245 2057 2271 ,
2082 2206 2169 2260 vel
2198 2208 2454 2275 consilia,
2493 2210 2578 2265 vel
2609 2212 2867 2280 permissa
2906 2217 3213 2271 mutentur?
3248 2217 3381 2273 Nam
3407 2221 3453 2275 si

1868 2295 2053 2351 dicunt
2081 2298 2213 2353 certi
2242 2301 2482 2371 mysterii
2534 2303 2702 2372 gratia
2747 2304 2850 2359 hoc
2875 2305 2945 2362 de
2975 2307 3213 2364 tollendo
3238 2313 3453 2367 sacculo

1867 2394 1923 2441 et
1952 2402 2079 2456 pera
2105 2396 2160 2442 et
2186 2390 2414 2445 emendo
2461 2392 2639 2461 gladio
2689 2393 2928 2451 locutum
2981 2395 3176 2466 fuisse,
3206 2413 3303 2455 cur
3345 2416 3454 2458 non

1867 2477 2153 2532 admittunt
2176 2480 2307 2534 certi
2338 2483 2576 2553 mysterii
2602 2484 2773 2553 gratia
2802 2485 3053 2543 eumdem
3079 2503 3243 2544 unum
3272 2490 3438 2545 Deum

1869 2574 1994 2623 tunc
2015 2568 2310 2639 Prophetas
2331 2586 2520 2641 gerere
2548 2572 2690 2629 bella
2706 2574 2935 2645 jussisse
2952 2617 2967 2643 ,
3000 2593 3145 2634 nunc
3169 2580 3455 2649 Apostolos

1869 2660 2250 2728 prohibuisse?
2276 2662 2462 2734 Neque
2490 2665 2633 2720 enim
2689 2669 2741 2722 in
2770 2682 2836 2723 eo
2865 2669 3009 2740 quod
3055 2686 3121 2725 ex
3168 2672 3456 2743 Evangeiio

1867 2754 2436 2823 commemoravimus,
2479 2758 2642 2813 verba
2690 2767 2897 2815 tantum
2942 2762 3153 2818 Domini
3201 2763 3452 2821 fuerunt:

1867 2843 1964 2898 sed
1988 2853 2043 2899 et
2062 2846 2543 2915 obtemperantium
2569 2864 2780 2921 quoque
2792 2852 3178 2923 discipulorum
3203 2855 3342 2912 facta
3370 2846 3456 2913 se-

1867 2942 1987 2989 cuta
2018 2944 2163 2991 sunt.
2194 2937 2326 2992 Nam
2353 2948 2407 2994 et
2431 2948 2556 2995 tunc
2577 2942 2693 2997 sine
2712 2944 2928 2999 sacculo
2951 2952 3006 3000 et
3023 2960 3149 3015 pera
3175 2947 3370 3016 ierunt,
3401 2957 3458 3005 et

1868 3025 2000 3081 nihil
2027 3027 2107 3083 eis
2133 3027 2331 3097 deluit;
2359 3030 2498 3086 sicut
2520 3032 2637 3102 ejus
2667 3033 3015 3106 interrogatio
3038 3045 3094 3091 et
3131 3052 3317 3093 eorum
3338 3053 3456 3094 res-

1867 3121 2059 3191 ponsio
2082 3122 2391 3179 declaravit.
2420 3123 2488 3181 Et
2512 3140 2653 3182 nunc
2680 3125 2934 3185 diXerunt
2954 3131 3024 3196 ei,
3051 3145 3174 3187 cum
3194 3131 3262 3188 de
3280 3133 3457 3204 gladio

1869 3215 2101 3271 emendo
2126 3216 2411 3286 jussisset,
2460 3217 2590 3273 Ecce
2634 3229 2754 3274 sunt
2783 3222 2865 3275 hic
2914 3222 3015 3277 duo
3051 3223 3231 3295 gladii.
3260 3224 3329 3279 Et
3369 3225 3458 3282 ille

1868 3306 2181 3377 respondit,
2226 3307 2444 3379 Suﬁicit.
2474 3310 2609 3366 Hinc
2634 3319 2689 3366 et
2722 3312 2913 3369 Petrus
2942 3323 3180 3371 armatus
3210 3316 3458 3373 inventus

1870 3408 1953 3453 est
1971 3439 1986 3463 ,
2014 3414 2134 3454 cum
2151 3414 2334 3454 aurem
2363 3403 2721 3471 persecutoris
2746 3404 2975 3460 abscidit
3004 3422 3019 3459 :
3052 3406 3144 3462 ubi
3164 3416 3457 3477 spontanea

1868 3491 1987 3559 ejus
2012 3501 2293 3548 coercetur
2314 3494 2534 3550 audacia
2563 3494 2712 3569 (Luc.
2746 3513 2890 3563 nn,
2933 3500 3045 3565 55,.
3074 3501 3172 3573 36,
3202 3501 3303 3569 38,
3346 3502 3417 3558 50
3438 3543 3455 3571 ,

1869 3584 1998 3657 51);
2029 3586 2151 3655 quia
2183 3601 2287 3640 non
2320 3595 2376 3642 ut
2424 3588 2611 3657 jussus
2665 3589 2840 3646 fuerat
2886 3592 3083 3648 ferrum
3122 3595 3342 3663 tollere,
3385 3595 3459 3651 ita

1869 3675 2047 3747 jussus
2075 3677 2250 3733 fuerat
2269 3687 2324 3734 et
2341 3678 2519 3734 ferire.
2545 3681 2768 3737 Latebat
2787 3693 2934 3740 certe
2951 3685 3162 3741 Domini
3185 3687 3450 3756 voluntas,

1870 3783 1968 3823 cur
1992 3784 2136 3823 arma
2161 3772 2363 3841 portari
2394 3775 2765 3844 praecepisset,
2796 3777 2989 3847 quibus
3016 3793 3116 3835 eos
3135 3780 3215 3834 uti
3260 3782 3460 3837 noluis-

1871 3874 1973 3919 set.
2004 3865 2384 3922 Verumtamen
2424 3868 2489 3921 ad
2516 3868 2669 3923 illum
2705 3883 2827 3926 cum
2866 3873 3073 3929 ratione
3118 3874 3410 3946 ιιι-πείρετε
3440 3917 3458 3945 ,

1871 3956 1939 4010 ad
1992 3957 2123 4012 istos
2157 3965 2333 4012 autem
2374 3959 2491 4014 sine
2544 3964 2924 4019 retractatione
2978 3975 3245 4035 praecepta
3287 3968 3462 4025 facere

1872 4049 2191 4116 pertinebat.

1945 4140 2170 4196 CAPUT
2195 4141 2477 4197 LXXVIII.
2504 4173 2576 4186 —
2620 4144 2958 4204 Calumniosa
3009 4164 3137 4222 ergo
3186 4151 3462 4223 imperitia

1874 4233 2085 4305 Moyses
2110 4236 2520 4304 reprehenditur
2545 4239 2685 4308 quod
2714 4239 2849 4295 bella
2888 4245 3143 4313 gesserit,
3169 4246 3257 4315 qui
3286 4247 3462 4303 minus

1876 4326 2196 4396 reprehendi
2213 4328 2417 4394 debuit,
2435 4330 2480 4383 si
2500 4344 2595 4384 sua
2621 4340 2811 4400 sponte
2838 4342 3068 4402 gereret,
3093 4351 3251 4406 quam
3281 4337 3326 4392 si
3354 4338 3465 4394 Deo

1872 4416 2095 4484 jubente
2138 4432 2241 4472 non
2283 4430 2528 4489 gereret:
2555 4422 2728 4491 ipsum
2759 4438 2886 4478 vero
2914 4424 3080 4480 Deum
3106 4468 3122 4494 ,
3165 4428 3307 4498 quod
3339 4430 3463 4486 talia

1874 4508 2126 4576 jusserit,
2158 4509 2357 4566 audere
2395 4511 2791 4581 reprehendere
2814 4555 2830 4582 ,
2876 4517 2964 4571 vel
2990 4517 3157 4574 Deum
3177 4520 3382 4591 justum
3411 4531 3468 4579 et

1876 4599 2075 4653 bonum
2104 4599 2228 4655 talia
2254 4601 2444 4669 jubere
2464 4604 2699 4672 potuisse
2720 4620 2826 4659 non
2846 4606 3087 4676 credere,
3107 4608 3342 4668 hominis
3357 4622 3459 4678 est,

1878 4698 1938 4745 ut
1955 4692 2139 4746 mitius
2184 4692 2390 4763 loquar,
2417 4694 2655 4765 cogitare
2684 4710 2792 4752 non
2816 4698 3044 4754 valentis
3070 4700 3263 4758 divinm
3288 4704 3469 4773 provi-

1878 4782 2073 4839 dentia:
2094 4800 2191 4855 per
2217 4795 2407 4841 cuncta
2437 4801 2646 4843 summa
2669 4796 2827 4857 atque
2850 4791 2957 4846 ima
2979 4794 3218 4850 tendenti
3243 4810 3342 4851 nec
3368 4810 3473 4850 no-A

1879 4892 2005 4932 vum
2032 4893 2151 4933 esse
2177 4879 2319 4948 quod
2348 4880 2539 4948 oritur,
2568 4896 2669 4937 nec
2706 4884 2883 4952 perire
2907 4886 3049 4954 quod
3084 4888 3341 4953 moritur;
3372 4889 3468 4945 sed

1880 4970 1935 5025 in
1967 4986 2063 5027 suo
2093 4972 2300 5042 singula
2348 4988 2577 5045 quaeque
2620 4974 2809 5031 ordine
2853 4976 2969 5032 sive
3006 4986 3313 5035 naturarum
3356 4980 3469 5036 sive

1882 5064 2193 5118 meritorum
2220 5063 2305 5118 vel
2334 5064 2529 5120 cedere
2551 5105 2564 5129 ,
2594 5065 2680 5120 vel
2718 5066 3025 5134 succedere,
3072 5071 3159 5123 vel
3205 5084 3424 5126 manere
3452 5089 3466 5126 :

1883 5154 2159 5209 hominum
2189 5163 2367 5210 autem
2400 5165 2601 5210 rectam
2632 5157 2962 5212 voluntatem
2988 5157 3184 5214 divinae
3212 5160 3315 5231 legi
3343 5175 3472 5217 con-

1878 5249 2030 5320 jungi
2052 5290 2067 5316 ,
2093 5248 2451 5304 inordinatam
2474 5263 2604 5303 vero
2629 5249 2973 5319 cupiditatem
3000 5249 3195 5307 divina:
3225 5253 3359 5325 legis
3383 5269 3472 5311 or-

1884 5342 2008 5397 dine
2046 5343 2319 5408 coerceri;
2364 5350 2550 5397 utnec
2580 5341 2752 5398 bonus
2792 5341 2935 5397 aliud
2960 5356 3121 5412 quam
3166 5348 3474 5418 praecipitur

1883 5436 2047 5502 velit,
2079 5449 2179 5490 nec
2201 5435 2374 5490 malus
2394 5434 2626 5505 amplius
2646 5449 2805 5505 quam
2832 5434 3159 5505 permittitur
3179 5443 3348 5509 possit
3365 5457 3381 5507 ;
3397 5442 3472 5500 ita

1883 5544 2036 5599 sane,
2066 5537 2126 5584 ut
2151 5544 2259 5584 non
2288 5529 2504 5599 impune
2534 5529 2700 5599 possit
2724 5530 2866 5599 quod
2895 5531 3089 5601 injuste
3116 5535 3366 5593 voluerit.
3394 5540 3472 5594 Ac

1884 5640 1981 5696 per
2008 5624 2110 5679 hoc
2144 5623 2194 5677 in
2222 5623 2467 5677 omnibus
2516 5637 2634 5692 quae
2687 5623 2914 5679 humana
2958 5624 3237 5685 inﬁrmitas
3289 5629 3473 5687 horret

1885 5727 1978 5773 aut
2004 5718 2175 5783 timet,
2203 5716 2315 5769 sola
2341 5714 2590 5783 iniquitas
2614 5714 2737 5784 jure
2758 5716 3078 5773 damnatur:
3111 5730 3304 5777 caetera
3345 5730 3471 5778 sunt

1885 5810 1969 5868 vel
2000 5807 2196 5875 tributa
2224 5812 2533 5897 naturarum
2558 5848 2575 5875 ,
2605 5808 2689 5864 vel
2721 5810 2910 5897 merita
2944 5811 3242 5897 culparum.
3273 5812 3357 5870 Fit
3384 5829 3474 5882 au.
