4028 6424
589 378 690 440 ιδι

587 507 694 555 tem
733 496 895 554 homo
922 493 1154 568 iniquus,
1184 508 1305 551 cum
1335 500 1554 565 propter
1601 505 1659 546 sc
1704 490 1847 561 ipsas
1889 487 2060 558 diligit
2087 498 2175 540 res

583 603 805 663 propter
833 589 977 648 aliud
1007 587 1360 646 assumendas
1383 627 1400 652 ,
1447 594 1501 639 et
1521 594 1749 656 propter
1786 581 1927 638 aliud
1971 579 2175 651 appetit

586 696 675 736 res
699 692 919 752 propter
947 697 1006 736 se
1051 682 1192 750 ipsas
1223 677 1535 749 diligendus.
1564 677 1653 732 Sic
1681 675 1824 731 enim
1849 715 1865 742 ,
1914 681 2170 744 quantum

586 773 640 826 in
671 773 788 843 ipso
814 782 915 839 est,
949 769 1225 843 perturbat
1250 771 1303 826 in
1335 784 1392 823 se
1409 765 1648 822 ordinem
1670 764 1990 831 naturalem,
2012 779 2171 834 quem

581 863 668 920 lex
698 872 895 920 acterna
925 863 1227 918 conservari
1249 858 1419 933 jubet.
1447 861 1532 916 Fit
1571 869 1748 916 autem
1776 857 1936 914 homo
1956 856 2168 928 justus,

583 971 706 1010 cum
733 955 804 1010 ob
828 954 973 1012 aliud
1001 969 1106 1010 non
1131 954 1331 1026 appetit
1358 952 1520 1009 rebus
1544 953 1645 1021 uti,
1663 952 1766 1007 nisi
1789 959 2014 1024 propter
2029 947 2172 1020 quod

585 1047 836 1108 divinitus
865 1045 1122 1104 instituta:
1150 1055 1308 1114 sunt;
1339 1045 1454 1120 ipso
1475 1055 1654 1102 autem
1685 1045 1796 1100 Deo
1827 1043 1928 1099 frui
1953 1051 2172 1114 propter

581 1138 756 1209 ipsum
779 1181 792 1204 ,
817 1155 982 1210 seque
1007 1148 1061 1196 et
1089 1138 1262 1194 amico
1289 1138 1340 1193 in
1382 1139 1497 1206 ipso
1544 1137 1652 1192 Deo
1670 1144 1894 1207 propter
1922 1134 2170 1190 eumdem

581 1229 754 1302 ipsum
771 1231 962 1288 Deum.
993 1231 1220 1302 Propter
1249 1229 1417 1286 Deum
1445 1229 1586 1286 enim
1616 1236 1759 1284 amat
1792 1227 2054 1294 amicum,
2079 1227 2171 1296 qui

581 1319 674 1377 Dei
697 1338 938 1380 amorem
960 1331 1102 1378 amat
1128 1323 1178 1376 in
1203 1322 1395 1377 amico.
1414 1321 1539 1378 Sive
1556 1328 1734 1376 autem
1763 1319 2033 1391 iniquitas,
2052 1318 2169 1375 sive

575 1414 782 1485 iustitia
804 1458 818 1483 ,
851 1414 951 1470 nisi
995 1423 1140 1472 esset
1168 1414 1221 1470 in
1251 1413 1557 1482 voluntate,
1585 1429 1692 1468 non
1736 1420 1882 1470 esset
1911 1411 1964 1467 in
1996 1403 2168 1482 pote-

577 1513 732 1562 State.
755 1505 928 1562 Porro
969 1505 1015 1562 si
1060 1506 1115 1562 in
1161 1514 1424 1578 potestate
1454 1520 1560 1559 non
1590 1512 1771 1572 esset,
1800 1503 2006 1560 nullum
2033 1518 2169 1574 prte-

576 1593 777 1674 mium,
808 1599 951 1653 nulla
1003 1598 1325 1668 poenajusta
1373 1605 1556 1653 esset:
1591 1595 1735 1667 quod
1786 1610 1946 1652 nemo
1989 1594 2162 1664 sapit,

578 1691 682 1756 nisi
735 1692 824 1763 qui
857 1691 1070 1766 desipit.
1129 1690 1429 1762 Ignorantia
1485 1705 1613 1746 vero
1657 1698 1713 1745 et
1755 1688 2077 1755 inﬁrmitas,
2107 1694 2168 1744 ut

575 1785 660 1842 vel
718 1783 916 1853 nesciat
968 1784 1128 1839 homo
1176 1778 1303 1856 quid
1329 1783 1464 1838 velle
1493 1781 1718 1849 debeat,
1759 1781 1843 1836 vel
1874 1796 1980 1836 non
2007 1794 2168 1836 omne

575 1876 716 1946 quod
744 1875 969 1932 voluerit
987 1875 1160 1945 possit
1184 1915 1198 1941 ,
1227 1889 1295 1928 ex
1324 1873 1534 1929 occulto
1559 1887 1835 1943 poenarum
1862 1870 2049 1926 ordine
2068 1886 2165 1926 ve-

576 1969 682 2038 nit,
714 1975 768 2026 et
807 1967 913 2024 illis
963 1967 1391 2027 inscrntabilibus
1438 1965 1650 2036 judiciis
1680 1966 1806 2032 Dei,
1838 1966 1977 2038 apud
2006 1981 2166 2036 quem

575 2073 682 2113 non
709 2069 790 2113 est
834 2059 1084 2128 iniquitas
1129 2056 1304 2130 (Rom.
1335 2074 1406 2124 ix,
1442 2054 1552 2129 li).
1585 2057 1857 2113 Proditum
1901 2068 1982 2112 est
2021 2057 2164 2112 enim

573 2145 727 2204 nobis
752 2157 1029 2218 peccatum
1065 2147 1234 2202 Adam
1262 2147 1404 2202 lideli
1450 2147 1660 2218 eloquio
1714 2147 1840 2215 Dei;
1879 2158 1934 2204 et
1960 2149 2078 2218 quia
2112 2150 2163 2204 in

571 2237 664 2294 illo
690 2247 877 2295 omnes
906 2239 1226 2306 moriuntur,
1255 2249 1309 2296 et
1342 2239 1460 2310 quia
1483 2256 1578 2312 per
1605 2240 1752 2294 illum
1785 2249 2060 2311 peccatum
2094 2241 2164 2296 in-

571 2330 732 2386 travit
762 2331 814 2386 in
839 2331 984 2387 hunc
1010 2329 1266 2396 mundum
1287 2374 1301 2402 ,
1332 2342 1386 2388 et
1423 2348 1522 2404 per
1551 2342 1824 2403 peccatum
1851 2349 1996 2391 mors
2015 2375 2029 2399 ,
2069 2350 2162 2389 ve-

571 2421 768 2479 raciter
794 2425 1047 2495 scriptum
1077 2433 1159 2480 est
1186 2417 1295 2498 (Id.
1324 2441 1378 2492 v,
1414 2421 1628 2494 12-19).
1687 2424 1754 2478 Ει
1799 2425 1920 2495 quia
1966 2442 2030 2480 ex
2062 2424 2164 2482 bac

569 2530 729 2587 [mna
755 2533 948 2588 corpus
977 2519 1334 2589 corrumpitur
1359 2525 1414 2574 et
1441 2527 1690 2590 aggravat
1711 2518 1942 2574 animam
1961 2561 1974 2584 ,
1999 2527 2052 2573 et
2077 2519 2163 2574 de-

571 2610 754 2680 primit
787 2621 996 2678 terrena
1039 2611 1301 2666 habitatio
1342 2627 1561 2667 sensum
1612 2612 1774 2668 multa
1832 2613 2156 2682 cogitantem

571 2697 725 2776 (Sap.
753 2719 832 2772 ix,
867 2701 980 2774 15),
1015 2701 1345 2760 verissimum
1374 2702 1630 2773 nobisque
1672 2703 2005 2760 notissimum
2036 2714 2114 2760 est
2142 2722 2156 2759 :

569 2803 624 2848 ct
651 2795 769 2866 quia
794 2787 861 2849 de
891 2791 992 2852 bac
1016 2794 1157 2865 justa
1183 2809 1338 2868 poena
1367 2809 1471 2848 non
1503 2793 1693 2849 liberat
1719 2794 1816 2849 nisi
1857 2794 2160 2850 misericors

567 2884 768 2955 gratia,
797 2894 1001 2938 certum
1029 2892 1129 2941 est.
1181 2881 1249 2938 Et
1287 2883 1409 2938 hinc
1455 2883 1744 2956 Apostolus
1794 2883 2160 2954 gemebundus

569 2974 830 3030 exclamat
871 2993 883 3029 :
918 2974 1113 3046 Infelix
1158 2992 1248 3048 ego
1306 2973 1504 3029 homo!
1543 2976 1654 3043 quis
1699 2991 1776 3029 me
1821 2975 2049 3028 liberabit
2097 2976 2159 3030 de

569 3081 781 3138 corpore
809 3066 981 3122 mortis
1008 3065 1159 3139 hujus
1186 3063 1211 3120 .9
1241 3061 1418 3130 Gratia
1449 3063 1544 3119 Dei
1580 3083 1666 3134 per
1695 3061 1871 3120 Iesum
1898 3054 2158 3121 Christum

567 3147 846 3214 Dominum
890 3167 1116 3212 nostrum
1166 3149 1341 3231 (Rom.
1389 3174 1484 3226 vn,
1536 3153 1636 3226 24,
1664 3155 1777 3231 25).
1808 3157 1912 3213 Sed
1943 3175 2060 3230 qua:
2089 3160 2159 3216 sit

568 3247 869 3304 distributio
894 3248 1182 3321 iudicantis
1211 3259 1266 3305 et
1289 3250 1590 3306 miserentis
1622 3245 1750 3318 Dei,
1783 3267 1878 3308 cur
1902 3252 2033 3306 alius
2055 3251 2154 3321 sic,

567 3339 704 3396 alius
733 3349 909 3396 autem
937 3341 1049 3408 sic;
1082 3340 1305 3397 occultis
1327 3341 1384 3395 lit
1409 3341 1602 3409 causis,
1625 3341 1781 3412 justis
1811 3351 2008 3398 tamen.
2037 3341 2157 3399 Non

567 3442 743 3488 tamen
775 3431 894 3494 ideo
919 3434 1187 3490 nescimus
1215 3435 1393 3489 omnia
1435 3433 1538 3490 ista
1578 3434 1777 3506 judicio
1806 3444 1897 3490 aut
1943 3436 2154 3490 miseri-

565 3525 746 3580 cordia
773 3520 871 3582 Dei
900 3526 1033 3598 lieri,
1067 3525 1191 3582 licet
1241 3527 1294 3581 in
1324 3527 1505 3582 abdito
1547 3527 1736 3598 positis
1792 3529 2056 3582 mensuris
2099 3535 2157 3584 et

564 3609 802 3672 numeris
829 3625 884 3674 ct
908 3617 1252 3690 ponderibus,
1283 3621 1474 3692 quibus
1519 3621 1696 3673 omnia
1741 3618 2093 3690 disponuntur
2120 3635 2152 3674 a

565 3709 676 3764 Deo
704 3717 944 3770 creatore
973 3710 1212 3766 omnium
1243 3727 1359 3780 qua:
1391 3711 1700 3766 naturaliter
1731 3720 1855 3765 sunt
1885 3709 2043 3785 (Sap.
2074 3727 2148 3779 ιι,

564 3793 692 3872 21);
724 3815 822 3868 nec
848 3807 1084 3867 auclore,
1116 3800 1210 3857 sed
1238 3809 1413 3857 tamen
1443 3801 1745 3856 ordinatore
1775 3801 1933 3856 etiam
1961 3817 2150 3873 pecca-

565 3900 774 3958 torum;
809 3901 950 3948 utea
976 3897 1093 3964 q’uae
1133 3903 1347 3964 peccata
1395 3909 1500 3947 non
1556 3904 1767 3961 essent,
1813 3894 1914 3950 nisi
1966 3905 2149 3951 contra

564 3992 806 4037 naturam
835 3992 1042 4050 essent,
1072 3986 1148 4038 sic
1174 3983 1479 4054 judicentur
1508 3993 1561 4038 et
1587 3978 1917 4052 ordinentur,
1951 3987 2152 4042 neuni-

563 4075 829 4129 versitatis
855 4083 1095 4129 naturam
1127 4075 1338 4130 turbare
1365 4076 1450 4131 vel
1498 4085 1713 4147 turpare
1739 4079 2144 4147 permittantur,

564 4163 873 4219 meritorum
919 4177 1138 4221 suorum
1181 4163 1311 4221 locis
1356 4174 1410 4221 et
1437 4167 1825 4223 conditionibus
1874 4167 2146 4240 deputata.

560 4253 689 4325 Qum
718 4265 839 4328 cum
865 4256 937 4312 ita
976 4258 1102 4324 sint,
1133 4268 1327 4314 etcum
1368 4275 1464 4330 per
1491 4259 1591 4317 hoc
1628 4271 1896 4318 secretum
1920 4265 2150 4334 judicio-

561 4359 678 4401 rum
727 4345 824 4403 Dei
868 4355 1148 4418 motusque
1196 4349 1550 4406 humanarum
1578 4354 1909 4409 voluntatum
1942 4356 2146 4413 eisdem

561 4437 1000 4508 prosperitatibus
1043 4439 1134 4495 alii
1171 4453 1600 4513 corrumpantur,
1652 4445 1740 4499 alii
1790 4455 2146 4517 temperanter

559 4525 804 4598 utan‘ttrr;
853 4533 910 4585 et
946 4523 1145 4588 eisdem
1177 4531 1584 4590 adversi'tatibus
1613 4535 1701 4590 alii
1745 4535 2022 4606 deficiant,
2056 4539 2142 4594 alii

559 4618 880 4690 proﬁciant;
934 4633 1159 4693 cumque
1210 4624 1323 4695 ipsa
1375 4623 1602 4682 humana
1648 4621 1990 4701 mortalisque
2036 4631 2144 4686 vita

559 4711 782 4768 tentatio
807 4712 876 4768 sit
904 4727 1065 4784 super
1091 4721 1284 4771 terram
1335 4714 1454 4794 (Job
1481 4734 1572 4788 vu,
1610 4719 1692 4790 l):
1723 4720 1840 4791 quis
1867 4721 2142 4780 hominum

556 4805 703 4859 novit
729 4803 813 4860 cui
841 4806 1009 4877 prosit
1036 4817 1131 4863 aut
1151 4809 1290 4864 obsit
1321 4807 1372 4866 in
1400 4826 1528 4881 pace
1557 4825 1782 4882 regnare
1801 4813 1886 4868 vel
1915 4815 2139 4885 servire,

556 4895 643 4951 vel
662 4910 884 4967 vacare,
917 4899 1000 4954 vel
1028 4900 1195 4967 mori;
1240 4899 1294 4956 in
1324 4899 1468 4957 bello
1513 4910 1688 4957 autem
1732 4901 1813 4957 vel
1842 4905 2138 4976 imperare,

556 4989 642 5050 vel
670 5001 922 5062 pugnare,
959 4991 1041 5048 vel
1071 4993 1302 5059 vincere,
1329 4994 1412 5050 vel
1434 4994 1602 5050 occidi
1629 4995 1652 5048 ?
1680 5010 1799 5050 cum
1832 4996 1931 5053 hoc
1964 5006 2139 5055 tamen

557 5089 785 5149 constet,
815 5091 867 5138 et
887 5083 972 5138 cui
1003 5083 1238 5154 prodest,
1265 5098 1369 5138 non
1398 5086 1500 5140 nisi
1522 5102 1614 5156 per
1628 5085 1859 5143 divinum
1884 5091 2140 5162 prodesse

555 5172 872 5230 beneficium
893 5182 975 5241 ;et
999 5175 1083 5230 cui
1113 5175 1283 5244 obest,
1312 5191 1417 5231 non
1445 5177 1545 5233 nisi
1567 5193 1661 5250 per
1685 5178 1924 5236 divinum
1949 5183 2138 5240 obesse

555 5263 833 5335 judicium.

525 5389 534 5394 -
629 5355 854 5413 CAPUT
892 5355 1129 5413 LXXIX.
1171 5387 1241 5401 —-
1275 5357 1409 5427 Quid
1439 5376 1564 5434 ergo
1593 5363 1857 5422 insilimus
1886 5367 1936 5421 in
1967 5375 2135 5425 teme-

558 5448 726 5504 rarias
751 5449 1208 5519 reprehensiones,
1234 5459 1391 5524 atque
1421 5457 1616 5510 utinam
1641 5456 1935 5530 hominum,
1955 5468 2135 5520 etnon

554 5537 1030 5605 Dei7_Servierint
1076 5543 1466 5614 dispensatores
1516 5547 1723 5603 Veteris
1774 5549 2130 5622 Tcstamenti,

558 5631 825 5704 iidemque
854 5638 1295 5704 prtenuntiatores
1325 5639 1452 5693 Novi
1495 5640 1818 5697 Tcstamcuti
1839 5687 1852 5710 ,
1887 5657 2132 5715 peccato-

553 5737 643 5780 res
667 5725 990 5792 occidendo;
1021 5730 1297 5784 servierint
1337 5732 1728 5801 dispensatores
1774 5733 1903 5790 Novi
1942 5737 2128 5794 Tcsta-

555 5817 752 5888 menti,
799 5817 1066 5894 iidemque
1114 5823 1438 5893 expositores
1469 5824 1671 5881 Veteris
1713 5827 2071 5903 Tcstamenti,
2102 5850 2130 5889 a

1417 372 1689 431 CONTRA
1726 366 2049 428 FAUSTUM
2087 361 2537 436 lli.\NlCll:EU.ll,
2581 370 2637 426 S.
2679 372 3048 448 AUGUSTINI

2285 490 2649 556 peccatoribus
2675 495 2950 550 moriendo
2979 514 2992 550 :
3027 497 3134 553 Deo
3162 505 3338 553 tamen
3367 495 3462 556 uni
3497 501 3716 574 nitique
3753 518 3876 560 ser-

2281 583 2508 650 vierunt,
2537 601 2633 656 per
2653 587 2864 643 diversa
2886 598 2940 644 et
2965 605 3194 663 congrua
3219 601 3458 663 tempora
3485 596 3700 652 docenti
3722 597 3880 656 bent

2281 678 2592 744 temporalia
2616 688 2670 733 et
2685 694 2716 733 a
2742 694 2799 734 se
2821 683 3044 753 petenda
3070 694 3430 756 etpmpterse
3447 692 3870 760 contemnenda,

2278 769 2550 826 molestias
2577 773 2893 842 temporales
2934 785 2991 830 ct
3009 791 3041 830 a
3067 790 3128 831 se
3159 792 3318 847 posse
3346 779 3629 850 imperari1
3659 793 3715 838 et
3740 799 3874 854 pro-

2277 867 2396 930 pter
2424 875 2482 916 se
2511 861 2706 918 debere
2733 864 2966 922 tolerari.
2995 867 3137 934 Quid
3159 884 3293 945 ergo
3310 871 3528 930 crudele
3548 872 3760 945 Moyses
3773 886 3874 933 aut

2277 955 2546 1012 mandavit
2571 965 2666 1014 aut
2706 958 2867 1028 fecit,
2891 975 3020 1017 cum
3072 963 3413 1020 commissum
3459 966 3562 1023 sibi
3600 969 3876 1040 populum

2276 1057 2460 1105 sancte
2481 1049 2663 1106 zelans
2708 1059 2764 1108 et
2805 1053 2897 1110 nni
2949 1069 3078 1109 vero
3123 1055 3235 1112 Deo
3259 1057 3279 1088 ³
3308 1056 3579 1114 subditur
3605 1062 3868 1129 cupiens,

2275 1150 2618 1212 posteaquam
2640 1146 2888 1216 cognovit
2906 1145 2975 1202 ad
2999 1146 3362 1210 fabricandum
3375 1159 3432 1205 et
3447 1151 3734 1207 colendum
3755 1153 3867 1207 ἰὼ

2275 1233 2382 1288 lum
2435 1232 2721 1292 deﬂuxisse
2767 1247 3110 1310 mentemque
3150 1241 3471 1310 impudicam
3521 1245 3873 1313 prostituisse

2275 1325 2625 1398 dzemonibus,
2649 1327 2703 1383 in
2727 1345 2923 1400 paucos
2961 1346 3148 1389 eorum
3187 1333 3464 1390 vindicans
3487 1335 3696 1407 gladio,
3727 1351 3868 1408 quos

2275 1418 2413 1474 Deus
2440 1419 2555 1490 ipse
2577 1436 2737 1492 quem
2762 1423 3092 1481 offenderant
3115 1466 3131 1493 ,
3177 1426 3290 1483 alto
3329 1436 3388 1483 et
3425 1437 3633 1484 secreto
3653 1430 3867 1502 judicio

2271 1507 2541 1568 feriesdos
2571 1512 2827 1570 voluisset
2874 1531 3003 1571 mox
3049 1516 3250 1584 feriri',
3276 1527 3332 1574 et
3353 1519 3410 1574 in
3437 1522 3689 1589 pmsenti
3716 1521 3866 1577 salu-

2270 1601 2443 1659 briter
2469 1605 2690 1674 terruit,
2735 1615 2791 1663 et
2817 1607 3150 1679 disciplinam
3200 1611 3260 1667 in
3301 1621 3575 1683 posterum
3623 1615 3810 1671 sanxit
3838 1616 3866 1671 ἲ

2270 1692 2404 1750 Nam
2433 1711 2556 1752 cum
2586 1699 2730 1754 nulla
2757 1700 3096 1771 crudelitate,
3123 1704 3218 1760 sed
3246 1717 3437 1776 magna
3464 1706 3758 1764 dilectione
3779 1709 3868 1766 le-

2271 1787 2408 1844 cissc
2453 1789 2596 1860 quod
2647 1790 2791 1859 fecit,
2843 1794 2963 1866 quis
3003 1811 3116 1851 non
3145 1797 3197 1852 in
3225 1798 3406 1854 verbis
3445 1800 3563 1871 ejus
3598 1812 3871 1874 agnoscat”

2270 1880 2474 1934 orantis
2521 1897 2620 1950 pro
2665 1895 2885 1954 peccato
2921 1897 3133 1950 eorum,
3158 1897 3217 1944 et
3241 1889 3471 1946 dicentis
3501 1891 3604 1948 ξεί
3643 1893 3865 1952 dimittis

2269 1972 2371 2028 illis
2399 1985 2660 2042 peccatum
2676 2017 2693 2044 ,
2723 1978 3045 2046 dimitte;ciu
3064 1990 3259 2048 mum,
3287 1983 3402 2039 dele
3427 2000 3507 2039 me
3532 1985 3595 2039 de
3615 1985 3748 2041 libro
3771 1997 3864 2043 tuo

2270 2061 2466 2134 (Exod.
2521 2068 2698 2138 χχχιι)
2748 2069 2773 2121 ἲ
2810 2069 3141 2142 Comparans
3187 2087 3316 2145 ergo
3361 2076 3731 2148 unusquisque
3765 2080 3865 2148 pic

2268 2155 2502 2225 prodens
2525 2157 2669 2212 illam
2692 2159 2894 2216 easdem
2915 2169 2970 2217 et
2999 2163 3136 2219 banc
3159 2181 3392 2235 precem,
3434 2167 3580 2223 videt
3616 2169 3864 2239 proiecto

2267 2251 2621 2320 apertissime,
2653 2253 2798 2309 videt
2823 2264 3076 2324 quantum
3109 2258 3304 2312 malum
3331 2259 3402 2314 sit
3425 2261 3618 2316 anime
3655 2275 3759 2332 per
3782 2262 3866 2316 si-

2267 2343 2500 2398 mulacra
2528 2343 2830 2400 daemonum
2861 2346 3131 2414 fornicari,
3163 2349 3376 2420 quando
3401 2353 3480 2406 sic
3497 2353 3649 2407 saevit
3663 2353 3755 2423 qui
3778 2353 3864 2410 sic

2266 2445 2430 2492 amat.
2461 2437 2552 2492 Sic
2596 2439 2753 2507 plane
2784 2449 2838 2495 et
2867 2440 3150 2509 Apostolus
3173 2481 3190 2506 ,
3229 2451 3340 2497 non
3382 2443 3707 2511 crudeliter,
3757 2446 3861 2502 sed

2265 2527 2564 2582 amabiliter
2584 2529 2805 2585 tradidit
2832 2530 3100 2587 hominem
3129 2541 3329 2588 satana:
3355 2534 3411 2588 in
3433 2535 3706 2591 interitum
3733 2551 3862 2593 car-

2265 2619 2368 2683 nis,
2397 2627 2453 2673 ut
2476 2619 2693 2689 spiritus
2723 2622 2903 2677 salvus
2945 2623 3015 2678 sit
3061 2623 3114 2678 in
3137 2624 3226 2679 die
3261 2626 3471 2680 Domini
3499 2627 3628 2682 Jesu
3657 2628 3699 2700 (i
3731 2627 3858 2684 Cors.

2264 2727 2314 2776 v,
2347 2712 2424 2780 5).
2450 2712 2690 2769 Tradidit
2704 2724 2759 2770 et
2782 2715 2940 2784 alios,
2968 2727 3027 2770 ut
3051 2715 3320 2774 discerent
3341 2734 3450 2774 non
3479 2719 3860 2791 blasphemare

2263 2803 2309 2874 (ι
2343 2803 2472 2858 Tim.
2504 2821 2541 2871 ι,
2571 2805 2685 2876 20).
2727 2807 2932 2876 Legum
2967 2808 3260 2878 scripturas
3303 2812 3637 2883 apocrypbas
3683 2813 3861 2868 Mani-

2262 2895 2394 2952 cbtci
2413 2933 2432 2964 ,
2462 2912 2492 2952 a
2515 2900 2699 2953 nescio
2727 2899 2919 2969 quibus
2946 2899 3220 2958 sutoribus
3263 2901 3562 2959 fabularum
3585 2905 3686 2960 sub
3715 2905 3861 2976 Apo-

2261 2990 2521 3045 stolorum
2548 2991 2762 3046 nonnae
2783 2993 3008 3061 scriptas
3039 3010 3054 3046 :
3083 3008 3205 3063 qua:
3256 3009 3474 3050 sumam
3522 2997 3855 3066 scriptam

2263 3083 2586 3152 temporibus
2615 3084 2670 3138 in
2711 3085 3086 3139 auctoritatem
3136 3096 3334 3142 sancta:
3380 3087 3636 3144 Ecclesiae
3678 3090 3856 3161 recipi

2260 3186 2628 3242 mererentur,
2655 3175 2702 3229 si
2726 3175 2896 3230 sancti
2919 3183 2974 3230 et
3006 3176 3146 3232 docti
3177 3178 3420 3233 homines
3439 3219 3455 3245 ,
3495 3175 3585 3249 qui
3616 3186 3748 3235 trino
3791 3180 3856 3237 in

2260 3267 2360 3322 hac
2391 3269 2492 3322 vita
2509 3277 2736 3324 erantet
2761 3270 3066 3325 examinare
3113 3271 3237 3326 talia
3265 3280 3545 3340 poterant,
3595 3288 3691 3329 eos
3718 3287 3856 3331 vera

2260 3356 2466 3414 locutos
2491 3375 2615 3416 esse
2641 3369 3044 3431 cognoscerent.
3077 3359 3155 3416 lbi
3201 3372 3376 3418 tamen
3405 3349 3586 3433 legunt
3620 3374 3854 3434 aposto-

2259 3450 2369 3506 lum
2391 3451 2651 3507 Thomam
2671 3493 2687 3518 ,
2715 3468 2836 3508 cum
2865 3461 3009 3508 esset
3036 3453 3090 3508 in
3115 3455 3349 3524 quodam
3379 3457 3683 3526 nuptiarum
3711 3472 3848 3514 con-

2257 3543 2398 3598 vivio
2427 3544 2742 3615 peregrinus
2762 3553 2816 3600 et
2840 3560 3060 3615 prorsus
3088 3547 3406 3618 incognitus,
3439 3565 3469 3604 a
3488 3550 3721 3620 quodam
3747 3551 3854 3606 mi-

2255 3633 2426 3689 nistro
2445 3635 2621 3705 palma
2664 3649 3008 3708 percussum,
3037 3640 3386 3708 imprecatum
3429 3639 3595 3696 fuisse
3635 3642 3852 3697 homini

2255 3727 2562 3782 continuam
2589 3743 2890 3799 saevamque
2918 3728 3226 3786 vindictam.
3258 3731 3388 3786 Nam
3423 3746 3545 3787 cum
3589 3745 3851 3803 egressus

2254 3817 2442 3874 fuisset
2469 3820 2536 3875 ad
2563 3820 2764 3876 fontem
2789 3863 2803 3887 ,
2831 3822 2974 3877 unde
2996 3837 3186 3892 aquam
3232 3825 3637 3881 convivantibns
3674 3827 3847 3881 mini-

2253 3917 2483 3974 straret,
2513 3926 2635 3967 eum
2660 3911 2744 3967 leo
2774 3912 2986 3968 irruens
3004 3914 3313 3982 interemit,
3345 3930 3666 3986 manumque
3691 3917 3845 3986 ejus,

2253 4017 2356 4072 qua
2385 4011 2542 4072 caput
2566 4003 2807 4072 Apostoli
2849 4005 2953 4060 levi
2997 4005 3105 4060 ictu
3152 4016 3520 4076 percusserat,
3551 4023 3580 4061 a
3607 4021 3852 4079 corpore

2253 4095 2525 4162 avulsam,
2584 4096 2876 4150 secundum
2947 4098 3166 4153 verbum
3219 4099 3459 4170 ejusdem
3505 4103 3735 4172 apostoli
3782 4104 3846 4160 id

2253 4188 2483 4257 optantis
2525 4196 2686 4258 atque
2736 4190 3112 4260 imprecantis,
3140 4194 3288 4248 canis
3317 4193 3492 4249 intulit
3519 4195 3753 4265 mensis,
3780 4196 3848 4255 in

2251 4280 2442 4349 quibus
2468 4281 2580 4350 ipse
2605 4281 2975 4337 discumbebat
3002 4286 3310 4354 Apostolus.
3357 4286 3493 4354 Quid
3525 4287 3626 4342 hoc
3655 4287 3842 4346 videri

2251 4371 2518 4426 crudelius
2538 4381 2716 4444 potest
2742 4373 2766 4427 ?
2794 4372 2993 4430 Verum
3015 4376 3139 4446 quia
3169 4376 3270 4444 ibi,
3314 4379 3418 4433 nisi
3441 4387 3619 4436 tamen
3653 4379 3843 4449 fallor,

2251 4463 2353 4518 hoc
2375 4465 2535 4519 etiam
2565 4466 2822 4536 scriptum
2847 4474 2964 4535 est,
3013 4468 3156 4539 quod
3196 4470 3248 4526 ei
3277 4472 3485 4526 veniam
3535 4473 3588 4527 in
3633 4474 3848 4530 saeculo

2249 4555 2428 4612 lutum
2450 4558 2720 4627 petiverit,
2745 4558 2884 4615 facta
2905 4570 2988 4616 est
3010 4564 3374 4632 compensatio
3394 4565 3635 4622 beneﬁcii
3657 4568 3847 4638 majo-

2248 4651 2322 4704 ris
2337 4667 2350 4716 ;
2363 4660 2422 4705 st
2441 4659 2496 4706 et
2510 4652 2797 4722 Apostolus
2816 4668 2979 4724 quam
2989 4653 3184 4711 ebams
3197 4657 3476 4725 Deoesset,
3502 4661 3850 4730 perbuncﬂ

2247 4753 2450 4797 morem
2477 4743 2943 4800 commendaretur
2963 4747 3173 4818 ignotis,
3193 4757 3248 4804 et
3273 4749 3346 4804 illi
3369 4751 3641 4820 posthanc
3664 4753 3846 4811 vitam

2247 4834 2560 4905 quandoque
2581 4835 2865 4891 ﬁniendam
2888 4838 2941 4892 in
2959 4848 3216 4895 mter-num
3232 4843 3622 4899 consuleretur.
3641 4843 3848 4905 Utrum

2246 4926 2334 4980 illa
2355 4942 2480 4982 vera
2501 4929 2572 4984 sit
2591 4938 2681 4984 aut
2698 4929 2923 4986 conﬁcta
2939 4936 3194 5003 narratio,
3217 4935 3479 4992 nihilmca
3489 4951 3633 4993 nunc
3658 4940 3848 4996 inter-

2244 5027 2345 5074 est.
2393 5020 2551 5076 Certe
2587 5023 2729 5077 enim
2760 5024 3065 5091 Manicbaei,
3097 5041 3126 5080 a
3165 5029 3356 5098 quibus
3384 5029 3488 5085 illac
3513 5031 3796 5102 scriptura:
3821 5076 3848 5102 ,

2243 5125 2375 5181 quas
2391 5111 2570 5168 Canon
2583 5114 2974 5172 ecclesiasticus
2992 5118 3218 5188 respuit,
3235 5128 3481 5191 tanquam
3502 5135 3645 5178 vene
3667 5134 3854 5195 atque

2243 5204 2466 5260 sincerae
2490 5215 2853 5276 acceptantur,
2879 5211 3064 5266 saltem
3094 5211 3219 5268 hinc
3245 5221 3507 5286 coguntur
3527 5217 3707 5287 fateri,
3731 5220 3856 5275 vib-

2244 5306 2408 5352 tutem
2437 5298 2578 5353 illam
2605 5301 2874 5369 patientia:
2894 5341 2911 5369 ,
2944 5317 3103 5373 quam
3131 5302 3286 5362 docet
3305 5305 3594 5378 Domnms,
3613 5311 3806 5368 dicens
3825 5356 3849 5384 ,

2244 5387 2306 5443 Si
2325 5391 2434 5460 quis
2455 5400 2502 5445 te
2526 5393 2823 5460 percusserit
2839 5395 2893 5448 in
2915 5395 3177 5451 maxillam
3199 5406 3337 5453 tuam
3351 5398 3634 5472 dexteram,
3661 5405 3854 5474 praebe

2307 5597 2322 5666 ξ
2360 5595 2494 5666 editi,
2518 5594 2789 5666 impetrari.
2811 5603 2867 5645 At
2887 5597 3276 5666 Mss.,_imperari
3316 5614 3334 5652 :
3362 5612 3574 5666 excepto
3597 5620 3699 5659 uno
3718 5617 3850 5664 cur-

2241 5656 2447 5722 beicnsi,
2475 5657 2556 5718 qui
2584 5656 2754 5722 habet,
2771 5656 3048 5722 temperari.

2305 5721 2323 5747 ‘4
2345 5720 2650 5768 tli'u'bcicnsis
2673 5721 2844 5780 ('HtiCX,
2866 5720 2910 5769 et
2929 5722 3011 5772 mti
3030 5723 3129 5773 viro
3149 5733 3264 5776 Deo.

2305 5781 2325 5847 ἒ
2359 5785 2407 5827 in
2431 5788 2533 5828 Mss.
2557 5783 2820 5852 plerisque,
2848 5784 3066 5835 voluisset
3111 5785 3319 5849 inferri;
3357 5793 3530 5842 omiﬁa
3569 5799 3848 5868 parum...

2305 5854 2354 5868 ἰτ
2393 5849 2438 5868 In
2461 5843 2737 5868 [ιη-ιιιηιηητ.
2763 5852 2923 5868 Λ..ο.....
2948 5847 3066 5868 In---
3113 5849 3328 5868 -._r.__-_,_.
3385 5854 3438 5868 νι-

2241 5842 2371 5893 met.
2390 5849 2438 5890 In
2461 5843 2739 5894 Corbeiensi
2763 5852 2925 5898 autem
2947 5847 3087 5912 libro,
3113 5842 3328 5904 voluisset
3346 5854 3548 5916 aufem.
