4052 6428
202 478 292 534 illi
327 486 374 533 et
419 475 673 533 sinistram
704 476 916 552 (Matth.
946 491 1002 545 v,
1021 475 1134 550 59),
1163 490 1325 550 posse
1351 493 1471 536 esse
1495 478 1553 535 in
1581 495 1792 550 pracpa-

203 582 418 638 ratione
439 581 639 649 cordis,
660 579 868 636 etiamsi
893 593 1001 635 non
1024 578 1338 635 exhibeatur
1352 588 1503 648 gestu
1532 578 1795 649 corporis,

200 683 262 732 et
288 674 637 744 expressione
663 671 952 728 verborum
993 690 1007 726 :
1034 671 1464 742 quandoquidem
1509 670 1797 740 Apostolus

199 765 382 835 palma
407 777 729 836 percussus,
767 763 944 834 potius
987 763 1154 818 Deum
1195 764 1399 833 rogavit
1441 771 1501 817 ut
1539 761 1796 832 injurioso

201 855 412 912 homini
438 855 493 911 in
520 856 700 911 futuro
748 855 948 911 sacculo
990 863 1318 925 parceretur,
1347 854 1403 908 in
1429 853 1681 924 praesenti
1706 867 1795 908 au-

200 956 314 1004 tem
343 948 436 1004 illa
461 948 658 1019 injuria
708 963 816 1003 non
857 948 1023 1003 inulta
1065 948 1480 1018 relinqueretur,
1510 962 1669 1019 quam
1709 945 1796 1003 vel

200 1039 436 1114 praebuit
455 1039 671 1096 ferienti
703 1040 924 1096 alteram
952 1047 1285 1110 partem,aut
1313 1050 1369 1096 ut
1398 1041 1587 1096 iterum
1607 1038 1799 1096 feriret

200 1131 754 1188 admonuit.’l‘enebat
781 1141 929 1189 certe
953 1133 1175 1188 interius
1199 1131 1500 1188 dilectionis
1520 1130 1792 1202 allectum,

199 1229 255 1278 et
279 1223 524 1278 exterius
552 1215 860 1294 requirebat
897 1224 1246 1280 correctionis
1290 1222 1615 1294 exemplum.
1667 1223 1795 1280 Sive

196 1311 303 1367 hoc
331 1328 525 1368 verum
573 1312 678 1378 sit,
707 1315 824 1370 sive
869 1311 1183 1380 conﬁctum,
1234 1329 1331 1369 cur
1359 1315 1546 1369 nolunt
1572 1313 1795 1370 credere

199 1405 294 1460 tali
325 1406 518 1470 animo
563 1406 820 1461 famulum
851 1405 944 1461 Dei
971 1405 1192 1478 Moysen
1217 1405 1341 1460 idoli
1367 1404 1716 1461 fabricatores
1741 1411 1795 1462 et

199 1496 522 1575 adoratores
549 1497 722 1576 gladio
753 1497 1139 1570 prostravisse;
1165 1511 1287 1552 cum
1314 1496 1447 1553 etin
1475 1497 1590 1568 ejus
1615 1496 1794 1554 verbis

199 1587 325 1643 satis
355 1597 648 1660 appareat,
691 1589 770 1645 ita
810 1589 1116 1660 hujusmodi
1161 1585 1381 1662 peceato
1422 1605 1548 1645 eum
1575 1590 1792 1647 veniam

197 1679 551 1751 deprecatum
572 1724 587 1748 ,
637 1690 695 1736 ut
739 1683 839 1737 nisi
872 1682 1216 1753 impetraret,
1265 1682 1432 1738 deleri
1459 1697 1518 1737 se
1541 1675 1704 1738 vellet
1727 1682 1794 1738 de

196 1769 335 1838 libro
369 1772 464 1828 Dei
496 1772 521 1825 ι
551 1773 618 1826 Et
648 1773 772 1844 quid
800 1773 972 1828 simile
992 1814 1008 1841 ,
1038 1773 1252 1844 ignotus
1273 1773 1436 1829 homo
1474 1773 1653 1844 palma
1679 1788 1795 1844 per-

198 1876 421 1930 cussus;
449 1873 507 1919 et
533 1865 675 1921 Deus
699 1879 764 1920 ex
796 1857 1014 1936 Aﬁgypti
1043 1851 1297 1921 Servitute
1321 1865 1573 1933 liberans,
1601 1882 1698 1937 per
1723 1865 1796 1921 di-

199 1956 368 2010 visum
389 1971 543 2011 mare
569 1957 862 2027 trajiciens,
880 1957 1126 2013 ﬂuctibus
1147 1968 1532 2029 persequentes
1543 1957 1793 2014 inimicos

198 2046 452 2116 operiens
471 2088 488 2114 ,
516 2046 659 2102 idolo
689 2047 786 2102 sibi
815 2049 1033 2119 praelato
1056 2048 1342 2105 derelictus
1359 2058 1518 2121 atque
1548 2059 1790 2105 contem-

196 2147 316 2208 ptus
340 2139 365 2202 ἒ
395 2137 451 2194 Si
482 2149 659 2195 autem
682 2154 866 2214 pmnas
887 2141 1028 2212 ipsas
1043 2156 1436 2212 comparemus,
1462 2141 1589 2213 quid
1619 2143 1792 2198 simile

197 2228 340 2286 {erm
387 2230 659 2300 interimi;
708 2243 761 2289 et
800 2249 829 2288 a
872 2233 1000 2291 feris
1053 2235 1304 2290 trucidari
1349 2223 1512 2306 atque
1554 2235 1792 2290 laniari?

199 2322 636 2404 quandoquidem
677 2324 886 2396 judices
931 2326 1156 2397 publicis
1207 2325 1409 2396 legibus
1461 2327 1789 2394 servientes,

199 2417 418 2485 majoris
446 2417 690 2473 criminis
715 2435 841 2475 reos
884 2419 1070 2475 bestiis
1118 2419 1316 2491 subrigi
1343 2460 1359 2488 ,
1413 2414 1571 2496 quam
1618 2420 1792 2493 gladio

193 2509 404 2576 percuti
431 2507 646 2577 jubent.

195 2601 208 2605 ’
263 2597 506 2654 CAPUT
537 2599 751 2655 LXXX.
777 2629 850 2640 —
877 2599 1066 2657 Restat
1083 2601 1138 2656 in
1155 2600 1429 2657 maledicis
1447 2611 1501 2657 et
1517 2602 1791 2674 sacrilegis

195 2688 714 2756 reprehensionibus
761 2688 979 2760 Fausti,
1033 2691 1223 2761 quibus
1271 2707 1413 2760 nunc
1466 2692 1787 2764 reSpondeo,

196 2776 339 2850 quod
370 2777 587 2835 locutus
625 2780 886 2836 Dominus
931 2780 998 2835 ad
1052 2779 1192 2837 Osee
1244 2783 1560 2854 prophetam
1607 2783 1788 2838 dixit:

196 2861 385 2944 Accipe
423 2873 516 2927 tibi
557 2889 764 2928 uxorem
807 2875 1156 2946 fornicariam,
1184 2883 1228 2929 ct
1276 2880 1358 2947 {ac
1398 2875 1531 2945 ﬁlios
1552 2877 1613 2930 de
1634 2877 1793 2949 forni-

196 2964 378 3033 εαήα(
407 2961 823 3036 Osee.1,2).ln
868 2981 971 3036 qua
1012 2965 1288 3036 Scriptura
1344 2966 1420 3021 sic
1467 2977 1791 3023 excaecatum

198 3062 278 3109 est
301 3053 645 3110 immundum
674 3071 768 3111 cor
788 3071 973 3111 eorum
991 3098 1006 3124 ,
1055 3066 1116 3111 ut
1139 3072 1237 3112 nec
1272 3059 1604 3130 apertissima
1629 3061 1790 3116 verba

201 3147 507 3220 evangelica
553 3149 851 3219 intelligant
899 3149 1112 3204 Domini
1155 3151 1382 3206 dicentis
1428 3149 1494 3205 ad
1536 3150 1788 3208 Judteos:

202 3237 496 3294 Meretrices
517 3248 564 3295 et
589 3241 845 3311 publicani
865 3243 1145 3311 praecedant
1170 3258 1256 3296 vos
1276 3243 1328 3296 in
1371 3259 1524 3314 regno
1551 3245 1790 3298 caelorum

197 3329 218 3403 ί
242 3329 432 3384 Matth.
457 3346 574 3397 xxi,
593 3333 654 3387 51
685 3330 728 3403 ).
754 3331 889 3400 Quid
911 3333 1050 3387 enim
1073 3332 1354 3389 adversum
1376 3334 1676 3391 clementiae
1702 3350 1790 3390 ve-

197 3421 390 3488 ritatis,
413 3422 541 3492 quid
567 3422 838 3477 inimicum
892 3421 1015 3479 ﬁdei
1063 3423 1388 3493 christianm,
1437 3429 1481 3480 si
1539 3422 1794 3496 meretrix

199 3515 382 3582 relicta
407 3515 783 3584 fornicatione,
811 3516 864 3571 in
887 3523 1093 3571 castum
1143 3517 1448 3589 conjugium
1490 3530 1788 3575 commute-

199 3615 282 3661 tur
303 3609 330 3661 ?
360 3607 430 3662 Et
471 3607 600 3678 quid
621 3616 727 3663 tam
757 3608 1104 3679 incongruum
1130 3619 1182 3664 et
1211 3609 1438 3665 alienum
1467 3625 1498 3664 a
1528 3610 1631 3666 llde
1659 3612 1791 3665 Pro-

198 3697 394 3767 phette,
418 3713 579 3769 quam
607 3700 652 3754 si
681 3716 787 3754 non
813 3699 1059 3756 crederet
1087 3702 1261 3754 omnia
1286 3710 1503 3771 peccata
1553 3703 1784 3773 impudi-

199 3805 272 3845 ca:
297 3791 519 3846 dimissa
561 3807 682 3848 esse
713 3793 766 3846 in
811 3793 1004 3849 melius
1041 3793 1429 3848 commutatae?
1454 3793 1632 3865 Itaque
1669 3811 1790 3850 cum

197 3882 538 3938 meretricem
566 3881 831 3954 Propheta
862 3882 989 3938 fecit
1019 3898 1262 3952 uxorem,
1295 3892 1348 3940 et
1377 3884 1444 3939 ad
1479 3885 1640 3939 vitam
1667 3901 1789 3940 cor-

198 3973 472 4045 rigendam
501 3973 709 4030 mulieri
735 3977 1036 4031 consultum
1064 3983 1166 4041 est,
1193 3985 1248 4031 et
1273 3975 1455 4046 ﬁgurae
1481 3990 1788 4032 sacramen-

198 4065 338 4131 tum,
366 4063 436 4120 de
466 4080 572 4136 quo
584 4081 708 4122 mox
721 4065 1021 4137 loquemug
1055 4081 1391 4138 expressum.
1409 4065 1515 4122 Sed
1536 4067 1657 4138 quis
1683 4082 1790 4123 non

198 4155 372 4211 videat
392 4159 448 4212 in
488 4155 591 4213 hoc
615 4155 756 4213 facto
805 4157 932 4230 quid
954 4159 1134 4231 potius
1165 4157 1579 4214 Manichaeorum
1611 4157 1783 4214 oli‘en-

202 4245 287 4301 dat
307 4249 590 4303 errorem?
615 4247 852 4316 Scilicet,
887 4249 1010 4320 quia
1039 4250 1216 4305 solent
1265 4249 1394 4305 dare
1420 4265 1636 4321 operam
1665 4265 1783 4306 me-

201 4338 422 4395 retrices
449 4354 520 4395 ne
553 4341 782 4412 gravida:
843 4341 990 4396 llant.
1046 4341 1281 4398 Proinde
1334 4341 1449 4397 istis
1496 4342 1786 4400 fornicaria

202 4431 363 4502 magis
383 4445 708 4501 permanens
755 4433 998 4504 placebat
1033 4441 1091 4502 ut
1119 4433 1278 4488 deum
1330 4435 1569 4505 ipsorum
1602 4445 1708 4492 non
1723 4435 1787 4493 li-

202 4532 362 4594 geret,
395 4539 556 4594 quam
580 4525 737 4580 unius
761 4525 863 4580 viri
915 4524 1050 4580 facta
1093 4539 1232 4580 uxor
1261 4533 1318 4580 ut
1342 4534 1573 4596 pareret.

271 4617 501 4675 CAPUT
539 4617 774 4674 LXXX].
797 4649 868 4660 —
886 4619 962 4675 De
1013 4617 1302 4675 Salomone
1331 4628 1508 4675 autem
1537 4619 1662 4692 quid
1691 4619 1778 4675 di-

202 4720 333 4776 cam,
363 4708 472 4780 nisi
491 4707 614 4779 quia
650 4709 860 4781 gravius
892 4711 1060 4782 ipsius
1092 4709 1260 4765 ﬁdelis
1293 4717 1347 4766 et
1391 4718 1588 4764 sanctae
1637 4708 1782 4766 Scri-

202 4807 363 4872 ptume
383 4801 695 4856 testimonio
741 4802 1099 4874 redarguitur,
1129 4816 1285 4872 quam
1316 4800 1680 4872 petulantibus
1727 4811 1782 4858 et

205 4891 486 4964 nugacibus
527 4887 712 4947 Fausti
737 4890 1028 4948 conviciis?
1053 4891 1143 4947 llla
1176 4893 1319 4948 enim
1361 4893 1429 4949 de
1456 4893 1546 4948 illo
1580 4901 1635 4948 et
1658 4893 1783 4964 quid

202 4983 318 5038 boni
345 4985 495 5054 prius
538 4983 830 5048 habuisset,
887 4984 1088 5056 etquid
1118 4985 1241 5039 mali
1273 4985 1538 5052 faciendo,
1572 4985 1769 5040 bonum

204 5075 252 5129 in
276 5093 376 5146 quo
399 5077 634 5146 primum
654 5075 848 5143 fuerat,
881 5076 1202 5148 reliquisset,
1240 5079 1499 5132 veraciter
1525 5075 1776 5134 ﬁdeliter-

201 5179 301 5234 que
330 5166 507 5220 loeula
524 5166 638 5236 est(
661 5165 724 5224 ll'l
754 5164 884 5238 Reg.
931 5182 1010 5235 Ill,
1050 5183 1126 5234 ιιι,
1178 5166 1401 5222 etErcli.
1429 5168 1650 5239 vau):
1681 5169 1781 5226 iste

203 5267 373 5312 autem
400 5259 570 5314 oculis
595 5259 812 5325 clausis,
861 5260 946 5314 vel
975 5260 1150 5332 potius
1201 5260 1494 5331 exstinctis,
1526 5276 1629 5316 non
1676 5277 1781 5333 quo

205 5349 401 5407 lumine
426 5350 805 5407 manifestantc
833 5351 1144 5418 ducebatur,
1175 5353 1320 5422 ibat;
1350 5353 1445 5411 sed
1461 5370 1567 5426 quo
1611 5357 1778 5412 male-

202 5442 423 5498 volentia
470 5445 837 5516 praecipitante
881 5444 1148 5501 ferebatur
1173 5489 1187 5512 ,
1229 5446 1482 5502 irruebat.
1516 5448 1630 5504 l‘loc
1655 5450 1772 5519 ipso

201 5536 341 5591 enim
359 5538 526 5609 magis
560 5537 964 5594 insinuaverunt
1007 5539 1176 5596 sancti
1214 5539 1359 5594 Libri
1410 5541 1670 5612 religiosis
1705 5541 1779 5594 le-

202 5630 434 5687 ctoribus
475 5640 530 5687 et
557 5632 876 5688 electoribus
906 5633 924 5664 ¹
956 5633 1087 5700 suis,
1114 5648 1270 5704 quam
1310 5641 1454 5688 caste
1503 5633 1781 5688 habuerint

203 5722 370 5776 sancti
393 5722 493 5777 viri
512 5722 692 5793 plures
716 5737 910 5778 uxores
936 5738 949 5788 ;
977 5722 1118 5794 quod
1142 5724 1413 5794 Salomon,
1437 5725 1524 5796 qui
1554 5739 1643 5780 eas
1669 5709 1773 5778 non

268 5853 290 5888 ⁸
319 5854 648 5921 Weiss,
673 5863 718 5909 et
740 5853 1066 5908 dilectoribus.

1310 349 1515 422 LIBER
1545 310 1920 429 mansurus
1948 310 2320 428 suemus.
2352 354 2354 356 ’

1901 480 1993 536 illo
2023 481 2204 549 modo,
2235 481 2327 538 sed
2364 482 2531 553 magis
2569 481 2636 537 ad
2668 481 2945 540 libidinem
2982 491 3143 556 quam
3185 483 3253 542 ad
3287 499 3480 561 ms

1904 573 2080 644 ginem
2127 574 2341 643 habuit,
2390 575 2718 645 improbatus
2772 584 2859 632 est
2910 583 2965 632 et
3003 577 3364 648 reprehensus
3393 581 3480 639 his

1901 663 2097 731 verbis,
2125 673 2184 720 ut
2221 665 2576 736 appellaretur
2607 676 2815 723 amator
2838 669 3154 738 mulierum;
3184 679 3238 727 et
3268 671 3400 729 inde
3413 673 3482 729 ad

1899 753 2217 834 profundum
2253 753 2568 814 idololatria
2599 761 2779 830 lapsus
2823 769 2982 833 atque
3040 761 3322 821 demersus
3343 806 3359 834 ,
3385 779 3480 821 ea-

1901 847 2024 903 dem
2075 831 2298 905 veritate
2365 865 2648 920 personam
2715 831 2911 909 nullius
2975 863 3290 925 acceptante
3345 831 3476 927 pro.

1901 940 2139 995 duretur.

1969 1031 2196 1090 CAPUT
2233 1032 2581 1089 LXXXil.-—
2631 1034 2780 1092 Nunc
2821 1049 2951 1108 ergo
2987 1037 3095 1109 jam
3143 1041 3480 1110 pesti-aetatis

1902 1126 2144 1195 personis
2173 1128 2438 1196 omni-bus,
2466 1141 2562 1198 per
2583 1141 2714 1198 quas
2749 1127 2975 1185 Faustus
3011 1133 3474 1205 putavltscripm-

1899 1217 1989 1275 ‘ras
2028 1218 2238 1277 1Veteris
2275 1220 2605 1278 Testamenti
2643 1237 2764 1280 esse
2805 1225 3122 1295 culpandus,
3167 1226 3480 1300 redditaque

1901 1325 1999 1366 suo
2029 1312 2222 1384 cuique
2267 1328 2518 1370 sermone
2553 1327 2816 1386 congruo,
2842 1330 2948 1386 quo
2989 1318 3073 1373 vel
3101 1317 3309 1375 defensi
3343 1329 3472 1376 sum

1899 1404 2145 1460 homines
2183 1405 2279 1462 Dei
2337 1406 2592 1463 adversus
2643 1406 3021 1464 haereticorum
3071 1413 3472 1484 carnaliumque

1898 1495 2209 1564 calumnias,
2237 1496 2328 1551 vel
2377 1497 2714 1568 reprehensis
2757 1498 3080 1564 hominibus,
3121 1508 3298 1557 tamen
3327 1502 3478 1560 Scri-

1899 1598 2051 1660 ptura
2099 1588 2383 1646 laudabilis
2424 1591 2858 1662 venerabii‘isque
2911 1601 3204 1649 monstrata
3249 1603 3369 1650 est:
3398 1597 3480 1652 vi-

1897 1679 2118 1737 deamus
2147 1681 2399 1753 deinceps
2427 1699 2493 1740 ex
2519 1685 2732 1753 ordine,
2789 1699 2896 1756 quo
2933 1699 3038 1741 eos
3061 1687 3312 1743 homines
3331 1687 3475 1744 Fau-

1897 1775 2011 1828 'stus
2029 1774 2331 1829 accusando
2359 1759 2821 1842 commemoravit,
2839 1776 2974 1846 quid
2997 1776 3156 1831 etiam
3173 1777 3475 1847 signiﬁcent

1897 1865 2010 1937 ipsa
2032 1867 2170 1922 facta
2197 1868 2494 1934 hominum,
2521 1869 2645 1940 quid
2669 1868 2961 1948 prophetiae
3007 1877 3212 1939 gerunt,
3239 1885 3363 1940 quae
3387 1869 3476 1926 fu-

1859 1959 2018 2013 ‘tura
2068 1959 2630 2029 prmnuntieutzquod
2674 1960 2782 2030 iam
2829 1959 3057 2016 fecimus
3089 1961 3161 2016 de
3213 1961 3483 2017 Abraham

1896 2057 1950 2105 et
1979 2036 2125 2105 lsaac
2153 2058 2208 2105 et
2234 2045 2420 2118 Jacob,
2474 2064 2700 2120 quorum
2753 2063 2815 2106 se
2881 2051 3023 2107 Deus
3051 2051 3124 2106 ita
3318 2053 3486 2108 voluit

1896 2139 1915 2208 (
1948 2138 2118 2194 Exod.
2151 2156 2227 2208 ιιι,
2259 2141 2325 2196 15
2351 2139 2392 2213 ).
2435 2149 2689 2211 tanquam
2739 2142 2976 2196 solorum
3021 2148 3165 2198 esset
3204 2143 3365 2209 Deus,
3392 2144 3483 2214 qui

1896 2221 2037 2286 Deus
2065 2241 2146 2286 est
2175 2233 2436 2288 universae
2461 2239 2722 2288 creatum
2754 2249 2769 2287 :
2793 2247 2906 2288 non
2929 2232 3123 2288 frustra
3151 2223 3334 2303 utique
3359 2242 3478 2289 tan-‘-

1896 2333 2006 2380 tum
2029 2324 2106 2380 eis
2133 2325 2374 2380 tribuens
2400 2324 2684 2392 honorem,
2727 2324 2832 2380 nisi
2873 2325 3006 2394 quia
3043 2333 3273 2380 noverat
3293 2325 3350 2380 in
3379 2325 3480 2394 eis,

1895 2415 2034 2486 quod
2064 2415 2212 2471 solus
2257 2412 2417 2471 etiam
2434 2415 2673 2487 perfecte
2697 2431 3012 2486 summeque
3051 2427 3211 2472 nosse
3243 2425 3480 2487 poterat,

1894 2505 2157 2562 sinceram
2185 2507 2610 2582 pnecipuamqtte
2657 2506 2972 2562 charitatem
3002 2514 3093 2563 :et
3141 2509 3268 2578 qm'a
3311 2509 3367 2564 in
3395 2509 3480 2566 eis

1894 2597 2062 2652 tribus
2084 2597 2328 2652 Patribus
2353 2597 2582 2667 quodam
2610 2598 2768 2653 modo
2809 2601 3198 2654 consummavit
3231 2610 3482 2670 magnum

1895 2702 1958 2744 ac
1988 2688 2230 2744 mirabile
2257 2696 2652 2744 sacramentum
2697 2688 2857 2744 futuri
2886 2690 3063 2759 populi
3090 2690 3191 2756 sui,
3225 2690 3369 2761 quod
3385 2699 3482 2761 per

1894 2780 2088 2837 liberas
2108 2790 2424 2852 genuerunt,
2451 2797 2558 2836 non
2577 2782 2749 2837 solum
2777 2782 2832 2836 in
2859 2781 3180 2859 libertatem,
3215 2783 3352 2838 sicut
3385 2789 3483 2852 per

1893 2863 2120 2947 Saram(
2149 2873 2276 2928 Gen.
2301 2889 2411 2942 xxi,
2443 2875 2493 2944 l,
2519 2873 2557 2928 2
2587 2874 2682 2943 )et
2721 2873 3060 2945 ﬂebeccam(
3090 2871 3176 2928 Id.
3203 2886 3332 2939 xxv,
3363 2873 3425 2929 81
3461 2873 3482 2946 )

1895 2975 1949 3020 et
1968 2955 2118 3020 Liam
2141 2973 2194 3020 et
2231 2966 2430 3020 Rachel
2459 2963 2582 3036 (Id.
2630 2979 2760 3019 xxrx
2799 2972 2845 3018 et
2867 2979 2975 3018 xxx
3003 2962 3061 3036 );
3094 2977 3282 3020 verum
3320 2967 3482 3022 etiam

1895 3055 1950 3110 in
1977 3056 2305 3121 servitutem,
2325 3057 2460 3111 sicut
2481 3071 2576 3126 per
2599 3054 2845 3110 eamdem
2889 3052 3186 3110 Rebeceam
3212 3064 3369 3112 natus
3397 3065 3482 3114 est

1894 3134 2057 3214 Esau,
2115 3151 2200 3205 cui
2253 3149 2454 3205 dictum
2501 3157 2603 3214 est,
2646 3147 2766 3204 Eri:
2801 3163 2972 3204 seruus
3022 3150 3196 3220 fratris
3238 3151 3312 3204 tui
3335 3150 3355 3224 (
3388 3149 3476 3204 Id.

1893 3248 2061 3308 Xxvu,
2089 3240 2158 3295 40
2190 3239 2208 3312 )
2238 3259 2251 3295 :
2285 3250 2339 3296 et
2365 3256 2459 3310 per
2483 3239 2700 3295 ancillas
2723 3252 2832 3294 non
2859 3239 3034 3295 solum
3053 3239 3106 3294 in
3133 3241 3474 3307 servitutem,

1895 3333 2033 3387 sicut
2052 3347 2150 3404 per
2173 3333 2315 3402 Agar
2337 3329 2464 3404 (Id.
2487 3346 2595 3399 xvi,
2627 3331 2691 3386 15
2714 3329 2771 3403 );
2801 3345 2988 3387 verum
3002 3332 3162 3387 etiam
3183 3333 3238 3386 in
3258 3332 3478 3388 liberta-

1893 3435 2026 3494 tem,
2050 3427 2187 3482 sicut
2207 3441 2304 3498 per
2331 3425 2511 3480 Balam
2542 3433 2594 3481 et
2609 3423 2864 3496 Zelpham
2891 3423 3016 3497 (Id.
3036 3424 3204 3493 xxx).
3229 3424 3303 3479 Ita
3335 3425 3477 3481 enim

1895 3527 1950 3575 et
1972 3520 2026 3574 in
2041 3519 2239 3589 populo
2264 3519 2358 3573 Dei
2379 3527 2431 3573 et
2457 3533 2554 3587 per
2581 3517 2884 3586 spirituales
2922 3517 3118 3573 liberos
3136 3521 3156 3550 ί
3186 3526 3480 3575 nascuntur

1895 3625 2002 3666 non
2049 3607 2219 3664 solum
2282 3609 2338 3664 in
2388 3607 2703 3663 laudabilem
2756 3607 3076 3676 libertatem,
3136 3609 3483 3678 quemadmo-

1893 3687 2018 3756 dum
2047 3701 2121 3754 illi
2148 3699 2340 3770 quibus
2366 3699 2578 3763 dicitur,
2607 3695 2893 3752 Imitalores
2919 3699 3016 3752 mei
3062 3706 3233 3764 estote,
3278 3699 3406 3753 sicut
3434 3707 3482 3752 et

1895 3809 1985 3864 ego
2011 3791 2195 3847 Christi
2225 3791 2242 3862 (
2265 3791 2284 3844 l
2307 3789 2517 3857 Cor..tv,
2553 3790 2620 3846 16
2646 3788 2667 3862 )
2697 3805 2711 3856 ;
2735 3803 2943 3845 verum
2969 3789 3129 3844 etiam
3171 3789 3225 3844 in
3252 3789 3475 3845 damna-

1891 3883 2053 3940 bilem
2083 3883 2410 3950 servitutem,
2439 3882 2576 3938 sicut
2634 3897 2730 3952 per
2775 3879 3074 3952 Philippum
3103 3881 3288 3937 Simon
3316 3881 3336 3956 (
3364 3882 3477 3936 Act.

1891 3989 2006 4039 vin,
2043 3975 2110 4030 13
2136 3975 2156 4046 )
2187 3991 2200 4029 :
2230 3982 2284 4030 et
2320 3989 2417 4044 per
2440 3973 2682 4029 carnales
2704 3985 2911 4038 servos,
2944 3979 3234 4028 nascuntur
3263 3987 3368 4028 non
3385 3987 3475 4028 so-

1887 4065 2003 4121 lum
2029 4065 2080 4119 in
2109 4064 2464 4120 damnabilem
2513 4064 2843 4131 servitutem,
2876 4064 2966 4136 qui
3014 4077 3108 4119 eos
3149 4063 3427 4119 imitantur
3460 4080 3475 4131 ;

1892 4172 2077 4213 verum
2089 4155 2247 4212 etiam
2263 4156 2319 4211 in
2356 4154 2675 4213 laudabilem
2702 4154 3023 4222 libertatem,
3046 4153 3238 4225 quibus
3259 4154 3474 4222 dicitur,

1897 4246 2024 4315 Quae
2044 4247 2235 4312 dicunt,
2285 4245 2472 4319 facite;
2493 4261 2605 4318 quas
2645 4254 2811 4300 autem
2861 4245 3076 4317 faciunt,
3115 4246 3280 4316 facere
3325 4247 3480 4302 nolite

1888 4338 2118 4413 (Matth.
2140 4355 2292 4407 xxm,
2323 4338 2357 4394 5
2375 4339 2415 4410 ).
2445 4333 2573 4404 Hoc,
2604 4351 2854 4408 magnum
2883 4349 3276 4392 sacramentum
3331 4338 3478 4409 quis-

1891 4434 2009 4503 quis
2047 4432 2099 4487 in
2144 4432 2244 4488 Dei
2287 4431 2481 4502 populo
2531 4430 2827 4503 prudenter
2872 4430 3167 4501 agnoverit,
3212 4430 3475 4486 unitatem

1890 4522 2119 4594 Spiritus
2142 4523 2194 4578 in
2220 4523 2431 4578 vinculo
2469 4521 2615 4592 pacis
2670 4535 2838 4592 usque
2881 4509 2933 4575 in
2968 4521 3134 4576 linem
3155 4517 3476 4590 quibusdam

1889 4615 2227 4680 cohaerendo,
2254 4613 2511 4686 quosdam
2532 4613 2810 4669 tolerando
2829 4611 3080 4669 custodit.
3103 4611 3350 4668 Fecimus
3371 4613 3475 4669 hoc

1888 4711 2028 4768 etde
2047 4709 2217 4776 Loth;
2249 4705 2374 4780 quid
2418 4708 2534 4778 ejus
2582 4705 2927 4770 laudandum,
2986 4705 3112 4776 quid
3150 4706 3472 4776 culpandum

1885 4805 2156 4875 Scriptura
2186 4802 2498 4868 narraverit,
2525 4799 2650 4872 quid
2704 4799 3100 4872 intelligendum
3128 4798 3197 4855 de
3244 4808 3353 4853 tcta
3378 4800 3467 4854 illa

1887 4911 1945 4951 re
1973 4902 2120 4966 gesta
2149 4893 2526 4964 signiﬁcaverit
2555 4889 2573 4964 (
2598 4889 2721 4944 Gen.
2749 4887 2893 4960 xxx),
2924 4887 3376 4943 demonstrantes.

1955 4983 2181 5042 CAPUT
2219 4981 2585 5040 LXXXlll.-—-
2602 4981 2852 5053 Sequitur
2872 4987 2929 5034 ut
2948 4979 3100 5035 Judae
3124 4978 3315 5033 laetum
3339 4992 3469 5033 con-
3555 5015 3562 5021 -

1886 5077 2200 5142 sideremus,
2219 5074 2494 5145 quodcum
2517 5088 2609 5129 sua
2627 5087 2763 5127 nuru
2790 5069 3076 5125 concubuit
3092 5066 3200 5140 (Id.
3216 5069 3464 5139 xxxviii),

1886 5169 2010 5241 quid
2052 5168 2426 5240 signiﬁcaverit
2469 5165 2787 5221 futurorum.
2812 5163 2918 5218 Sed
2953 5164 3097 5232 prius
3126 5161 3466 5230 praeloquen-

1886 5261 2011 5316 dum
2037 5268 2136 5326 est,
2167 5273 2236 5314 ne
2274 5271 2592 5329 quemquam
2618 5269 2796 5326 parvae
2819 5250 3268 5309 consideratiouis
3305 5250 3470 5307 otl'en-

1885 5352 1975 5408 dat
2000 5353 2044 5417 ’,
2072 5350 2212 5423 quod
2233 5348 2302 5405 de
2351 5348 2662 5420 quibusdam
2693 5345 2846 5402 malis
2876 5342 3131 5417 operibus
3189 5342 3489 5399 hominum;

1884 5447 1940 5503 in
1968 5444 2259 5515 Scripturis
2278 5442 2498 5508 sanctis,
2544 5438 2784 5510 quaedam
2827 5451 2933 5493 non
2983 5435 3148 5503 mala,
3201 5435 3297 5492 sed
3326 5435 3468 5492 bona
3517 5463 3524 5473 -

1946 5603 1965 5635 ι
1998 5605 2133 5660 Lov.,
2155 5605 2202 5651 et
2223 5612 2311 5662 per
2353 5593 2629 5662 Μίνωας
2651 5593 2792 5662 uias.
2812 5593 2999 5662 Διιμθιῑιιει
3020 5593 3137 5662 editi
3162 5591 3242 5662 alii
3266 5599 3319 5644 et
3341 5599 3471 5662 mss”

1879 5672 1926 5716 et
1943 5677 2034 5729 per
2051 5653 2322 5729 spiritantia
2345 5653 2516 5712 liberos
2534 5672 2555 5729 ;_
2576 5666 2631 5709 ut
2643 5659 2703 5708 sit
2725 5657 2984 5708 antithesis
3007 5656 3067 5707 ad
3090 5654 3210 5714 illud
3231 5653 3359 5720 quod
3380 5653 3472 5718 p04

1880 5720 1987 5775 Stoa
2008 5720 2200 5786 dicitur,
2219 5731 2263 5774 ct
2283 5737 2367 5786 per
2385 5720 2607 5786 carnales
2625 5730 2798 5770 servos.

1874 5803 1878 5808 -
1945 5792 1964 5820 ε·
1997 5790 2069 5839 sic
2091 5777 2290 5839 Αιιιξιςιί
2311 5794 2361 5836 et
2384 5785 2607 5848 plerique
2632 5792 2734 5831 Mss.
2764 5787 2964 5844 auom,
3005 5791 3169 5846 prata
3188 5777 3472 5833 We-

1882 5849 2037 5906 tionis.
