4028 6464
571 464 749 522 futura
768 462 1152 535 signiﬁcantur.
1176 458 1371 518 Servat
1414 459 1557 513 enim
1589 456 1787 527 ubique
1824 454 2000 510 divina
2019 469 2147 524 pro-

571 557 801 615 videntia
845 560 1095 611 virtutem
1140 550 1391 609 bonitatis
1430 564 1563 615 suae,
1602 557 1659 604 ut
1700 546 2149 619 quemadmodum

570 664 637 706 ex
663 648 1022 704 adulterorum
1036 643 1320 701 concubitu
1344 641 1605 696 formatur
1625 648 1681 695 et
1701 640 1938 695 nascitur
1960 638 2147 705 homo,

569 742 638 797 dc
658 741 930 796 hominum
956 752 1119 808 opere
1157 734 1299 790 malo
1339 733 1537 789 bonum
1584 747 1717 804 opus
1755 731 1871 799 Dei,
1918 730 2056 786 sicut
2096 730 2151 786 in

571 832 889 904 przecedenti
915 842 1161 886 sermone
1200 827 1312 896 jam
1338 824 1569 881 diximus
1601 824 1620 895 (
1648 823 1843 893 Supra,
1870 838 1986 893 cap.
2016 820 2086 878 48
2106 821 2148 891 ),

568 924 635 980 de
659 922 977 979 fecunditate
1002 918 1287 983 seminum,
1308 931 1417 971 non
1436 916 1503 972 de
1517 914 1842 987 turpitudine
1863 913 2147 979 vitiorum;

567 1017 640 1072 ita
668 1016 722 1071 in
747 1012 1031 1083 Scripturis
1056 1009 1395 1081 propheticis,
1429 1022 1535 1063 non
1578 1015 1782 1062 tantum
1808 1006 1947 1061 bona
1976 1005 2150 1060 homi-

567 1122 716 1173 num,
734 1120 916 1161 verum
934 1104 1093 1159 etiam
1108 1110 1164 1158 et
1182 1101 1318 1157 mala
1339 1100 1475 1155 facta
1495 1098 1855 1162 narrantibus,
1882 1097 2136 1167 quoniam

566 1196 873 1268 prophetica
911 1203 993 1250 est
1021 1195 1133 1264 ipsa
1173 1191 1430 1257 narratio,
1465 1189 1801 1261 signiﬁcetur
1839 1188 2033 1260 aliquid
2079 1188 2147 1246 de

564 1288 718 1343 malis
742 1286 993 1358 operibus
1018 1283 1292 1339 hominum
1333 1284 1495 1338 etiam
1536 1281 1834 1336 futurorum
1859 1280 2144 1344 bonorum,

563 1395 671 1436 non
696 1381 1167 1450 peccantisopere,
1200 1376 1295 1432 sed
1344 1375 1643 1431 scribentis.
1673 1373 1857 1444 Neque
1883 1373 2025 1429 enim
2048 1372 2146 1429 Ju-

561 1472 679 1537 das,
706 1486 828 1527 cum
856 1471 923 1527 ad
946 1470 1178 1526 Thamar
1201 1468 1628 1536 concupiscentia
1669 1468 1839 1522 victus
1890 1467 2139 1532 intraret,

560 1564 701 1620 banc
741 1579 854 1620 suae
876 1563 1112 1619 libidinis
1141 1563 1489 1619 intentionem
1536 1561 1773 1633 gerebat,
1799 1568 1861 1616 ut
1896 1559 2019 1616 inde
2046 1560 2147 1615 ali-

560 1657 689 1729 quid
704 1656 1112 1728 signiﬁcaretur,
1142 1654 1283 1725 quod
1297 1653 1366 1708 ad
1410 1654 1636 1709 salutem
1676 1652 1953 1707 hominum
1977 1652 2146 1721 perlic

559 1758 713 1807 neret
734 1766 747 1803 :
773 1748 910 1804 sicut
926 1762 1024 1804 nec
1044 1746 1208 1803 ludas
1230 1747 1319 1802 ille
1338 1746 1429 1817 qui
1458 1745 1741 1801 Dominum
1769 1743 2004 1811 tradidit,
2036 1743 2142 1800 hoc

559 1839 807 1904 intendit,
828 1838 893 1894 ut
911 1837 1108 1909 aliquid
1128 1836 1251 1892 inde
1279 1844 1573 1906 gereretur,
1616 1835 1759 1906 quod
1802 1833 1869 1889 ad
1892 1833 2137 1890 eamdem

557 1930 783 1987 salutem
814 1929 1089 1985 hominum
1126 1926 1436 1999 pertineret.
1458 1927 1647 1990 Porro,
1678 1926 1724 1980 si
1752 1925 1822 1981 de
1862 1934 1970 1980 tam
1997 1924 2142 1979 malo

556 2036 720 2091 Opere
745 2019 894 2076 Judze
924 2020 1063 2075 illius
1084 2026 1193 2073 tam
1206 2017 1407 2073 bonum
1445 2031 1581 2086 opus
1609 2016 1866 2070 Dominus
1907 2015 2053 2081 fecit,
2080 2021 2141 2069 ut

555 2110 796 2182 ejusdem
834 2125 944 2165 sua:
960 2108 1222 2180 passionis
1251 2107 1515 2179 sauguine
1538 2121 1638 2162 nos
1664 2106 1979 2170 redimeret;
2013 2105 2140 2176 quid

552 2204 748 2260 mirum
768 2203 815 2259 si
837 2202 1104 2272 Propheta
1132 2200 1269 2270 ejus,
1292 2199 1360 2255 de
1403 2215 1509 2270 quo
1536 2199 1649 2269 ipse
1684 2197 1777 2261 ait,
1800 2196 1875 2252 De
1905 2213 1985 2251 me
2007 2198 2139 2250 enim

551 2295 640 2351 ille
656 2295 856 2366 scripsit
885 2292 1080 2363 (Joau.
1108 2306 1167 2358 v,
1196 2291 1267 2345 46
1293 2288 1336 2362 ),
1365 2305 1430 2345 ex
1452 2290 1592 2343 malo
1620 2288 1757 2343 facto
1784 2286 1936 2343 Judae
1962 2288 2140 2356 istius,

552 2387 681 2443 boni
710 2384 908 2457 aliquid
936 2383 1271 2455 signiﬁcavit,
1291 2388 1348 2435 ut
1385 2395 1483 2435 suo
1526 2379 1825 2434 ministerio
1853 2392 1950 2433 nos
1975 2378 2139 2434 doce-

553 2480 685 2536 ret?
711 2479 785 2533 Ea
808 2478 1005 2548 quippe
1029 2475 1300 2530 hominum
1339 2472 1496 2537 facta,
1522 2480 1707 2526 sancto
1736 2470 1935 2539 Spiritu
1961 2469 2141 2538 diSpo-

554 2578 717 2626 nente
756 2576 917 2639 atque
967 2567 1278 2636 inspirante,
1327 2562 1539 2633 collegit
1564 2561 1830 2631 Propheta
1873 2568 2136 2627 narrator,

551 2675 779 2732 quorum
810 2657 1142 2728 interpositio
1180 2669 1287 2710 non
1306 2662 1569 2709 vacareta
1612 2650 2021 2722 prresignatione
2048 2664 2139 2705 re-

551 2767 671 2807 rum
695 2764 828 2821 quas
853 2747 1152 2819 intenderat
1178 2745 1539 2815 prophetare:
1570 2742 1638 2797 ad
1670 2740 2012 2811 signiﬁcanda
2039 2754 2138 2796 au-

551 2852 662 2899 tem
691 2842 863 2911 aliqua
889 2841 1051 2909 bona,
1107 2838 1239 2892 nihil
1277 2837 1520 2901 interest,
1565 2835 1701 2889 facta
1735 2833 1824 2887 illa
1861 2834 2052 2903 quibus
2075 2847 2140 2887 ea

551 2934 935 3006 signiﬁcantur,
958 2946 1056 2987 seu
1106 2932 1266 2993 bona,
1307 2943 1405 2983 seu
1448 2927 1587 2982 mala
1631 2926 1757 2980 sint.
1809 2925 1948 2992 Quid
1992 2924 2138 2979 enim

551 3042 671 3084 mea
699 3026 939 3091 interest,
968 3037 1090 3078 cum
1113 3022 1235 3076 volo
1277 3019 1475 3091 aliquid
1505 3018 1731 3089 legendo
1774 3032 2123 3089 cognoscere,

552 3124 730 3172 utrum
755 3131 821 3171 ex
842 3115 1006 3170 minio
1026 3113 1290 3184 reperiam
1324 3112 1553 3181 scriptos
1605 3110 1788 3181 nigros
1829 3109 2135 3179 Ethiopes,

551 3216 607 3263 et
630 3221 696 3262 ex
746 3213 1043 3261 atramento
1082 3202 1337 3259 candidos
1380 3201 1612 3257 Gallos?
1644 3201 2020 3256 Verumtamen
2062 3200 2132 3267 si,

551 3312 659 3353 non
689 3296 1026 3368 scripturam,
1072 3295 1167 3351 sed
1217 3296 1474 3365 picturam
1508 3293 1669 3348 talem
1720 3292 1977 3359 viderem,
2022 3292 2141 3351 sine

558 3388 888 3445 dubitatione
934 3387 1405 3458 reprehenderem.
1438 3385 1516 3440 Ita
1543 3386 1596 3441 in
1645 3384 1800 3440 factis
1835 3385 2133 3456 hominum,

550 3496 671 3553 quae
689 3480 757 3535 ad
782 3478 1091 3535 imitandum
1131 3478 1471 3534 vitandumve
1520 3486 1910 3548 proponuntur,
1957 3480 2139 3549 magni

551 3572 774 3628 interest
814 3570 1021 3625 bonane
1046 3585 1117 3624 an
1167 3569 1303 3624 mala
1331 3569 1438 3623 sint
1466 3586 1479 3623 :
1507 3584 1627 3639 quae
1658 3576 1837 3624 autem
1866 3568 1932 3624 ad
1961 3569 2133 3637 signi-

552 3661 815 3718 ﬁcandum
867 3662 1194 3726 scribuntur,
1244 3661 1357 3714 sive
1386 3658 1652 3727 dicuntur,
1684 3660 1816 3714 nihil
1866 3658 2032 3715 refert
2082 3661 2137 3717 in

549 3754 789 3810 moribus
824 3752 1150 3819 facientium,
1180 3766 1340 3821 quam
1365 3750 1575 3806 laudem
1596 3750 2138 3821 reprehensionemve

551 3854 881 3912 mereantur,
908 3845 954 3900 si
981 3844 1139 3899 modo
1177 3843 1377 3899 habent
1404 3844 1636 3915 aliquam
1667 3844 1767 3909 rei,
1794 3842 1863 3898 de
1888 3858 1992 3913 qua
2017 3844 2134 3914 agi-

552 3945 659 4005 tur,
708 3936 1062 3991 necessariam
1107 3934 1483 4007 przeﬁgurandi
1527 3934 1949 4004 congruentiam.
1988 3934 2139 3989 Sicut

550 4029 694 4085 enim
711 4027 925 4097 Caipha:
947 4026 1001 4081 in
1022 4026 1330 4097 Evangelia,
1362 4033 1618 4094 quantum
1669 4025 1737 4079 ad
1777 4026 1893 4094 ejus
1917 4026 2136 4082 noxium

550 4120 1012 4193 perniciosumque
1040 4119 1278 4173 animum
1330 4116 1655 4186 pertinebat,
1686 4126 1943 4187 quantum
1970 4116 2135 4172 deni-

548 4228 657 4285 que
683 4211 753 4267 ad
778 4211 892 4281 ipsa
904 4210 1088 4276 verba,
1118 4210 1164 4265 si
1190 4209 1245 4263 in
1265 4208 1344 4263 eis
1360 4208 1686 4265 voluntatem
1712 4208 1938 4264 dicentis
1962 4216 2137 4262 atten-

551 4306 669 4375 das,
695 4305 886 4376 quibus
905 4302 1167 4374 agebatut
1183 4301 1359 4371 justus
1378 4300 1574 4371 injuste
1600 4309 1902 4368 necaretur,
1946 4302 2132 4370 utique

552 4400 692 4456 mala
713 4405 896 4454 erant:
929 4404 1107 4450 tamen
1131 4408 1381 4464 magnum
1410 4380 1609 4449 bonum
1634 4393 1726 4449 illo
1754 4394 2027 4450 nesciente
2056 4393 2133 4448 si-

550 4489 893 4563 gniﬁcabant,
921 4487 1133 4558 quando
1148 4487 1241 4552 ait,
1267 4484 1489 4556 Expedit
1508 4495 1565 4539 ut
1589 4501 1721 4540 unus
1765 4487 2013 4541 moriatur
2043 4486 2137 4540 ho-

510 4624 512 4627 τ
552 4598 657 4647 mo,
675 4590 722 4635 et
742 4596 842 4634 non
858 4588 963 4633 tota
980 4595 1099 4649 gens
1120 4584 1290 4649 pereat
1318 4593 1337 4631 :
1361 4576 1668 4648 dictumque
1686 4576 1753 4632 de
1769 4577 1861 4632 illo
1889 4586 1989 4643 est,
2022 4577 2136 4632 Hoc

551 4682 835 4728 autemase
852 4686 955 4725 non
982 4668 1130 4734 dixit,
1178 4667 1269 4723 sed
1292 4684 1408 4722 cum
1449 4679 1577 4723 esset
1624 4670 1871 4740 pontifex,
1911 4670 2135 4740 praphe-

551 4764 673 4818 tavit
700 4762 820 4831 quia
838 4758 1096 4831 Oportebat
1114 4757 1294 4812 Iesum
1318 4757 1447 4811 mori
1469 4774 1560 4827 pro
1586 4768 1731 4827 gente
1755 4759 1773 4827 (
1804 4758 1890 4812 Id.
1924 4774 2001 4823 ιι,
2033 4759 2127 4826 50,

552 4855 614 4912 5t
638 4853 681 4926 ).
714 4853 789 4909 ita
815 4851 1013 4907 factum
1040 4849 1191 4905 Iudae
1219 4848 1511 4904 secundum
1540 4849 1686 4906 illius
1704 4848 1979 4905 libidinem
2012 4866 2133 4905 ma-

551 4946 662 4999 lum
691 4942 808 5008 fuit,
832 4941 927 4998 sed
956 4942 1045 4997 illo
1066 4940 1337 4997 nesciente
1358 4954 1606 5010 magnum
1638 4940 1835 4995 bonum
1864 4940 2136 5012 signiﬁca-

554 5037 628 5090 vit
666 5051 680 5088 :
720 5048 753 5089 a
784 5048 844 5088 se
872 5033 987 5102 ipso
1006 5032 1200 5106 quippe
1219 5030 1419 5085 malum
1444 5029 1587 5098 fecit,
1625 5031 1717 5087 sed
1743 5046 1849 5087 non
1877 5048 1907 5088 a
1935 5046 1994 5088 se
2020 5034 2136 5104 ipso

550 5128 750 5183 bonum
778 5123 1111 5196 signiﬁcavit.
1133 5123 1244 5178 Hoc
1269 5130 1469 5191 autem,
1496 5123 1634 5194 quod
1672 5125 1972 5180 necessario
1997 5141 2137 5197 prae-

552 5207 878 5288 loquendu'm
900 5215 1099 5285 putavi,
1131 5229 1241 5269 non
1293 5214 1362 5269 ad
1418 5214 1520 5268 hoc
1570 5216 1938 5270 tantummodo
1978 5217 2135 5274 Juda:

553 5310 773 5374 factum,
800 5307 895 5363 sed
919 5308 1080 5363 etiam
1131 5307 1200 5363 ad
1226 5315 1419 5363 caetera
1452 5307 1647 5374 valeat,
1678 5309 1723 5363 si
1746 5324 1849 5380 qua
1883 5325 2137 5367 occurre-

554 5400 665 5454 rint
705 5398 843 5453 mala
867 5412 1030 5468 opera
1074 5397 1371 5467 hominum,
1416 5399 1605 5468 quibus
1645 5398 1841 5454 bonum
1890 5401 2137 5471 aliquida

556 5494 807 5542 narrante
834 5487 1206 5558 prophetatum
1226 5496 1326 5544 est.

626 5576 853 5634 CAPUT
894 5578 1174 5635 LXXXIV.
1197 5609 1269 5621 -
1296 5580 1353 5635 lu
1391 5579 1624 5637 Thamar
1658 5596 1787 5654 ergo
1828 5598 1964 5639 nuru
1986 5584 2139 5643 ludas

558 5670 868 5742 intelligitur
890 5671 1043 5742 plebs
1074 5673 1226 5744 regni
1266 5672 1591 5742 Judzeorum,
1622 5675 1708 5729 cui
1752 5674 1819 5730 de
1848 5676 1985 5732 tribu
2005 5677 2141 5735 Juda

562 5775 718 5842 reges
746 5771 997 5834 tanquam
1038 5765 1218 5823 mariti
1262 5765 1689 5824 adhibebantur:
1717 5768 1909 5826 merito
1939 5785 2136 5828 nomen

1381 339 1656 400 CONTRA
1693 337 2017 397 FAUSTUM
2052 335 2511 407 MANICHEUM,
2548 341 2606 399 S.
2646 340 3014 402 AUGUSTI!“

2261 456 2377 526 ejus
2396 457 2706 512 Amaritudo
2738 458 3157 528 interpretatur;
3188 456 3303 528 ipsa
3334 457 3478 514 enim
3500 456 3732 515 Domino
3749 458 3846 515 τοι.

2259 547 2323 602 lis
2340 549 2584 618 poculum
2610 548 2753 605 dedit
2774 550 2797 623 (
2822 550 3008 610 Matth.
3039 565 3209 617 xxvu,
3229 552 3297 605 54
3321 548 3365 620 ).
3408 552 3521 605 Duo
3550 559 3727 608 autem
3759 566 3848 622 ge-

2257 653 2387 695 nera
2416 640 2712 710 principum
2739 642 2829 711 qui
2858 656 2961 695 non
3002 650 3149 699 recte
3191 641 3547 711 operabantur
3572 642 3624 696 in
3654 643 3842 712 plebe,

2256 745 2420 785 unum
2449 745 2631 786 eorum
2653 732 2741 803 qui
2788 732 3030 797 oberant,
3069 716 3295 786 alterum
3352 748 3539 787 eorum
3566 734 3658 803 qui
3705 733 3846 788 nihil

2256 820 2563 893 proderant,
2589 822 2953 894 signiﬁcantur
2990 824 3043 879 in
3078 824 3287 879 duobus
3320 824 3443 879 ﬁliis
3476 824 3629 879 ludas
3661 843 3676 880 :
3707 818 3869 895 qqu

2253 929 2374 970 rum
2403 931 2541 971 unus
2577 924 2695 971 erat
2738 917 2999 986 malignus
3024 917 3110 972 vel
3149 930 3321 971 saevus
3363 926 3487 972 ante
3529 917 3845 984 Dominum,

2254 1009 2391 1065 alter
2410 1009 2462 1063 in
2487 1017 2683 1064 terram
2732 1008 3011 1075 fundebat,
3063 1024 3131 1065 ne
3155 1024 3340 1065 semen
3367 1009 3519 1065 daret
3542 1010 3609 1063 ad
3648 1009 3847 1064 fecun-

2254 1101 2482 1158 dandam
2501 1104 2753 1160 Thamar.
2782 1104 2891 1161 Nec
2915 1112 3041 1160 sunt
3058 1104 3288 1174 amplius
3312 1118 3472 1174 quam
3511 1103 3619 1158 duo
3639 1118 3846 1173 genera

2252 1192 2528 1249 hominum
2552 1196 2756 1250 inutilia
2782 1197 2964 1267 generi
2988 1196 3225 1251 humano
3255 1212 3270 1249 :
3302 1211 3463 1250 unum
3505 1198 3843 1263 nocentium,

2253 1283 2479 1339 alterum
2512 1294 2768 1355 praestare
2820 1287 3115 1341 nolentium
3140 1294 3195 1341 et
3220 1285 3267 1341 si
3312 1286 3439 1356 quid
3477 1286 3605 1342 boni
3640 1286 3848 1342 habent

2253 1375 2307 1430 in
2338 1374 2439 1431 hac
2476 1384 2685 1431 terrena
2712 1378 2819 1432 vita
2860 1376 3217 1448 perdentium,
3264 1385 3513 1447 tanquam
3539 1377 3595 1432 in
3638 1385 3849 1434 terram

2250 1464 2601 1522 fundentium.
2633 1467 2699 1522 Et
2722 1469 2973 1539 quoniam
3001 1467 3057 1523 in
3076 1468 3218 1523 malo
3260 1468 3409 1537 prior
3422 1466 3615 1539 estqui
3653 1478 3841 1535 nocet,

2251 1571 2409 1628 quam
2434 1557 2523 1613 ille
2550 1559 2643 1629 qui
2672 1573 2780 1614 non
2824 1559 3064 1629 prodest,
3107 1559 3227 1616 ideo
3257 1558 3430 1629 major
3455 1558 3653 1615 dicitur
3678 1559 3847 1615 mali-

2250 1664 2419 1719 gnus;
2451 1650 2542 1707 ille
2568 1659 2745 1706 autem
2774 1666 3027 1723 sequens,
3083 1652 3172 1722 qui
3221 1650 3480 1709 fundebat
3507 1653 3561 1710 in
3606 1660 3841 1708 terram.

2249 1740 2452 1798 Nomen
2482 1757 2693 1814 quoque
2719 1744 2955 1815 majoris,
2984 1745 3075 1816 qui
3094 1745 3386 1801 vocabatur
3412 1745 3540 1813 Her,
3564 1746 3843 1817 interpre-

2249 1842 2391 1890 tatur
2412 1835 2677 1903 Pellicius,
2708 1836 2956 1908 qualibus
2971 1839 3163 1893 tunicis
3200 1838 3371 1893 induti
3409 1847 3535 1894 sunt
3560 1841 3720 1909 primi
3739 1841 3850 1897 ho-

2248 1926 2422 1981 mines
2445 1927 2501 1981 in
2530 1942 2746 1997 poenam
2803 1928 3159 1984 damnationis
3194 1943 3308 1985 suae
3349 1929 3554 1985 dimissi
3593 1946 3663 1985 ex
3682 1946 3852 2002 para-

2248 2016 2365 2072 diso
2391 2016 2412 2091 (
2443 2016 2569 2072 Gen.
2602 2034 2680 2084 ιιι,
2700 2019 2763 2074 Si
2791 2019 2810 2088 )
2838 2036 2853 2085 ;
2890 2021 3163 2090 sequentis
3191 2034 3387 2077 nomen
3416 2022 3507 2092 qui
3542 2023 3849 2080 vocabatur

2246 2108 2457 2180 Aynan,
2496 2110 2876 2179 interpretatur
2922 2111 3118 2167 Mmror
3150 2124 3337 2167 eorum
3366 2130 3381 2167 :
3408 2127 3635 2183 quorum
3662 2152 3677 2179 ,
3733 2115 3845 2170 nisi

2248 2202 2439 2270 quibus
2464 2201 2596 2257 nihil
2619 2203 2858 2273 prodest,
2881 2218 3003 2259 cum
3028 2203 3223 2260 habeat
3248 2204 3389 2261 unde
3429 2202 3690 2275 prodesse
3708 2222 3845 2279 pos-

2247 2293 2337 2359 sit,
2369 2302 2526 2363 atque
2554 2294 2606 2348 id
2633 2295 2819 2364 perdat
2837 2296 2891 2350 in
2912 2304 3053 2352 terra
3080 2298 3105 2351 ?
3141 2296 3309 2368 Majus
3333 2312 3497 2368 porro
3526 2300 3728 2356 malum
3754 2310 3846 2357 est

2246 2384 2439 2439 ablata;
2467 2384 2609 2453 vitaz,
2654 2386 2797 2456 quod
2826 2387 3089 2458 signiﬁcat
3132 2388 3393 2458 pellicias,
3423 2404 3581 2460 quam
3616 2405 3727 2446 non
3746 2391 3846 2449 ads-

2244 2475 2413 2546 jutae,
2460 2476 2604 2547 quod
2656 2478 2917 2549 significat
2948 2495 3149 2538 maeror
3197 2496 3420 2536 eorum:
3452 2482 3594 2538 Deus
3654 2491 3845 2541 tamen

2245 2567 2431 2623 ambos
2458 2568 2717 2625 occidisse
2736 2569 2910 2625 dictus
2938 2579 3040 2637 est,
3070 2571 3161 2626 ubi
3211 2571 3467 2643 ﬁguratur
3496 2588 3723 2643 regnum
3753 2583 3839 2629 ta-

2245 2657 2383 2713 libus
2406 2658 2710 2716 hominibus
2737 2661 3040 2717 abstulisse.
3068 2662 3283 2717 Tertius
3330 2677 3458 2717 vero
3486 2662 3625 2718 ﬁlius
3652 2663 3841 2733 lude,

2246 2750 2387 2822 quod
2415 2751 2491 2805 illi
2529 2752 2742 2807 mulieri
2764 2768 2873 2808 non
2905 2753 3166 2824 jungitur,
3213 2753 3479 2825 signiﬁcat
3520 2762 3737 2825 tempus
3771 2771 3846 2811 ex

2245 2857 2352 2914 quo
2376 2857 2532 2914 reges
2566 2844 2706 2914 plebi
2748 2844 3056 2900 Iudaeorum
3109 2854 3388 2916 coeperunt
3413 2846 3478 2902 de
3528 2847 3668 2903 tribu
3696 2848 3845 2904 Iuda

2244 2948 2352 2989 non
2377 2933 2491 2990 ﬁeri
2524 2952 2537 2988 :
2566 2946 2620 2990 et
2645 2936 2765 2991 ideo
2789 2937 3139 3008 eratquidem
3179 2939 3317 2993 ﬁlius
3344 2938 3516 3005 Judze,
3566 2940 3664 2997 sed
3710 2956 3843 2998 eum

2244 3026 2495 3081 maritum
2533 3026 2764 3082 Thamar
2800 3042 2909 3082 non
2958 3027 3252 3099 accipiebat
3282 3046 3298 3094 ;
3329 3029 3451 3100 quia
3480 3038 3601 3085 erat
3642 3032 3843 3087 eadem

2245 3116 2415 3173 tribus
2437 3117 2590 3182 Juda,
2622 3117 2835 3189 sedjam
2864 3120 3057 3189 populo
3080 3120 3204 3176 inde
3220 3134 3377 3176 nemo
3402 3122 3676 3192 regnabat.
3715 3123 3837 3180 Un-

2244 3207 2313 3263 de
2340 3217 2395 3263 et
2418 3223 2612 3263 nomen
2634 3208 2776 3279 ejus,
2800 3209 2853 3264 id
2873 3220 2975 3277 est,
2999 3210 3202 3277 Selom,
3235 3212 3616 3283 interpretatur
3640 3213 3845 3270 Dimis-

2245 3298 2326 3353 sio
2351 3299 2485 3368 ejus.
2512 3299 2628 3355 Non
2656 3302 2924 3369 pertinent
2947 3317 3075 3357 sane
3104 3302 3171 3357 ad
3212 3302 3349 3359 hanc
3377 3304 3836 3375 signiﬁcationem

2243 3390 2343 3445 viri
2371 3392 2539 3447 sancti
2566 3399 2622 3447 et
2641 3392 2790 3462 justi,
2820 3393 2912 3462 qui
2940 3393 3066 3449 licet
3092 3394 3183 3448 illo
3232 3402 3475 3465 tempore
3517 3397 3735 3464 fuerint,
3766 3399 3843 3455 ad

2242 3483 2448 3538 Novum
2473 3492 2650 3539 tamen
2691 3486 2962 3554 pertinent
3014 3486 3432 3553 Testamentum,
3487 3490 3571 3544 cui
3599 3490 3845 3561 praphe-

2244 3574 2407 3629 tando
2432 3577 2664 3630 scienter
2682 3576 2838 3631 utiles
2870 3576 3099 3641 fuerunt,
3153 3578 3324 3647 qualis
3379 3578 3548 3633 David
3597 3578 3721 3634 fuit.
3751 3581 3842 3638 Eo

2243 3680 2373 3721 sane
2395 3675 2652 3736 tempore,
2675 3684 2780 3737 quo
2803 3668 2913 3737 jam
2941 3668 3126 3723 Iudaea
3145 3679 3383 3739 coeperat
3407 3686 3561 3741 reges
3584 3687 3654 3728 ex
3681 3674 3836 3730 tribu

2242 3757 2379 3813 Juda
2406 3774 2513 3813 non
2539 3759 2754 3824 habere,
2783 3776 2888 3816 non
2910 3770 2993 3815 est
3022 3764 3411 3833 computandus
3452 3765 3692 3822 Herodes
3720 3784 3844 3823 ma-

2237 3851 2326 3922 jor
2363 3852 2414 3905 in
2444 3852 2657 3921 regibus
2681 3854 2819 3922 ejus,
2864 3862 3113 3924 tanquam
3144 3857 3365 3913 maritus
3413 3857 3683 3915 Thamar:
3716 3873 3843 3919 erat

2242 3944 2386 3999 enim
2410 3945 2727 4015 alienigena,
2757 3960 2855 4001 nec
2882 3946 2932 4001 ei
2960 3958 3297 4004 sacramento
3340 3950 3434 4005 illo
3461 3953 3700 4023 mystica:
3727 3971 3845 4010 un-

2241 4036 2432 4092 ctionis
2483 4045 2732 4105 tanquam
2796 4038 3061 4109 conjugali
3104 4040 3309 4097 ﬁndere
3345 4043 3684 4111 cohaerebat;
3736 4050 3842 4105 sed

2245 4138 2495 4199 tanquam
2516 4138 2801 4185 extraneas
2835 4130 3233 4199 dominabatur,
3265 4150 3424 4205 quam
3448 4147 3772 4206 potestatem
3804 4157 3843 4197 ι

2243 4220 2497 4276 Romanis
2526 4230 2581 4275 et
2603 4236 2629 4274 a
2653 4221 2864 4277 Caesare
2914 4234 3218 4295 acceperat.
3268 4227 3359 4282 Sic
3387 4237 3441 4283 et
3477 4230 3593 4300 ejus
3626 4231 3721 4286 ﬁlii
3748 4241 3843 4288 te-

2241 4311 2493 4378 trarchae,
2549 4326 2771 4381 quorum
2793 4321 2909 4367 erat
2941 4330 3078 4369 unus
3115 4315 3355 4373 Herodes
3402 4321 3572 4389 patris
3611 4324 3845 4379 nomine

2242 4402 2557 4472 appellatus,
2603 4402 2694 4472 qui
2718 4416 2839 4457 cum
2868 4403 3039 4459 Pilato
3063 4405 3118 4460 in
3153 4407 3403 4475 passione
3444 4410 3654 4465 Domini
3696 4426 3844 4467 con-

2240 4491 2479 4548 cordavit
2505 4492 2669 4564 (Luc.
2696 4509 2847 4559 xxtu,
2876 4494 2944 4548 12
2976 4494 2995 4564 )
3020 4512 3033 4548 :
3060 4495 3147 4550 isti
3168 4511 3296 4567 ergo
3320 4498 3633 4569 alienigena:
3660 4516 3845 4572 usque

2240 4583 2378 4639 adeo
2421 4598 2528 4639 non
2554 4583 2944 4653 deputabantur
2968 4586 3021 4640 in
3046 4601 3213 4658 regno
3241 4588 3334 4643 illo
3362 4593 3587 4661 mystico
3613 4591 3846 4649 Iudaeo-

2241 4689 2377 4740 rum,
2406 4682 2464 4730 ut
2487 4676 2587 4744 ipsi
2611 4675 2779 4729 Judaei
2806 4676 3016 4745 publice
3032 4679 3343 4746 clamarent,
3377 4683 3688 4741 frendentes
3730 4687 3841 4743 ad-

2241 4778 2453 4820 versum
2479 4766 2768 4832 Christum,
2799 4765 2912 4822 Nos
2938 4784 3040 4822 non
3066 4770 3303 4826 habemus
3322 4788 3508 4844 regem,
3537 4775 3637 4829 nisi
3663 4773 3844 4833 Cresa-

2240 4873 2347 4910 rem
2372 4857 2391 4929 (
2409 4856 2566 4911 Joan.
2589 4874 2704 4926 xu,
2724 4861 2791 4914 15
2813 4859 2855 4927 ).
2878 4860 3061 4931 Neque
3086 4862 3189 4919 hoc
3210 4879 3415 4932 verum,
3459 4868 3561 4924 nisi
3578 4869 3665 4925 illa
3704 4874 3843 4929 uni-

2241 4951 2433 5006 versali
2458 4950 2817 5007 dominatione
2843 4953 3203 5010 Romanorum
3232 4974 3245 5010 :
3278 4960 3473 5030 quippe
3520 4963 3681 5018 etiam
3707 4964 3843 5021 Cm-

2240 5055 2331 5097 sar
2354 5052 2587 5097 rexerat
2637 5057 2742 5097 non
2788 5045 3000 5114 proprie
3054 5045 3400 5116 Iudaeorum;
3428 5052 3524 5107 sed
3577 5062 3635 5108 ut
3673 5053 3848 5113 Chri-

2240 5142 2384 5189 stum
2412 5142 2689 5204 negarent,
2716 5142 2770 5189 et
2797 5133 2920 5191 huic
2954 5135 3255 5207 adularent,
3292 5139 3414 5196 ideo
3459 5157 3520 5199 se
3560 5145 3651 5200 tali
3698 5161 3847 5206 voce

2240 5226 2583 5283 damnarunt.

2310 5320 2539 5377 CAPUT
2579 5320 2839 5377 LXXXV.
2877 5351 2951 5364 --
2979 5324 3076 5379 lllo
3114 5340 3245 5397 ergo
3286 5335 3556 5399 tempore,
3580 5348 3689 5404 quo
3720 5335 3847 5406 jam

2244 5411 2310 5466 de
2348 5412 2489 5467 tribu
2528 5412 2680 5468 Judaa
2721 5429 2943 5484 regnum
2982 5415 3289 5487 defecerat,
3346 5424 3668 5481 veniendum
3715 5442 3851 5489 erat

2244 5504 2457 5560 Christo
2485 5520 2614 5560 vero
2633 5506 2896 5563 Salvatori
2925 5509 3147 5564 Domino
3176 5520 3381 5581 nostro,
3408 5516 3498 5584 qui
3525 5532 3632 5573 non
3672 5522 3855 5579 obes-

2245 5607 2346 5666 set,
2373 5598 2705 5668 multumque
2731 5601 3026 5670 prodesset.
3055 5603 3144 5658 Sic
3176 5607 3318 5660 enim
3346 5606 3520 5663 fuerat
3547 5612 3859 5682 propheta—

2247 5695 2357 5742 tum
2385 5706 2398 5741 :
2432 5688 2556 5742 Non
2583 5690 2779 5759 deﬁciet
2801 5692 3032 5761 princeps
3057 5711 3120 5749 ea:
3142 5694 3282 5749 Iuda
3305 5737 3320 5760 ,
3349 5714 3502 5767 neque
3528 5700 3636 5756 dux
3663 5705 3730 5757 de
3756 5709 3859 5777 fe—

2251 5777 2469 5835 moribus
2504 5780 2644 5852 ejus,
2672 5780 2828 5836 donec
2866 5785 3029 5839 veniat
3071 5786 3151 5839 cui
3186 5790 3460 5867 repositum
3500 5801 3576 5849 est
3600 5807 3620 5846 :
3646 5803 3695 5847 et
3730 5797 3865 5869 ipso
