4052 6446
219 358 330 415 £57

217 471 529 543 expectatio
548 471 769 544 gentium
798 469 949 544 (Gen.
973 485 1118 536 ηις,
1144 470 1256 542 10).
1291 471 1405 526 Jam
1435 472 1536 526 isto
1565 482 1805 540 tempore

221 581 390 623 omne
432 579 645 635 quoque
690 563 1057 635 magisterium
1099 563 1403 620 Judteorum
1425 607 1440 632 ,
1473 575 1527 620 et
1553 565 1810 637 mystica,

217 662 368 717 unde
387 659 571 714 cbristi
597 657 944 718 vocabantur,
979 658 1157 712 unctio
1183 660 1294 728 ipsa
1325 658 1592 714 defecerat
1619 672 1808 712 secun-

217 754 350 808 dum
383 752 711 823 prophetiam
736 742 1005 805 Daniclis.
1050 749 1198 806 Tunc
1236 751 1383 806 venit
1406 751 1488 805 cui
1518 750 1806 820 repositum

157 875 164 882 ε
218 855 360 910 erat,
390 843 716 912 ex5pectatio
737 848 1002 916 gentium,
1037 852 1090 899 ct
1114 850 1302 898 unctus
1327 851 1408 897 est
1427 841 1651 898 Sanctus
1681 857 1808 896 sau-

217 943 396 990 torum
425 933 590 1004 (Dan.
616 950 706 1004 ιι,
734 935 923 1010 25-27)
956 938 1077 993 oleo
1110 933 1476 990 exsultationis
1507 948 1615 1002 prze
1646 933 1809 1001 parti-

217 1025 426 1094 cipibus
466 1023 766 1094 suis(Psat.
792 1042 944 1092 xuv,
974 1025 1052 1096 8).
1079 1025 1244 1081 Natus
1278 1034 1360 1079 est
1394 1024 1536 1079 enim
1582 1023 1807 1078 llerodis

216 1119 442 1187 majoris
472 1126 714 1189 tempore
741 1117 960 1186 (Matth.
988 1122 1045 1185 ll,
1079 1117 1154 1188 l),
1186 1133 1374 1188 passus
1395 1126 1478 1173 est
1501 1126 1676 1170 autem
1709 1117 1809 1171 mi-

216 1212 368 1265 noris
404 1210 630 1266 llerodis
673 1209 952 1265 tetrarcha:
975 1211 990 1241 ¹
1021 1208 1174 1278 (Luc.
1222 1223 1373 1275 χχιιι,
1395 1209 1427 1262 7
1453 1250 1466 1270 ,
1493 1208 1607 1277 ιδ).
1640 1206 1807 1276 Hujus

217 1303 398 1372 itaque
423 1302 687 1358 venientis
714 1301 780 1356 ad
807 1316 934 1357 oves
973 1316 1092 1372 quae
1128 1301 1395 1369 perierant
1431 1299 1621 1354 domus
1645 1297 1803 1353 Israel

215 1393 434 1468 (Matth.
459 1410 548 1458 xv,
579 1393 704 1463 2.5),
734 1391 958 1462 figuram
999 1392 1165 1462 gessit
1208 1391 1319 1460 ipse
1353 1390 1517 1445 Judas
1545 1404 1663 1444 cutn
1707 1389 1806 1443 iret

213 1486 281 1540 ad
308 1485 608 1540 tondendas
637 1499 766 1540 oves
792 1499 915 1538 suas
941 1483 994 1538 in
1029 1483 1292 1548 Thamna,
1319 1481 1457 1552 quod
1490 1482 1806 1550 interpreta-

216 1588 302 1634 tur
331 1579 618 1635 Dcﬁciens.
662 1579 779 1635 Jam
810 1580 952 1635 enim
983 1578 1255 1634 defecerat
1278 1579 1525 1648 princeps
1551 1593 1616 1632 ex
1643 1576 1800 1641 Juda,

213 1680 270 1726 et
297 1687 460 1726 omne
490 1670 854 1741 magisterium
879 1679 1039 1740 atque
1069 1671 1251 1726 unctio
1279 1669 1601 1735 Judatorum,
1629 1677 1686 1723 ut
1719 1683 1804 1724 ve-

216 1764 354 1818 niret
395 1763 483 1818 cui
521 1763 810 1833 repositum
851 1770 985 1818 erat.
1026 1761 1189 1817 Vemt
1222 1770 1398 1816 autem
1435 1776 1556 1816 cum
1591 1776 1690 1816 suo
1714 1774 1803 1830 pa-

213 1866 360 1910 store
389 1853 730 1918 Odollamite,
758 1854 844 1910 cui
874 1870 1068 1910 nomen
1094 1862 1210 1910 erat
1238 1856 1380 1920 lras;
1413 1864 1465 1910 et
1485 1855 1806 1924 interpreta-

218 1956 302 2002 tur
350 1945 724 2011 Odollamitcs,
771 1946 1154 2002 Testimonium
1199 1946 1253 2001 in
1302 1961 1460 2016 aqua.
1518 1946 1648 2000 Cum
1701 1945 1804 2000 hoc

216 2037 374 2106 plane
413 2037 722 2092 tostimonio
747 2037 1001 2093 Dominus
1025 2038 1171 2094 venit
1193 2080 1208 2101 ,
1241 2037 1441 2092 habens
1475 2037 1688 2108 quidem
1726 2047 1804 2092 te-

215 2128 526 2182 stimonium
566 2128 735 2198 majus
771 2128 977 2184 Joanne
1021 2128 1200 2203 (Joan.
1226 2145 1260 2183 v
1285 2171 1299 2194 ,
1331 2129 1458 2200 56);
1490 2128 1586 2185 sed
1626 2138 1800 2184 tamen

216 2228 434 2291 propter
463 2235 596 2276 oves
613 2221 849 2276 infirmas
874 2221 974 2276 hoc
991 2221 1292 2276 testimonio
1312 2230 1395 2277 est
1420 2236 1546 2276 usus
1571 2221 1622 2274 in
1644 2234 1800 2290 aqua.

214 2309 344 2364 Nam
367 2319 422 2365 et
442 2311 562 2380 ipse
590 2311 720 2374 lras,
748 2311 886 2381 quod
915 2325 1108 2366 nomen
1135 2312 1276 2366 illius
1299 2311 1527 2382 pastoris
1559 2309 1688 2374 fuit,
1725 2311 1804 2364 in-

216 2410 542 2472 terpretatur
583 2403 784 2459 Fratris
828 2403 929 2457 mei
971 2403 1126 2458 visio.
1159 2403 1300 2458 Vidit
1325 2403 1545 2458 omnino
1586 2402 1801 2456 fratrem

215 2508 369 2548 suum
413 2491 681 2555 Joannes,
709 2495 928 2549 fratrem
964 2491 1258 2550 secundum
1296 2508 1479 2549 semen
1533 2493 1759 2549 Abrahae
1784 2533 1799 2557 ,

213 2585 508 2639 secundum
552 2585 923 2654 cognationem
963 2583 1140 2640 Mariae
1176 2586 1362 2640 matris
1389 2585 1505 2654 ejus
1535 2593 1588 2640 et
1629 2584 1800 2638 Elisav

215 2676 338 2730 beth
381 2677 570 2730 matris
613 2692 754 2741 sure;
802 2675 1156 2738 eumdcmaue
1203 2677 1482 2732 Dominum
1531 2685 1587 2731 et
1633 2675 1799 2730 Deum

213 2784 393 2836 suum,
423 2757 584 2837 quia.'
603 2770 740 2823 sicut
760 2769 876 2838 ipse
900 2769 1013 2833 ait,
1044 2784 1108 2824 ex
1143 2767 1472 2838 plenitudine
1499 2768 1615 2838 ejus
1642 2783 1798 2824 acce-

213 2859 290 2929 pit
320 2858 433 2928 (ld.
459 2875 497 2920 ι,
527 2859 638 2927 l6).
677 2859 821 2914 Vidit
845 2860 1096 2924 omnino,
1124 2868 1178 2914 et
1207 2859 1325 2914 ideo
1355 2860 1406 2914 in
1438 2860 1576 2914 natis
1605 2859 1798 2914 mulie-

214 2966 328 3005 rum
357 2950 532 3020 major
563 2951 655 3005 illo
692 2965 796 3005 non
839 2952 1139 3006 exsurrexit
1168 2950 1380 3023 (Matth.
1411 2967 1485 3017 ιιι,
1517 2950 1607 3023 ll)
1636 2968 1648 3003 :
1677 2952 1799 3020 quia

214 3057 280 3097 ex
326 3043 575 3098 omnibus
631 3043 1106 3112 praenuntiantibus
1148 3041 1448 3107 Christum,
1506 3043 1618 3112 ipse
1669 3044 1800 3097 vidit

215 3133 354 3204 quod
375 3133 526 3187 multi
550 3133 678 3202 justi
700 3141 754 3188 et
779 3132 1060 3203 Prophetze
1083 3138 1362 3203 cupierunt
1385 3133 1584 3198 videre,
1609 3141 1662 3188 et
1693 3149 1796 3188 non

215 3225 460 3280 viderunt
505 3224 617 3297 (Id.
663 3241 794 3290 xm,
828 3226 941 3296 l7).
985 3225 1244 3281 Salutavit
1271 3242 1337 3280 ex
1380 3234 1532 3281 utero
1573 3225 1721 3296 (Luc.
1754 3243 1794 3293 ι,

215 3317 332 3386 44);
367 3317 586 3387 agnovit
613 3316 895 3386 perfectius
924 3332 990 3372 ex
1016 3317 1283 3383 columba,
1315 3326 1369 3372 et
1399 3317 1518 3373 ideo
1545 3326 1795 3387 tanquam

213 3404 559 3461 Odollamites
585 3422 709 3462 vere
745 3408 1102 3464 testimonium
1130 3407 1400 3478 perhibuit
1441 3409 1492 3463 in
1522 3425 1656 3480 aqua
1684 3409 1792 3480 (Id.

215 3513 287 3562 tu,
317 3497 409 3562 2i,
440 3498 556 3570 22).
577 3499 731 3555 Venit
757 3509 933 3556 autem
958 3501 1211 3556 Dominus
1238 3502 1303 3556 ad
1330 3517 1458 3557 oves
1479 3505 1792 3569 tondendas,

217 3588 312 3644 hoc
339 3598 423 3645 est
446 3631 462 3656 ,
491 3593 860 3646 exonerandas
898 3593 1121 3647 sarcinis
1163 3593 1444 3649 laboriosis
1468 3636 1484 3663 ,
1510 3609 1576 3650 ex
1605 3596 1796 3665 quibus

219 3683 465 3740 Ecclesia:
487 3684 710 3740 laudatae
738 3685 788 3740 iu
809 3685 1040 3741 Canticis
1062 3686 1387 3741 canticorum
1413 3687 1601 3743 dentes
1613 3698 1796 3743 essent

215 3777 352 3833 velut
374 3793 508 3848 grex
526 3778 870 3834 detonsarum
901 3777 1072 3850 (Cant.
1104 3796 1175 3846 tv,
1202 3779 1284 3850 2).

279 3869 508 3925 CAPUT
547 3868 830 3926 LXXXVI.
869 3903 942 3913 ——
976 3871 1094 3928 Jam
1134 3872 1366 3928 Thamar
1405 3873 1640 3931 habitum
1669 3890 1792 3930 mu-

217 3969 322 4024 tet;
353 3976 476 4016 nam
506 3970 564 4017 et
599 3962 944 4020 Commutans
986 3965 1367 4034 interpretatur
1398 3966 1665 4022 Thamar:
1698 3969 1791 4022 sed

217 4053 267 4110 in
292 4067 352 4107 ea
375 4068 600 4123 prorsus
630 4071 821 4110 nomen
847 4056 1215 4111 amaritudinis
1245 4066 1486 4124 maneat;
1522 4073 1625 4113 non
1653 4059 1794 4114 illius

217 4149 579 4206 amaritudinis
607 4150 662 4206 in
687 4166 789 4222 qua
813 4151 1038 4207 Domino
1065 4152 1134 4207 ιρι
1163 4151 1498 4218 ministravit,
1527 4154 1620 4210 sed
1653 4153 1794 4209 illius

221 4239 270 4294 in
295 4256 395 4311 qua
427 4243 624 4298 Petrus
646 4257 828 4298 amare
856 4242 1000 4298 flevit
1027 4243 1241 4315 (Matth.
1266 4261 1412 4310 xxvi,
1447 4245 1556 4316 75).
1579 4245 1711 4301 Nam
1736 4256 1792 4301 et

219 4332 370 4388 ludas
399 4334 565 4389 latine
587 4334 863 4390 Confessio
877 4345 976 4391 est.
1001 4334 1334 4392 Confessioni
1349 4353 1477 4410 ergo
1494 4339 1792 4395 amaritudo

221 4426 518 4492 misceatur,
547 4438 605 4482 ut
635 4429 1097 4498 vera'paenitentia
1133 4430 1504 4499 praesiguetur.
1535 4431 1644 4487 Hac
1673 4447 1788 4502 pte-

219 4517 428 4574 nitentia
462 4519 776 4576 fecundatur
801 4521 1033 4577 Ecclesia
1061 4522 1111 4576 in
1137 4521 1383 4576 omnibus
1397 4523 1644 4592 gentibus
1663 4539 1793 4579 con-

222 4610 412 4665 stituta.
447 4609 724 4682 Oportebat
751 4613 891 4667 enim
909 4612 1162 4667 Christum
1186 4614 1312 4683 pati,
1340 4623 1389 4667 et
1416 4630 1674 4686 resurgere
1685 4625 1789 4669 ter-

222 4701 285 4753 tia
303 4701 398 4764 die,
422 4712 471 4755 et
495 4703 767 4772 praedicari
799 4703 853 4758 in
894 4705 1093 4758 nomine
1120 4705 1232 4774 ejus
1258 4706 1600 4774 paenitentiam
1629 4717 1674 4761 et
1704 4725 1786 4760 re-

222 4795 498 4850 missionem
539 4805 859 4866 peccatorum
898 4814 985 4866 per
1005 4813 1176 4852 omnes
1203 4808 1406 4870 gentes,
1433 4799 1788 4871 incipientibus

223 4885 280 4937 ab
303 4884 585 4941 Jerusalem
629 4887 776 4958 (Luc.
811 4902 962 4952 xxrv,
995 4889 1084 4954 46,
1111 4889 1226 4960 47).
1254 4889 1385 4944 Nam
1415 4900 1468 4946 et
1497 4893 1608 4962 ipse
1639 4893 1788 4948 habi-

226 4987 302 5030 tus
345 4982 710 5046 meretricius,
738 4980 1004 5036 confessio
1052 4992 1388 5050 peccatorum
1425 4995 1528 5040 est.
1583 4987 1788 5058 Typnm

225 5070 406 5139 quippe
428 5071 539 5140 jam
569 5073 821 5128 Ecclesiae
845 5073 978 5144 gerit
1011 5073 1262 5142 Thamar,
1285 5092 1348 5131 ex
1380 5076 1640 5134 Gentibus
1659 5097 1791 5136 evo-

223 5172 368 5227 catte,
397 5163 590 5219 sedens
615 5180 738 5221 cum
771 5167 871 5220 hoc
900 5166 1085 5221 habitu
1115 5167 1178 5221 ad
1224 5177 1431 5237 portam
1466 5169 1664 5239 1Enan,
1707 5176 1788 5229 vel

223 5250 454 5320 Ainaim,
483 5255 628 5326 quod
677 5257 1058 5327 interpretatur
1099 5259 1318 5316 Fontes.
1362 5262 1608 5319 Cucurrit
1647 5268 1788 5322 enim

225 5345 360 5398 velut
384 5359 570 5402 cervus
598 5348 662 5401 ad
691 5347 864 5404 fontes
882 5366 1134 5419 aquarum
1160 5395 1175 5419 ,
1209 5355 1488 5422 pervenire
1511 5358 1580 5414 ad
1607 5375 1789 5417 semen

224 5433 442 5490 Abrahae
470 5455 484 5490 :
520 5439 628 5492 illic
655 5454 684 5492 a
717 5455 820 5493 non
856 5451 1179 5510 agnoscente
1209 5444 1433 5514 letatur,
1464 5448 1586 5518 quia
1613 5449 1681 5504 de
1704 5451 1787 5505 illa

226 5525 518 5592 praedictum
557 5540 672 5592 est,
708 5530 940 5598 Populus
986 5551 1134 5605 quem
1179 5553 1278 5591 non
1318 5541 1527 5608 cognovi
1549 5583 1563 5608 ,
1595 5543 1792 5596 servivit

227 5613 344 5666 mihi
381 5614 550 5688 (Psat.
581 5635 691 5673 xvn
713 5661 729 5684 ,
757 5621 872 5690 45).
907 5623 1196 5693 Accepitin
1241 5628 1451 5684 occulto
1496 5632 1747 5686 annulum
1775 5675 1787 5696 ,

290 5764 304 5795 ¹
339 5774 426 5814 Am.
452 5775 523 5816 Er.
553 5777 602 5819 et
627 5769 793 5832 jlures
815 5779 943 5834 3155.,
969 5777 1246 5830 tetrarchia.

535 5853 760 5914 Sum.
814 5856 1088 5917 Aecusr.
1136 5862 1300 5923 Vlll.

1362 355 1565 411 LIBER
1607 349 1967 412 ViGESlMUS
2001 353 2374 417 SECUNDUS.

3399 375 3505 433 458

1923 472 2118 528 monile
2143 516 2157 538 ,
2183 485 2237 530 et
2253 478 2450 548 virgam
2483 496 2496 532 :
2528 482 2802 538 vocatione
2828 483 3092 556 signatur,
3119 489 3499 558 jnstifleationc

1918 562 2218 634 decoratur,
2239 570 2620 640 glorificatione
2649 577 2932 635 exaltatur.
2965 581 3102 648 Quos
3127 587 3268 640 enim
3297 587 3502 656 prwde-

1917 657 2118 712 stinavit
2140 703 2152 726 ,
2176 661 2292 716 illos
2319 672 2365 717 et
2402 669 2593 722 vocavit
2616 684 2636 722 :
2665 687 2789 741 quos
2831 682 2999 727 autem
3044 678 3262 742 rocavit,
3302 680 3417 734 illos
3454 691 3504 735 et

1908 746 2209 842 iustiﬁcavit
2266 768 2284 806 :
2326 764 2373 808 et
2413 774 2537 825 quos
2573 761 2905 831 justiﬁcarit,
2951 767 3064 822 illos
3103 777 3149 823 et
3197 771 3501 842 glori/ienuit

1918 835 2092 928 (fiant.
2123 856 2238 906 vnt,
2261 843 2371 913 50).
2403 845 2506 902 Sed
2532 849 2665 917 hinc,
2701 863 2754 907 ut
2775 853 2905 918 dixi,
2934 856 3108 912 adhuc
3153 835 3218 914 ιη’
3247 835 3490 928 occulto,

1917 927 2002 980 ubi
2035 927 2093 982 fit
2134 941 2187 986 et
2213 938 2491 1006 conceptio
2531 949 2726 996 sancta:
2765 944 3040 1001 ubertatis.
3070 948 3296 1007 Mittitur
3319 927 3492 1010 autent

1915 1024 2208 1115 promissus
2250 1024 2434 1081 hmdus
2481 1041 2728 1100 tanquam
2775 1039 3071 1105 meretrici,
3097 1041 3280 1098 htedus
3299 1059 3497 1115 expro-

1914 1107 2083 1207 bratio
2125 1117 2362 1183 peccati;
2395 1135 2488 1188 per
2530 1123 2774 1179 eumdem
2805 1126 3177 1188 Odollamitem
3197 1176 3213 1201 ,
3243 1107 3493 1207 tauquam

1911 1201 2272 1273 increpantem
2295 1219 2348 1264 et
2373 1210 2655 1280 dicentem,
2683 1216 2950 1276 Generatio
2968 1226 3252 1294 viperarum
3281 1201 3493 1296 (Matth.

1909 1304 1989 1356 ιιι,
2034 1294 2112 1364 7).
2161 1297 2264 1352 Sed
2317 1316 2420 1354 non
2468 1318 2585 1358 eam
2639 1306 2838 1363 invenit
2881 1318 3082 1380 peccati
3129 1294 3490 1387 exprobratio,

1911 1398 2067 1452 quam
2097 1389 2316 1444 mutavit
2351 1393 2699 1451 confessionis
2737 1402 3056 1458 amaritudo.
3086 1405 3207 1462 Post
3239 1424 3362 1464 vero
3377 1410 3488 1480 jatn

1911 1474 2188 1542 publicatis
2213 1480 2377 1550 signis
2404 1483 2445 1546 ’,
2469 1487 2669 1554 annuli,
2697 1490 2930 1558 monilis,
2953 1503 3008 1548 et
3031 1495 3192 1568 virgae
3211 1539 3228 1566 ,
3260 1474 3394 1556 vicit
3413 1514 3493 1558 te-

1911 1583 2055 1658 mere
2071 1569 2370 1639 judicantes
2389 1575 2622 1646 Judteos,
2646 1585 2992 1655 quorumjam
3016 1603 3296 1658 personam
3324 1593 3493 1651 Judas

1910 1657 2022 1758 ipse
2049 1664 2310 1758 gestabat,
2341 1668 2430 1737 qui
2458 1667 2722 1742 hodieque
2747 1674 2929 1732 dicunt
2955 1693 3060 1734 non
3084 1680 3224 1738 hunc
3249 1699 3366 1740 esse
3397 1703 3491 1758 po-

1908 1750 2089 1818 pulum
2124 1751 2320 1809 Christi
2346 1799 2360 1823 ,
2389 1773 2491 1815 nec
2515 1760 2712 1818 ltabere
2756 1781 2857 1821 nos
2879 1783 3062 1824 semen
3090 1773 3319 1830 Abrahae
3351 1792 3365 1830 :
3397 1750 3494 1834 sed

1908 1841 2126 1908 prolatis
2164 1847 2474 1904 certissimis
2499 1853 2831 1911 documentis
2855 1868 3050 1916 nostra:
3069 1866 3379 1935 vocationis,
3406 1869 3496 1938 .ju-

1907 1931 2259 2002 stiticationis,
2291 1939 2710 2012 glorificationis,
2741 1948 2857 2004 sine
2882 1949 3046 2007 dubio
3069 1931 3488 2026 confundentur,

1907 2035 1960 2079 et
2011 2041 2108 2081 nos
2153 2031 2321 2100 magis
2355 2049 2510 2103 quam
2557 2053 2617 2093 se
2653 2038 2968 2108 justificatos
3007 2060 3126 2104 esse
3165 2051 3490 2110 fatebuntur.

1907 2115 2247 2175 Enucleatius
2275 2121 2388 2179 haec
2413 2135 2467 2180 et
2492 2130 2826 2187 membratim
2855 2136 3084 2204 quodam
3112 2141 3272 2197 modo
3295 2146 3495 2200 articu-

1908 2207 2160 2301 latimque
2184 2223 2452 2272 scrutarer
2476 2230 2637 2291 atque
2661 2223 3003 2295 dissererem,
3029 2243 3286 2301 quantum
3316 2237 3490 2294 inten-

1907 2299 2106 2356 tionem
2139 2319 2307 2360 meam
2341 2307 2596 2367 Dominus
2615 2313 2921 2386 adjuvaret,
2955 2299 3060 2376 nisi
3087 2339 3172 2380 me
3201 2325 3268 2380 ab
3293 2327 3392 2384 hac
3413 2330 3490 2384 Ia—

1907 2389 2200 2490 bpriosiore
2253 2396 2563 2470 diligentia,
2614 2405 2830 2463 finiendi
2877 2409 3035 2482 hujus
3080 2417 3292 2484 operis,
3345 2422 3489 2490 quod

1906 2481 2027 2626 plus
2078 2501 2234 2556 quam
2281 2491 2471 2546 vellem
2518 2494 2627 2565 jam
2677 2481 2959 2568 prolixum
2997 2481 3250 2572 est,cttra
3279 2481 3486 2581 prohi-

1946 2581 2079 2626 eret.

1946 2581 2079 2629 eret.

1975 2664 2201 2767 CAPtJT
2240 2669 2547 2767 CXXXVII.
2579 2679 2824 2738 -—Nunc
2872 2695 3146 2754 peccatum
3201 2690 3362 2748 David
3417 2697 3488 2767 (ll

1908 2754 2034 2828 Reg.
2054 2759 2163 2858 ιιι),
2185 2763 2318 2858 quid
2346 2765 2398 2819 in
2423 2769 2698 2838 prophetia
2728 2775 3122 2846 signiticwerit,
3151 2800 3342 2854 quanta
3367 2754 3490 2858 pos-

1905 2863 2021 2903 sum
2053 2850 2314 2908 brevitate
2353 2860 2728 2932 perstringam.
2759 2864 2981 2922 Nomina
3025 2850 3216 2942 quippe
3263 2850 3382 2946 ipsa
3405 2879 3490 2934 in-

1905 2948 2190 3010 terpretata
2211 2947 2342 3002 satis
2362 2952 2647 3008 ostendunt
2671 2956 2794 3025 quid
2821 2959 2979 3014 etiam
3006 2961 3107 3019 hoc
3139 2965 3331 3022 factum
3356 2987 3491 3039 prae-

1906 3032 2228 3126 figuraverit.
2281 3039 2444 3096 David
2499 3044 2877 3116 interpretatur
2927 3053 3082 3108 Manu
3135 3057 3322 3126 fortis,
3356 3032 3487 3120 'sive

1905 3123 2282 3221 Desiderabilis
2305 3147 2318 3184 :
2339 3140 2394 3188 et
2420 3135 2545 3205 quid
2569 3136 2754 3194 fortius
2771 3141 2950 3198 Leone
2975 3145 3064 3201 illo
3085 3147 3151 3204 de
3174 3123 3486 3221 tribuJuda,

1902 3215 1990 3306 qui
2020 3216 2146 3272 vicit
2185 3221 2441 3278 mundum
2485 3225 2666 3298 (Apoc.
2698 3245 2749 3296 ν,
2777 3230 2956 3302 5)?et
2999 3238 3124 3306 quid
3153 3215 3486 3300 desiderabi;

1903 3305 2004 3362 lius
2025 3307 2149 3376 illo,
2177 3310 2244 3367 de
2294 3311 2401 3382 quo
2443 3318 2698 3386 prOpheta
2738 3320 2900 3388 dicit,
2959 3305 3132 3384 Veniet
3174 3331 3488 3394 desideratus

1901 3401 2131 3494 omnibus
2153 3405 2380 3473 gentibus
2403 3405 2599 3479 (Aggtei
2617 3426 2674 3478 ιι,
2701 3412 2756 3484 8)
2778 3415 2801 3467 ?
2823 3415 3084 3476 Bersabee
3111 3422 3488 3494 interpretatur

1901 3491 2100 3548 Puteus
2133 3497 2390 3553 satietatis
2410 3539 2425 3565 ,
2455 3501 2568 3557 sive
2613 3503 2812 3561 Puteus
2847 3511 3105 3580 septimus
3134 3533 3147 3568 :
3191 3491 3487 3587 quamlibet

1900 3591 2077 3638 autem
2117 3585 2306 3642 harum
2347 3592 2578 3647 nominis
2623 3592 2778 3665 hujus
2823 3585 3316 3673 interpretationum
3349 3611 3400 3665 in
3430 3613 3485 3666 id

1901 3674 2040 3741 quod
2071 3675 2248 3732 dicere
2275 3679 2600 3738 intendimus
2630 3727 2644 3750 ,
2667 3701 3002 3746 assumamus
3021 3736 3035 3758 ,
3064 3697 3194 3752 satis
3215 3704 3480 3772 congruit.

1900 3763 2030 3818 Nam
2065 3774 2119 3820 et
2155 3770 2206 3821 in
2233 3767 2464 3827 Canticis
2506 3775 2834 3832 canticorum
2879 3795 3072 3851 sponsa
3117 3787 3201 3842 illa
3247 3763 3481 3849 Ecclesia

1899 3863 2001 3955 est,
2030 3871 2147 3925 qua:
2171 3869 2387 3915 vocatur
2411 3872 2590 3930 puteus
2630 3882 2778 3937 aqum
2805 3871 2924 3926 vim
2965 3873 3132 3948 (Cant.
3153 3895 3236 3950 (tv,
3268 3881 3355 3955 l5)
3382 3903 3396 3938 :
3429 3897 3484 3940 et

1902 3944 2022 3998 huic
2048 3954 2207 4014 puteo
2228 3953 2508 4018 septenarii
2541 3958 2744 4012 numeri
2770 3944 3044 4020 nomeu‘in
3065 3947 3292 4036 Spiritus
3313 3944 3481 4030 sancti

1899 4036 2280 4106 significatione
2319 4043 2690 4116 conjungitur;
2731 4061 2948 4123 propter
2983 4058 3242 4116 rationem
3286 4064 3480 4124 Pente«

1899 4136 2107 4195 costes,
2137 4147 2242 4201 quo
2266 4133 2351 4187 die
2376 4135 2442 4190 de
2471 4138 2606 4192 coelo
2651 4142 2845 4199 missus
2885 4145 3118 4216 Spiritus
3149 4168 3365 4213 sanctus
3391 4177 3481 4215 vc-

1901 4221 1976 4276 ttit
2007 4223 2138 4295 (Act.
2169 4241 2204 4280 ιι
2226 4266 2241 4293 _.
2277 4227 2414 4299 1-4).
2447 4230 2522 4285 De
2547 4235 2860 4302 septimanis
2889 4242 3028 4295 enim
3059 4257 3305 4305 constare
3331 4269 3481 4307 enm-

1899 4311 2020 4403 tlem
2052 4312 2243 4370 festum
2272 4317 2442 4382 diem,
2472 4320 2653 4376 Tobia:
2693 4341 2902 4397 quoque
2938 4330 3210 4403 Scriptura
3258 4350 3480 4399 testatur

1904 4401 2052 4502 (Tolr.
2075 4420 2140 4470 ιι,
2182 4423 2281 4462 sec.
2318 4407 2505 4502 LXX).
2551 4413 2630 4468 Ad
2667 4417 3009 4490 quadraginta
3052 4401 3241 4483 novem
3274 4444 3474 4502 autem,

1899 4495 2041 4563 quod
2079 4509 2161 4552 est
2197 4501 2392 4568 septies
2431 4511 2676 4573 septem,
2711 4523 2870 4564 unum
2899 4513 3140 4581 additur,
3169 4536 3276 4590 quo
3306 4495 3480 4583 unitas

1897 4589 2318 4644 commendatur.
2352 4592 2407 4648 ln
2436 4593 2537 4650 hac
2560 4599 2765 4655 ratione
2791 4603 2918 4658 vivit
2943 4589 3231 4676 apostolica
3252 4615 3336 4672 illa
3357 4633 3477 4674 scu-

1898 4680 2062 4734 tentia
2095 4698 2107 4734 :
2137 4681 2449 4750 Sit/ferentes
2468 4688 2676 4743 invicem
2702 4692 2755 4745 in
2779 4694 3064 4765 dilectione,
3088 4705 3342 4764 studentes
3371 4729 3471 4766 ser-

1898 4787 2014 4826 vare
2039 4773 2279 4829 unitatem
2298 4779 2506 4846 spiritus
2524 4782 2577 4836 in
2597 4783 2796 4840 vinculo
2826 4791 2964 4856 pacis
2987 4791 3200 4865 (Ep/tes.
3221 4815 3292 4865 tv,
3318 4802 3374 4868 2,
3399 4804 3474 4870 5).

1904 4864 2052 4919 Dono
2079 4865 2257 4937 itaque
2283 4870 2544 4940 spirituali
2567 4915 2582 4940 ,
2617 4874 2716 4931 hoc
2755 4889 2839 4933 est
2877 4864 3207 4956 septenario,
3237 4864 3371 4948 facta
3399 4864 3475 4950 est

1905 4957 2133 5012 liet'lesia
2166 4970 2352 5028 puteus
2385 4964 2640 5019 satietatis
2667 4985 2680 5019 :
2709 4971 2829 5038 quia
2872 4971 3038 5029 factus
3071 4981 3228 5035 estin
3264 4998 3323 5038 ea
3364 4988 3474 5056 [om

1899 5063 2046 5118 aqua:
2063 5049 2286 5106 salientis
2311 5052 2363 5105 in
2397 5053 2548 5108 vitam
2576 5066 2834 5123 teternam,
2865 5079 3020 5131 quam
3051 5069 3136 5137 qui
3165 5049 3410 5129 habuerit
3431 5079 3468 5142 ¹,

1903 5155 2000 5190 non
2026 5140 2156 5193 sitiet
2190 5141 2242 5195 in
2280 5152 2523 5200 aeternum
2554 5146 2730 5220 (Joan.
2765 5167 2850 5218 tv,
2883 5156 2981 5222 Μ,
3013 5157 3123 5227 15).
3171 5160 3326 5219 Urias
3352 5140 3469 5226 vent

1900 5231 1988 5298 qui
2012 5229 2182 5285 fuerat
2207 5234 2425 5289 maritus
2445 5237 2578 5306 ejus,
2601 5241 2726 5309 quid
2756 5243 2894 5296 aliud
2917 5261 3071 5314 quam
3093 5250 3359 5312 diabolum
3386 5277 3479 5316 no-

1902 5322 2060 5376 tuinis
2084 5324 2162 5379 sui
2197 5325 2631 5397 interpretatione
2674 5334 2976 5405 significat?
2999 5340 3158 5410 Cujus
3183 5360 3334 5403 erant
3360 5367 3463 5422 pes-

1903 5413 2038 5468 simo
2067 5415 2311 5488 conjugio
2336 5417 2550 5490 deligati
2577 5436 2765 5476 omnes
2789 5441 2922 5494 quos
2944 5432 3110 5497 gratia
3147 5435 3234 5489 Dei
3267 5413 3470 5509 liberat,

1967 5613 2005 5694 ξ-
2019 5613 2090 5662 sic
2113 5611 2325 5663 nonnulli
2349 5621 2452 5664 Mss.
2480 5628 2586 5685 eum
2612 5627 2710 5668 Am.
2756 5629 2806 5670 et
2844 5627 2915 5670 Er.
2944 5630 2995 5673 At
3019 5630 3124 5676 Lov.
3146 5667 3159 5690 ,
3187 5633 3389 5694 publicis
3410 5651 3463 5688 st-

2133 5742 2184 5786 ρι
2219 5742 2355 5798 MSS"
2399 5751 2538 5802 quem
2583 5754 2664 5804 qm
2715 5742 2948 5795 habuerit.
3009 5749 3227 5803 Refertur
3266 5757 3324 5807 ad
3377 5760 3462 5823 {Ott

1902 5802 2011 5845 tem.

2783 5889 3119 5974 [Quinch
