4052 6420
508 1375 514 1401 α

556 381 659 435 459

554 508 611 553 ut
645 492 878 551 Ecclesia
905 494 1019 546 sine
1050 488 1252 545 macula
1291 494 1341 541 et
1368 499 1495 553 ruga
1520 479 1778 538 Salvatori
1802 476 2019 548 proprio
2044 486 2133 527 co.

555 592 765 659 putetur
809 585 1024 657 (Epltes.
1058 598 1090 637 v
1114 625 1128 649 ,
1151 581 1265 651 27).
1297 576 1452 634 Urias
1483 587 1711 644 namque
1757 572 2138 640 interpretatur

554 658 669 737 Lux
700 696 815 736 mea
842 680 973 735 Dei:
1000 676 1270 732 Chettaius
1293 673 1309 703 ¹
1328 679 1526 736 autem,
1557 666 1829 734 Abscisus,
1859 665 1971 720 sive
1994 658 2138 733 quod

553 776 607 828 in
634 774 855 829 veritate
880 784 986 825 non
1023 766 1164 823 stetit
1195 761 1372 836 (Joan.
1420 776 1509 815 vtu
1536 802 1551 828 ,
1575 758 1690 830 44),
1719 756 1813 814 sed
1846 771 1877 810 a
1905 756 2021 809 luce
2042 767 2134 807 sua

552 878 782 936 superna
808 903 824 928 ,
852 875 1009 932 quam
1057 858 1123 913 de
1179 856 1287 910 Deo
1324 853 1593 920 habebat,
1630 848 1895 921 superbiae
1945 848 2135 902 merito

554 955 793 1010 abscisus
838 960 947 1016 est;
972 950 1088 1004 sive
1116 946 1255 1018 quod
1295 944 1533 1001 cadendo
1560 943 1699 998 veris
1728 940 1927 994 viribus
1956 937 2135 1008 perdi-

554 1049 642 1115 tis,
672 1044 1009 1113 transfigurat
1034 1056 1092 1095 se
1119 1048 1298 1094 tamen
1327 1038 1377 1092 in
1399 1036 1643 1107 angelum
1670 1033 1805 1088 lucis
1831 1030 1893 1115 (Il
1917 1030 2035 1085 Cor.
2058 1045 2134 1095 χι,

557 1137 666 1209 ll),
699 1135 898 1189 audens
928 1132 1101 1187 adhuc
1128 1130 1326 1196 dicere,
1355 1128 1466 1183 Lux
1497 1141 1612 1181 mea
1640 1124 1732 1180 Dei
1750 1132 1851 1178 est.
1883 1122 2019 1192 Ergo
2041 1122 2140 1174 iste

553 1229 765 1299 quidem
812 1225 974 1280 David
1004 1224 1237 1295 graviter
1275 1222 1641 1289 scelerateque
1688 1215 1965 1287 peccavit;
1998 1211 2136 1283 quod

490 1310 520 1387 εξ
553 1319 728 1375 scelus
758 1317 874 1387 ejus
908 1316 1067 1371 etiam
1107 1330 1202 1384 per
1239 1312 1550 1383 prophetam
1584 1311 1724 1365 Deus
1766 1307 1939 1378 arguit
1968 1308 2141 1361 incre—

553 1411 763 1481 pando,
797 1418 850 1464 et
888 1409 1002 1475 ipse
1038 1407 1203 1461 abluit
1243 1402 1594 1476 pmnitcndo:
1636 1409 2003 1455 verumtamen
2047 1398 2139 1453 ille

551 1500 925 1558 desiderabilis
955 1497 1207 1553 omnibus
1249 1495 1532 1566 gentibus,
1556 1491 1823 1548 adamavit
1846 1488 2139 1544 Ecclesiam

552 1609 715 1664 super
753 1599 950 1647 tectum
983 1604 1042 1645 se
1069 1589 1365 1652 lavantem,
1400 1584 1451 1639 id
1482 1594 1564 1639 est
1585 1625 1599 1649 ,
1634 1580 1982 1637 mandantem
2022 1593 2082 1633 se
2110 1594 2139 1632 a

554 1686 799 1742 sordibus
828 1684 1005 1739 smculi
1036 1722 1050 1745 .
1074 1691 1127 1737 et
1152 1679 1367 1734 domum
1392 1677 1588 1731 luteam
1620 1672 1878 1743 spirituali
1901 1682 2141 1727 contem-

555 1779 788 1848 platione
808 1772 1267 1831 transcendentem
1289 1777 1447 1838 atque
1469 1768 1760 1822 calcantem
1784 1780 1797 1825 ;
1822 1770 1875 1817 et
1896 1762 2139 1817 inchoata

554 1883 675 1923 cum
703 1867 790 1921 illa
822 1865 1003 1935 prima:
1032 1860 1400 1918 conventionis
1425 1857 1609 1912 notitia
1631 1896 1646 1923 ,
1676 1862 1797 1924 post
1818 1853 1885 1908 ab
1905 1867 1965 1907 ea
1997 1852 2142 1921 peni-

554 1972 641 2015 tus
666 1968 962 2030 separatum
1006 1955 1273 2011 diabolum
1316 1949 1549 2016 occidit,
1574 1961 1800 2017 eamque
1823 1945 1925 2001 sibi
1954 1959 2142 2015 perpe-

558 2065 647 2108 tuo
672 2051 936 2108 connubio
965 2047 1249 2118 copulavit.
1277 2044 1559 2100 Oderimus
1574 2055 1701 2111 ergo
1727 2048 2020 2109 peccatum,
2047 2035 2143 2091 sed

555 2144 888 2216 prophetiam
930 2158 1031 2195 non
1059 2139 1454 2209 exstinguamus
1481 2153 1493 2189 :
1522 2149 1762 2189 amemus
1802 2132 1947 2186 illum
1980 2130 2141 2184 David

555 2245 808 2308 quantum
837 2233 1095 2289 amandus
1117 2240 1199 2286 est
1218 2272 1232 2295 ,
1264 2230 1352 2300 qui
1382 2243 1477 2283 nos
1505 2242 1533 2280 a
1565 2224 1777 2281 diabolo
1813 2239 1907 2293 per
1930 2222 2139 2277 miSt‘t‘l-

556 2329 792 2385 cordiam
834 2325 1112 2388 liberavit;
1141 2336 1386 2377 amemus
1415 2329 1469 2375 et
1504 2319 1659 2372 istum
1697 2316 1881 2378 David,
1916 2316 2003 2385 qui
2036 2323 2141 2369 tam

556 2434 717 2491 grave
744 2420 796 2474 in
827 2432 885 2473 se
909 2416 1104 2470 vulnus
1143 2412 1436 2485 iniquitatis
1478 2410 1803 2480 paenitentia:
1847 2406 2143 2462 humilitate

557 2513 781 2568 sanavu.
1412 2514 1415 2517 ’
2075 2519 2079 2523 ‘

628 2604 854 2661 CAPUT
893 2598 1220 2657 LXXXVIII.
1250 2628 1322 2639 -—
1349 2596 1463 2653 Jam
1495 2595 1562 2651 de
1600 2593 1884 2649 Salomone
1909 2590 2034 2662 quid
2066 2590 2144 2644 ili-

557 2711 697 2762 cam,
721 2711 877 2764 quem
906 2693 1251 2748 vehementer
1273 2690 1446 2759 arguit
1478 2697 1658 2741 saneta
1687 2685 1956 2754 Scriptura
1981 2696 2140 2753 atque

558 2787 879 2843 condemnat
905 2784 993 2858 (llI
1022 2784 1146 2854 Reg.
1173 2781 1249 2855 χι)
1276 2823 1289 2845 ,
1320 2780 1557 2850 nihilque
1586 2778 1653 2833 de
1692 2777 1997 2848 pmuitentia
2028 2775 2144 2844 ejus

560 2879 644 2933 vel
689 2879 742 2933 in
789 2893 912 2933 cum
956 2875 1281 2944 indulgentia
1324 2872 1417 2927 Dei
1459 2871 1678 2925 omnino
1716 2866 2144 2924 commemorat?

558 2971 668 3027 Nec
712 2968 841 3025 mihi
880 2981 1098 3038 prorsus
1128 2964 1389 3027 occurrit,
1416 2962 1543 3033 quid
1585 2962 1773 3017 saltem
1806 2962 1855 3013 in
1891 2959 2143 3029 allegoria

558 3062 682 3117 boni
710 3059 971 3130 significet
1016 3057 1131 3112 lucc
1160 3054 1274 3125 ejus
1314 3053 1486 3108 ﬂenda
1532 3051 1967 3116 subversio;nisi
2010 3049 2144 3104 forte

560 3156 678 3226 quis
704 3154 846 3208 dicat
870 3152 1120 3206 mulieres
1151 3148 1497 3218 alienigenas,
1526 3160 1750 3216 quarum
1779 3159 1962 3197 amore
1992 3158 2145 3196 exar-

561 3253 734 3309 serat,
764 3243 1061 3312 signilicare
1092 3240 1360 3295 Ecclesias
1384 3238 1579 3291 electas
1612 3236 1677 3290 de
1706 3235 1983 3291 Gentibus.
2016 3234 2144 3288 Pos-

560 3346 641 3391 set
671 3336 773 3390 hoc
798 3334 1022 3389 fortasse
1048 3347 1155 3386 non
1185 3329 1415 3386 absurde
1441 3328 1701 3397 intelligi,
1731 3328 1771 3380 si
1798 3327 1900 3380 illa:
1930 3336 2144 3396 propter

561 3427 900 3482 Salomonem
936 3424 1249 3479 desererent
1281 3421 1411 3477 deos
1444 3434 1570 3474 suos
1593 3460 1608 3486 ,
1637 3426 1691 3474 et
1710 3418 1948 3473 colerent
1978 3418 2141 3472 Deum

560 3519 677 3589 ejus
730 3535 744 3572 :
798 3533 918 3571 cum
959 3530 1089 3571 vero
1133 3516 1247 3585 ipse
1300 3522 1516 3584 propter
1558 3512 1675 3567 illas
1710 3510 1928 3565 olli-tulit
1978 3511 2140 3564 Deum

557 3623 734 3675 suum,
765 3617 818 3664 et
846 3607 1010 3662 coluit
1038 3606 1169 3661 deos
1190 3620 1394 3668 earum,
1428 3618 1532 3657 non
1564 3611 1643 3658 est
1689 3602 1815 3671 quid
1857 3600 1979 3657 inde
2019 3600 2142 3655 boui

561 3703 866 3770 conjectare
904 3699 1191 3769 possimus.
1222 3695 1333 3751 Nec
1366 3704 1541 3750 tamen
1570 3692 1695 3748 nihil
1729 3694 1958 3748 arbitror
1981 3693 2142 3763 signi-

560 3794 755 3857 ficare;
784 3792 877 3847 sed
916 3791 1142 3855 malum,
1170 3789 1307 3845 sicut
1346 3788 1412 3843 de
1454 3802 1620 3843 uxore
1664 3786 1977 3855 liliabusque
2005 3786 2138 3840 Loth

560 3886 810 3939 diximus.
852 3885 1084 3953 Apparet
1113 3881 1254 3936 enim
1282 3881 1334 3935 in
1362 3894 1588 3949 persona
1638 3879 1798 3947 hujus
1837 3878 2142 3933 Salomonis

557 3986 612 4032 et
634 3977 765 4030 mira
799 3975 1132 4036 excellentia,
1154 3981 1208 4029 et
1237 3973 1369 4027 mira
1396 3971 1691 4027 subversio.
1716 3970 1867 4039 Quod
1902 3971 2059 4042 igitur
2089 3970 2140 4025 in

558 4067 650 4121 illo
674 4065 904 4120 diversis
932 4064 1259 4134 temporibus
1285 4063 1508 4129 exstitit,
1539 4064 1690 4133 prius
1714 4062 1930 4125 bonum,
1966 4072 2018 4117 et
2051 4078 2142 4131 po-

560 4158 755 4214 sterius
787 4155 1017 4221 malum,
1048 4155 1151 4210 hoc
1178 4155 1229 4209 in
1268 4154 1501 4208 Ecclesia
1526 4154 1579 4207 in
1612 4154 1712 4207 isto
1742 4153 1913 4206 adhuc
1944 4153 2141 4208 saeculo

558 4250 714 4303 simul
747 4262 855 4302 uno
882 4257 1119 4317 tempore
1146 4246 1463 4301 ostenditur.
1494 4244 1626 4300 Nam
1666 4244 1809 4299 bono
1841 4245 2012 4309 illius,
2048 4245 2140 4299 bo-

556 4352 656 4395 nos
679 4338 960 4401 Ecclesiae;
993 4337 1134 4391 malo
1165 4344 1342 4391 autem
1380 4337 1519 4390 illius
1539 4378 1554 4404 ,
1580 4335 1748 4391 malos
1784 4336 2037 4390 Ecclesiae
2067 4336 2139 4391 si-

556 4430 835 4500 gniﬁcatos
861 4439 988 4499 puto
1018 4446 1031 4482 :
1060 4437 1307 4498 tanquam
1340 4427 1391 4482 in
1420 4429 1618 4482 unitate
1647 4429 1802 4482 unius
1824 4444 1981 4492 arere,
2006 4430 2142 4484 sicut

558 4521 612 4575 in
642 4522 733 4575 illo
762 4535 869 4574 uno
898 4520 1129 4584 homine,
1155 4518 1326 4573 bonos
1356 4519 1405 4572 in
1436 4518 1634 4589 granis.
1669 4519 1835 4573 malos
1866 4521 1916 4571 in
1949 4519 2096 4588 palea
2122 4535 2136 4585 ;

556 4622 615 4667 ut
640 4613 690 4666 in
713 4612 913 4666 unitate
943 4610 1098 4665 unius
1120 4610 1344 4681 segetis,
1373 4609 1545 4665 bonos
1579 4611 1629 4663 in
1660 4610 1853 4672 tritico,
1887 4610 2055 4665 malos
2088 4610 2137 4665 in

556 4707 771 4761 zizaniis
794 4704 1003 4771 (Matth.
1037 4720 1114 4770 ιιι,
1151 4703 1239 4769 I2,
1266 4712 1314 4758 et
1334 4719 1453 4769 xm,
1483 4701 1595 4771 50).
1628 4701 1679 4757 Si
1708 4700 1831 4771 quid
1857 4701 1981 4756 hinc
2009 4717 2138 4758 sane

557 4796 643 4852 his
668 4814 785 4868 qua:
815 4797 881 4852 de
928 4797 1018 4851 illo
1047 4796 1243 4865 scripta
1275 4802 1400 4848 sunt
1422 4793 1731 4864 diligentius
1760 4795 2095 4863 pertractalis
2116 4835 2131 4858 ,

555 4891 656 4946 sivi
701 4890 861 4955 mihi,
893 4890 1006 4945 sive
1044 4888 1371 4944 doctioribus
1408 4894 1564 4955 atque
1604 4885 1943 4951 melioribus,
1994 4885 2138 4940 aliud

561 4983 890 5052 probabilius
931 4981 1143 5036 elucere
1183 4979 1446 5049 potuerit,
1476 4992 1617 5037 nunc
1658 4985 1833 5031 tamen
1872 4992 1975 5031 non
2022 4992 2137 5030 eam

558 5089 673 5129 rem
722 5074 791 5127 ita
836 5071 1133 5126 dimisimus
1158 5111 1172 5133 ,
1203 5078 1263 5123 ut
1297 5068 1646 5123 intentionem
1679 5076 1913 5123 nostram
1956 5069 2008 5123 in
2035 5069 2136 5123 alia

555 5173 959 5237 properantem,
988 5171 1235 5233 tanquam
1280 5160 1574 5231 interrupta
1604 5160 1771 5216 series
1786 5160 2139 5215 contextionis

557 5256 831 5326 impediat.
1280 5260 1285 5271 ‘

626 5346 851 5401 CAPUT
881 5343 1241 5400 LXXXIX.—-
1277 5342 1351 5396 De
1378 5340 1515 5397 Osee
1534 5348 1709 5397 autem
1734 5341 2014 5412 propheta,
2034 5356 2138 5395 non

556 5452 585 5488 a
613 5451 700 5491 me
726 5451 858 5504 opus
884 5446 963 5490 est
987 5435 1088 5490 dici
1121 5433 1242 5504 quid
1271 5432 1354 5487 illa
1377 5431 1546 5502 jussio
1575 5431 1837 5487 factumve
1858 5431 2136 5501 signiticet,

558 5526 701 5595 quod
730 5526 863 5581 dixit
902 5526 1157 5580 Dominus
1199 5524 1262 5578 ad
1309 5521 1476 5587 Osee,
1531 5520 1704 5590 Vade,
1754 5530 1797 5575 et
1844 5522 2013 5591 accipe
2053 5521 2140 5575 tibi

556 5633 767 5685 uxorem
797 5616 1140 5690 fornicationis
1163 5657 1177 5683 ,
1208 5625 1253 5670 et
1281 5616 1364 5684 [ac
1386 5615 1519 5684 ﬁlios
1543 5614 1604 5669 de
1631 5615 1958 5686 fornicatione
1978 5629 1998 5679 ;
2018 5629 2139 5670 cum

619 5755 640 5788 ι
675 5758 804 5813 Lov.,
834 5749 1070 5815 Hetltazus.
1097 5758 1152 5800 At
1170 5749 1566 5815 Mss.,_chettteus,
1582 5752 1653 5815 uti
1675 5752 1904 5814 scriptum
1928 5757 2003 5800 est
2016 5751 2141 5814 apud

559 5819 668 5865 nx
689 5851 704 5878 ,
726 5823 825 5879 aut,
850 5812 1081 5875 cethatus,
1106 5819 1161 5862 ut
1189 5812 1315 5876 apud
1340 5819 1440 5860 Am.
1468 5820 1518 5863 et
1541 5812 1613 5861 Er.

1374 364 1641 424 CONTRA
1684 356 2011 417 FAUSTUM
2051 350 2505 424 MANICIUEUM,
2545 357 2601 414 S.
2642 357 3009 416 AUGUSTINI

3720 356 3831 412 460

2243 471 2372 525 satis
2397 470 2499 525 hoc
2536 470 2647 540 ipsa
2674 472 2947 542 Scriptura
2975 470 3302 526 demonstret
3329 469 3471 525 unde
3494 479 3549 525 et
3574 483 3740 540 quare
3765 471 3838 524 sit

2242 559 2460 615 dictum.
2510 560 2760 631 Sequitur
2801 564 2984 617 enim:
3021 561 3271 626 Quoniam
3311 561 3567 632 fornicans
3603 561 3839 632 fornica-

2241 653 2376 706 citur
2397 662 2531 706 terra
2570 670 2603 706 a
2632 652 2867 708 Domino.
2904 653 2968 706 Et
2994 650 3144 720 abiit,
3173 661 3219 707 et
3244 653 3434 722 accepit
3462 650 3646 706 Gomer
3671 653 3839 721 ﬁliam

2244 745 2535 811 Debelaim;
2566 756 2611 800 et
2648 747 2908 816 concepit,
2950 756 2997 800 et
3037 747 3224 817 peperit
3271 746 3317 799 ei
3362 746 3546 813 ﬁlium.
3595 744 3662 798 Et
3705 745 3839 799 dixit

2245 836 2490 891 Dominus
2518 837 2586 890 ad
2611 854 2723 890 eum
2746 852 2764 891 :
2801 836 2936 890 Voca
2962 852 3139 890 nomen
3168 837 3279 907 ejus
3296 835 3535 890 Jezraltel
3555 851 3574 899 ,'
3593 834 3841 906 quoniam

2244 927 2409 981 adhuc
2436 928 2715 993 modicum,
2764 937 2809 982 et
2854 927 3063 982 visitabo
3087 927 3381 998 sanguinem
3418 924 3657 980 Jesrabel
3679 942 3841 995 super

2243 1017 2449 1071 domum
2477 1017 2644 1084 Juda,
2674 1030 2720 1072 et
2757 1020 3005 1087 quiescere
3045 1018 3230 1087 faciam
3270 1026 3317 1071 et
3357 1027 3578 1071 avertam
3620 1032 3840 1087 regnum

2244 1111 2420 1165 domus
2448 1110 2630 1165 Israel.
2659 1110 2726 1164 Et
2751 1112 2862 1177 erit,
2887 1112 2939 1165 in
2968 1111 3058 1165 illa
3080 1111 3160 1164 die
3184 1118 3439 1164 conteram
3463 1124 3639 1163 arcum
3667 1108 3841 1163 Israel

2244 1202 2294 1255 in
2322 1201 2451 1256 valle
2468 1201 2725 1257 Jezrahel.
2763 1203 2829 1256 Et
2865 1204 3091 1271 concepit
3115 1201 3284 1256 adhuc
3302 1243 3318 1268 ,
3348 1212 3393 1256 et
3421 1202 3615 1273 peperit
3643 1203 3836 1271 ﬁliam.

2246 1290 2310 1346 Et
2336 1293 2465 1347 dixit
2487 1294 2531 1347 ei
2556 1293 2803 1348 Dominus
2829 1310 2849 1348 :
2876 1292 3013 1347 Voca
3041 1310 3221 1348 nomen
3242 1294 3370 1363 ejus,
3398 1293 3596 1363 Absque
3634 1295 3841 1348 miserio

2244 1386 2417 1440 cordia
2436 1402 2455 1440 :
2475 1387 2591 1456 quia
2608 1402 2707 1440 non
2727 1386 2915 1439 addam
2934 1386 3067 1440 ultra
3100 1386 3322 1439 misereri
3342 1384 3513 1439 domui
3533 1383 3723 1451 Israel,
3748 1387 3842 1441 sed

2245 1477 2488 1533 oblivione
2514 1478 2777 1533 obliviscar
2804 1494 3004 1541 eorum;
3029 1487 3075 1531 et
3098 1478 3271 1531 domui
3290 1474 3321 1530 J
3329 1476 3430 1531 uda
3473 1477 3763 1543 miserebor,
3789 1489 3841 1531 et

2245 1568 2446 1623 salvabo
2461 1585 2544 1623 eos
2560 1569 2612 1622 in
2625 1567 2843 1622 Domino
2856 1568 2964 1623 Deo
2982 1584 3094 1635 suo,
3112 1577 3156 1622 et
3169 1585 3269 1622 non
3289 1568 3491 1622 salvabo
3511 1584 3595 1623 eos
3613 1570 3667 1622 in
3686 1585 3837 1634 arcu,

2245 1670 2291 1714 et
2316 1661 2367 1714 in
2393 1660 2564 1730 gladio
2584 1701 2599 1725 ,
2628 1670 2673 1713 et
2699 1658 2751 1713 in
2777 1658 2938 1726 bello,
2969 1669 3015 1713 et
3039 1660 3091 1713 in
3121 1660 3288 1729 equis,
3319 1669 3365 1713 et
3393 1660 3444 1713 in
3468 1660 3841 1729 equitibus."Et

2244 1753 2511 1806 ablactavit
2530 1768 2641 1806 eam
2666 1766 2778 1823 qua:
2805 1761 2910 1806 erat
2947 1752 3131 1821 absque
3170 1752 3513 1805 misericordia
3533 1793 3549 1816 ,
3574 1761 3621 1805 et
3650 1767 3839 1806 conce-

2246 1847 2352 1915 pit,
2382 1854 2426 1900 et
2452 1846 2641 1917 peperit
2665 1845 2847 1914 ﬁlium.
2880 1843 2949 1898 Et
2977 1844 3103 1897 dixit
3143 1845 3188 1898 ei
3218 1842 3466 1899 Dominus
3492 1860 3511 1897 :
3562 1841 3700 1897 Voca
3740 1861 3840 1898 no—

2247 1956 2357 1992 men
2376 1939 2506 2009 ejus,
2530 1936 2649 1991 Non
2668 1937 2884 2007 populus
2899 1952 3034 1990 meus
3051 1953 3071 2003 ;
3086 1936 3203 2000 quia
3217 1952 3302 1990 vos
3322 1952 3419 1989 non
3440 1935 3657 2005 populus
3673 1952 3837 2000 meus,

2246 2040 2289 2084 et
2312 2048 2400 2102 ego
2426 2047 2527 2085 non
2564 2046 2648 2084 ero
2687 2040 2845 2083 vester
2895 2029 3049 2083 Deus.
3095 2028 3161 2082 Et
3201 2029 3295 2082 erit
3333 2045 3570 2083 numerus
3611 2029 3844 2097 ﬁliorum

2248 2121 2410 2176 Israel
2434 2122 2580 2193 quasi
2606 2137 2761 2175 arena
2789 2121 2944 2175 maris
2963 2163 2977 2187 ,
3004 2135 3118 2191 quae
3139 2122 3247 2174 sine
3272 2136 3507 2174 mensura
3526 2130 3599 2174 est
3617 2160 3633 2185 ,
3663 2131 3712 2174 et
3735 2136 3842 2175 non

2247 2212 2617 2276 numerabitur;
2646 2221 2695 2266 et
2723 2213 2813 2265 erit
2853 2212 2905 2265 in
2936 2213 3076 2277 loco,
3110 2212 3196 2265 ubi
3225 2210 3413 2264 dictum
3441 2219 3512 2266 est
3554 2211 3626 2265 eis
3649 2252 3664 2275 ,
3714 2211 3841 2265 Non

2248 2306 2463 2374 populus
2488 2321 2623 2358 meus
2647 2319 2760 2368 vos,
2794 2304 2985 2357 dicetur
3021 2303 3092 2357 eis
3114 2344 3131 2369 ,
3169 2301 3293 2356 Filii
3320 2300 3417 2356 Dei
3452 2301 3568 2356 vivi.
3614 2302 3679 2355 Et
3717 2318 3843 2356 con-

2246 2394 2585 2466 gregabuntur
2627 2394 2723 2462 ﬁlii
2758 2392 2898 2446 Juda
2924 2402 2973 2448 et
3001 2393 3097 2462 ﬁlii
3126 2391 3325 2458 Israel,
3354 2402 3401 2446 et
3429 2401 3615 2462 ponent
3642 2392 3841 2447 sibimet

2247 2495 2399 2557 caput
2446 2503 2629 2551 unum,
2662 2494 2709 2539 et
2749 2485 3017 2539 ascenderit
3040 2485 3103 2539 de
3129 2494 3298 2551 terra,
3324 2485 3442 2555 quia
3487 2502 3701 2556 magnus
3730 2485 3846 2540 dies

2244 2577 2503 2632 Jezrahel.
2534 2577 2697 2632 Dicite
2722 2578 2962 2649 fratribus
2986 2578 3160 2632 vestris
3178 2619 3192 2642 ,
3224 2575 3458 2647 Populus
3482 2593 3622 2631 meus
3647 2594 3669 2631 :
3685 2587 3734 2631 et
3758 2593 3843 2631 so-

2246 2673 2350 2725 rori
2378 2680 2576 2735 vestrae,
2604 2669 3003 2724 Misericordiam
3030 2678 3294 2724 consecuta
3313 2668 3469 2740 (Osee
3494 2684 3542 2737 ι,
3568 2670 3632 2735 2,
3663 2687 3698 2725 ιι
3716 2712 3729 2731 ,
3760 2671 3838 2740 I).

2245 2764 2377 2820 Cum
2415 2779 2543 2834 ergo
2576 2763 2709 2834 jussi
2739 2772 2791 2818 et
2818 2763 2938 2817 facti
2976 2762 3134 2833 hujus
3161 2763 3379 2833 figuram
3420 2762 3535 2832 ipse
3578 2762 3843 2818 Dominus

2250 2872 2345 2926 per
2386 2856 2628 2910 eamdem
2676 2854 3003 2925 Scriptorum
3046 2854 3321 2909 evidenter
3348 2854 3579 2925 aperiat,
3608 2869 3843 2925 cumque

2247 2948 2551 3018 apostolica:
2595 2946 2809 3001 Littera:
2854 2948 2992 3000 hanc
3034 2944 3370 3016 prephetiam
3413 2946 3734 3015 completam
3786 2945 3841 3001 in

2246 3040 2377 3095 Novi
2406 3039 2729 3096 Testameuti
2757 3038 3132 3107 prmdicatioue
3171 3046 3465 3093 testentur:
3493 3039 3613 3108 quis
3638 3046 3720 3092 est
3746 3039 3840 3108 qni

2246 3131 2439 3187 audeat
2464 3131 2671 3195 dicere,
2702 3146 2807 3184 non
2836 3140 3112 3200 pr0pterca
3134 3129 3341 3199 jussum
3368 3136 3422 3184 ct
3451 3129 3644 3184 factum
3666 3171 3680 3194 ,
3706 3144 3839 3199 pro-

2247 3234 2365 3293 pter
2390 3222 2528 3293 quod
2553 3237 2611 3276 se
2654 3222 2879 3292 jussisse
2906 3230 2959 3275 ct
2988 3221 3307 3291 Pr0pltctam
3348 3219 3573 3287 fecisse,
3620 3220 3733 3288 ipse
3784 3222 3837 3274 in

2248 3314 2443 3370 sanctis
2463 3314 2671 3369 Litteris
2702 3313 2959 3383 quijussit
2978 3312 3239 3382 exponit?
3263 3312 3349 3366 Ait
3379 3312 3518 3365 enim
3545 3311 3839 3381 Aposmlns

2248 3406 2483 3460 Paulus:
2519 3404 2585 3460 Ut
2616 3414 2759 3458 notas
2797 3405 2981 3473 [areret
3023 3404 3222 3457 divitias
3267 3403 3444 3473 gloria:
3481 3418 3588 3457 sua,
3615 3403 3666 3455 in
3715 3418 3841 3455 vasa

2248 3498 2633 3566 misericordia,
2687 3513 2799 3567 quae
2848 3498 3149 3565 praeparavit
3207 3496 3259 3549 in
3323 3496 3570 3565 gloriam;
3620 3511 3746 3564 quos
3791 3504 3842 3548 rt

2248 3590 2434 3643 vocavit
2474 3605 2596 3654 nos,
2629 3606 2728 3642 non
2758 3588 2918 3641 solum
2962 3604 3024 3641 ex
3066 3586 3299 3651 Indicis,
3350 3603 3520 3640 verum
3563 3588 3711 3639 etiam
3776 3602 3844 3639 ex

2249 3679 2487 3735 Gentibus
2507 3681 2667 3735 :sicut'
2684 3689 2728 3735 et
2750 3677 2877 3734 Osee
2897 3678 3033 3743 dicit,
3063 3676 3261 3731 Vocabo
3283 3676 3403 3730 Non
3428 3678 3617 3747 plebem
3648 3694 3838 3744 meum,

2248 3770 2436 3841 plebem
2458 3788 2617 3824 meam
2642 3787 2659 3835 ;
2682 3780 2727 3823 et
2752 3769 2870 3824 Non
2891 3768 3144 3833 dilectam,
3162 3769 3398 3823 dilectam
3422 3784 3439 3822 :
3457 3777 3502 3822 et
3516 3770 3608 3822 erit
3630 3769 3681 3822 in
3699 3768 3836 3832 loco.

2247 3863 2333 3914 ubi
2359 3862 2548 3914 dictum
2586 3872 2658 3915 est
2686 3863 2757 3915 eis
2779 3901 2793 3925 ,
2830 3859 2951 3914 Non
2984 3859 3215 3931 Populus
3242 3876 3381 3914 meus
3404 3876 3534 3925 vos,
3569 3860 3639 3914 ibi
3679 3876 3838 3914 voca-

2247 3951 2433 4005 buntur
2477 3952 2572 4021 ﬁlii
2602 3951 2698 4005 Dei
2723 3952 2818 4005 vivi
2856 3950 3030 4024 (Rom.
3074 3967 3146 4015 ts,
3174 3950 3246 4005 25
3300 3938 3575 4023 26).'Iloc
3599 3965 3730 4021 ergo
3768 3950 3839 4007 de

2248 4043 2508 4099 Gentibus
2549 4044 2925 4114 prophetatum
2963 4042 3156 4097 Paulus
3185 4041 3434 4097 ostendit.
3466 4041 3616 4097 Unde
3644 4051 3698 4095 et
3729 4040 3837 4096 Pe-

2249 4147 2361 4193 trus
2382 4137 2622 4193 scribens
2651 4135 2716 4190 ad
2751 4135 2948 4191 Gentes
2967 4175 2983 4202 ,
3025 4134 3288 4206 Propheta
3320 4133 3533 4205 quidem
3580 4134 3697 4203 ipso
3723 4146 3835 4188 non

2246 4229 2547 4291 nominato,
2580 4226 2912 4297 prophetiam
2944 4235 3121 4280 tamen
3145 4226 3260 4293 ejus
3281 4226 3455 4281 verbis
3483 4226 3593 4280 suis
3622 4226 3836 4292 inserit,

2246 4318 2428 4374 dicens
2458 4335 2472 4371 :
2514 4317 2614 4371 Vos
2638 4327 2802 4370 autem
2828 4332 2985 4388 genus
3007 4316 3245 4382 electum,
3270 4317 3439 4387 regale
3460 4317 3834 4384 sacerdotium,

2245 4426 2366 4481 gens
2404 4418 2610 4476 sancta,
2654 4408 2868 4479 papulas
2905 4408 3282 4474 acquisitionis,
3336 4421 3435 4476 quo
3475 4408 3682 4460 virtutes
3722 4407 3838 4475 ejus

2244 4502 2582 4567 annuntietis,
2613 4502 2698 4572 qui
2736 4500 2799 4555 de
2823 4499 3033 4555 tenebris
3057 4515 3143 4554 vos
3183 4499 3368 4553 vocarit
3409 4499 3461 4552 in
3508 4498 3641 4553 illud
3666 4497 3839 4551 aduri.

2245 4596 2402 4650 rabile
2440 4596 2608 4650 lumen
2636 4609 2781 4648 suum
2807 4609 2825 4647 :
2863 4594 2948 4663 qui
2977 4592 3248 4663 aliquando
3272 4608 3374 4646 non
3413 4592 3631 4662 populus
3655 4631 3672 4656 ,
3699 4588 3838 4644 nunc

2245 4698 2415 4743 autem
2454 4686 2670 4757 populus
2697 4684 2836 4749 Dei;
2880 4700 3095 4756 quorum
3142 4682 3419 4755 aliquando
3456 4696 3558 4736 non
3600 4682 3839 4735 misertus

2246 4788 2352 4841 est,
2406 4794 2539 4831 nunc
2586 4786 2754 4830 autem
2780 4776 3038 4829 miseretur
3070 4774 3111 4841 (Ι
3148 4774 3285 4828 Petr.
3337 4789 3408 4841 ιι,
3440 4773 3502 4839 9,
3532 4772 3643 4843 I0).
3697 4772 3839 4827 Hinc

2246 4868 2519 4923 evidenter
2542 4877 2790 4937 apparet,
2822 4866 2961 4937 quod
3004 4882 3098 4935 per
3125 4865 3442 4935 Prophetam
3484 4864 3685 4919 dictum
3711 4873 3799 4920 est
3818 4906 3835 4929 ,

2245 4959 2312 5011 Et
2339 4960 2428 5012 erit
2448 4974 2687 5012 numerus
2714 4959 2937 5027 ﬁliorum
2964 4957 3130 5011 Israel
3154 4957 3298 5027 quasi
3321 4972 3475 5010 arena
3501 4958 3658 5009 maris
3676 4997 3691 5022 ,
3718 4971 3840 5025 quae

2245 5051 2353 5104 sine
2381 5066 2615 5104 mensura
2641 5060 2745 5117 est,
2772 5059 2821 5103 et
2845 5066 2946 5103 non
2972 5050 3349 5112 numerabitur;
3386 5057 3442 5104 et
3463 5047 3608 5118 quod
3636 5062 3837 5103 conso-

2245 5153 2473 5214 quenter
2499 5141 2803 5213 adjunctum
2834 5150 2948 5208 est,
2980 5140 3045 5194 Et
3074 5142 3165 5194 erit
3189 5142 3240 5193 in
3263 5140 3371 5194 loco
3394 5181 3409 5205 ,
3436 5139 3521 5193 ubi
3541 5140 3734 5193 dictum
3762 5148 3840 5193 est

2244 5240 2317 5293 eis
2335 5279 2349 5305 ,
2380 5236 2500 5291 Non
2526 5237 2741 5307 populus
2764 5250 2902 5289 meus
2928 5250 3013 5288 vos
3030 5273 3046 5299 ,
3077 5234 3270 5288 dicetur
3293 5234 3385 5297 eis,
3416 5231 3539 5288 Filii
3569 5231 3665 5286 Dei
3688 5232 3790 5286 vivi
3820 5252 3841 5286 :

2246 5345 2353 5385 non
2379 5329 2597 5385 omnino
2621 5327 2689 5382 de
2715 5326 2805 5380 illo
2831 5324 2988 5380 Israel
3014 5340 3135 5380 esse
3157 5324 3355 5379 dictum
3377 5365 3390 5389 ,
3419 5323 3507 5393 qui
3533 5330 3617 5377 est
3639 5338 3842 5379 secun-

2246 5422 2371 5478 dum
2397 5435 2644 5485 carnem;
2675 5418 2769 5474 sed
2810 5418 2877 5473 de
2919 5418 3012 5473 illo
3036 5417 3104 5472 de
3130 5432 3234 5486 quo
3258 5416 3545 5486 Apostolus
3575 5414 3841 5471 Gentibus

2247 5511 2402 5580 dicit,
2443 5510 2543 5566 Vos
2572 5528 2689 5582 ergo
2711 5509 2928 5565 Abralue
2953 5526 3119 5564 semen
3136 5510 3253 5562 estis
3277 5550 3290 5573 ,
3314 5508 3587 5562 secundum
3614 5509 3839 5578 promis—

2247 5604 2437 5659 sionem
2482 5603 2704 5657 Iueredes
2742 5599 2937 5658 (Galat.
2981 5617 3069 5664 ιιι,
3113 5600 3224 5656 29ὶ.
3274 5598 3377 5658 Sed
3405 5600 3657 5669 quoniam
3687 5608 3743 5654 et
3773 5598 3843 5653 de

2248 5698 2338 5753 illo
2374 5696 2678 5751 Iudaeorum
2702 5696 2717 5726 ‘
2748 5695 2894 5749 multi
2942 5693 3281 5748 crediderunt
3322 5702 3377 5748 et
3417 5692 3673 5748 credituri
3713 5702 3843 5746 sunt

2313 5812 2329 5844 ι
2367 5818 2441 5859 Er.
2467 5815 2518 5861 et
2537 5817 2668 5871 Lov.,
2695 5809 2755 5859 de
2774 5806 2860 5859 illa
2880 5807 3071 5859 Judtca.
3098 5814 3152 5859 At
3171 5814 3299 5872 Mss,
3324 5806 3385 5859 de
3408 5805 3492 5860 illo
3506 5805 3837 5859 Judtaorum:
