4052 6448
261 535 405 606 (nam
448 529 574 589 inde
620 535 776 586 erant
801 535 856 584 et
881 516 1118 598 Apestoli
1139 564 1154 591 ,
1180 521 1307 579 inde
1333 531 1410 577 tot
1437 520 1603 577 millia
1644 534 1763 590 qua:
1790 519 1845 572 in

258 624 556 682 Jerusalem
586 621 855 693 Apostolis
887 620 1087 676 sociata
1131 627 1256 676 sunt
1286 615 1419 689 [Λα.
1447 630 1514 682 ιι,
1545 615 1609 670 41
1638 653 1654 678 ,
1685 621 1730 667 et
1759 627 1841 678 tv,

255 717 309 790 ἢ
327 757 345 783 ,
376 716 504 772 inde
534 715 789 771 Ecclesia:
831 713 899 768 de
923 711 1117 783 quibus
1142 709 1208 764 ad
1238 708 1451 765 Galatas
1484 705 1641 771 dicit,
1681 702 1844 757 Eram

203 845 211 864 η
254 817 421 860 autem
441 808 651 878 ignotus
665 805 796 878 facie
818 803 1056 858 Ecclesiis
1079 801 1276 856 Judtete
1293 813 1406 872 qua?
1435 808 1551 854 sunt
1572 798 1624 852 in
1645 796 1843 851 Christo

254 896 449 970 [Galat.
485 913 534 962 ι,
558 896 652 970 29.]
684 914 698 950 :
731 896 869 951 unde
907 902 960 950 et
988 894 1215 964 lapidem
1243 891 1547 962 angularem
1593 889 1648 944 in
1690 887 1842 943 Psal-

254 990 352 1044 mis
381 989 709 1059 appellatum
739 988 1020 1044 Dominum
1041 984 1219 1058 ~,[Psal.
1246 999 1389 1040 cxvn
1407 1024 1424 1050 ,
1454 981 1547 1055 22]
1575 982 1654 1037 sic
1679 981 1844 1038 inter-

254 1091 517 1152 pretatur,
548 1082 690 1152 quod
718 1081 855 1136 duos
880 1080 1112 1151 parietes
1142 1078 1194 1133 in
1221 1091 1280 1133 se
1309 1078 1426 1147 ipso
1463 1073 1798 1144 conjunxerit
1819 1114 1837 1140 ,

250 1175 674 1230 circumcisionis
695 1174 942 1229 videlicet
967 1182 1022 1228 et
1045 1171 1287 1242 prmputii
1307 1212 1323 1237 ,
1375 1177 1430 1228 ut
1457 1167 1586 1222 duos
1608 1167 1841 1221 conderet

252 1267 302 1321 in
321 1283 378 1320 se
410 1283 573 1320 unum
618 1281 806 1321 novum
837 1265 1087 1318 hominem
1111 1305 1126 1328 ,
1170 1262 1359 1332 faciens
1386 1276 1591 1332 pacem,
1625 1267 1672 1312 et
1698 1275 1839 1312 cont-

250 1366 468 1411 mutare:
494 1365 728 1422 utrosque
745 1356 798 1409 in
821 1371 920 1408 uno
949 1369 1156 1424 corpore
1188 1349 1298 1405 Deo
1318 1393 1332 1419 ,
1357 1366 1446 1420 per
1469 1365 1663 1403 crucem
1686 1349 1842 1401 inter-

230 1443 427 1518 ficiens
443 1449 733 1504 inimicitias
756 1449 809 1502 in
829 1448 1091 1518 semetipso
1116 1487 1130 1511 ,
1171 1453 1218 1500 et
1245 1445 1444 1499 veniens
1477 1440 1838 1513 euangelizarel

250 1559 421 1610 pacein
442 1543 512 1596 iis
545 1544 634 1612 qui
675 1541 825 1613 longe
861 1551 908 1596 et
945 1541 1008 1594 iis
1030 1541 1116 1610 qui
1142 1554 1326 1609 prope,
1351 1537 1406 1592 id
1435 1545 1517 1591 est
1535 1578 1549 1602 ,
1580 1534 1838 1591 Gentibus

243 1634 404 1706 longe
428 1645 485 1691 et
511 1635 709 1690 Judmis
739 1648 935 1704 prope;
985 1634 1092 1704 ipse
1115 1642 1186 1686 est
1225 1635 1359 1686 enim
1387 1645 1489 1700 pax
1512 1637 1685 1683 nostra
1707 1669 1722 1694 ,
1752 1628 1837 1697 qui

249 1729 362 1797 fecit
390 1737 606 1791 utraque
629 1743 788 1780 unum
807 1724 1019 1798 [ΕρΙιεε.
1045 1739 1080 1778 ιι
1101 1764 1114 1788 ,
1149 1721 1342 1794 11-22]
1362 1723 1411 1792 );
1443 1720 1632 1776 merito
1655 1727 1710 1774 et
1735 1720 1836 1774 iste

241 1817 544 1888 prepheta,
590 1817 726 1871 ﬁlios
753 1816 888 1872 Juda
936 1827 1139 1884 ponens
1181 1829 1280 1884 pro
1322 1811 1549 1878 Iudaeis,
1594 1821 1650 1868 et
1695 1811 1835 1867 ﬁlios

249 1907 409 1963 lsrael
461 1923 558 1977 pro
587 1905 876 1972 Gentibus,
919 1904 987 1959 Et
1023 1905 1475 1976 congregabantur,
1508 1903 1711 1974 inquit,
1738 1903 1836 1972 ﬁtii

237 1996 384 2051 Jnda
403 2007 451 2052 et
471 1998 568 2067 ﬁlii
589 1996 752 2052 Israel
770 1997 978 2068 pariter,
999 2004 1046 2049 et
1068 2004 1252 2065 ponent
1271 1994 1464 2049 sibimet
1483 2003 1633 2064 caput
1652 2009 1830 2061 unum,

237 2099 290 2142 et
311 2089 587 2142 ascenderit
605 2088 670 2142 de
706 2097 860 2142 terra.
900 2087 1032 2142 Huic
1062 2087 1237 2157 itaque
1261 2086 1556 2157 prophetiae
1581 2092 1689 2141 tam
1715 2100 1832 2140 ma-

245 2180 437 2235 nifeste
468 2181 585 2250 ipso
613 2193 790 2235 rerum
809 2177 1002 2235 effectu
1025 2177 1305 2235 declarans
1319 2219 1334 2242 ,
1356 2178 1595 2248 quisquis
1614 2186 1830 2232 contra-

235 2271 402 2336 dicit,
433 2286 542 2327 non
561 2271 733 2327 solum
761 2271 1084 2342 propheticis
1101 2312 1119 2338 ,
1141 2285 1326 2325 verum
1352 2271 1510 2324 etiam
1527 2269 1831 2337 apostolicis

237 2363 494 2429 Litteris;
523 2377 621 2419 nec
643 2363 814 2418 solum
841 2363 1170 2432 quibuslibet
1196 2363 1384 2417 litteris
1404 2405 1418 2426 ,
1451 2376 1634 2416 verum
1669 2362 1829 2416 etiam

235 2456 400 2509 rebus
426 2454 660 2524 impletis
682 2462 737 2509 et
757 2453 1051 2509 clarissima
1095 2454 1215 2508 luce
1257 2452 1485 2524 perfusis
1504 2493 1517 2517 ,
1549 2452 1830 2522 impuden-

239 2546 446 2601 tissime
471 2545 808 2600 contradicit.
856 2543 1070 2614 Aliquid
1099 2559 1227 2613 ergo
1256 2543 1498 2598 fortassis
1525 2543 1827 2614 diligentio-

237 2638 311 2692 ris
372 2636 683 2707 requirebat
740 2635 1053 2692 intentionis
1104 2635 1256 2690 Iuda:
1309 2635 1533 2701 factum,
1607 2643 1665 2690 ut
1715 2635 1830 2691 haec

233 2727 558 2796 {amicat-ia,
606 2742 727 2798 quae
782 2726 1045 2798 signiﬁcat
1091 2726 1382 2782 Ecclesiam
1429 2726 1497 2782 de
1553 2726 1826 2797 gentilium

239 2821 682 2890 superstitionum
729 2820 1101 2890 prostitutiOne
1144 2819 1460 2884 collectam,
1528 2818 1582 2872 in
1646 2818 1827 2873 habitu

235 2912 481 2966 mulieris
503 2912 647 2967 illius
674 2927 792 2981 qua:
817 2911 1052 2966 Thamar
1073 2910 1336 2980 appellata
1365 2919 1477 2978 est,
1522 2920 1704 2981 posset
1729 2925 1826 2981 ag-

236 3005 431 3059 nosci:
483 3003 572 3059 bic
614 3012 794 3058 autem
837 3017 960 3058 cum
1002 3003 1116 3072 ipsa
1163 3002 1434 3072 Scriptura
1485 3016 1544 3057 se
1586 3003 1824 3071 aperiat,

235 3110 468 3165 cumque
497 3095 874 3164 Apostolorum
903 3094 1322 3149 consonantibus
1350 3093 1568 3148 Litteris
1593 3092 1828 3148 illustre-

240 3196 341 3249 tur,
369 3187 497 3257 quid
530 3186 617 3242 hic
657 3186 880 3241 ulterius
922 3186 1288 3251 immoramur,
1320 3199 1382 3239 ac
1409 3200 1516 3239 non
1538 3184 1648 3253 jam
1677 3184 1825 3240 vide-

233 3293 356 3333 mus
383 3277 528 3349 quod
561 3286 726 3333 restat
750 3277 821 3333 de
861 3276 1062 3333 famulo
1101 3277 1197 3332 Dei
1243 3276 1452 3348 Moyse,
1493 3275 1621 3346 quid
1663 3276 1824 3332 etiam

233 3373 347 3442 ipsa
372 3371 676 3443 signiﬁcent
700 3386 821 3442 qua:
846 3370 1072 3426 Faustus
1095 3370 1330 3440 objecit‘l

307 3465 538 3521 CAPUT
563 3465 748 3520 XC.——
760 3465 910 3533 Quod
938 3464 1080 3520 enim
1103 3463 1317 3518 fratrem
1335 3461 1646 3529 defendens,
1677 3462 1824 3518 occi-

235 3557 316 3612 dit
339 3555 650 3628 Egyptium
670 3597 685 3622 ,
711 3556 880 3611 cuivis
923 3554 1174 3610 facillime
1203 3554 1468 3617 occurrit,
1510 3553 1823 3623 injuriosu

236 3649 391 3703 nobis
448 3651 501 3703 iu
553 3649 652 3703 bac
695 3648 1122 3718 peregrinatione
1167 3647 1436 3702 diabolum
1502 3661 1533 3701 a
1596 3647 1824 3700 Domino

234 3739 452 3794 Christo
495 3738 652 3793 nobis
688 3737 923 3794 defensis
970 3737 1161 3792 occidi.
1193 3736 1348 3803 Quod
1390 3751 1518 3791 vero
1563 3736 1616 3790 in
1663 3751 1823 3791 arena

235 3829 416 3884 obruit
443 3829 826 3899 interemptum
870 3826 1065 3898 (Exod.
1099 3842 1170 3894 ιι,
1203 3826 1296 3897 12)
1322 3867 1336 3890 ,
1379 3826 1716 3884 manifestiun
1743 3835 1826 3880 est

238 3924 351 3992 ejus
373 3923 486 3992 jam
515 3922 849 3976 morticinam
895 3921 1231 3990 praesentiam
1274 3920 1326 3974 in
1369 3921 1448 3974 eis
1491 3920 1688 3985 latere,
1733 3919 1825 3989 qui

240 4030 344 4068 non
375 4014 575 4068 habent
621 4013 815 4067 stabile
853 4009 1280 4066 fundamentum.
1327 4009 1482 4065 Unde
1530 4009 1822 4064 Ecclesium

243 4107 496 4162 Dominus
525 4121 689 4176 super
735 4113 938 4175 petram
968 4104 1224 4168 aediﬁcat;
1257 4113 1312 4159 et
1337 4117 1431 4158 eos
1474 4103 1563 4172 qui
1605 4102 1826 4156 audiunt

241 4199 457 4254 verbum
514 4197 632 4267 ejus
657 4205 712 4252 et
745 4196 943 4252 faciunt
966 4236 982 4263 ,
1038 4202 1312 4266 comparat
1333 4193 1576 4264 prudenti
1601 4195 1712 4248 viro
1735 4192 1826 4262 qui

239 4289 473 4345 mdiﬁcat
511 4288 734 4344 domum
762 4301 912 4342 suam
939 4301 1102 4356 super
1129 4294 1364 4356 petram,
1414 4299 1480 4339 ne
1523 4283 1825 4338 tentationi-

244 4379 342 4435 bus
365 4379 528 4435 cedat
573 4388 628 4434 et
666 4385 918 4434 corruat:
965 4377 1086 4432 illos
1130 4386 1307 4431 autem
1354 4376 1442 4445 qui
1482 4374 1736 4441 audiunt,
1767 4383 1825 4430 et

242 4487 345 4528 non
377 4473 601 4538 faciunt,
623 4478 896 4541 comparat
915 4469 1077 4523 stulto
1097 4466 1384 4523 aediﬁcanti
1403 4481 1564 4536 super
1583 4482 1820 4533 arenam,

237 4563 390 4634 cujus
429 4571 633 4619 tentata
659 4562 885 4626 domus,
923 4560 1077 4615 ruina
1105 4559 1166 4613 lit
1211 4573 1400 4629 magna
1445 4557 1669 4627 (Matth.
1714 4574 1819 4626 vn,

237 4655 445 4728 ιιι-97)..

305 4747 534 4804 CAPUT
546 4745 909 4813 XCl.—Quod
925 4759 1050 4800 vero
1061 4737 1824 4814 exspoliavitEgyptionussn

241 4841 449 4898 Domini
483 4843 579 4897 Dei
624 4843 706 4896 sui
749 4840 948 4911 (Exod.
980 4856 1066 4906 ιιι,
1097 4839 1201 4906 22,
1249 4855 1337 4907 xt,
1369 4839 1436 4904 2,
1481 4850 1529 4893 et
1572 4856 1681 4906 xu,
1717 4842 1821 4910 55,

241 4934 360 5005 36),
411 4934 548 4989 nihil
575 4934 676 4989 nisi
717 4932 1303 5004 justissimejubentis,
1349 4932 1473 5002 quid
1519 4933 1824 5003 praeﬁgura-

241 5029 407 5093 ‘verit,
463 5028 574 5098 jam
625 5027 682 5084 in
728 5027 1044 5097 quibusdam
1085 5027 1264 5090 libris,
1307 5042 1442 5097 quos
1483 5027 1551 5082 de
1575 5027 1822 5082 Doctrina

241 5117 536 5173 Christiana
565 5118 887 5189 prmnotavi,
917 5127 1170 5187 quantum
1217 5118 1346 5170 mihi
1371 5125 1496 5172 tunc
1541 5118 1816 5186 occurrit,

241 5226 324 5265 tne
348 5212 534 5268 recolo
571 5210 814 5280 posuisse
855 5208 990 5280 (Lib.
1011 5209 1074 5275 2,
1118 5225 1232 5277 cap.
1263 5208 1354 5279 40)
1380 5225 1393 5262 :
1424 5207 1566 5278 quod
1595 5222 1728 5263 auro
1767 5215 1824 5264 et

247 5315 458 5372 argento
477 5311 534 5358 et
557 5309 707 5357 veste
725 5300 1096 5372 Egyptiorum
1117 5300 1428 5370 signiﬁcata:
1451 5300 1558 5353 sint
1579 5298 1821 5370 quaadam

242 5395 532 5461 doctrinm,
565 5409 684 5464 quae
732 5394 784 5448 in
833 5394 944 5462 ipsa
991 5392 1378 5448 consuetudine
1418 5391 1668 5447 Gentium
1713 5407 1820 5448 non

250 5485 411 5541 inutili
440 5487 618 5541 studio
664 5484 957 5539 discantur.
985 5483 1087 5539 Sed
1115 5483 1228 5539 sive
1257 5483 1360 5538 hoc
1383 5481 1671 5553 signiﬁcet,
1711 5485 1826 5539 sive

251 5576 370 5632 illud
395 5578 538 5650 quod
562 5594 630 5633 ex
657 5578 782 5647 ipsis
805 5575 1062 5633 Gentibus
1089 5577 1282 5631 animae
1308 5576 1555 5646 pretiosa:
1575 5585 1826 5646 tanquam

253 5685 370 5726 vasa
395 5687 556 5727 aurea
582 5680 644 5727 et
671 5682 920 5741 argentea
939 5712 957 5738 ,
988 5685 1108 5725 cum
1131 5670 1242 5725 suis
1270 5670 1450 5740 utique
1474 5670 1810 5741 corporibus,

251 5807 422 5919 agt,
451 5810 515 5861 de
555 5807 638 5858 illo
675 5805 815 5858 Israel
857 5805 1123 5856 secundum
1157 5817 1385 5866 carnem,
1423 5805 1506 5868 qui
1541 5810 1617 5856 est
1644 5799 1829 5856 1υὰωο-

1396 405 1598 464 LIBER
1640 400 2000 460 VlGESlMUS
2033 403 2405 466 SECUNDUS.

3436 413 3542 472 $62

1956 519 2098 588 quod
2124 523 2299 578 vestes
2325 519 2630 593 significant
2646 563 2663 590 ,
2689 521 2982 594 adjungunt
3014 538 3074 579 se
3099 525 3296 595 populo
3321 525 3413 582 Dei
3433 568 3448 593 ,
3482 539 3542 586 ut

1952 610 2110 666 simul
2137 611 2202 668 de
2229 612 2330 668 hoc
2354 613 2550 669 szeculo
2580 623 2828 686 tanquam
2854 614 2921 670 de
2952 615 3184 687 :Egypto
3211 616 3538 686 liberentur;

1951 701 2064 757 sive
2092 703 2194 758 hoc
2217 718 2346 774 ergo
2366 746 2383 773 ,
2411 705 2522 760 sive
2553 705 2686 761 illud
2703 746 2721 772 ,
2751 707 2862 762 sive
2889 707 3088 776 aliquid
3109 707 3253 762 aliud
3279 707 3402 763 hinc
3428 709 3541 766 fus.

1951 791 2022 844 rit
2050 790 2363 862 ﬁguratum,
2403 801 2608 849 eertum
2647 805 2730 851 est
2756 805 2931 851 tamen
2963 798 3039 850 eis
3069 797 3158 866 qui
3185 796 3282 852 has
3311 798 3542 856 Litteras
3651 873 3653 880 ι

1952 881 2038 949 pie
2079 881 2293 952 legunt,
2329 898 2436 938 non
2483 883 2677 940 frustra
2717 901 2892 957 neque
2932 887 3050 942 sine
3096 889 3541 957 prtenuntiatloue

1947 969 2246 1028 futurorum
2272 989 2394 1030 esse
2421 976 2506 1030 illa
2525 975 2672 1046 jussa
2693 1019 2708 1047 ,
2733 977 2868 1034 facta
2885 1020 2902 1046 ,
2928 980 3250 1051 conscripta.

2019 1064 2243 1122 CAPUT
2266 1067 2614 1125 ιαμ-ιω
2640 1085 2799 1140 porro
2817 1072 2884 1128 de
2905 1073 3057 1130 bellis
3073 1091 3192 1146 quae
3209 1091 3304 1146 per
3318 1077 3538 1149 Moysen

1943 1165 2094 1226 gesta
2117 1168 2277 1224 sunt,
2305 1160 2463 1216 nimis
2490 1162 2704 1232 longum
2734 1173 2818 1218 est
2861 1165 3038 1219 omnia
3067 1175 3412 1235 pertractare.
3440 1168 3539 1224 Sa-

1947 1247 2016 1302 tis
2035 1263 2166 1318 ergo
2189 1250 2260 1306 sit
2301 1252 2442 1321 quod
2471 1253 2539 1307 de
2587 1254 2678 1309 illo
2729 1254 2872 1311 bello
2909 1264 3061 1323 gesto
3107 1272 3226 1312 cum
3277 1260 3537 1315 Amalech

1944 1336 2139 1410 (Exod.
2173 1359 2319 1411 xvu,
2345 1343 2554 1418 8-16),
2579 1347 2688 1417 jam
2715 1349 2962 1418 superius
2988 1349 3038 1404 in
3068 1349 3170 1405 hoc
3201 1351 3316 1420 ipso
3345 1367 3532 1422 opere,

1943 1447 2048 1502 quo
2075 1434 2271 1490 Fausto
2311 1438 2644 1508 respondeo,
2683 1449 2938 1509 quantum
2979 1441 3106 1495 satis
3154 1458 3250 1510 pro
3286 1454 3538 1513 suscepto

1941 1524 2156 1594 negotio
2182 1526 2480 1595 videbatur,
2508 1530 2634 1600 quid
2664 1532 2958 1601 prophetia:
2987 1533 3331 1600 prmmitteret
3350 1576 3365 1600 ,
3406 1534 3535 1605 quid

1942 1617 2536 1687 mysteriieoutineret,
2584 1623 2827 1693 exposui.
2860 1622 3012 1678 Nunc
3059 1623 3186 1679 illud
3235 1625 3530 1692 videamus,

1940 1706 1994 1761 in
2022 1721 2127 1777 quo
2165 1709 2492 1768 crudelitatis
2518 1714 2702 1768 vitium
2743 1715 2918 1770 solent.
2947 1715 3178 1784 objiccre
3206 1715 3403 1787 Moysi,
3447 1717 3535 1773 vel

1961 1801 2142 1857 nimiu‘
2169 1803 2356 1860 harum
2386 1805 2705 1862 Litterarum
2728 1850 2741 1873 ,
2781 1811 2864 1864 vel
2908 1819 3158 1880 expertes
3183 1811 3423 1866 ninnium
3447 1811 3536 1867 lit-

1940 1903 2169 1950 terarum
2201 1914 2216 1950 :
2243 1896 2382 1966 quod
2405 1898 2617 1968 quidem
2645 1900 2873 1958 Faustus
2903 1917 3006 1956 non
3038 1918 3293 1973 expresse
3318 1906 3530 1975 posuit,

1937 1999 2058 2039 cum
2097 1984 2301 2041 diceret
2325 1988 2465 2058 quod
2493 1989 2728 2045 crudelia
2759 1991 2923 2046 multa
2953 2001 3006 2047 et
3045 1993 3310 2052 mandarit
3350 2005 3404 2050 et
3446 1995 3532 2052 l'e-

1937 2077 2091 2132 ccrit.
2125 2077 2230 2133 Sed
2259 2080 2380 2149 quia
2405 2082 2526 2136 novi
2553 2082 2677 2151 quid
2706 2083 2937 2140 maxime
2961 2094 3016 2140 et
3045 2086 3303 2144 invidiose
3323 2089 3532 2159 jactare

1935 2171 2378 2239 consueverint‘,
2427 2173 2546 2228 idco
2574 2174 2685 2243 ipse
2729 2175 2832 2231 hoc
2876 2181 3326 2247 commemoravi,
3371 2197 3529 2253 supe-

1936 2261 2156 2331 riusque
2197 2262 2408 2318 defendi
2429 2306 2446 2332 ,
2475 2281 2543 2321 ne
2572 2266 2861 2337 quidquam
2892 2269 2946 2322 in
2975 2284 3041 2324 eo
3081 2269 3222 2326 facto
3267 2288 3387 2328 esse
3423 2275 3531 2330 cri-

1934 2353 2114 2419 minis,
2135 2355 2217 2408 vcl
2245 2356 2343 2424 ipsi
2372 2356 2750 2428 Manicbmiqui
2771 2360 2965 2430 corrigi
2993 2361 3223 2429 vellent,
3259 2363 3342 2418 vel
3373 2365 3523 2434 quis-

1933 2459 2093 2515 quam
2115 2446 2250 2501 alius
2274 2447 2646 2518 imperitorum
2673 2460 2766 2504 aut
2806 2452 3087 2522 impiorum
3120 2464 3344 2524 putaret.
3375 2456 3529 2513 Nunc

1936 2546 2112 2592 autem
2143 2537 2270 2606 quid
2314 2539 2474 2594 etiam
2502 2541 2829 2610 prophetica:
2856 2545 3259 2613 signiﬁcationis
3281 2547 3529 2608 habuerit

1937 2630 2310 2698 requirendum
2339 2643 2453 2698 est,
2497 2635 2638 2704 qtunl
2667 2652 2735 2688 ex
2761 2637 2840 2692 eis
2871 2639 3100 2706 multos,
3151 2642 3241 2711 qui
3273 2644 3373 2698 sibi
3402 2644 3528 2702 absr-

1933 2728 2057 2775 cute
2085 2722 2201 2790 ipso
2249 2723 2446 2778 idolum
2476 2725 2869 2783 fabricaverunt
2888 2770 2902 2795 ,
2932 2731 3047 2786 sine
3073 2734 3177 2788 ulla
3211 2735 3524 2806 cujusquam

1934 2814 2342 2869 necessitudinis
2369 2815 2709 2872 distinetione
2736 2820 2894 2884 jussit
2921 2822 3152 2878 interimi
3187 2825 3294 2894 (Id.
3320 2828 3515 2900 xuii).

1933 2901 2112 2958 Facile
2165 2913 2250 2959 est
2307 2917 2366 2960 ut
2416 2906 2742 2978 intelligatur
2804 2911 3077 2968 hominum
3143 2916 3354 2972 illorum
3387 2920 3526 2976 intc—

1932 2994 2316 3062 remptionem,
2371 2997 2673 3067 signiﬁcare
2749 3003 2993 3058 vitiorum
3062 3007 3244 3061 talium
3308 3010 3524 3067 insecu-

1931 3086 2131 3140 tionem
2152 3088 2194 3153 ',
2224 3088 2472 3157 qualibus
2499 3091 2572 3145 illi
2601 3092 2666 3146 ad
2691 3094 2939 3150 emndem
2971 3096 3323 3157 idololatriam
3351 3102 3525 3160 deﬁu-

1931 3186 2142 3233 xerunt.
2175 3179 2229 3232 In
2264 3180 2385 3234 talia
2429 3181 2627 3251 quippe
2673 3185 2796 3239 vitia
2826 3189 3019 3242 saevire
3051 3205 3148 3244 nos
3185 3191 3337 3260 jubet
3375 3193 3527 3250 Psal-

1929 3284 2082 3334 mus,
2113 3285 2234 3324 cum
2277 3271 2448 3327 dicit:
2479 3271 2766 3330 Irascinn'ni
2789 3317 2802 3342 ,
2837 3287 2886 3332 et
2923 3280 3076 3335 nolite
3113 3299 3318 3351 peccare
3349 3284 3520 3356 (Prol.

1929 3375 2018 3426 tv,
2051 3360 2131 3432 F).
2164 3361 2220 3417 In
2248 3363 2370 3418 talia
2399 3365 2520 3420 vitia
2551 3367 2740 3424 saevire
2764 3384 2862 3424 nos
2881 3370 3031 3440 jubet
3051 3373 3368 3443 Apostolus,
3398 3394 3524 3436 cum

1927 3452 2057 3508 dicit
2087 3470 2101 3508 :
2135 3452 2443 3524 Mortiﬁcate
2477 3457 2702 3512 membra
2739 3471 2900 3514 uestra
2937 3479 3052 3533 quae
3092 3475 3209 3519 sunt
3237 3483 3396 3538 super
3417 3480 3521 3524 ter-

1926 3561 2076 3608 ram;
2119 3547 2502 3615 fornicationem
2519 3589 2537 3615 ,
2567 3551 2940 3626 immunditiam
2955 3593 2972 3620 ,
3009 3554 3294 3625 luxuriam,
3337 3577 3522 3616 concat-

1930 3637 2220 3705 piscenliam
2247 3637 2433 3691 malam
2452 3679 2468 3703 ,
2495 3648 2541 3692 et
2561 3641 2826 3696 auaritiam
2845 3684 2864 3710 ,
2894 3659 3008 3713 qua:
3035 3656 3108 3701 est
3131 3648 3517 3706 idolorunuer-

1925 3731 2054 3784 uitus
2083 3729 2296 3802 (Colon.
2319 3747 2376 3786 ιιι
2393 3772 2411 3800 ,
2443 3732 2521 3804 5).

1999 3824 2225 3880 CAPUT
2248 3824 2624 3882 XCIll.—Sed
2652 3829 2778 3898 quid
2792 3831 2893 3886 sibi
2924 3833 3071 3899 velit,
3089 3836 3231 3905 quod
3261 3838 3408 3906 prius
3436 3839 3518 3896 fe-

1914 3918 2032 3982 cit,
2063 3927 2119 3971 ut
2150 3919 2320 3987 ipsmn
2353 3920 2573 3976 vitulum
2615 3922 2736 3993 igne
2760 3925 3142 3992 combureret,
3189 3930 3521 3987 minutatim-

1927 4023 2035 4078 que
2079 4010 2418 4076 concideret,
2465 4022 2520 4065 et
2560 4013 2612 4066 in
2659 4028 2852 4084 aquam
2893 4028 3199 4089 spargeret,
3235 4029 3291 4076 et
3335 4030 3520 4092 potum

1931 4101 2129 4170 populo
2153 4101 2336 4168 daret;
2365 4103 2622 4172 majorem
2644 4104 3000 4162 intentionem
3030 4113 3424 4178 perscrutanda
3446 4116 3523 4170 si-

1927 4194 2283 4264 gniﬁcationis
2329 4195 2567 4265 inquirit.
2612 4197 2667 4252 Si
2711 4197 2852 4252 enim
2903 4200 3140 4266 tabulas,
3181 4217 3315 4273 quas
3353 4205 3520 4277 digito

1932 4285 2061 4352 Dei,
2091 4285 2191 4340 hoc
2217 4296 2301 4340 est
2329 4288 2639 4356 operatione
2656 4288 2886 4358 Spiritus
2911 4293 3116 4359 sancti,
3162 4294 3386 4366 scriptas
3429 4312 3523 4354 ac-

1927 4389 2179 4449 ceperat,
2213 4378 2331 4433 ideo
2381 4377 2569 4449 fregit,
2600 4379 2722 4449 quia
2767 4381 3010 4452 indignos
3057 4397 3154 4438 eos
3191 4387 3385 4455 quibus
3425 4402 3520 4446 eas

1919 4470 2145 4541 legeret,
2161 4470 2440 4539 judicavit:
2459 4473 2504 4526 si
2515 4472 2742 4544 denique
2754 4484 2813 4528 ut
2827 4474 2896 4529 ab
2911 4475 2993 4530 eis.
3002 4475 3091 4532 ille
3102 4478 3298 4535 vitulus
3309 4481 3522 4550 penitus

1929 4563 2250 4629 aboleretur,
2282 4563 2518 4620 incendit
2542 4579 2694 4632 eum,
2740 4566 3022 4629 contrivit,
3048 4569 3100 4623 in
3143 4585 3284 4641 aqua
3323 4577 3524 4644 sparsit

1929 4661 2089 4725 atque
2112 4654 2432 4722 submersit,
2462 4655 2648 4726 utquid
2689 4665 2746 4712 et
2773 4650 2954 4728 potum
2979 4658 3082 4715 huc
3112 4663 3307 4732 populo
3332 4664 3521 4720 dedit?

1927 4747 2096 4816 Quem
2126 4762 2230 4802 non
2253 4748 2449 4803 excitet
2473 4747 2664 4803 factum
2686 4747 2788 4804 hoc
2811 4749 2877 4805 ad
2904 4750 3268 4822 inquirendam
3285 4762 3344 4810 et
3362 4755 3521 4810 intel-

1931 4839 2193 4911 ligendam
2223 4839 2588 4911 propheticam
2615 4840 3051 4910 signiﬁcationem
3073 4844 3096 4896 ?
3115 4843 3372 4899 Occurrat
3391 4860 3520 4915 ergo

1924 4933 2034 5003 jam
2059 4933 2279 4988 intentis
2307 4933 2578 4988 mentibus
2599 4973 2616 5000 ,
2641 4942 2888 5004 tanquam
2915 4934 3109 4989 diaboli
3135 4949 3330 5005 corpus
3358 4937 3411 4990 in
3443 4939 3521 4994 vi-

1931 5025 2073 5091 tulo,
2123 5025 2177 5080 id
2204 5033 2320 5089 est,
2366 5025 2611 5080 homines
2652 5025 2705 5080 in
2733 5025 2982 5081 omnibus
3021 5026 3302 5096 gentibus,
3329 5027 3520 5096 quibus

1929 5117 1996 5172 ad
2019 5117 2134 5172 hazc
2159 5116 2432 5186 sacrilegia
2463 5123 2653 5187 caput,
2677 5116 2780 5172 hoc
2800 5125 2882 5184 est
2899 5157 2914 5181 ,
2941 5127 3128 5172 auctOr
3146 5125 3228 5172 est
3250 5117 3517 5174 diabolus.
3582 5173 3587 5183 ,

1932 5209 2168 5263 Aureum
2209 5216 2525 5277 propterea,
2568 5208 2690 5278 quia
2734 5206 2985 5263 videntur
3031 5207 3346 5263 idololatriae
3385 5212 3533 5268 ritus.

1930 5299 2074 5355 velut
2103 5315 2132 5352 a
2161 5298 2490 5368 sapientibus
2515 5299 2739 5354 instituti
2773 5316 2786 5352 :
2828 5297 2894 5353 de
2922 5298 3113 5368 quibus
3138 5298 3265 5354 dicit
3289 5302 3523 5370 Aposto-

1931 5392 2034 5458 lus,
2053 5390 2306 5456 Quoniam
2331 5400 2683 5462 cognoscentes
2710 5387 2891 5454 Deum,
2919 5405 3020 5442 non
3045 5389 3174 5442 sicu‘t
3205 5388 3371 5444 Deum
3402 5392 3521 5463 glo-

1930 5483 2250 5553 riﬁcaverunt
2269 5526 2283 5548 ,
2308 5493 2398 5538 aut
2425 5485 2613 5554 gratias
2637 5489 2878 5552 egerunt;
2905 5481 2994 5536 sed
3012 5494 3321 5538 evanuerunt
3349 5485 3402 5538 in
3430 5501 3522 5539 co-

1932 5577 2254 5647 gitationibus
2273 5577 2400 5640 suis,
2425 5586 2470 5629 et
2497 5575 2813 5627 obscuratum
2840 5583 2912 5627 est
2937 5575 3181 5645 insipiens
3200 5593 3289 5632 cor
3309 5594 3482 5632 eorum
3500 5590 3521 5632 :

1933 5669 2154 5722 dicentes
2180 5683 2234 5722 se
2260 5683 2364 5722 esse
2387 5666 2638 5736 sapientes
2657 5706 2671 5729 ,
2694 5663 2836 5719 stulti
2856 5665 2978 5737 facti
3006 5675 3153 5736 sunt,
3194 5677 3239 5723 et
3277 5668 3519 5722 immuta-

2002 5799 2018 5829 ι
2053 5799 2125 5846 Sic
2142 5805 2248 5846 MSS.
2276 5795 2389 5843 Edili
2417 5807 2549 5849 vero,
2574 5792 2883 5844 consueverit.

2000 5861 2020 5892 ³
2055 5868 2159 5912 Mss.
2181 5861 2407 5912 omittunt
2429 5858 2649 5922 verbum,
2670 5856 3023 5910 insecutitment.
