4028 6434
525 404 629 461 463

516 524 699 570 uerunt
720 514 935 584 gloriam
957 506 1350 579 incorruptibilis
1382 504 1476 559 Dei
1503 503 1556 556 in
1577 498 1954 556 similitudinem
1979 496 2111 549 imae

526 608 657 677 ginis
684 604 1022 673 corruptibilis
1049 599 1293 662 hominis,
1333 604 1380 650 et
1415 594 1674 648 uolucrum
1696 634 1711 658 ,
1739 601 1785 645 et
1822 588 2114 661 quadrupe-

527 699 646 751 dum
672 740 685 761 ,
714 706 761 751 et
802 695 1106 766 serpentium
1134 690 1307 762 (Rom.
1335 704 1387 752 ι,
1432 684 1652 754 21-25).
1699 682 1778 737 Ex
1818 682 1917 735 hac
1959 678 2111 748 quasi

528 789 783 862 sapientia
817 788 917 843 iste
953 786 1149 840 vitulus
1188 795 1381 837 aureus
1404 822 1418 845 ,
1449 778 1624 849 qualia
1668 776 1911 832 solebant
1946 770 2112 842 Egy-

524 882 760 954 ptiorum
788 881 944 935 etiam
967 876 1065 947 ipsi
1086 874 1339 945 primates
1359 880 1413 926 et
1433 878 1684 939 tanquam
1707 866 1848 921 docti
1871 864 2115 917 homines

526 974 753 1029 adorare
782 972 1047 1041 ﬁgmenta.
1097 966 1210 1021 Iloe
1244 979 1373 1034 ergo
1418 961 1582 1016 vitulo
1635 958 1988 1029 signiﬁcatum
2032 963 2115 1009 est

525 1080 687 1121 omne
710 1076 934 1132 corpus,
971 1058 1022 1113 id
1050 1067 1161 1123 est,
1191 1056 1364 1111 omnis
1400 1053 1629 1108 societas
1667 1049 1953 1105 Gentilium
2000 1046 2114 1099 ido-

524 1150 749 1211 Iolatriae
790 1151 1109 1207 deditorum.
1152 1148 1298 1202 llanc
1324 1144 1633 1213 sacrilegam
1663 1140 1970 1195 societatem
2012 1137 2117 1191 Do-

528 1249 705 1303 minus
730 1244 977 1299 Christus
1004 1242 1097 1295 illo
1140 1240 1261 1310 igne
1290 1236 1583 1300 comburit,
1616 1234 1682 1288 de
1711 1247 1817 1302 quo
1847 1231 1899 1285 in
1937 1231 2114 1285 Evan-

525 1342 665 1414 gelio
686 1340 836 1405 dicit,
861 1338 1039 1408 Ignem
1064 1335 1174 1390 veni
1196 1333 1389 1387 mittere
1407 1331 1459 1383 in
1482 1339 1663 1383 terram
1684 1325 1836 1399 (Luc.
1860 1340 1936 1379 xu
1953 1367 1967 1389 ,
1992 1321 2111 1394 49):

524 1445 585 1489 ut
629 1433 879 1504 quoniam
917 1436 1135 1484 nonest
1163 1426 1250 1497 qui
1293 1440 1352 1481 se
1396 1419 1689 1477 abscondat
1724 1434 1752 1471 a
1797 1418 1974 1472 calore
2000 1416 2117 1484 ejus

529 1528 703 1602 (I’sai.
733 1542 865 1581 xvtu
886 1567 899 1590 ,
931 1524 1017 1594 7),
1049 1522 1173 1577 dum
1204 1521 1258 1575 in
1302 1534 1421 1572 eum
1468 1515 1692 1571 credunt
1726 1512 1925 1568 Gentes
1949 1552 1964 1575 ,
1997 1509 2117 1579 igne

520 1621 736 1678 virtutis
774 1620 890 1689 ejus
915 1615 1173 1673 diabolica
1213 1614 1267 1668 in
1308 1611 1387 1666 eis
1427 1609 1595 1665 forma
1637 1606 1894 1662 solvatur.
1922 1604 2115 1658 Totum

527 1714 721 1771 deinde
748 1728 940 1782 corpus
966 1709 1092 1766 illud
1123 1706 1515 1770 comminuitur,
1547 1701 1599 1757 id
1627 1710 1736 1766 est,
1759 1699 1825 1754 ab
1851 1698 1939 1753 illa
1965 1696 2117 1751 mala:

516 1803 937 1877 conspirationis
972 1800 1289 1856 couﬁatione
1332 1795 1643 1858 discissum,
1679 1789 1845 1846 verbo
1882 1788 2119 1843 veritatis

531 1898 881 1955 humiliatur:
929 1902 983 1949 et
1030 1891 1413 1947 comminutum
1454 1886 1506 1941 in
1547 1899 1738 1955 aquam
1770 1881 2015 1946 mittitur,
2061 1886 2120 1932 ut

534 2005 630 2047 eos
654 1988 910 2044 Israelita:
937 2026 953 2052 ,
1011 1984 1062 2038 id
1107 1990 1220 2049 est,
1257 1977 1529 2049 Evangelii
1594 1974 2003 2047 praedicatores,
2050 1983 2119 2023 ex

531 2081 801 2151 Baptismo
828 2080 878 2133 in
904 2092 995 2131 sua
1036 2074 1307 2139 membra,
1340 2070 1441 2124 hoc
1481 2076 1587 2133 est,
1633 2072 1685 2121 in
1712 2078 1907 2135 corpus
1949 2060 2119 2117 domi-

530 2176 710 2231 nicum
727 2169 1066 2227 transferant.
1086 2166 1323 2234 Quorum
1349 2161 1703 2217 lsraelitarum
1721 2158 1879 2212 Petro
1898 2154 1964 2210 de
1990 2154 2119 2223 ipsis

533 2263 793 2323 Gentibus
820 2259 1017 2315 dictum
1049 2265 1159 2323 est,
1190 2255 1362 2309 Macta
1388 2262 1434 2307 et
1470 2252 1722 2305 manduca
1743 2248 1877 2320 (Aet.
1905 2262 1935 2300 x
1957 2287 1971 2312 ,
2002 2244 2116 2312 13).

528 2357 621 2421 Si,
659 2353 829 2409 Macta
859 2361 905 2405 et
930 2348 1182 2404 manduca
1207 2363 1225 2412 ;
1270 2359 1434 2416 quare
1458 2358 1564 2397 nou
1605 2340 1786 2406 etiam,
1814 2337 2046 2393 Concide
2065 2345 2121 2391 ct

534 2448 695 2503 bibe?
734 2445 809 2501 Ita
855 2445 943 2499 ille
986 2441 1181 2496 vitulus
1222 2454 1317 2509 per
1366 2438 1540 2506 ignem
1580 2434 1679 2488 zeli
1705 2442 1759 2488 et
1783 2432 1949 2485 aciem
1971 2430 2119 2484 verbi

533 2546 589 2596 et
627 2552 819 2609 aquam
864 2532 1153 2604 Baptismi,
1201 2529 1270 2585 ab
1306 2529 1389 2584 eis
1430 2527 1606 2599 potius
1649 2538 1785 2596 quos
1832 2523 2120 2578 absorbere

532 2631 840 2693 conabatur,
870 2627 1149 2694 ahsorptus
1171 2631 1273 2678 est.

603 2718 827 2782 CAPUT
866 2715 1045 2772 XCIV.
1077 2745 1148 2755 --
1170 2714 1224 2769 Si
1268 2726 1395 2781 ergo
1423 2710 1540 2764 haec
1576 2723 1787 2779 quoque
1827 2707 1945 2762 loca
1974 2705 2120 2761 Scri-

536 2822 830 2883 pturarum,
861 2809 928 2863 de
960 2806 1155 2877 quibus
1182 2803 1384 2859 eisdem
1414 2800 1702 2869 Scripturis
1730 2798 2123 2853 calumniantur

539 2903 795 2967 hmretici,
845 2906 1199 2969 perscrutato,
1231 2903 1285 2949 et
1310 2893 1541 2963 quodam
1584 2889 1744 2946 modo
1773 2890 2117 2957 interrogata,

538 3005 739 3067 quanto
766 2991 1013 3046 videntur
1052 2985 1359 3041 obscuriora
1380 3024 1394 3047 ,
1430 2989 1576 3036 tanto
1604 2978 1959 3034 mirabiliores
1988 2977 2041 3031 in
2065 2992 2123 3031 se

540 3086 915 3156 mysteriorum
938 3080 1215 3134 thesauros
1239 3075 1403 3129 latere
1424 3069 1779 3142 respondent;
1802 3078 1999 3138 quanto
2020 3082 2126 3121 ma.

539 3178 621 3249 gis
665 3174 951 3247 impiorum
999 3168 1309 3238 blasphema
1347 3179 1439 3220 ora
1488 3162 1861 3219 obmutescere
1907 3160 2125 3215 omnino

539 3270 771 3334 debent;
803 3282 923 3322 cum
964 3263 1265 3333 oppilantur
1293 3255 1627 3327 apertissima
1655 3254 1910 3319 veritate,
1940 3261 2125 3308 contra

538 3376 695 3434 quam
740 3357 1028 3430 prmfocato
1064 3353 1252 3423 spiritu
1292 3348 1418 3421 quid
1464 3345 1776 3408 mussitent,
1823 3358 1928 3398 non
1974 3344 2125 3434 inve-

544 3432 731 3516 niunt;
759 3458 814 3504 et
842 3448 1046 3503 malunt
1071 3441 1251 3499 miseri
1279 3436 1704 3495 manifestatione
1728 3435 1844 3505 ejus
1863 3449 1987 3489 suas
2012 3432 2127 3487 fau-

541 3560 635 3602 ces
654 3541 911 3605 obturari,
935 3552 1091 3609 quam
1114 3533 1375 3591 suavitate
1397 3537 1578 3601 peetus
1599 3528 1803 3598 impleri
1819 3526 2125 3582 ‘tChristum

542 3638 703 3708 igitur
729 3640 921 3690 sonant
947 3610 1061 3685 haec
1078 3627 1291 3691 omnia;
1318 3632 1477 3693 caput
1500 3622 1627 3676 illud
1651 3620 1791 3691 quod
1812 3620 1919 3689 jam
1949 3634 2131 3673 ascen-

543 3729 621 3783 dit
649 3728 701 3783 in
728 3725 946 3789 etelum,
972 3732 1026 3777 ct
1047 3719 1151 3775 hoc
1173 3733 1366 3787 corpus
1387 3715 1503 3784 ejus
1522 3711 1664 3783 quod
1695 3727 1860 3781 usque
1886 3711 1937 3764 in
1967 3710 2127 3763 ﬁnem

544 3818 755 3873 laborat
793 3815 848 3869 in
893 3823 1071 3877 terra,
1119 3807 1463 3865 scribentium
1512 3803 1740 3858 Litteras
1787 3816 1913 3856 vere
1948 3815 2128 3855 sacras

542 3907 718 3963 omnis
748 3903 1022 3974 parturivit
1044 3900 1302 3956 intentio:
1326 3912 1425 3952 nec
1452 3910 1571 3950 esse
1596 3892 1880 3964 quidquam
1906 3890 2131 3945 creden-

542 4000 670 4054 dum
699 4007 781 4053 est
807 3996 1087 4051 Librorum
1113 3990 1543 4062 prophetieorum
1580 3985 1918 4040 contextione
1941 3998 2129 4037 narra-

547 4103 680 4159 tum,
711 4089 853 4161 quod
881 4101 985 4142 non
1014 4084 1275 4155 signiﬁcet
1301 4080 1497 4151 aliquid
1526 4078 1857 4142 futurorum;
1888 4077 1989 4131 nisi
2010 4089 2130 4146 qua:

546 4184 672 4239 ideo
698 4182 869 4253 posita
908 4185 1064 4242 sunt,
1110 4182 1170 4229 ut
1195 4189 1259 4228 ex
1298 4172 1376 4227 eis
1400 4170 1629 4240 quodam
1656 4169 1815 4223 modo
1844 4169 2131 4237 religentur

549 4291 635 4341 ea,
660 4288 782 4344 qua:
809 4270 959 4327 illum
986 4280 1165 4337 regem
1189 4263 1546 4334 populumque
1574 4261 1712 4329 ejus,
1741 4260 1851 4314 sive
1876 4259 2126 4329 propriis,

550 4370 666 4425 sive
690 4364 925 4437 ﬁguratis
949 4358 1304 4416 locutionibus
1332 4354 1556 4410 rebusve
1576 4352 1952 4425 praenuntient.
1982 4350 2130 4405 Sicut

551 4462 693 4519 enim
720 4461 773 4514 in
798 4456 1015 4512 citharis
1045 4461 1098 4507 et
1124 4448 1486 4521 hujuscemodi
1515 4447 1728 4519 organis
1755 4445 1994 4512 musicis,
2025 4457 2130 4500 non

550 4553 765 4626 quidem
788 4550 965 4606 omnia
995 4562 1113 4617 qua:
1143 4552 1448 4614 tanguntur,
1475 4556 1727 4597 canorum
1756 4540 1951 4611 aliquid
1978 4554 2131 4596 reso-

548 4653 709 4715 nant,
739 4644 834 4701 sed
872 4649 1075 4698 tantum
1106 4638 1354 4705 chordrn;
1383 4646 1572 4693 caetera
1612 4644 1787 4692 tamen
1816 4636 1868 4690 in
1911 4644 2022 4689 toto
2048 4636 2128 4689 ci-

547 4738 717 4795 thara:
745 4748 969 4803 corpore
996 4732 1115 4786 ideo
1147 4729 1394 4785 fabricata
1421 4738 1565 4796 sunt,
1593 4737 1650 4782 ut
1690 4737 1832 4782 esset
1856 4728 1940 4782 ubi
1968 4727 2133 4781 vinci-

545 4838 754 4892 renlur,
784 4823 924 4881 unde
949 4832 1001 4878 et
1027 4838 1131 4893 quo
1173 4820 1519 4875 tenderentur
1558 4820 1678 4883 illm,
1707 4833 1838 4888 quas
1865 4817 1930 4872 ad
1959 4819 2129 4874 canti-

546 4924 687 4979 leme
749 4920 1063 4975 suavitatem
1118 4914 1480 4970 modulaturus
1532 4922 1585 4968 et
1648 4926 1998 4983 percussurus
2050 4921 2132 4966 cst

547 5015 738 5070 artifex
769 5031 782 5068 :
814 5013 888 5067 ita
930 5010 981 5064 iu
1008 5008 1092 5063 his
1118 5006 1438 5078 prephetieis
1467 5004 1879 5070 narrationibus,
1918 5020 2034 5074 qua:
2064 5004 2131 5059 de

546 5108 710 5165 rebus
740 5106 911 5178 gestis
953 5103 1225 5158 hominum
1254 5100 1564 5171 prophetico
1589 5098 1776 5168 spiritu
1805 5098 2128 5169 deliguntur,

552 5208 646 5255 aut
674 5196 869 5267 aliquid
895 5195 1004 5265 jam
1046 5200 1236 5247 sonant
1258 5190 1644 5262 signiﬁcatione
1673 5187 2006 5253 futurorum;
2038 5197 2129 5243 aut

550 5293 598 5348 si
625 5291 756 5347 nihil
786 5290 890 5346 tale
920 5286 1253 5358 signiﬁcant,
1281 5284 1348 5339 ad
1378 5285 1479 5339 hoc
1512 5284 1953 5353 interponuntur,
1983 5292 2043 5338 ut
2064 5284 2132 5338 sit

464 5445 470 5453 ,
550 5379 693 5436 unde
712 5381 798 5435 illa
818 5374 1163 5445 signiﬁcantia
1193 5385 1439 5445 tanquam
1465 5374 1705 5427 sonantia
1726 5381 2125 5429 connectentur.

470 5470 477 5527 ὲ
622 5470 847 5526 CAPUT
870 5468 1028 5524 XCV.
1062 5497 1135 5508 —
1161 5468 1267 5523 llas
1296 5477 1469 5521 autem
1496 5479 1674 5519 rerum
1698 5473 1968 5534 gestarum
1998 5466 2127 5519 alle-

555 5562 760 5635 goricus
785 5561 1139 5625 narrationes,
1176 5561 1220 5615 si
1259 5559 1447 5614 nolunt
1476 5556 1728 5622 hmretici,
1757 5557 1894 5612 sicut
1918 5573 1948 5611 a
1980 5559 2130 5613 nobis

553 5660 911 5724 exponuntur,
942 5652 1181 5721 accipere
1206 5692 1219 5717 ,
1252 5650 1337 5706 vel
1364 5650 1520 5705 etiam
1551 5648 1679 5704 nihil
1708 5664 1832 5715 eas,
1865 5649 1964 5703 nisi
1991 5650 2129 5719 quod

554 5745 768 5817 proprie
796 5752 1023 5811 sonant,
1056 5742 1352 5813 signiﬁcare
1389 5740 1747 5805 contendunt;
1798 5755 1902 5795 non
1946 5750 2028 5795 est
2056 5742 2131 5795 lu-

550 5837 801 5895 ctandum
831 5851 951 5892 cum
977 5834 1297 5903 hominibus,
1318 5833 1406 5903 qui
1428 5832 1628 5900 dicunt,
1654 5831 1770 5888 Non
1793 5832 1930 5902 sapit
1956 5833 2129 5903 palato

1305 390 1576 450 CONTRA
1614 381 1940 444 FAUSTUM
1974 374 2434 449 MANICII/EUM,
2479 383 2536 439 S.
2577 381 2940 441 AUGUSTINI

3697 378 3804 435 ιλιι

2218 507 2360 560 meo,
2393 494 2533 565 quod
2572 510 2761 567 sapere
2802 495 2935 551 dicis
2962 503 3091 551 tuo:
3117 493 3245 550 dum
3272 500 3446 549 tamen
3481 507 3544 549 ea
3567 508 3688 565 quae
3716 492 3806 545 di-

2219 585 2419 641 vinitus
2434 589 2828 659 praecipiuntur,
2854 599 2945 644 aut
2970 604 3146 644 mores
3166 590 3523 659 pietatemque
3542 587 3805 653 formare,

2219 688 2311 733 aut
2337 678 2537 747 aliquid
2580 680 2803 749 ﬁgurate
2829 680 3127 750 signiﬁcare
3154 681 3235 735 vel
3278 680 3563 735 credantur
3604 680 3687 734 vel
3718 679 3805 735 iu—

2220 771 2540 841 tclligantur,
2563 782 2654 827 aut
2680 783 2959 843 utrumque
2986 774 3155 843 potius
3183 788 3338 844 quam
3367 782 3608 828 neutrum
3638 790 3651 826 :
3674 772 3805 828 dum

2216 870 2396 916 tamen
2424 872 2477 917 et
2508 863 2640 933 ipsa,
2669 879 2788 934 qua}
2818 864 3039 934 ﬁgurate
3065 864 3203 919 dicta
3232 864 3313 918 vel
3342 863 3476 918 facta
3503 864 3807 933 intelligun-

2208 962 2326 1017 stur,
2356 952 2423 1007 ad
2453 953 2667 1007 eosdem
2698 968 2875 1009 mores
2898 955 3068 1009 bonos
3098 954 3451 1023 pietatemque
3480 954 3790 1008 referantur:

2220 1044 2297 1099 Ae
2326 1059 2421 1113 per
2460 1044 2560 1099 hoc
2586 1046 2745 1101 etiam
2772 1046 2817 1101 si
2858 1046 3181 1109 Manichazis,
3227 1045 3312 1099 vel
3341 1045 3633 1115 quibusque
3660 1045 3805 1113 aliis,

2217 1135 2286 1190 de
2318 1135 2406 1191 his
2448 1138 2629 1207 ﬁguris
2654 1153 2829 1192 rerum
2854 1148 3121 1206 gestarum
3162 1145 3342 1191 noster
3370 1136 3610 1206 displicet
3640 1137 3809 1195 intels-

2212 1228 2413 1294 lectus,
2442 1229 2527 1283 vel
2557 1230 2712 1295 ratio,
2744 1229 2826 1284 vel
2863 1228 3074 1298 opinio;
3104 1227 3229 1281 illud
3262 1227 3507 1293 sufﬁciat,
3536 1228 3678 1297 quod
3710 1243 3811 1296 pa-

2224 1328 2335 1375 tres
2357 1321 2547 1387 nostri,
2579 1321 2771 1391 quibus
2801 1321 2937 1376 Deus
2965 1319 3208 1390 per-hibet
3237 1320 3387 1374 bona:
3417 1320 3536 1373 vita:
3565 1329 3727 1389 atque
3753 1321 3809 1374 iu

2219 1411 2333 1465 suis
2377 1413 2655 1481 praeceptis
2685 1411 2999 1468 obedientize
3030 1411 3387 1466 testimonium
3413 1453 3428 1477 ,
3459 1427 3521 1467 ea
3565 1413 3813 1468 veritatis

2220 1502 2404 1573 regula
2432 1502 2807 1567 defenduntur,
2839 1520 2957 1573 quae
2987 1503 3087 1557 nisi
3136 1503 3310 1572 pravis
3336 1513 3391 1559 et
3415 1504 3657 1561 distortis
3679 1520 3812 1562 cor-

2220 1594 2376 1649 dibus
2394 1594 2681 1665 displicere
2710 1610 2814 1649 non
2842 1595 3043 1664 possit;
3071 1602 3124 1649 et
3148 1594 3288 1664 quod
3314 1610 3374 1650 ea
3403 1595 3695 1665 Scriptura.
3718 1600 3810 1653 cui

2220 1686 2544 1756 perversitas
2582 1687 2781 1742 erroris
2811 1687 2950 1741 illius
2988 1686 3201 1742 inimica
3244 1697 3356 1752 est,
3402 1688 3453 1742 in
3482 1690 3811 1759 quibuslibet

2221 1777 2499 1833 hominum
2538 1778 2710 1843 factis,
2742 1795 2860 1850 qua:
2904 1780 2987 1835 vel
3036 1779 3266 1836 laudavit
3293 1781 3374 1836 vel
3415 1783 3682 1854 redarguit
3724 1787 3812 1841 vel

2223 1879 2424 1925 tantum
2450 1880 2662 1925 narrata
2690 1871 2842 1927 nobis
2864 1871 3145 1943 iudicanda
3178 1874 3469 1944 proposuit,
3498 1875 3608 1945 ipsa
3638 1877 3814 1933 incul-

2221 1962 2411 2033 pabilis
2436 1963 2856 2033 venerabilisque
2884 1963 3136 2033 persistit.

2222 2100 2232 2105 -
2292 2054 2519 2110 CAPUT
2550 2054 2732 2109 XCVI.
2753 2086 2825 2096 —
2843 2056 2979 2123 Quid
3002 2072 3127 2111 vero
3155 2057 3332 2113 utilius
3352 2069 3507 2129 atque
3535 2060 3814 2117 salubrius

2223 2146 2307 2214 pie
2354 2145 2651 2216 legentibus
2698 2147 2781 2201 vel
2824 2146 3159 2202 audientibus
3201 2147 3319 2203 illas
3359 2165 3535 2205 sacras
3574 2151 3813 2209 Litteras

2222 2237 2426 2290 consuli
2454 2252 2515 2291 ac
2548 2237 2776 2307 prospici
2808 2238 2999 2306 potuit,
3024 2253 3183 2307 quam
3224 2246 3280 2293 ut
3308 2255 3412 2293 non
3443 2240 3612 2295 solum
3644 2243 3697 2297 in
3730 2245 3815 2300 eis

2222 2327 2513 2383 laudabiles
2544 2329 2786 2384 homines
2811 2329 2876 2383 ad
2902 2329 3215 2385 imitandum
3236 2370 3251 2394 ,
3278 2340 3333 2385 et
3359 2332 3816 2401 reprehensibiles

2221 2423 2285 2477 ad
2317 2422 2610 2477 cavendum
2658 2431 3117 2492 prOpouereutur;
3147 2438 3333 2478 verum
3364 2425 3520 2479 etiam
3560 2427 3813 2496 quasdam

2224 2514 2483 2569 honorum
2532 2514 2917 2569 declinationes
2972 2525 3026 2570 et
3082 2515 3259 2585 lapsus
3304 2517 3358 2570 in
3409 2518 3643 2585 malum,
3691 2522 3815 2575 sive

2219 2606 2404 2660 itidem
2452 2606 2628 2660 denuo
2669 2606 2894 2661 correcti
2938 2606 2989 2659 in
3034 2607 3173 2660 viam
3216 2606 3474 2673 redeant,
3505 2610 3621 2663 sive
3673 2612 3815 2665 irre-

2224 2698 2487 2753 vocabiles
2514 2706 2792 2761 maneant;
2824 2706 2877 2751 et
2904 2712 3088 2751 rursus
3114 2698 3355 2766 quaedam
3389 2700 3652 2753 malorum
3684 2717 3815 2755 ntu-

2227 2796 2452 2848 tationes
2484 2802 2535 2846 et
2570 2800 2852 2861 provectus
2878 2792 2929 2845 in
2976 2790 3170 2845 bonum
3198 2833 3213 2857 ,
3246 2792 3357 2847 sive
3382 2795 3778 2861 perseveraturi
3798 2836 3814 2858 ,

2224 2886 2336 2941 sive
2380 2885 2433 2939 in
2476 2885 2693 2953 pristina
2740 2886 2928 2937 iterum
2972 2883 3262 2953 relapsuri;
3293 2894 3347 2938 ut
3377 2900 3550 2955 neque
3583 2886 3714 2955 justi
3764 2888 3817 2941 in

2224 2978 2528 3047 superbiam
2574 2978 2859 3032 securitate
2897 2977 3255 3044 extollantur,
3288 2993 3387 3032 nec
3415 2979 3578 3047 iniqui
3621 2990 3817 3035 contra

2224 3071 2543 3125 medicinam
2566 3070 2938 3139 desjaeratione
2960 3070 3328 3126 obdurentur?
3359 3075 3427 3127 At
3456 3074 3541 3128 illa
3566 3090 3687 3144 qua:
3720 3093 3821 3131 ne-

2223 3178 2329 3232 que
2370 3161 2437 3216 ad
2482 3162 2792 3217 imitandum
2826 3178 3000 3232 neque
3042 3163 3107 3218 ad
3149 3164 3440 3219 cavendum
3469 3165 3606 3223 facta
3637 3168 3821 3225 homi-

2226 3271 2353 3310 num
2385 3256 2688 3326 pertinent,
2734 3264 2788 3310 et
2827 3264 3002 3311 tamen
3031 3260 3083 3312 in
3128 3266 3308 3313 sancta
3350 3259 3621 3330 Scriptura
3650 3279 3819 3333 repeu

2228 3350 2467 3415 riuntur;
2496 3360 2586 3404 aut
2626 3350 2691 3405 ad
2730 3350 2874 3405 illam
2904 3352 3292 3409 connexionem
3324 3354 3494 3424 posita
3521 3368 3664 3418 sunt,
3696 3358 3825 3426 qni-

2227 3441 2325 3495 bus
2353 3441 2722 3495 occasionibus
2746 3441 2811 3495 ad
2839 3458 2926 3497 res
2957 3446 3287 3499 necessarias
3312 3447 3552 3501 veniatur
3574 3490 3589 3513 ,
3629 3458 3727 3501 aut
3754 3466 3825 3503 eo

2230 3532 2345 3601 ipso
2371 3546 2478 3602 quo
2520 3532 2765 3587 videntur
2794 3534 3058 3604 superflua
3083 3576 3098 3601 ,
3146 3537 3274 3589 satis
3299 3536 3619 3600 admonent,
3648 3538 3706 3593 in
3740 3540 3825 3593 eis

2229 3628 2395 3698 qumri
2427 3636 2675 3697 oportere
2702 3630 2939 3699 mystica:
2961 3629 3182 3697 alicujus
3203 3629 3602 3699 signiﬁcationis
3628 3647 3825 3686 oracu—

2230 3721 2361 3775 lum.
2407 3719 2586 3791 Neque
2613 3722 2754 3776 enim
2787 3722 2852 3777 de
2892 3721 2976 3776 his
3015 3722 3161 3776 libris
3202 3723 3486 3793 loquimur,
3533 3724 3584 3778 in
3622 3727 3830 3795 quibus

2233 3813 2395 3877 nulla,
2425 3813 2507 3867 vel
2539 3828 2704 3883 pauca
2735 3828 2797 3867 ac
2824 3828 2926 3867 non
2959 3814 3119 3868 multa
3146 3816 3477 3883 apertissima
3505 3817 3829 3886 prophetico

2230 3906 2421 3975 spiritu
2441 3906 2812 3975 praenuntiata,
2841 3906 2950 3976 jam
2980 3922 3191 3977 quoque
3220 3907 3349 3977 ipsis
3378 3908 3535 3962 rebus
3561 3909 3827 3978 impletis,

2232 3996 2601 4051 auctoritatem
2630 3996 2859 4050 divinam
2891 3997 3197 4052 ﬁdelissima
3222 4006 3275 4053 et
3301 3999 3709 4067 praeclarissima
3735 4016 3833 4055 ve-

2240 4088 2411 4142 ritatis
2440 4088 2557 4142 lucc
2598 4098 2858 4143 testantur
2894 4108 2907 4143 :
2940 4099 3001 4145 ut
3040 4091 3257 4145 omnino
3286 4091 3512 4161 desipiat
3533 4133 3547 4156 ,
3577 4092 3832 4161 quisquis

2234 4193 2329 4233 cos
2366 4180 2633 4249 superflue
2658 4182 2742 4235 vel
2772 4181 2921 4251 quasi
2955 4181 3096 4237 fatue
3141 4182 3344 4237 loculos
3385 4182 3581 4251 aliquid
3628 4191 3825 4249 putat,

2234 4270 2428 4341 quibus
2474 4286 2580 4325 non
2611 4271 2784 4325 solum
2831 4273 3008 4326 omnia
3058 4273 3333 4326 hominum
3379 4272 3834 4344 ingeniorumque

2234 4376 2430 4433 genera
2461 4362 2668 4417 subdita
2701 4362 2862 4426 videt,
2892 4378 3076 4417 verum
3105 4364 3265 4419 etiam
3294 4363 3396 4420 hoc
3424 4363 3491 4417 ab
3520 4364 3597 4419 eis
3620 4366 3834 4434 pradi-

2226 4466 2377 4511 ctum
2408 4455 2554 4524 legit,
2581 4453 2977 4523 perfectumque
3005 4457 3296 4525 cognoscit.

2230 4585 2236 4589 -
2297 4544 2528 4601 CAPUT
2556 4544 2762 4599 XCVII.
2784 4575 2854 4585 ——
2877 4544 3263 4615 Numquidnam
3291 4560 3437 4617 ergo,
3464 4545 3508 4601 si
3540 4548 3835 4616 quisquam

2238 4637 2419 4706 legens
2450 4636 2643 4691 factum
2676 4637 2861 4701 David,
2889 4637 3040 4707 cujus
3067 4653 3186 4691 eum
3218 4639 3447 4693 Domino
3474 4648 3737 4708 arguente
3770 4653 3839 4693 ac

2237 4718 2473 4782 miuahle
2518 4728 2783 4796 pwnituit,
2818 4726 2940 4781 inde
2982 4727 3079 4781 sibi
3107 4727 3172 4780 ad
3206 4728 3531 4796 peccandum
3580 4728 3837 4783 fomitem

2230 4820 2474 4891 prmbeat
2498 4861 2512 4884 ,
2556 4819 2644 4873 illa
2690 4818 2965 4888 Scriptura
2997 4819 3257 4888 culpanda
3297 4829 3407 4883 est;
3438 4835 3499 4873 ac
3538 4836 3643 4873 non
3673 4830 3841 4875 tanto

2235 4912 2475 4967 severius
2502 4912 2591 4965 ille
2630 4909 2982 4976 damnandus,
3014 4921 3212 4980 quanto
3242 4913 3415 4979 potius
3443 4912 3508 4965 ad
3534 4927 3595 4966 se
3640 4914 3842 4969 vulne-

2236 5002 2462 5058 randum
2507 5011 2598 5057 aut
2626 5001 2973 5058 occidendum
3017 5003 3163 5057 abuti
3206 5004 3370 5057 voluit
3394 5019 3456 5058 ea
3502 5020 3580 5068 re,
3610 5020 3739 5074 qua:
3767 5006 3843 5059 ad

2230 5094 2528 5153 sanandum
2559 5094 2991 5163 liberandumque
3015 5097 3313 5165 conscripta
3356 5098 3475 5151 est?
3517 5098 3651 5164 Quia
3680 5100 3845 5153 enim

2238 5186 2481 5243 homines
2510 5188 2563 5242 in
2607 5196 2880 5257 peocatum
2913 5188 3082 5259 lapsi,
3131 5190 3215 5243 vel
3259 5190 3503 5258 superbia
3551 5190 3848 5260 negligant

2238 5280 2564 5351 paenitentia:
2595 5281 2933 5346 medicinam,
2963 5279 3045 5334 vel
3076 5280 3395 5349 recipiendae
3420 5281 3608 5335 solutis
3635 5283 3851 5337 venia:-

2237 5388 2341 5443 que
2369 5373 2735 5441 promerendae
2760 5373 3049 5427 diffidentia
3078 5373 3285 5442 penitus
3312 5386 3556 5443 pereunt,
3585 5375 3653 5429 de
3678 5385 3850 5429 tanto

2236 5467 2353 5520 viro
2377 5465 2678 5534 exemplum
2711 5467 3035 5534 propositum
3064 5476 3164 5531 est,
3192 5482 3300 5537 quo
3328 5477 3586 5521 sanentur
3612 5472 3847 5538 mgroti,

2238 5574 2341 5611 non
2369 5572 2473 5628 quo
2504 5555 2553 5610 hi
2580 5556 2668 5626 qui
2694 5558 2810 5612 sani
2835 5568 2959 5611 sunt
2984 5558 3305 5613 sancientur.
3331 5559 3513 5630 Neque
3538 5560 3681 5614 enim
3718 5578 3855 5617 πιθα

2235 5650 2425 5704 dicina:
2455 5650 2638 5702 vitium
2681 5659 2783 5715 est,
2811 5650 2856 5703 si
2884 5649 2967 5704 vel
2995 5650 3167 5705 insani
3194 5664 3254 5706 se
3294 5652 3460 5722 ipsos,
3491 5652 3576 5707 vel
3608 5654 3857 5726 maligni

2236 5744 2367 5797 alios
2392 5742 2725 5797 ferramentis
2756 5741 3159 5797 medicinalibus
3189 5744 3473 5813 perimant.

2308 5833 2534 5893 CAPUT
2584 5832 2808 5889 XCVIII.
2840 5864 2907 5873 —
2952 5832 3058 5891 Sed
3107 5844 3279 5893 tamen
3326 5834 3377 5891 hi
3424 5844 3604 5906 patres
3655 5841 3856 5900 noslﬁ
