4052 6446
1097 272 1178 283 οσ-κ

264 347 365 405 £85

261 433 576 494 l’atriarebze
602 441 762 506 atque
797 433 1080 504 Pr0phetac
1103 433 1297 505 quibus
1325 441 1428 488 tam
1458 434 1663 488 illustre
1690 433 1845 487 testi-

262 528 493 584 monium
524 526 821 582 sanctitatis
846 535 1005 596 atque
1029 525 1243 596 pietatis
1278 540 1339 580 ea
1367 522 1638 594 Scriptura
1665 521 1846 592 perbi—

261 623 365 686 bet,
394 635 551 690 quam
582 619 737 675 saluti
763 619 986 689 generis
1021 618 1238 674 humani
1280 617 1532 673 divinitus
1572 616 1852 688 dispensa-

259 724 361 768 tam
389 728 497 768 non
525 721 702 783 negat,
737 712 839 766 nisi
866 711 1107 782 quisquis
1131 719 1224 765 aut
1248 727 1367 766 eam
1397 711 1586 776 nescit,
1612 718 1704 765 aut
1729 724 1847 764 om-

257 820 382 860 nem
404 820 622 859 sensnm
650 804 922 858 rationalis
947 802 1388 860 considerationis
1413 804 1608 869 amisit,
1637 803 1846 860 etiamsi

258 897 522 953 libidinosi
548 905 608 952 et
627 897 876 952 crudeles
899 895 1142 961 fuissent,
1166 895 1302 952 sicut
1321 911 1415 952 eos
1434 895 1845 951 Manichteorum

258 1005 430 1055 error,
457 988 543 1044 vel
572 988 746 1044 notius
774 986 924 1042 furor
946 996 1200 1052 accusat;
1227 1001 1404 1042 nonne
1425 986 1583 1041 etiam
1613 986 1710 1053 sic,
1740 1001 1848 1041 non

258 1079 378 1137 dico
403 1080 608 1136 Electis
631 1095 840 1145 eorum,
870 1077 964 1134 sed
993 1079 1110 1148 ipso
1155 1077 1315 1134 etiam
1361 1076 1464 1133 deo
1511 1076 1720 1132 illorum
1748 1075 1846 1131 de-

257 1179 688 1227 monstrarentur
713 1185 835 1226 esse
865 1169 1146 1225 meliores?
1186 1169 1373 1224 Nonne
1401 1168 1593 1224 melius
1619 1175 1703 1224 est
1726 1182 1847 1223 cum

256 1263 444 1330 pellice
471 1260 700 1316 volutari
730 1260 911 1314 virum.
929 1274 1050 1315 cum
1080 1257 1304 1326 femina,
1330 1273 1488 1329 quam
1531 1273 1651 1314 esse
1677 1256 1850 1312 since-

261 1353 530 1406 rissimam
571 1351 746 1407 lucem
785 1358 840 1406 et
883 1349 1160 1406 miscendo
1188 1363 1248 1406 se
1279 1348 1516 1405 tenebris
1545 1347 1849 1419 inquinari?

255 1443 396 1498 Ecce
444 1441 609 1497 homo
637 1441 875 1496 avaritire
915 1456 979 1496 ac
1002 1441 1204 1498 ventris
1246 1456 1405 1496 causa
1449 1455 1666 1496 uxorem
1697 1456 1846 1496 suam

257 1547 503 1589 sororem
543 1533 826 1600 mentitus,
851 1531 904 1588 in
930 1532 1154 1588 aliorum
1183 1532 1520 1588 concubitum
1565 1532 1802 1588 vendidit
1831 1550 1843 1585 :

259 1634 462 1693 quanto
506 1624 598 1680 illc
628 1625 778 1696 pejor
812 1633 868 1681 et
896 1625 1279 1681 exsecrabilior
1322 1633 1444 1693 est,
1471 1626 1561 1696 qui
1604 1635 1846 1682 naturam

261 1731 412 1770 suam
442 1715 513 1769 ad
553 1716 827 1772 libidinem
852 1716 1272 1772 desiderantium
1299 1718 1598 1773 simulando
1635 1729 1850 1789 coapta-

261 1813 390 1866 tam,
423 1805 592 1873 gratis
621 1807 698 1860 eis
722 1805 1064 1876 polluendam
1095 1808 1648 1880 corrumpendamque
1673 1811 1846 1881 subje-

259 1897 371 1951 cit?
399 1896 522 1953 Jam
565 1913 688 1954 cum
727 1897 936 1954 filiabus
963 1900 1051 1970 qui
1089 1899 1250 1955 etiam
1279 1901 1452 1956 sciens
1481 1902 1844 1968 concubuerit,

261 2003 442 2044 nonne
486 1989 666 2044 minus
695 1991 817 2044 mali
846 1999 1152 2061 perpetrat,
1183 2006 1340 2064 quam
1370 1993 1460 2062 qui
1489 1994 1726 2049 membra
1753 2009 1848 2050 sua

260 2080 502 2135 omnium
533 2082 716 2136 talium
761 2082 1109 2152 pejorumque
1138 2083 1518 2155 turpitudinum
1545 2084 1849 2141 libidinibus

257 2171 498 2227 miscet?
527 2172 666 2240 Quid
708 2173 850 2227 enim
882 2173 988 2229 tale
1031 2175 1100 2229 ab
1146 2173 1436 2231 immundis
1474 2175 1848 2247 flagitiosisque

208 2333 212 2338 .
256 2264 630 2329 committitur,
662 2265 752 2320 ubi
777 2281 885 2320 non
911 2265 1044 2321 deus
1067 2275 1266 2334 vester,
1297 2266 1597 2335 Manichtei,
1624 2270 1848 2338 turpitu-

260 2354 474 2409 dinibus
495 2355 744 2410 omnibus
769 2356 1074 2425 polluatur?
1113 2357 1380 2428 Denique,
1426 2361 1471 2413 si
1495 2373 1621 2414 vere
1645 2359 1808 2416 Jacob
1829 2399 1848 2426 ,

259 2453 316 2513 ut
350 2444 429 2499 ait
472 2443 701 2500 Faustus
723 2486 740 2511 ,
783 2446 922 2501 inter
949 2455 1177 2517 quatuor
1203 2463 1397 2504 uxores
1434 2447 1573 2505 foeda
1600 2451 1850 2519 concupi-

262 2536 467 2590 scentia
501 2546 752 2606 tanquam
797 2536 978 2593 hircus
1015 2547 1264 2608 erraret,
1303 2541 1501 2596 nullam
1547 2543 1850 2613 propaginis

256 2642 442 2682 curam
470 2643 686 2698 gerens,
718 2628 812 2683 sed
855 2629 1064 2684 lasciva:
1092 2630 1260 2685 solius
1301 2631 1620 2702 voluptatis;
1649 2642 1848 2702 quanto

258 2719 436 2773 minus
461 2719 628 2774 miser
653 2728 796 2774 esset
819 2718 922 2774 deo
948 2729 1148 2787 vestro,
1177 2721 1268 2791 qui
1291 2736 1397 2776 non
1439 2722 1612 2776 solum
1640 2721 1691 2776 in
1735 2723 1849 2793 ipso

260 2820 315 2865 et
333 2811 386 2864 in
414 2810 537 2880 ejus
567 2820 794 2881 quatuor
819 2811 1079 2866 uxoribus
1103 2825 1264 2866 omne
1285 2811 1411 2867 illud
1437 2812 1667 2868 dedecus
1694 2812 1850 2868 luxu..-

259 2905 354 2959 riaa
383 2913 682 2974 pateretur,
721 2905 972 2960 omnibus
1019 2920 1204 2961 eorum
1235 2905 1550 2976 corporibus
1596 2907 1851 2962 motibus-

259 3013 363 3066 que
401 3005 728 3062 coucretus;
755 2996 849 3052 sed
877 2997 928 3051 in
956 2998 1072 3066 ipso
1110 2997 1280 3063 hirco,
1311 3012 1468 3068 quem
1493 2997 1608 3053 viro
1634 2998 1708 3052 illi
1729 3014 1847 3054 sor-

259 3089 414 3145 didus
461 3089 822 3158 comparavit,
869 3104 1082 3144 omnem
1127 3089 1278 3144 illum
1322 3089 1604 3160 genitalem
1649 3093 1847 3146 ntbtum

259 3179 606 3249 caloremque
654 3177 982 3248 perpetitur,
1015 3187 1070 3233 et
1114 3178 1311 3248 ubique
1359 3177 1500 3250 turpi
1545 3179 1850 3237 conditione

261 3273 578 3343 permixtus,
612 3273 666 3326 in
688 3287 849 3342 capro
874 3271 1250 3338 inflammatur,
1279 3271 1332 3326 in
1356 3286 1514 3341 capra
1535 3274 1846 3340 seminatur,

261 3364 314 3418 in
342 3362 498 3419 bmdo
540 3362 869 3433 generatur?
899 3365 978 3418 Ac
1004 3378 1098 3434 per
1128 3364 1230 3418 hoc
1267 3364 1365 3419 etsi
1395 3363 1558 3420 ludas
1598 3380 1704 3420 non
1732 3374 1850 3420 tan-

262 3467 371 3510 tum
402 3455 723 3521 fornicator,
767 3454 864 3511 sed
891 3455 1050 3510 etiam
1089 3454 1266 3510 sciens
1293 3471 1455 3510 nurus
1480 3470 1590 3510 suae
1617 3455 1851 3512 nefarius

262 3547 554 3602 incestator
581 3547 858 3613 existeret,
892 3546 944 3600 in
989 3547 1130 3602 illius
1159 3561 1370 3617 quoque
1407 3547 1595 3602 incesti
1637 3548 1852 3605 libidine

261 3637 389 3693 deus
415 3646 599 3693 vester
625 3637 872 3703 haereret,
903 3636 1169 3704 sorderet,
1197 3637 1429 3692 arderet.
1479 3639 1641 3693 David
1673 3649 1851 3696 autem

263 3732 554 3803 iniquitatis
570 3732 836 3802 paenituit,
858 3732 1239 3802 quod-uxorem
1257 3733 1584 3790 adamaverit
1600 3735 1850 3801 alienam,

263 3827 544 3894 virumque
593 3824 710 3893 ejus
755 3824 1024 3878 mandarit
1069 3823 1238 3878 occidi
1268 3842 1280 3877 :
1309 3834 1362 3879 at
1398 3841 1526 3880 vero
1562 3825 1721 3880 deum
1763 3824 1853 3882 ve-

263 3926 430 3989 strum
459 3915 676 3986 quando
705 3915 1002 3986 paenitebit,
1029 3914 1170 3985 quod
1205 3930 1232 3968 a
1264 3923 1496 3972 tartareo
1517 3931 1723 3986 genere
1736 3933 1852 3972 ma-

265 4009 471 4063 sculino
496 4022 562 4062 ac
587 4007 844 4063 feminino
866 4008 1164 4077 principum
1192 4007 1530 4063 tenebrarum
1555 4009 1852 4076 adamatus,

266 4115 454 4155 eorum
489 4097 701 4154 libidini
733 4113 828 4153 sua
859 4098 1098 4156 membra
1126 4099 1424 4163 concessit;
1454 4113 1552 4155 nec
1581 4101 1850 4164 maritum,

266 4193 416 4260 cujus
443 4191 727 4262 conjugem
754 4189 1090 4245 adamaverat
1112 4230 1130 4256 ,
1158 4189 1250 4244 sed
1280 4205 1407 4246 suos
1433 4190 1567 4245 filios
1607 4191 1658 4245 in
1685 4207 1851 4246 mem-

264 4279 376 4346 bris
398 4281 731 4344 dmmonum,
757 4293 788 4332 a
817 4279 1008 4349 quibus
1032 4278 1364 4334 daemonibus
1410 4280 1522 4349 ipse
1565 4280 1734 4336 fuerat
1757 4280 1853 4335 ad-

265 4383 498 4436 amatus,
526 4369 761 4426 occidit?
788 4369 896 4426 Sed
923 4370 1022 4424 etsi
1053 4385 1157 4424 non
1181 4370 1516 4440 pmnituisset
1539 4371 1728 4438 David,
1758 4386 1856 4426 nec

263 4464 489 4533 iustitiae
517 4464 804 4520 sanitatem
843 4464 934 4518 tali
963 4463 1226 4518 medicina
1257 4465 1566 4534 recepisset,
1594 4465 1753 4519 etiam
1779 4465 1858 4520 sic

268 4555 372 4612 isto
397 4555 507 4612 deo
535 4554 950 4610 Manichaeorum
979 4555 1170 4609 melior
1193 4555 1502 4610 exstitisset.
1534 4553 1638 4610 Iste
1661 4556 1857 4625 quippe

266 4664 370 4705 uno
401 4647 526 4718 ipso
551 4645 690 4702 facto
715 4655 986 4715 putemus,
1011 4655 1064 4700 et
1082 4644 1202 4699 aliis
1231 4644 1422 4699 talibus
1445 4645 1854 4715 quotquotlibet,

265 4757 426 4812 quam
455 4740 627 4795 multa
654 4754 792 4794 unus
818 4738 978 4794 homo
1002 4746 1186 4808 posset
1224 4737 1538 4804 admittere;
1567 4738 1656 4794 ille
1680 4747 1856 4793 autem

267 4832 318 4890 in
353 4831 615 4888 erunibus
657 4828 896 4886 omnium
924 4829 1118 4883 talibus
1160 4828 1312 4882 factis
1353 4827 1740 4890 commixtione
1767 4827 1858 4884 illa

269 4923 640 4978 membrorum
688 4936 906 4976 suorum
958 4921 1158 4990 turpari
1208 4920 1474 4991 polluique
1503 4920 1854 4977 convincitur.

274 5014 338 5070 Et
359 5014 506 5071 Osee
553 5012 816 5083 propheta
856 5020 1135 5067 accusatur
1161 5026 1192 5065 a
1218 5011 1415 5066 Fausto
1447 5029 1462 5066 :
1492 5011 1582 5081 qui
1611 5011 1656 5066 si
1685 5026 1859 5067 mere—

270 5105 464 5162 tricem
489 5102 636 5174 turpi
661 5102 1093 5171 concupiscentia
1119 5101 1421 5172 captivatus
1452 5100 1753 5156 adamasset
1779 5112 1860 5156 at-

267 5211 370 5266 que
433 5194 724 5262 duxisset,
765 5192 971 5248 animas
1025 5201 1173 5248 certe
1215 5193 1532 5257 amborum,
1581 5200 1636 5246 et
1677 5191 1858 5250 lascivi

269 5288 536 5344 amatoris
551 5329 576 5354 ,
595 5295 651 5342 et
677 5287 946 5343 obscaena:
975 5285 1270 5340 meretricis
1289 5325 1306 5352 ,
1334 5294 1513 5355 partes
1537 5293 1592 5341 et
1618 5285 1856 5343 membra

275 5389 631 5450 naturamque
656 5378 743 5434 dei
765 5377 927 5433 vestri
953 5392 1073 5434 esse
1098 5376 1398 5448 prtedicatis
1425 5395 1439 5432 :
1470 5377 1556 5431 illa
1586 5392 1714 5448 ergo
1743 5393 1859 5434 me.-

276 5473 476 5538 retrix;
508 5469 637 5541 quid
662 5469 806 5524 enim
833 5468 1062 5524 ambiam
1107 5467 1305 5534 verbis,
1348 5475 1404 5524 et
1443 5481 1552 5523 non
1581 5466 1737 5537 plane
1775 5467 1858 5522 dio

274 5564 424 5620 eain?
468 5563 558 5618 illa
595 5561 850 5616 meretrix
895 5569 1038 5616 esset
1079 5559 1210 5615 deus
1253 5568 1448 5616 vester.
1494 5559 1674 5630 Neque
1717 5562 1859 5624 enim

277 5656 497 5726 potestis
543 5653 724 5709 dicere
761 5651 902 5723 quod
949 5659 1158 5706 servata
1200 5659 1358 5721 atque
1400 5637 1704 5719 incorrupta
1750 5667 1860 5707 sua:

275 5748 556 5804 sanctitate
584 5755 808 5812 naturae,
831 5743 908 5798 illi
937 5743 1244 5798 meretricio
1269 5743 1478 5813 corpori
1510 5757 1613 5797 non
1645 5743 1852 5813 ligatus,

278 5839 371 5894 sed
402 5845 751 5905 praesentalus
779 5833 1037 5892 incideret
1065 5851 1079 5890 :
1103 5833 1200 5892 sed
1227 5842 1279 5892 et
1298 5833 1860 5903 inquinatissimacssc

1384 340 1585 398 LIBER
1624 338 1988 402 VICESIMUS
2023 339 2396 402 SECUNDUS.

3428 345 3534 403 406

1957 433 2057 488 ista
2084 437 2323 491 membra
2351 437 2438 493 dei
2479 438 2662 504 vestri,
2710 443 2765 492 et
2789 435 2857 492 ob
2885 436 2989 494 hoc
3012 451 3200 510 magna
3225 440 3536 509 purgatione

1954 524 2190 596 indigere
2215 525 2474 582 fatemini.
2508 527 2604 583 llla
2643 543 2772 600 ergo
2809 529 3064 586 meretrix
3087 571 3104 595 ,
3138 529 3206 585 de
3231 545 3331 600 qua
3361 531 3535 585 homi-

1953 630 2074 671 nem
2119 617 2217 673 Dei
2243 617 2452 675 audetis
2475 634 2731 691 arguere,
2758 620 2890 676 deus
2918 631 3095 676 vester
3123 630 3286 688 esset,
3331 622 3538 677 etiamsi

1954 722 2058 762 non
2086 697 2230 763 esset
2274 708 2328 763 in
2371 709 2562 765 melius
2596 718 2746 766 casto
2787 711 3034 782 conjugio
3059 722 3421 767 commutata:
3448 724 3541 768 aut

1951 800 2000 854 si
2043 815 2149 855 non
2177 800 2361 868 vultis,
2396 801 2707 871 particulam
2751 813 2898 859 certe
2927 803 3012 858 dei
3041 803 3245 868 vestri,
3291 803 3413 860 licet
3443 806 3540 858 mi-

1952 891 2150 947 nimam
2172 933 2189 961 ,
2235 908 2342 948 non
2373 893 2578 963 negatis
2620 893 2765 949 illam
2797 895 3028 950 animam
3076 895 3394 950 meretricis.
3429 895 3540 974 llnc

1951 983 2208 1055 ergojam
2237 985 2429 1040 melior
2453 983 2556 1040 deo
2588 995 2790 1053 vestro,
2823 987 3072 1056 quoniam
3101 987 3213 1056 ipsa
3241 1002 3346 1042 una
3375 1001 3543 1041 mere-

1953 1075 2054 1129 trix
2096 1082 2261 1142 esset,
2313 1076 2404 1132 ille
2434 1085 2612 1131 autem
2637 1077 2942 1133 conditione
2971 1093 3081 1134 suae
3107 1078 3252 1134 illius
3291 1079 3541 1134 commix-

1953 1167 2115 1223 tionis
2145 1169 2397 1224 universo
2439 1169 2623 1240 generi
2663 1168 2998 1224 tenebrarum
3023 1211 3038 1236 ,
3067 1170 3121 1225 in
3151 1169 3399 1225 omnibus
3427 1186 3540 1225 me-

1953 1261 2235 1318 retricibus
2273 1262 2650 1334 prostituitur,
2682 1262 2735 1316 in
2778 1262 3024 1318 omnibus
3051 1261 3278 1334 denique
3303 1263 3539 1318 maribus

1947 1365 2015 1407 ac
2061 1352 2274 1409 feminis
2323 1354 2430 1409 late
2479 1355 2731 1426 varieque
2770 1352 3156 1411 fornicantibus
3199 1365 3253 1412 et
3281 1371 3400 1412 sese
3427 1371 3542 1412 cor-

1952 1443 2341 1512 rumpentibus,
2387 1443 2674 1512 volutatur,
2727 1444 2968 1512 solvitur,
3001 1445 3249 1518 illigatur,
3273 1461 3459 1502 rursus
3486 1448 3538 1502 in

1952 1547 2138 1588 eorum
2168 1533 2358 1590 fetibus
2382 1535 2719 1601 volutandus,
2749 1537 3054 1603 solvendus,
3087 1537 3342 1608 ligandus,
3367 1538 3540 1593 donec

1952 1623 2019 1679 ad
2049 1625 2294 1680 ultimum
2335 1626 2549 1694 globum
2594 1642 2719 1697 pars
2763 1627 3185 1683 immundissima
3225 1629 3310 1684 dei
3340 1629 3537 1696 vestri,

1953 1725 2201 1787 tanquam
2239 1715 2575 1787 inexpiabilis
2621 1719 2876 1774 meretrix
2912 1719 3250 1790 perducatur.
3281 1719 3406 1774 Haec
3437 1719 3540 1774 sci-

1952 1807 2074 1864 licet
2101 1809 2240 1865 mala
2260 1850 2274 1874 ,
2325 1809 2422 1866 has
2451 1811 2834 1881 turpitudines,
2866 1813 2980 1868 hazc
3022 1812 3286 1869 dedecora
3313 1830 3342 1869 a
3371 1829 3541 1867 mem-

1951 1898 2063 1955 bris
2107 1901 2218 1955 suis
2247 1899 2378 1956 deus
2408 1911 2588 1956 vester
2629 1917 2878 1960 amovere
2921 1917 3026 1958 non
3058 1903 3261 1973 potuit,
3290 1911 3343 1958 et
3371 1903 3540 1958 hostis

1954 1991 2202 2048 immanis
2224 1993 2542 2048 necessitate
2577 1996 2884 2065 compulsus
2907 1995 2984 2051 ad.
3001 1996 3100 2050 ista
3130 1996 3405 2067 pervenit:
3441 2012 3538 2052 ne-

1952 2100 2056 2155 que
2079 2086 2220 2141 enim
2255 2089 2419 2156 potuit
2451 2089 2757 2145 interimere
2783 2089 3099 2160 injuriosum
3141 2101 3302 2161 atque
3337 2090 3541 2146 violen-

1953 2187 2086 2246 tum,
2115 2179 2226 2234 suis
2251 2181 2329 2235 vel
2359 2181 2562 2236 civibus
2591 2182 2672 2237 vel
2701 2183 2940 2252 partibus
2968 2182 3148 2239 salvis.
3174 2183 3382 2249 Quanto
3411 2197 3539 2253 ergo

1953 2271 2043 2329 ille
2070 2273 2280 2340 melior,
2311 2273 2400 2344 qui
2434 2273 2612 2330 occiso
2646 2273 2900 2346 Egyptio
2930 2273 3151 2331 fratrem.
3178 2273 3443 2343 defendit,
3474 2275 3540 2330 il-

1953 2363 2179 2433 lazsum,
2223 2381 2382 2436 quem
2427 2367 2655 2421 mirabili
2697 2367 2927 2422 vanitate
2968 2367 3194 2427 Faustus
3227 2369 3435 2440 arguit,
3482 2376 3541 2424 et

1953 2455 2111 2510 deum
2181 2471 2336 2510 suum
2401 2456 2728 2512 mirabiliore
2791 2459 3030 2513 czecitate
3092 2472 3197 2512 non
3263 2457 3538 2528 respicit?

1952 2545 2162 2613 Quanto
2191 2548 2382 2602 melius
2409 2548 2524 2618 ipse
2544 2564 2667 2604 vasa
2691 2565 2853 2604 aurea
2879 2559 2933 2604 et
2957 2559 3207 2620 argentea
3233 2549 3538 2604 abstulisset

1953 2637 2018 2692 de
2042 2649 2198 2707 gente
2229 2637 2825 2711 Egyptiorum,quam
2851 2640 2966 2710 ejus
2993 2640 3230 2696 membra
3257 2639 3538 2710 deprmda-

1952 2738 2101 2782 retur
2135 2744 2267 2798 gens
2312 2728 2687 2784 tenebrarum?
2728 2730 2796 2784 Et
2833 2738 3008 2784 tamen
3054 2745 3173 2786 cum
3202 2730 3398 2786 bellum
3430 2738 3537 2784 tam

1953 2821 2207 2875 miserum
2255 2821 2368 2892 ipse
2419 2821 2724 2891 gessisset,
2755 2821 2991 2877 cultores
3042 2820 3158 2891 ejus
3203 2820 3400 2876 famulo
3441 2820 3538 2876 Dei

1952 2910 2120 2965 nostri
2150 2910 2410 2982 objiciunt
2435 2911 2574 2980 quod
2600 2911 2735 2966 bella
2757 2911 3004 2983 gesserit,
3034 2911 3086 2966 in
3113 2911 3304 2982 quibus
3325 2925 3538 2981 semper

1953 3018 2074 3058 cum
2106 3002 2217 3056 suis
2259 3001 2509 3059 omnibus
2549 3003 2722 3058 victor
2762 3003 2829 3058 de
2875 3002 3117 3058 hostibus
3164 3001 3535 3072 triumphavit.

1953 3094 2042 3162 qui
2074 3093 2268 3164 captivi
2295 3093 2377 3148 vel
2405 3094 2628 3164 captivae
2648 3092 2830 3166 Moyse
2858 3093 3226 3165 belligerante,
3253 3093 3321 3149 de
3342 3093 3539 3164 populo

1954 3184 2117 3239 Israel
2143 3184 2264 3239 duci
2294 3193 2580 3255 potuerunt
2608 3203 2622 3240 :
2652 3185 2792 3254 quod
2824 3195 2878 3240 et
2900 3186 3033 3241 deus
3062 3195 3237 3242 vester
3264 3186 3306 3241 si
3334 3187 3536 3256 potuis-

1955 3287 2057 3344 set,
2087 3278 2268 3348 utique
2298 3276 2530 3333 fecisset.
2566 3277 2677 3333 lloc
2697 3293 2826 3349 ergo
2855 3294 2960 3332 non
2990 3289 3072 3335 est
3100 3278 3268 3334 malos
3290 3292 3536 3348 arguere,

1955 3368 2050 3424 sed
2071 3367 2395 3423 felicioribus
2415 3368 2670 3423 invidere.
2692 3369 2828 3438 Quae
2847 3378 3023 3424 autem
3045 3369 3332 3425 crudelitas
3350 3368 3532 3440 Moysi,

1954 3458 2096 3529 quod
2125 3458 2176 3512 in
2208 3459 2457 3528 populum
2478 3500 2492 3523 ,
2525 3458 2614 3528 qui
2649 3459 2884 3528 graviter
2911 3460 2962 3513 in
2996 3459 3163 3515 Deum
3192 3470 3502 3530 peccaverat
3522 3500 3537 3520 .

1955 3549 2134 3620 gladio
2170 3548 2488 3605 vindicavit?
2526 3547 2692 3618 Cujus
2735 3558 2910 3604 tamen
2955 3550 3157 3619 peccati
3199 3551 3434 3614 veniam,
3479 3565 3539 3604 se

1958 3656 2056 3711 pro
2085 3641 2192 3695 illis
2230 3641 2389 3696 etiam
2429 3639 2624 3695 divinae
2653 3641 2899 3696 vindicue
2927 3641 3185 3704 offerens,
3225 3641 3540 3710 deprecatus

1957 3740 2060 3787 est.
2092 3731 2474 3786 Verumtamen
2513 3731 2559 3786 si
2598 3740 2653 3787 et
2694 3732 2796 3786 hoc
2832 3747 2938 3786 non
2979 3731 3414 3800 misericorditer,
3443 3733 3540 3787 sed

1957 3821 2247 3876 crudeliter
2271 3819 2508 3887 fecisset,
2534 3822 2690 3876 etiam
2721 3822 2799 3876 sic
2827 3822 3017 3877 melior
3041 3822 3144 3878 deo
3173 3831 3349 3878 vestro
3375 3833 3537 3879 esset.

1959 3911 2141 3980 Neque
2174 3911 2315 3966 enim
2343 3926 2664 3981 quemquam
2693 3926 2908 3966 suorum
2939 3913 3299 3968 innocentium
3326 3921 3380 3970 et
3407 3913 3541 3968 obe-

1959 4001 2240 4067 dientium,
2277 4001 2322 4056 si
2348 4001 2414 4055 ad
2439 4001 2608 4056 hostis
2633 4017 2858 4057 cuneum
2885 4002 3319 4074 disrumpendum
3345 4004 3542 4065 missus

1959 4091 2146 4147 fuisset
2174 4101 2227 4147 et
2246 4092 2560 4162 captivatus,
2593 4092 2702 4147 ullo
2731 4093 2892 4149 modo
2916 4110 3038 4150 eum
3071 4103 3284 4165 postea,
3311 4096 3356 4151 si
3387 4096 3545 4152 vicis-

1959 4192 2074 4248 set,
2101 4183 2218 4253 ipse
2243 4183 2557 4240 damnaret:
2591 4184 2731 4254 quod
2777 4186 3009 4242 facturus
3051 4197 3133 4242 est
3172 4186 3305 4242 deus
3334 4187 3434 4247 istc
3477 4188 3545 4243 de

1959 4291 2054 4330 sua
2087 4285 2268 4346 parte,
2315 4292 2476 4348 quam
2506 4277 2738 4348 conliget
2765 4279 2816 4332 in
2847 4279 3169 4352 globo,_quia
3199 4280 3431 4336 obedivit
3455 4281 3547 4350 ju-

1960 4366 2142 4430 benti,
2187 4367 2312 4437 quia
2343 4368 2394 4422 in
2437 4367 2658 4423 ltostiles
2683 4384 2883 4430 cuneos
2910 4385 3006 4440 pro
3030 4371 3202 4426 salute
3238 4372 3386 4444 regni
3429 4373 3546 4442 ejus

1961 4459 2233 4529 preposita
2258 4473 2354 4514 sua
2390 4471 2565 4516 morte
2608 4461 2886 4530 processit.
2919 4461 3025 4521 Sed
3067 4463 3119 4518 in
3161 4463 3298 4531 hac,
3342 4464 3548 4534 inquit,

1961 4550 2444 4605 seriessmculorutn
2483 4551 2594 4620 jam
2626 4553 2780 4606 malis
2809 4554 3066 4627 permixta
3112 4563 3270 4626 atque
3296 4565 3546 4614 concreta

1961 4656 2068 4696 non
2107 4639 2495 4710 obtemperavit
2537 4644 2837 4712 prteceptis.
2869 4643 3216 4714 (luseramus,
3263 4661 3448 4717 quare.
3489 4647 3544 4702 Si

1961 4733 2177 4804 propria
2205 4734 2500 4801 voluntate,
2528 4751 2651 4790 vera
2679 4738 2831 4808 culpa
2853 4747 2904 4792 et
2930 4739 3071 4809 justa
3097 4755 3250 4809 poena
3277 4757 3289 4794 :
3317 4739 3410 4795 sed
3432 4739 3542 4810 jam

1962 4823 2010 4879 si
2035 4824 2281 4882 voluntas
2318 4834 2402 4880 est
2431 4839 2518 4880 rea
2538 4865 2553 4892 ,
2582 4827 2726 4880 nulla
2755 4836 2837 4882 est
2877 4828 2964 4882 ad'
2983 4829 3308 4899 peccandum
3357 4838 3544 4884 natura

1963 4916 2267 4982 contraria,
2300 4925 2354 4971 ct
2392 4915 2514 4971 ideo
2550 4915 2961 4976 Manichaeorum
2991 4920 3164 4975 omnis
3191 4921 3432 4976 convicta
3467 4930 3552 4980 est

1963 5015 2017 5062 et
2042 5021 2227 5062 eversa
2270 5005 2495 5064 fallacia.
2541 5006 2597 5063 Si
2642 5017 2818 5068 autem
2859 5009 2926 5066 ab
2960 5009 3112 5066 hoste
3151 5025 3404 5080 oppressa
3444 5025 3553 5080 quo

1964 5098 2126 5155 missa
2151 5104 2266 5164 est,
2299 5097 2342 5152 si
2387 5097 2563 5155 alieno
2593 5099 2734 5155 malo
2770 5109 3019 5170 superata
3049 5101 3134 5156 cui
3165 5100 3415 5156 resistere
3441 5115 3551 5156 non

1966 5189 2232 5252 valuerat,
2280 5187 2458 5259 iniqua
2489 5204 2660 5259 poena.
2691 5198 2745 5245 et
2783 5205 2970 5260 magna
3000 5189 3304 5245 crudelitas.
3346 5189 3452 5246 Sed
3483 5192 3551 5246 ad

1963 5279 2325 5339 excusandum
2363 5281 2630 5350 profertur
2668 5280 2762 5334 Dei
2791 5281 3102 5338 necessitas.
3145 5281 3328 5336 Talem
3370 5282 3553 5338 colant

1963 5369 2154 5436 deum,
2183 5369 2270 5440 qui
2309 5363 2502 5426 nolunt
2519 5370 2705 5430 colere.
2722 5370 2908 5426 Deum.
2940 5369 3080 5430 Sane
3109 5371 3250 5442 quod
3278 5371 3549 5429 fatendum

1965 5472 2070 5529 est,
2102 5463 2263 5518 etiam
2307 5463 2406 5534 ipsi
2435 5464 2670 5518 cultores
2705 5463 2854 5532 ejus,
2899 5465 3140 5535 quamvis
3187 5466 3343 5524 talem
3392 5466 3553 5521 deum

1964 5553 2190 5610 colendo
2221 5553 2327 5608 sint
2356 5553 2574 5624 pessimi
2595 5593 2625 5619 ,_
2656 5553 2904 5609 meliores
2931 5565 3107 5616 tamen
3139 5557 3232 5618 illo
3252 5567 3396 5620 sunt,
3426 5558 3553 5628 quia

1965 5645 2151 5699 saltem
2182 5652 2350 5700 sunt:
2382 5643 2470 5699 ille
2497 5653 2674 5699 autem
2700 5643 2833 5700 nihil
2858 5653 2973 5712 est,
3012 5645 3112 5700 nisi
3143 5645 3284 5700 ﬁctio
3310 5644 3555 5700 falsitatis

1970 5751 2018 5793 ct
2061 5738 2310 5808 cogitatio
2338 5737 2606 5796 vanitatis,
2639 5737 2744 5796 Sed
2784 5739 2892 5812 jam
2921 5749 3112 5796 ca'tera
3148 5739 3327 5799 Fausti
3365 5747 3550 5815 arguta

1969 5824 2319 5890 deliramenta
2349 5831 2640 5888 videamus.
