4028 6436
398 676 417 841 Ξ

462 329 573 390 167

464 469 526 483 -σ
546 470 1255 483 ’.ρ-ΨΜ

1275 328 1547 389 CONTRA
1591 320 1909 383 FAUSTUM
1946 316 2394 392 MAMCHEUM,
2436 319 2495 378 S.
2537 318 2902 379 AUCUSTINI

974 545 1453 655 LIBER
1537 536 2387 651 VIGESIMUS
2474 532 3218 643 TERTIUS.

534 825 764 884 CAPUT
814 824 1094 882 PRIMUM.
1129 856 1201 866 —-
1228 824 1473 880 Fausws
1517 823 1649 879 dixit
1694 841 1706 876 ι
1748 818 2049 892 Disputanti

464 921 597 978 mihi
626 921 929 993 aliquando,
961 921 1173 991 quidam
1204 936 1270 975 ex
1313 932 1595 973 numerosa
1635 915 1790 987 plebe
1828 929 2053 985 respon-

464 1013 601 1069 dens
625 1014 699 1068 ait
728 1033 742 1069 :
777 1012 987 1082 Accipis
1012 1011 1195 1067 Jesum
1234 1010 1301 1066 de
1328 1010 1488 1065 Maria
1518 1006 1737 1063 natum?
1766 1005 1859 1061 Cui
1903 1020 2003 1076 ego
2038 1023 2053 1061 :

464 1105 783 1171 Quemnam,
814 1103 1049 1174 inquam,
1091 1102 1223 1157 dicis
1252 1101 1475 1157 Jesum?
1499 1101 1628 1155 Nam
1664 1100 1845 1171 plures
1875 1097 1927 1152 in
1950 1096 2055 1152 He-

462 1194 700 1250 braismo
732 1195 942 1249 fuerunt
970 1193 1125 1249 Jesus
1163 1213 1175 1247 :
1206 1208 1341 1248 unus
1368 1191 1582 1263 quidem
1610 1190 1753 1245 Nave
1781 1189 1940 1257 ﬁlius,
1968 1188 2052 1244 di—

460 1285 698 1356 scipulus
723 1284 888 1356 Moysi
920 1284 1110 1358 (Exod.
1141 1300 1323 1351 χχχιιι,
1371 1285 1458 1351 ll,
1503 1294 1548 1337 ct
1580 1282 1740 1337 Eccli.
1780 1297 1927 1348 XLVI,
1961 1278 2050 1352 i);

461 1374 602 1430 alter
632 1391 757 1431 vero
786 1376 921 1431 ﬁlius
961 1374 1221 1431 Iosedech
1264 1374 1554 1430 sacerdotis
1585 1372 1759 1443 magni
1789 1372 1985 1444 (Aggwi
2013 1387 2051 1437 ι,

462 1465 540 1537 1);
571 1466 696 1521 item
720 1466 855 1521 alius
881 1466 970 1537 qui
998 1465 1171 1520 dictus
1192 1476 1274 1521 est
1298 1464 1438 1520 ﬁlius
1468 1464 1630 1519 David
1651 1464 1825 1533 (Rom.
1849 1480 1886 1529 ι,
1912 1460 2051 1534 1-5),

461 1558 598 1613 alius
642 1574 769 1613 vero
812 1558 979 1613 Filius
1022 1558 1114 1613 Dei
1157 1558 1347 1627 (Marc.
1383 1558 1556 1629 1,1):
1602 1571 1886 1627 quemnam
1926 1571 2055 1626 ergo

461 1648 691 1704 istorum
719 1647 786 1703 de
829 1648 993 1704 Maria
1037 1658 1218 1703 natum
1259 1648 1456 1719 quarris
1493 1662 1558 1703 ex
1590 1662 1674 1702 me
1700 1657 1871 1701 utrum
1916 1644 2056 1700 acci-

461 1741 642 1813 piam?
671 1741 883 1812 Utique,
928 1741 1118 1811 inquit,
1149 1740 1339 1795 Filium
1383 1739 1501 1795 Dei.
1538 1738 1637 1795 Cui
1667 1753 1808 1809 ego:
1847 1737 1913 1792 Et
1949 1752 2054 1809 quo

461 1842 686 1890 auctore
722 1849 893 1905 quove
937 1834 1190 1904 magistro
1233 1832 1457 1890 docente
1486 1832 1625 1887 istud
1669 1831 2056 1900 accipiam?At

465 1924 559 1979 ille
590 1943 602 1979 :
632 1924 901 1993 Matthmo,
934 1924 1122 1995 inquit.
1154 1924 1251 1979 Cui
1282 1940 1494 1979 rursum
1525 1939 1625 1996 ego
1674 1941 1687 1989 ;
1727 1923 1861 1992 Quid
1908 1923 2052 1979 enim

465 2016 749 2073 Matthzeus
787 2018 1043 2087 scripsit?
1079 2017 1141 2071 Et
1177 2017 1263 2072 ille
1310 2034 1323 2071 :
1372 2016 1521 2070 Liber
1560 2016 1892 2087 generationis
1928 2014 2055 2070 Jesu

467 2102 657 2165 Christi
694 2108 789 2179 ﬁlii
824 2107 1008 2177 David,
1054 2111 1149 2179 ﬁﬁi
1198 2109 1478 2175 Abraham,
1507 2117 1611 2164 etc.
1639 2108 1851 2179 (suum.
1892 2124 1943 2174 ι,
1972 2110 2048 2178 ι).

462 2192 605 2255 Tum
635 2216 764 2273 ego:
797 2200 1135 2268 Putaveram,
1169 2200 1404 2270 inquam,
1446 2200 1566 2270 quia
1618 2215 1763 2255 esses
1792 2200 2051 2267 dicturus,

465 2284 628 2348 Liber
653 2292 1013 2364 generationis
1040 2291 1166 2348 Jesu
1193 2291 1391 2347 Christi
1435 2291 1553 2345 Filii
1596 2291 1687 2347 Dei
1712 2309 1725 2358 ;
1759 2299 1813 2346 et
1842 2307 1928 2347 me
1958 2307 2053 2360 pa-

462 2392 707 2437 raveram
734 2382 801 2437 ad
844 2382 1300 2453 przescribendum
1332 2400 1344 2434 :
1378 2381 1469 2437 sed
1498 2383 1617 2452 quia
1660 2397 1800 2436 nunc
1826 2380 2055 2436 fideliter

459 2476 754 2546 capitulum
786 2476 1115 2541 memorasti,
1160 2474 1526 2530 admouendus
1572 2483 1769 2527 tantum
1801 2488 1881 2539 es,
1921 2479 1978 2526 ut
2003 2471 2054 2526 id

462 2567 604 2635 quod
636 2567 893 2633 recitasti,
922 2566 1249 2622 consideres.
1290 2564 1471 2634 Neque
1500 2565 1639 2618 enim
1666 2563 1941 2618 Matthaeus
1968 2562 2054 2618 hic

463 2673 525 2712 se
556 2658 646 2712 Dei
674 2657 793 2713 Filii
822 2658 1221 2729 generationem
1252 2656 1489 2713 scribere
1518 2654 1713 2712 fatetur
1740 2654 2048 2721 instituisse,

463 2748 561 2805 sed
584 2750 673 2804 lilii
698 2749 881 2804 David.

538 2840 763 2896 CAPUT
806 2841 871 2896 ll.
902 2870 973 2880 —
1010 2840 1081 2896 Ut
1118 2854 1245 2911 ergo
1283 2839 1409 2895 huic
1455 2838 1668 2893 interim
1700 2836 1896 2892 dicenti
1938 2851 2053 2892 cre-

465 2931 611 2997 dam,
645 2930 783 2986 ﬁlius
824 2931 988 2986 David
1037 2931 1137 2985 erit
1184 2929 1310 2983 mihi
1356 2929 1423 2983 de
1467 2928 1625 2982 Maria
1654 2936 1807 2981 natus
1836 2944 1848 2979 :
1881 2925 2054 2980 adhuc

465 3025 537 3082 de
577 3023 669 3080 Dei
699 3023 834 3079 Filio
862 3024 913 3077 in
957 3022 1059 3077 hoc
1085 3022 1228 3076 omni
1258 3020 1616 3091 generationis
1645 3028 1790 3073 textu
1822 3018 1964 3072 nulla
1994 3016 2053 3071 ﬁt

465 3114 691 3181 mentio,
716 3129 885 3185 usque
914 3114 979 3168 ad
997 3113 1319 3183 baptismum
1346 3111 1567 3177 scilievt,
1589 3110 1887 3180 frustraque
1908 3108 2053 3162 calu-

464 3207 666 3261 mniam
684 3220 780 3260 vos
806 3205 1042 3276 ingeritis
1068 3204 1334 3274 scriptori,
1359 3194 1607 3273 tanquam
1633 3203 1721 3256 Dei
1746 3202 1833 3256 ille
1860 3201 2050 3255 Filium

462 3298 518 3353 in
547 3306 698 3352 ulcro
726 3296 966 3352 mulieris
993 3294 1284 3351 incluserit.
1319 3295 1388 3349 At
1429 3308 1554 3349 vero
1584 3293 1667 3347 hic
1709 3292 1965 3357 clamitat,
2000 3298 2055 3343 ut

465 3388 697 3453 videtur,
745 3396 799 3443 et
841 3387 1185 3457 inscriptione
1215 3386 1323 3455 ipsa
1353 3400 1446 3439 sua
1478 3400 1538 3439 se
1579 3398 1798 3453 prorsus
1844 3382 1909 3435 ab
1955 3381 2053 3433 hoc

465 3479 747 3549 Sacrilegio
799 3478 1052 3545 vindicat,
1107 3478 1273 3532 David
1314 3477 1477 3531 ﬁlium
1520 3474 1809 3547 perhibetis
1852 3489 1915 3528 ex
1963 3471 2053 3527 illa

466 3572 633 3643 stirpe
659 3571 944 3627 oriundum
975 3586 1034 3627 se
1060 3570 1359 3640 scripsisse,
1390 3584 1493 3623 non
1539 3568 1732 3623 Filium
1780 3565 1892 3620 Dei.
1922 3564 2051 3619 Nam

467 3661 650 3721 Iesum
680 3664 896 3734 quidem
939 3678 1081 3729 eum,
1116 3662 1205 3732 qui
1237 3661 1304 3716 sit
1335 3660 1500 3714 Filius
1529 3659 1641 3721 Dei,
1691 3659 1734 3713 si
1779 3656 2055 3727 scriptoris

464 3752 627 3823 hujus
670 3762 903 3809 mentem
952 3752 1388 3823 pr0positumque
1438 3748 1765 3813 consideres,
1811 3755 2054 3800 nontam

465 3844 559 3902 ille
587 3846 653 3900 de
679 3846 836 3900 Maria
866 3846 1072 3915 virgine
1111 3844 1223 3898 vult
1265 3858 1361 3896 nos
1406 3842 1648 3909 accipere
1694 3847 2053 3909 procreatum,

466 3954 627 4010 quam
655 3938 850 3993 factum
881 3937 1167 4007 aliquando
1207 3952 1301 4006 per
1326 3935 1647 4004 baptismum
1679 3933 1815 4002 apud
1861 3930 2055 3985 ﬂuenta

467 4031 734 4090 JOrdanis.
766 4031 876 4085 lllic
902 4030 1041 4085 enim
1072 4029 1200 4082 dicit
1237 4026 1559 4098 baptizatum
1595 4041 1624 4079 a
1669 4025 1871 4079 Joanne
1910 4037 2053 4087 eum,

468 4138 629 4194 quem
658 4121 823 4177 David
857 4121 908 4174 in
936 4119 1156 4175 exordio
1195 4118 1357 4171 ﬁlium
1389 4116 1700 4185 designavit,
1735 4113 1928 4168 factum
1956 4114 2056 4167 ali-

467 4213 682 4284 quando
711 4228 832 4268 esse
860 4210 1052 4265 Filium
1099 4209 1188 4264 Dei
1218 4207 1327 4277 (Id.
1357 4223 1434 4273 lll,
1465 4206 1551 4272 16,
1582 4207 1704 4277 17),
1744 4214 1861 4275 post
1890 4219 2057 4259 annos

470 4307 751 4375 duntaxat,
783 4304 1075 4362 secundum
1104 4303 1261 4358 Luca:
1292 4300 1472 4368 ﬁdem,
1506 4300 1675 4354 ferme
1704 4299 1934 4367 triginta,
1966 4297 2057 4351 ubi

468 4408 529 4455 et
546 4414 645 4454 vox
678 4406 800 4452 tunc
828 4395 1005 4451 audita
1031 4402 1133 4461 est,
1165 4392 1348 4448 dicens
1369 4391 1434 4446 ad
1461 4406 1581 4446 eum
1609 4408 1621 4444 :
1650 4387 1814 4442 Filius
1844 4404 1982 4441 meus
2006 4403 2057 4440 es

470 4500 567 4557 tu;
594 4506 684 4561 ego
714 4489 862 4543 hodie
887 4487 1035 4559 genui
1058 4497 1105 4540 te
1131 4484 1279 4557 (Luc.
1310 4500 1388 4552 ιιι,
1415 4483 1507 4550 25,
1529 4482 1644 4553 22).
1670 4480 1834 4536 Vides
1857 4495 1983 4549 ergo
2007 4478 2057 4533 id

470 4579 616 4651 quod
646 4587 770 4634 ante
818 4592 987 4632 annos
1038 4576 1271 4647 triginta,
1302 4582 1362 4629 ιιι
1399 4574 1521 4628 huic
1547 4572 1773 4636 videtur,
1806 4571 1873 4627 de
1899 4570 2058 4624 Maria

470 4681 658 4727 natum
680 4680 778 4737 est,
808 4685 911 4725 non
935 4683 1053 4725 esse
1078 4669 1249 4738 ipsum
1269 4665 1461 4721 Filium
1497 4665 1606 4731 Dei,
1637 4663 1730 4719 sed
1756 4662 1806 4717 id
1831 4662 1969 4733 quod
1992 4662 2059 4717 de

469 4760 740 4833 baptismo
769 4769 952 4833 postea
984 4760 1175 4814 factum
1208 4767 1291 4813 est
1333 4756 1398 4811 ad
1427 4756 1735 4821 Jordancm,
1765 4752 1815 4807 id
1847 4762 1929 4807 est
1959 4752 2058 4807 ho-

468 4854 675 4911 minem
720 4868 943 4920 novutn,
983 4861 1229 4921 tanquam
1273 4849 1326 4903 in
1356 4847 1511 4903 nobis
1539 4862 1657 4900 cum
1700 4841 1966 4898 credimus
1993 4840 2059 4896 ad

470 4946 643 5003 Deum
686 4961 753 5003 ex
797 4944 1116 5002 Gentilitatis
1153 4956 1338 4998 errore
1380 4938 1623 4994 conversi
1660 4956 1674 4991 :
1715 4934 1853 5005 quod
1887 4936 2057 5005 ipsum

472 5047 653 5093 tamen
699 5036 880 5092 nescio
904 5044 1099 5089 [utrum
1143 5032 1272 5086 satis
1311 5045 1430 5086 cum
1471 5043 1533 5083 ea
1565 5026 1666 5080 ﬁde
1697 5024 1873 5088 faciat,
1902 5040 2060 5094 quam

473 5146 572 5186 vos
597 5129 911 5187 catholicam
960 5124 1277 5187 nominatis;
1320 5120 1415 5175 sed
1456 5117 1664 5173 interim
1708 5116 1785 5172 sic
1813 5114 2062 5170 Mattlueo

475 5222 707 5288 videtur,
739 5220 784 5275 si
813 5226 936 5273 sunt
966 5216 1130 5286 ipsius
1174 5214 1308 5268 haec.
1339 5210 1521 5282 Neque
1561 5208 1704 5263 enim
1747 5221 1967 5278 usquam
2008 5207 2061 5261 in

476 5310 918 5384 parturitionibus
969 5307 1148 5363 Maria:
1196 5304 1395 5359 dictum
1450 5300 1642 5371 legitur
1696 5297 1857 5375 illud,
1900 5296 2066 5351 Filius

480 5420 621 5458 mens
658 5418 710 5454 es
745 5410 818 5467 tu,
855 5415 944 5470 ego
987 5398 1134 5452 hodie
1167 5395 1315 5468 genui
1344 5404 1390 5447 le
1424 5408 1443 5457 ,°
1487 5400 1592 5454 aut,
1644 5388 1743 5442 Hic
1784 5398 1857 5441 est
1898 5386 2067 5441 Filius

479 5509 624 5550 meus
659 5490 1029 5553 dilectissimus,
1070 5490 1122 5542 in
1155 5504 1250 5556 quo
1280 5486 1400 5539 bene
1427 5480 1710 5551 complacui
1735 5496 1752 5532 :
1775 5477 1868 5533 sed
1897 5476 1949 5531 in
1977 5492 2069 5532 ex-

480 5584 720 5657 piatione
743 5580 859 5652 ejus
886 5581 1022 5652 apud
1046 5579 1352 5635 Jordanem.
1381 5572 1533 5645 Quod
1558 5573 1603 5628 si
1628 5580 1682 5627 et
1709 5580 1761 5625 tu
1784 5568 1970 5624 credas
2000 5569 2071 5623 ita

484 5684 546 5732 ut
582 5674 838 5744 scriptum
884 5681 985 5740 est,
1031 5672 1138 5727 eris
1182 5670 1292 5741 jam
1320 5666 1531 5739 quidem
1563 5661 1953 5725 Matthteanus;
1995 5660 2071 5716 sic

485 5766 632 5828 enim
657 5764 790 5825 mihi
805 5762 1087 5827 dicendum
1104 5772 1187 5824 est
1212 5780 1225 5819 :
1248 5758 1548 5819 catholicus;
1562 5770 1689 5814 vero
1709 5767 2068 5824 nequaquam.

2170 814 2301 869 Nam
2332 811 2649 869 catholicam
2684 810 2839 865 ﬁdem
2868 809 3141 874 novimus;
3170 823 3287 878 qurc
3314 816 3460 863 tanto
3483 807 3641 879 longe
3666 824 3760 862 ao.

2162 916 2243 961 cst
2272 905 2338 961 ab
2366 905 2463 960 hac
2503 902 2834 974 professione
2872 899 3123 965 Matthxi,
3155 907 3352 969 quanto
3374 900 3555 969 procul
3588 908 3671 953 est
3699 905 3760 953 et

2161 1013 2191 1053 a
2220 1012 2367 1053 vero.
2413 995 2683 1067 Siquidem
2715 993 3011 1066 symbolum
3057 1000 3292 1047 vestrum
3338 992 3409 1044 ita
3448 1005 3505 1046 se
3532 990 3755 1057 habeat,

2162 1097 2221 1143 ut
2245 1087 2472 1143 credatis
2501 1088 2551 1141 in
2575 1085 2757 1141 Jesum
2779 1083 3049 1139 Christum
3079 1081 3273 1137 Filium
3305 1082 3420 1145 Dei,
3444 1082 3531 1149 qui
3560 1082 3627 1135 sit
3657 1096 3759 1133 na-

2163 1188 2243 1233 tus
2266 1194 2333 1233 ex
2352 1178 2554 1248 virgine
2574 1175 2732 1229 Maria
2763 1192 2776 1228 :
2806 1181 3039 1229 vestrum
3071 1182 3152 1228 est
3179 1186 3326 1242 ergo,
3355 1172 3422 1227 dc
3461 1170 3623 1225 Maria
3658 1185 3758 1224 ac-

2160 1270 2337 1341 cipere
2365 1266 2557 1322 Filium
2590 1265 2716 1332 Dei;
2749 1263 3013 1329 Matthaci,
3056 1262 3124 1316 ab
3163 1261 3430 1325 Jordane;
3482 1268 3755 1325 nostrum,

2159 1374 2228 1417 ex
2254 1360 2396 1415 Deo:
2425 1372 2487 1413 ac
2515 1373 2608 1427 per
2636 1355 2738 1411 hoc
2768 1364 2874 1409 tam
2910 1354 3065 1409 vobis
3092 1352 3392 1417 Matthavus,
3420 1352 3464 1407 si
3489 1351 3603 1405 haec
3629 1351 3758 1421 ejus

2160 1464 2257 1522 pro
2286 1457 2435 1504 certo
2458 1456 2599 1508 sunt,
2630 1445 2927 1501 contrarius
2949 1453 3034 1499 est
3054 1444 3105 1498 in
3138 1441 3466 1514 professione
3496 1442 3593 1495 ista
3628 1454 3761 1506 sua,

2159 1556 2317 1612 quam
2349 1539 2534 1603 nobis;
2563 1538 2660 1592 nisi
2688 1536 2828 1607 quod
2860 1537 3017 1605 paulo
3045 1534 3358 1605 prudentior
3384 1531 3533 1587 vobis
3562 1532 3759 1587 inven-

2160 1641 2244 1688 tus
2272 1640 2374 1699 est,
2403 1639 2460 1686 ut
2488 1639 2661 1685 ortum
2693 1644 2758 1683 ex
2789 1627 3019 1682 femineo
3053 1641 3204 1689 sexu,
3238 1624 3399 1679 David
3440 1624 3545 1678 ﬁlio
3581 1624 3760 1678 ascri-

2159 1723 2311 1779 beret
2352 1722 2540 1792 magis,
2583 1734 2738 1789 quam
2768 1719 2904 1773 Filio
2944 1716 3060 1772 Dei.
3092 1716 3425 1785 Quapropter
3452 1715 3519 1769 de
3539 1714 3759 1769 duobus

2158 1830 2253 1868 vos
2274 1829 2438 1868 unum
2461 1811 2613 1866 fateri
2629 1818 2858 1880 oportet,
2882 1817 2974 1863 aut
2998 1808 3138 1862 hunc
3157 1823 3260 1861 non
3279 1820 3397 1861 esse
3416 1804 3753 1871 Mattha'nm,

2159 1906 2247 1976 qui
2278 1904 2389 1959 hrec
2417 1904 2626 1959 videtur
2650 1914 2927 1969 asserere;
2956 1909 3046 1955 aut
3066 1913 3163 1955 vos
3192 1914 3296 1954 non
3326 1908 3508 1954 tenere
3536 1905 3759 1967 aposto—

2160 1997 2313 2073 licam
2344 1995 2521 2051 ﬁdem.

2228 2088 2454 2159 CAPUT
2493 2086 2579 2142 lll.
2612 2118 2681 2128 —
2707 2085 2815 2141 Nos
2833 2099 2963 2140 vero
2990 2084 3232 2155 quamvis
3261 2082 3327 2137 de
3357 2081 3457 2135 hac
3482 2081 3759 2136 sententia

2160 2195 2318 2236 nemo
2341 2194 2559 2250 prorsus
2586 2179 2819 2250 dejiciat,
2852 2194 2918 2234 ex
2946 2178 3058 2232 Deo
3080 2175 3374 2248 accipiendi
3406 2174 3598 2229 Filium
3628 2175 3764 2242 Dei,

2160 2282 2334 2328 tamen
2372 2281 2429 2327 ut
2467 2272 2688 2327 multum
2734 2270 3102 2339 imprudentiae
3143 2268 3518 2335 concedamus,
3551 2276 3609 2322 ut
3633 2267 3757 2321 adi-

2157 2378 2345 2433 gznnnr
2364 2371 2416 2418 ct
2446 2362 2592 2417 falsis
2617 2361 2855 2426 credere,
2888 2376 2955 2416 ex
2984 2359 3219 2417 Jordane
3264 2359 3418 2413 nobis
3447 2359 3549 2413 erit
3574 2358 3761 2413 factus

2158 2453 2316 2508 Jrsus
2344 2453 2433 2507 Dei
2456 2452 2640 2518 Filius,
2665 2467 2823 2522 quam
2848 2459 3001 2505 natus
3022 2465 3089 2505 ex
3110 2458 3264 2503 utero
3294 2448 3756 2513 mulieris.Quan-

2157 2560 2313 2615 quam
2362 2558 2465 2600 nec
2510 2545 2623 2615 ipse
2664 2544 2878 2614 quidem
2924 2543 3010 2599 ille
3053 2556 3209 2613 quem
3251 2540 3412 2595 Maria
3445 2542 3669 2611 peperit,
3701 2541 3754 2595 si

2159 2637 2296 2690 ullus
2324 2645 2455 2702 erat,
2487 2644 2630 2691 recte
2654 2634 2815 2689 David
2847 2633 2985 2688 ﬁlius
3008 2633 3327 2703 appelletur,
3353 2632 3451 2685 nisi
3472 2646 3592 2686 cum
3616 2645 3753 2685 cono

2158 2734 2263 2780 stet
2288 2741 2352 2781 ex
2385 2733 2533 2797 patre
2559 2725 2756 2795 Joseph
2787 2724 3127 2779 seminatnm.
3163 2722 3314 2790 Quod
3344 2722 3464 2792 quia
3512 2724 3749 2792 negatis,

2158 2815 2283 2871 illud
2330 2816 2489 2870 etiam
2530 2815 2795 2870 fateamini
2848 2829 3067 2869 necesse
3092 2820 3193 2880 est,
3226 2828 3292 2867 ne
3323 2813 3492 2882 ipsum
3526 2813 3749 2881 quidem

2157 2926 2275 2967 esse
2330 2909 2492 2965 David
2547 2911 2733 2964 ﬁlium.
2784 2908 3045 2977 Quoniam
3091 2907 3302 2977 quidem
3355 2905 3629 2976 generatio
3676 2906 3751 2960 ab

2156 3001 2423 3057 Abraham
2452 3016 2618 3072 usque
2648 3000 2715 3056 ad
2742 2999 2927 3065 David,
2951 3008 3005 3054 et
3028 3014 3058 3053 a
3098 2997 3262 3053 David
3286 2996 3480 3065 Joseph
3505 2995 3751 3067 adusque

2156 3093 2456 3172 deducitur,
2488 3107 2582 3162 per
2608 3106 2795 3146 omnes
2816 3090 3017 3145 scilicet
3042 3088 3385 3144 Hebraeorum
3416 3095 3592 3157 patres
3619 3103 3632 3138 :
3676 3099 3748 3141 ex

2157 3200 2261 3253 quo
2282 3184 2403 3253 quia
2433 3182 2590 3238 Jesus
2618 3190 2910 3252 conceptus
2940 3196 3045 3235 non
3084 3189 3185 3245 est,
3214 3189 3274 3234 ut
3306 3179 3516 3249 legitur,
3544 3192 3646 3232 nec
3684 3178 3751 3230 fi-

2158 3275 2258 3328 lius
2280 3276 2381 3329 erit
2406 3274 2574 3328 David
2609 3291 2623 3328 ε
2653 3274 2914 3344 longeque
2940 3272 3159 3327 demens
3194 3279 3295 3337 cst,
3324 3271 3410 3340 qui
3442 3285 3599 3340 quem
3626 3269 3751 3325 sine

2157 3368 2295 3421 coitu
2322 3366 2519 3436 Joseph
2565 3366 2631 3421 de
2665 3366 2822 3419 Maria
2852 3372 3031 3418 natum
3073 3363 3310 3418 dicturus
3336 3371 3471 3428 erat,
3514 3362 3659 3416 hunc
3692 3362 3749 3417 in

2157 3460 2416 3529 principio
2443 3457 2678 3529 posuerit
2707 3471 2825 3513 esse
2849 3457 3011 3510 ﬁlium
3037 3455 3221 3509 David.
3245 3454 3374 3509 Cum
3397 3469 3523 3525 ergo
3546 3469 3612 3507 ne
3630 3453 3752 3521 ipse

2159 3549 2394 3621 quidem,
2427 3549 2515 3620 qui
2556 3550 2622 3603 sit
2652 3564 2718 3603 ex
2754 3547 2914 3602 Maria
2964 3546 3193 3618 genitus,
3242 3544 3405 3599 David
3432 3554 3574 3599 recte
3600 3544 3751 3599 filius

2159 3641 2481 3710 appelletur,
2515 3640 2636 3709 quia
2666 3656 2770 3697 non
2792 3639 2861 3694 sit
2888 3646 3044 3693 natus
3063 3652 3129 3693 ex
3158 3636 3391 3709 Ioseph;
3421 3645 3620 3707 quanto
3641 3651 3754 3690 ma-

2157 3733 2236 3803 gis
2264 3731 2428 3786 Filius
2453 3728 2582 3785 Del?

2229 3822 2455 3877 CAPUT
2495 3820 2583 3875 IV.
2605 3852 2674 3861 —-
2696 3818 2929 3875 Proinde
2956 3833 3053 3874 nec
3079 3818 3297 3889 virginis
3317 3817 3481 3888 ipsius
3504 3816 3652 3883 origo
3679 3831 3751 3871 ex

2159 3913 2258 3967 hac
2283 3913 2418 3967 tribu
2450 3911 2611 3966 fuisse
2634 3919 2975 3973 monstratur.
3006 3910 3148 3964 unde
3172 3918 3380 3963 constat
3407 3923 3526 3963 esse
3556 3908 3759 3974 David;

2159 4004 2280 4060 dico
2304 4014 2477 4059 autem
2500 4003 2711 4069 Judam,
2735 4003 2802 4058 de
2831 4018 2937 4073 quo
2960 4001 3130 4057 Judaei
3160 4016 3315 4071 reges
3342 4018 3355 4054 :
3379 4001 3472 4055 sed
3503 4016 3567 4055 ex
3606 4000 3763 4054 tribu.

2160 4095 2309 4163 Levi,
2343 4094 2481 4150 unde
2524 4093 2866 4149 sacerdotes:
2904 4092 3044 4162 quod
3089 4093 3261 4160 ipsum
3290 4090 3462 4160 palam
3489 4098 3593 4154 est,
3622 4089 3753 4158 quia

2161 4186 2345 4241 eadem
2370 4194 2574 4255 patrem
2596 4183 2838 4239 habuerit
2864 4182 3193 4237 sacerdotem
3223 4178 3504 4250 quemdam
3529 4179 3769 4233 notitiae

2160 4278 2420 4345 Joachim,
2449 4278 2599 4347 cujus
2621 4286 2795 4330 tamen
2819 4277 2869 4330 in
2895 4276 2992 4329 hac
3007 4273 3347 4345 generatione
3363 4271 3505 4327 nulla
3521 4284 3763 4340 usquam.

2161 4371 2339 4426 habita
2375 4369 2575 4424 mentio
2607 4378 2706 4422 cst.
2739 4366 3020 4433 Quomodo
3048 4379 3175 4435 ergo
3202 4363 3268 4418 ad
3315 4362 3451 4417 hanc
3478 4361 3755 4417 Davidicm

2159 4461 2490 4534 cognationis
2512 4458 2811 4531 prosapiam
2840 4457 2998 4513 Maria
3020 4457 3290 4527 pertinere
3314 4454 3540 4519 dicetur,
3570 4452 3621 4505 in
3643 4468 3767 4524 qua-

2162 4567 2279 4609 eam
2329 4566 2430 4608 nec
2479 4559 2682 4622 patrem
2728 4550 2929 4605 habere
2970 4548 3177 4612 videas,
3222 4561 3322 4601 nec
3352 4544 3642 4598 maritum?
3675 4545 3760 4600 Ae

2161 4662 2259 4717 per
2295 4649 2397 4699 hoc
2427 4658 2527 4698 nec
2572 4643 2662 4698 ille
2716 4641 2876 4696 David
2925 4640 3065 4695 ﬁlius
3104 4638 3226 4704 erit,
3276 4637 3515 4707 quisquis
3549 4649 3616 4688 ex
3663 4649 3765 4689 ea-

2162 4736 2283 4791 dem
2342 4728 2578 4789 nascitur
2618 4752 2630 4786 :
2677 4732 2777 4786 nisi
2820 4732 2936 4801 ejus
2985 4729 3123 4784 hanc
3168 4728 3480 4799 genitricem
3529 4726 3607 4779 sic
3650 4725 3767 4779 ad»

2162 4840 2386 4883 moveas
2412 4824 2645 4897 Joseph,
2695 4832 2752 4879 ut
2786 4824 2902 4893 ejus
2945 4830 3038 4877 aut
3074 4820 3178 4875 ﬁlia
3224 4820 3476 4891 probetur
3503 4826 3595 4871 aut
3620 4831 3773 4872 θοιιι

2160 4923 2274 4993 jus.

2236 5009 2461 5067 CAPUT
2498 5007 2564 5063 γ.
2594 5037 2667 5049 ——
2694 5008 3025 5063 Aususrmus
3050 5003 3359 5071 respOndit:
3392 5000 3551 5056 Fides
3567 4998 3762 5055 catho.

2167 5104 2266 5158 lica
2305 5100 2597 5171 eademque
2639 5098 2928 5169 apostolica
2955 5106 3067 5161 est,
3110 5094 3392 5149 Dominum
3433 5098 3675 5145 nostrum
3704 5096 3767 5144 et

2169 5196 2497 5252 Salvatorem
2542 5192 2723 5248 Jesum
2748 5187 3046 5254 Christum,
3077 5196 3133 5242 et
3156 5184 3347 5241 Filium
3390 5182 3481 5238 Dei
3516 5195 3635 5236 esse
3664 5194 3773 5235 se-

2168 5286 2400 5342 cundum
2432 5284 2762 5340 divinitatem
2783 5324 2799 5349 ,
2839 5289 2893 5336 et
2923 5280 3086 5333 ﬁlium
3127 5276 3289 5332 David
3322 5273 3612 5331 secundum
3637 5286 3773 5327 car-

2169 5394 2291 5435 nem
2320 5396 2332 5431 :
2362 5376 2504 5448 quod
2534 5377 2603 5431 ita
2631 5375 2916 5445 probamus
2940 5388 3006 5427 ex
3034 5369 3351 5441 evangelieis
3375 5375 3435 5423 et
3453 5364 3787 5435 apostolicis

2169 5470 2411 5533 Litteris,
2446 5477 2502 5521 ut
2540 5481 2698 5521 nemo
2740 5466 2909 5536 possit
2947 5463 3313 5519 contradicere
3356 5456 3774 5529 probationibus

2170 5565 2368 5623 nostris
2388 5603 2404 5627 ,
2435 5562 2535 5616 nisi
2578 5559 2667 5631 qui
2699 5559 2827 5629 ipsis
2854 5557 3076 5614 Litteris
3103 5552 3454 5610 contradicit:
3486 5563 3592 5603 non
3621 5550 3787 5604 sicut

2172 5656 2270 5712 sibi
2297 5653 2522 5708 Faustus
2549 5650 2649 5705 iste
2674 5648 2950 5720 proposuit
2969 5687 2983 5710 ,
3011 5644 3194 5700 nescio
3217 5657 3375 5714 quem
3404 5652 3577 5712 paucae
3598 5636 3793 5693 verba

2176 5748 2393 5815 dixisse,
2424 5753 2481 5803 et
2510 5752 2693 5802 contra
2724 5740 2969 5813 ejusdem
3003 5735 3184 5794 Fausti
3212 5732 3511 5807 versipellis
3538 5729 3797 5787 astutias
