  <div class='ocr_page' id='page_1' title='image "/cluster/home/n/w/nwhite01/storage/ocr_20150623/42/hvd.32044015471493/240.png"; bbox 0 0 4028 6420; ppageno 0'>
   <div class='ocr_carea' id='block_1_1' title="bbox 210 332 304 390">
    <p class='ocr_par' dir='ltr' id='par_1_1' title="bbox 210 332 304 390">
     <span class='ocr_line' id='line_1_1' title="bbox 210 332 304 390; baseline 0 0"><span class='ocrx_word' id='word_1_1' title='bbox 210 332 304 390; x_wconf 69' lang='grc' dir='ltr'><strong>ιω</strong></span> 
     </span>
    </p>
   </div>
   <div class='ocr_carea' id='block_1_2' title="bbox 208 442 1788 522">
    <p class='ocr_par' dir='ltr' id='par_1_2' title="bbox 208 442 1788 522">
     <span class='ocr_line' id='line_1_2' title="bbox 208 442 1788 522; baseline -0.007 -14"><span class='ocrx_word' id='word_1_2' title='bbox 208 453 342 508; x_wconf 87' lang='lat' dir='ltr'><strong>nulla</strong></span> <span class='ocrx_word' id='word_1_3' title='bbox 368 458 557 522; x_wconf 86' lang='lat' dir='ltr'><strong>postea</strong></span> <span class='ocrx_word' id='word_1_4' title='bbox 587 447 888 505; x_wconf 86' lang='lat' dir='ltr'><strong>testimonia</strong></span> <span class='ocrx_word' id='word_1_5' title='bbox 915 446 1220 518; x_wconf 79' lang='lat' dir='ltr'><strong>protulisse.</strong></span> <span class='ocrx_word' id='word_1_6' title='bbox 1251 443 1404 514; x_wconf 84' lang='lat' dir='ltr'><strong>Quod</strong></span> <span class='ocrx_word' id='word_1_7' title='bbox 1432 459 1532 516; x_wconf 84' lang='lat' dir='ltr'><strong>ego</strong></span> <span class='ocrx_word' id='word_1_8' title='bbox 1557 459 1678 500; x_wconf 87' lang='lat' dir='ltr'><strong>eum</strong></span> <span class='ocrx_word' id='word_1_9' title='bbox 1706 442 1788 498; x_wconf 83' lang='lat' dir='ltr'><strong>fe-</strong></span> 
     </span>
    </p>
   </div>
   <div class='ocr_carea' id='block_1_3' title="bbox 205 533 1788 610">
    <p class='ocr_par' dir='ltr' id='par_1_3' title="bbox 205 533 1788 610">
     <span class='ocr_line' id='line_1_3' title="bbox 205 533 1788 610; baseline -0.008 -10"><span class='ocrx_word' id='word_1_10' title='bbox 205 557 346 609; x_wconf 84' lang='lat' dir='ltr'><strong>cero,</strong></span> <span class='ocrx_word' id='word_1_11' title='bbox 377 540 513 595; x_wconf 81' lang='lat' dir='ltr'><strong>nihil</strong></span> <span class='ocrx_word' id='word_1_12' title='bbox 552 540 606 596; x_wconf 88' lang='lat' dir='ltr'><strong>ei</strong></span> <span class='ocrx_word' id='word_1_13' title='bbox 631 538 773 610; x_wconf 89' lang='lat' dir='ltr'><strong>quod</strong></span> <span class='ocrx_word' id='word_1_14' title='bbox 811 537 1130 608; x_wconf 82' lang='lat' dir='ltr'><strong>respondeat</strong></span> <span class='ocrx_word' id='word_1_15' title='bbox 1156 536 1488 602; x_wconf 73' lang='lat' dir='ltr'><strong>remanebit,</strong></span> <span class='ocrx_word' id='word_1_16' title='bbox 1527 534 1627 589; x_wconf 85' lang='lat' dir='ltr'><strong>nisi</strong></span> <span class='ocrx_word' id='word_1_17' title='bbox 1658 533 1788 588; x_wconf 87' lang='lat' dir='ltr'><strong>illud</strong></span> 
     </span>
    </p>
   </div>
   <div class='ocr_carea' id='block_1_4' title="bbox 205 623 1790 708">
    <p class='ocr_par' dir='ltr' id='par_1_4' title="bbox 205 623 1790 708">
     <span class='ocr_line' id='line_1_4' title="bbox 205 623 1790 708; baseline -0.008 -18"><span class='ocrx_word' id='word_1_18' title='bbox 205 649 308 708; x_wconf 85' lang='lat' dir='ltr'><strong>quo</strong></span> <span class='ocrx_word' id='word_1_19' title='bbox 328 633 436 688; x_wconf 83' lang='lat' dir='ltr'><strong>vim</strong></span> <span class='ocrx_word' id='word_1_20' title='bbox 465 629 920 688; x_wconf 71' lang='lat' dir='ltr'><strong>manifestissima:</strong></span> <span class='ocrx_word' id='word_1_21' title='bbox 949 628 1184 684; x_wconf 85' lang='lat' dir='ltr'><strong>veritatis</strong></span> <span class='ocrx_word' id='word_1_22' title='bbox 1212 627 1265 682; x_wconf 94' lang='lat' dir='ltr'><strong>in</strong></span> <span class='ocrx_word' id='word_1_23' title='bbox 1284 626 1570 698; x_wconf 88' lang='lat' dir='ltr'><strong>Scripturis</strong></span> <span class='ocrx_word' id='word_1_24' title='bbox 1589 623 1790 680; x_wconf 83' lang='lat' dir='ltr'><strong>sanctis</strong></span> 
     </span>
    </p>
   </div>
   <div class='ocr_carea' id='block_1_5' title="bbox 207 718 1792 798">
    <p class='ocr_par' dir='ltr' id='par_1_5' title="bbox 207 718 1792 798">
     <span class='ocr_line' id='line_1_5' title="bbox 207 718 1792 798; baseline -0.008 -14"><span class='ocrx_word' id='word_1_25' title='bbox 207 740 456 798; x_wconf 75' lang='lat' dir='ltr'><strong>expresse</strong></span> <span class='ocrx_word' id='word_1_26' title='bbox 497 724 726 781; x_wconf 90' lang='lat' dir='ltr'><strong>illudere</strong></span> <span class='ocrx_word' id='word_1_27' title='bbox 753 732 911 795; x_wconf 88' lang='lat' dir='ltr'><strong>atque</strong></span> <span class='ocrx_word' id='word_1_28' title='bbox 936 723 1136 779; x_wconf 79' lang='lat' dir='ltr'><strong>evitare</strong></span> <span class='ocrx_word' id='word_1_29' title='bbox 1172 730 1416 788; x_wconf 88' lang='lat' dir='ltr'><strong>conatur,</strong></span> <span class='ocrx_word' id='word_1_30' title='bbox 1449 728 1506 774; x_wconf 93' lang='lat' dir='ltr'><strong>ut</strong></span> <span class='ocrx_word' id='word_1_31' title='bbox 1541 718 1670 773; x_wconf 89' lang='lat' dir='ltr'><strong>falsa</strong></span> <span class='ocrx_word' id='word_1_32' title='bbox 1703 718 1792 772; x_wconf 70' lang='lat' dir='ltr'><strong>ilia</strong></span> 
     </span>
    </p>
   </div>
   <div class='ocr_carea' id='block_1_6' title="bbox 207 806 1793 882">
    <p class='ocr_par' dir='ltr' id='par_1_6' title="bbox 207 806 1793 882">
     <span class='ocr_line' id='line_1_6' title="bbox 207 806 1793 882; baseline -0.008 -8"><span class='ocrx_word' id='word_1_33' title='bbox 207 827 260 874; x_wconf 90' lang='lat' dir='ltr'><strong>et</strong></span> <span class='ocrx_word' id='word_1_34' title='bbox 281 815 480 874; x_wconf 86' lang='lat' dir='ltr'><strong>divinis</strong></span> <span class='ocrx_word' id='word_1_35' title='bbox 514 814 793 872; x_wconf 80' lang='lat' dir='ltr'><strong>codicibus</strong></span> <span class='ocrx_word' id='word_1_36' title='bbox 829 813 1067 869; x_wconf 87' lang='lat' dir='ltr'><strong>immissa</strong></span> <span class='ocrx_word' id='word_1_37' title='bbox 1107 810 1444 882; x_wconf 83' lang='lat' dir='ltr'><strong>respondeat.</strong></span> <span class='ocrx_word' id='word_1_38' title='bbox 1483 807 1654 876; x_wconf 87' lang='lat' dir='ltr'><strong>Quam</strong></span> <span class='ocrx_word' id='word_1_39' title='bbox 1692 806 1793 862; x_wconf 89' lang='lat' dir='ltr'><strong>de-</strong></span> 
     </span>
    </p>
   </div>
   <div class='ocr_carea' id='block_1_7' title="bbox 206 899 1792 976">
    <p class='ocr_par' dir='ltr' id='par_1_7' title="bbox 206 899 1792 976">
     <span class='ocr_line' id='line_1_7' title="bbox 206 899 1792 976; baseline -0.007 -12"><span class='ocrx_word' id='word_1_40' title='bbox 206 907 459 964; x_wconf 83' lang='lat' dir='ltr'><strong>mentiam</strong></span> <span class='ocrx_word' id='word_1_41' title='bbox 479 949 497 973; x_wconf 87' lang='lat'><strong>,</strong></span> <span class='ocrx_word' id='word_1_42' title='bbox 525 905 888 976; x_wconf 84' lang='lat' dir='ltr'><strong>furiosamque</strong></span> <span class='ocrx_word' id='word_1_43' title='bbox 912 903 1384 976; x_wconf 56' lang='lat' dir='ltr'><strong>praesumptionem</strong></span> <span class='ocrx_word' id='word_1_44' title='bbox 1412 911 1465 956; x_wconf 87' lang='lat' dir='ltr'><strong>et</strong></span> <span class='ocrx_word' id='word_1_45' title='bbox 1494 899 1792 964; x_wconf 82' lang='lat' dir='ltr'><strong>audaciam,</strong></span> 
     </span>
    </p>
   </div>
   <div class='ocr_carea' id='block_1_8' title="bbox 203 991 1794 1069">
    <p class='ocr_par' dir='ltr' id='par_1_8' title="bbox 203 991 1794 1069">
     <span class='ocr_line' id='line_1_8' title="bbox 203 991 1794 1069; baseline -0.006 -17"><span class='ocrx_word' id='word_1_46' title='bbox 203 1000 309 1069; x_wconf 85' lang='lat' dir='ltr'><strong>jam</strong></span> <span class='ocrx_word' id='word_1_47' title='bbox 332 997 587 1068; x_wconf 80' lang='lat' dir='ltr'><strong>superius</strong></span> <span class='ocrx_word' id='word_1_48' title='bbox 612 997 665 1052; x_wconf 92' lang='lat' dir='ltr'><strong>in</strong></span> <span class='ocrx_word' id='word_1_49' title='bbox 696 996 797 1053; x_wconf 87' lang='lat' dir='ltr'><strong>hoc</strong></span> <span class='ocrx_word' id='word_1_50' title='bbox 818 1010 980 1066; x_wconf 90' lang='lat' dir='ltr'><strong>opere</strong></span> <span class='ocrx_word' id='word_1_51' title='bbox 998 1036 1015 1062; x_wconf 94' lang='lat'><strong>,</strong></span> <span class='ocrx_word' id='word_1_52' title='bbox 1057 1003 1315 1067; x_wconf 86' lang='lat' dir='ltr'><strong>quantum</strong></span> <span class='ocrx_word' id='word_1_53' title='bbox 1353 993 1595 1048; x_wconf 87' lang='lat' dir='ltr'><strong>sufficere</strong></span> <span class='ocrx_word' id='word_1_54' title='bbox 1623 991 1794 1047; x_wconf 88' lang='lat' dir='ltr'><strong>visum</strong></span> 
     </span>
    </p>
   </div>
   <div class='ocr_carea' id='block_1_9' title="bbox 207 1081 1796 1157">
    <p class='ocr_par' dir='ltr' id='par_1_9' title="bbox 207 1081 1796 1157">
     <span class='ocr_line' id='line_1_9' title="bbox 207 1081 1796 1157; baseline -0.007 -10"><span class='ocrx_word' id='word_1_55' title='bbox 207 1100 306 1156; x_wconf 85' lang='lat' dir='ltr'><strong>est,</strong></span> <span class='ocrx_word' id='word_1_56' title='bbox 337 1089 568 1146; x_wconf 83' lang='lat' dir='ltr'><strong>refutavi</strong></span> <span class='ocrx_word' id='word_1_57' title='bbox 595 1107 610 1145; x_wconf 89' lang='lat'><strong>:</strong></span> <span class='ocrx_word' id='word_1_58' title='bbox 639 1104 740 1145; x_wconf 85' lang='lat' dir='ltr'><strong>nec</strong></span> <span class='ocrx_word' id='word_1_59' title='bbox 759 1088 945 1144; x_wconf 85' lang='lat' dir='ltr'><strong>eadem</strong></span> <span class='ocrx_word' id='word_1_60' title='bbox 969 1097 1212 1157; x_wconf 62' lang='lat' dir='ltr'><strong>repetere</strong></span> <span class='ocrx_word' id='word_1_61' title='bbox 1237 1093 1470 1155; x_wconf 85' lang='lat' dir='ltr'><strong>oportet,</strong></span> <span class='ocrx_word' id='word_1_62' title='bbox 1498 1093 1555 1138; x_wconf 92' lang='lat' dir='ltr'><strong>ut</strong></span> <span class='ocrx_word' id='word_1_63' title='bbox 1582 1081 1796 1138; x_wconf 91' lang='lat' dir='ltr'><strong>modum</strong></span> 
     </span>
    </p>
   </div>
   <div class='ocr_carea' id='block_1_10' title="bbox 208 1173 1800 1248">
    <p class='ocr_par' dir='ltr' id='par_1_10' title="bbox 208 1173 1800 1248">
     <span class='ocr_line' id='line_1_10' title="bbox 208 1173 1800 1248; baseline -0.008 -9"><span class='ocrx_word' id='word_1_64' title='bbox 208 1182 474 1239; x_wconf 69' lang='lat' dir='ltr'><strong>mnis</strong></span> <span class='ocrx_word' id='word_1_65' title='bbox 513 1181 676 1238; x_wconf 78' lang='lat' dir='ltr'><strong>etiam</strong></span> <span class='ocrx_word' id='word_1_66' title='bbox 701 1179 1021 1248; x_wconf 71' lang='lat' dir='ltr'><strong>cogitemus.</strong></span> <span class='ocrx_word' id='word_1_67' title='bbox 1069 1177 1205 1247; x_wconf 82' lang='lat' dir='ltr'><strong>Quid</strong></span> <span class='ocrx_word' id='word_1_68' title='bbox 1247 1177 1405 1247; x_wconf 88' lang='lat' dir='ltr'><strong>igitur</strong></span> <span class='ocrx_word' id='word_1_69' title='bbox 1437 1191 1570 1245; x_wconf 90' lang='lat' dir='ltr'><strong>opus</strong></span> <span class='ocrx_word' id='word_1_70' title='bbox 1606 1183 1689 1228; x_wconf 91' lang='lat' dir='ltr'><strong>est</strong></span> <span class='ocrx_word' id='word_1_71' title='bbox 1717 1173 1800 1227; x_wconf 92' lang='lat' dir='ltr'><strong>di-</strong></span> 
     </span>
    </p>
   </div>
   <div class='ocr_carea' id='block_1_11' title="bbox 209 1264 1801 1344">
    <p class='ocr_par' dir='ltr' id='par_1_11' title="bbox 209 1264 1801 1344">
     <span class='ocr_line' id='line_1_11' title="bbox 209 1264 1801 1344; baseline -0.006 -16"><span class='ocrx_word' id='word_1_72' title='bbox 209 1287 389 1344; x_wconf 81' lang='lat' dir='ltr'><strong>spersa</strong></span> <span class='ocrx_word' id='word_1_73' title='bbox 431 1288 532 1342; x_wconf 90' lang='lat' dir='ltr'><strong>per</strong></span> <span class='ocrx_word' id='word_1_74' title='bbox 553 1271 859 1340; x_wconf 87' lang='lat' dir='ltr'><strong>Seripturas</strong></span> <span class='ocrx_word' id='word_1_75' title='bbox 883 1283 1071 1326; x_wconf 81' lang='lat' dir='ltr'><strong>omnes</strong></span> <span class='ocrx_word' id='word_1_76' title='bbox 1095 1284 1337 1339; x_wconf 59' lang='lat' dir='ltr'><strong>quaerere</strong></span> <span class='ocrx_word' id='word_1_77' title='bbox 1360 1276 1522 1336; x_wconf 87' lang='lat' dir='ltr'><strong>atque</strong></span> <span class='ocrx_word' id='word_1_78' title='bbox 1547 1264 1801 1333; x_wconf 81' lang='lat' dir='ltr'><strong>colligere</strong></span> 
     </span>
    </p>
   </div>
   <div class='ocr_carea' id='block_1_12' title="bbox 210 1356 1800 1434">
    <p class='ocr_par' dir='ltr' id='par_1_12' title="bbox 210 1356 1800 1434">
     <span class='ocr_line' id='line_1_12' title="bbox 210 1356 1800 1434; baseline -0.006 -14"><span class='ocrx_word' id='word_1_79' title='bbox 210 1363 542 1430; x_wconf 79' lang='lat' dir='ltr'><strong>testimonia,</strong></span> <span class='ocrx_word' id='word_1_80' title='bbox 566 1362 762 1434; x_wconf 81' lang='lat' dir='ltr'><strong>quibus</strong></span> <span class='ocrx_word' id='word_1_81' title='bbox 784 1372 967 1417; x_wconf 80' lang='lat' dir='ltr'><strong>contra</strong></span> <span class='ocrx_word' id='word_1_82' title='bbox 999 1362 1156 1415; x_wconf 86' lang='lat' dir='ltr'><strong>istum</strong></span> <span class='ocrx_word' id='word_1_83' title='bbox 1184 1359 1469 1429; x_wconf 87' lang='lat' dir='ltr'><strong>probemus</strong></span> <span class='ocrx_word' id='word_1_84' title='bbox 1487 1397 1503 1424; x_wconf 92' lang='lat'><strong>,</strong></span> <span class='ocrx_word' id='word_1_85' title='bbox 1550 1357 1601 1410; x_wconf 91' lang='lat' dir='ltr'><strong>in</strong></span> <span class='ocrx_word' id='word_1_86' title='bbox 1629 1356 1800 1411; x_wconf 88' lang='lat' dir='ltr'><strong>Libris</strong></span> 
     </span>
    </p>
   </div>
   <div class='ocr_carea' id='block_1_13' title="bbox 210 1445 1802 1523">
    <p class='ocr_par' dir='ltr' id='par_1_13' title="bbox 210 1445 1802 1523">
     <span class='ocr_line' id='line_1_13' title="bbox 210 1445 1802 1523; baseline -0.006 -14"><span class='ocrx_word' id='word_1_87' title='bbox 210 1454 466 1510; x_wconf 66' lang='lat' dir='ltr'><strong>maxime</strong></span> <span class='ocrx_word' id='word_1_88' title='bbox 491 1452 793 1523; x_wconf 64' lang='lat' dir='ltr'><strong>divina&#39;que</strong></span> <span class='ocrx_word' id='word_1_89' title='bbox 817 1451 1146 1507; x_wconf 83' lang='lat' dir='ltr'><strong>auctoritatis</strong></span> <span class='ocrx_word' id='word_1_90' title='bbox 1166 1491 1182 1517; x_wconf 94' lang='lat'><strong>,</strong></span> <span class='ocrx_word' id='word_1_91' title='bbox 1207 1449 1455 1505; x_wconf 89' lang='lat' dir='ltr'><strong>eumdem</strong></span> <span class='ocrx_word' id='word_1_92' title='bbox 1481 1447 1586 1502; x_wconf 89' lang='lat' dir='ltr'><strong>dici</strong></span> <span class='ocrx_word' id='word_1_93' title='bbox 1613 1445 1802 1501; x_wconf 88' lang='lat' dir='ltr'><strong>Filium</strong></span> 
     </span>
    </p>
   </div>
   <div class='ocr_carea' id='block_1_14' title="bbox 211 1537 1804 1615">
    <p class='ocr_par' dir='ltr' id='par_1_14' title="bbox 211 1537 1804 1615">
     <span class='ocr_line' id='line_1_14' title="bbox 211 1537 1804 1615; baseline -0.006 -14"><span class='ocrx_word' id='word_1_94' title='bbox 211 1545 303 1601; x_wconf 85' lang='lat' dir='ltr'><strong>Dei</strong></span> <span class='ocrx_word' id='word_1_95' title='bbox 326 1544 670 1615; x_wconf 68' lang='lat' dir='ltr'><strong>unigenitum</strong></span> <span class='ocrx_word' id='word_1_96' title='bbox 690 1557 904 1612; x_wconf 84' lang='lat' dir='ltr'><strong>semper</strong></span> <span class='ocrx_word' id='word_1_97' title='bbox 928 1542 1092 1596; x_wconf 89' lang='lat' dir='ltr'><strong>Deum</strong></span> <span class='ocrx_word' id='word_1_98' title='bbox 1121 1541 1257 1611; x_wconf 87' lang='lat' dir='ltr'><strong>apud</strong></span> <span class='ocrx_word' id='word_1_99' title='bbox 1287 1540 1473 1602; x_wconf 89' lang='lat' dir='ltr'><strong>Deum,</strong></span> <span class='ocrx_word' id='word_1_100' title='bbox 1502 1538 1590 1609; x_wconf 86' lang='lat' dir='ltr'><strong>qui</strong></span> <span class='ocrx_word' id='word_1_101' title='bbox 1611 1537 1804 1593; x_wconf 88' lang='lat' dir='ltr'><strong>dicitur</strong></span> 
     </span>
    </p>
   </div>
   <div class='ocr_carea' id='block_1_15' title="bbox 210 1628 1803 1704">
    <p class='ocr_par' dir='ltr' id='par_1_15' title="bbox 210 1628 1803 1704">
     <span class='ocr_line' id='line_1_15' title="bbox 210 1628 1803 1704; baseline -0.006 -13"><span class='ocrx_word' id='word_1_102' title='bbox 210 1637 370 1692; x_wconf 85' lang='lat' dir='ltr'><strong>etiam</strong></span> <span class='ocrx_word' id='word_1_103' title='bbox 403 1634 548 1690; x_wconf 82' lang='lat' dir='ltr'><strong>filius</strong></span> <span class='ocrx_word' id='word_1_104' title='bbox 580 1633 743 1689; x_wconf 83' lang='lat' dir='ltr'><strong>David</strong></span> <span class='ocrx_word' id='word_1_105' title='bbox 773 1641 990 1704; x_wconf 82' lang='lat' dir='ltr'><strong>propter</strong></span> <span class='ocrx_word' id='word_1_106' title='bbox 1019 1641 1290 1701; x_wconf 84' lang='lat' dir='ltr'><strong>acceptam</strong></span> <span class='ocrx_word' id='word_1_107' title='bbox 1319 1630 1541 1684; x_wconf 89' lang='lat' dir='ltr'><strong>formam</strong></span> <span class='ocrx_word' id='word_1_108' title='bbox 1570 1628 1709 1684; x_wconf 84' lang='lat' dir='ltr'><strong>servi</strong></span> <span class='ocrx_word' id='word_1_109' title='bbox 1738 1643 1803 1683; x_wconf 79' lang='lat' dir='ltr'><strong>ex</strong></span> 
     </span>
    </p>
   </div>
   <div class='ocr_carea' id='block_1_16' title="bbox 209 1717 1806 1796">
    <p class='ocr_par' dir='ltr' id='par_1_16' title="bbox 209 1717 1806 1796">
     <span class='ocr_line' id='line_1_16' title="bbox 209 1717 1806 1796; baseline -0.004 -16"><span class='ocrx_word' id='word_1_110' title='bbox 209 1725 416 1796; x_wconf 77' lang='lat' dir='ltr'><strong>virgine</strong></span> <span class='ocrx_word' id='word_1_111' title='bbox 443 1723 612 1779; x_wconf 75' lang='lat' dir='ltr'><strong>Maria</strong></span> <span class='ocrx_word' id='word_1_112' title='bbox 640 1722 865 1793; x_wconf 83' lang='lat' dir='ltr'><strong>conjuge</strong></span> <span class='ocrx_word' id='word_1_113' title='bbox 887 1720 1122 1791; x_wconf 81' lang='lat' dir='ltr'><strong>Joseph?</strong></span> <span class='ocrx_word' id='word_1_114' title='bbox 1149 1719 1302 1776; x_wconf 82' lang='lat' dir='ltr'><strong>Nunc</strong></span> <span class='ocrx_word' id='word_1_115' title='bbox 1327 1719 1560 1786; x_wconf 85' lang='lat' dir='ltr'><strong>interim,</strong></span> <span class='ocrx_word' id='word_1_116' title='bbox 1591 1717 1711 1788; x_wconf 88' lang='lat' dir='ltr'><strong>quia</strong></span> <span class='ocrx_word' id='word_1_117' title='bbox 1736 1717 1806 1773; x_wconf 90' lang='lat' dir='ltr'><strong>de</strong></span> 
     </span>
    </p>
   </div>
   <div class='ocr_carea' id='block_1_17' title="bbox 211 1809 1804 1882">
    <p class='ocr_par' dir='ltr' id='par_1_17' title="bbox 211 1809 1804 1882">
     <span class='ocr_line' id='line_1_17' title="bbox 211 1809 1804 1882; baseline -0.005 -12"><span class='ocrx_word' id='word_1_118' title='bbox 211 1814 468 1870; x_wconf 67' lang='lat' dir='ltr'><strong>latthazo</strong></span> <span class='ocrx_word' id='word_1_119' title='bbox 493 1814 661 1870; x_wconf 88' lang='lat' dir='ltr'><strong>voluit</strong></span> <span class='ocrx_word' id='word_1_120' title='bbox 682 1812 956 1882; x_wconf 84' lang='lat' dir='ltr'><strong>disputare</strong></span> <span class='ocrx_word' id='word_1_121' title='bbox 975 1852 992 1878; x_wconf 90' lang='lat'><strong>,</strong></span> <span class='ocrx_word' id='word_1_122' title='bbox 1017 1826 1120 1870; x_wconf 88' lang='lat' dir='ltr'><strong>nec</strong></span> <span class='ocrx_word' id='word_1_123' title='bbox 1140 1825 1170 1866; x_wconf 90' lang='lat' dir='ltr'><strong>a</strong></span> <span class='ocrx_word' id='word_1_124' title='bbox 1197 1825 1286 1868; x_wconf 90' lang='lat' dir='ltr'><strong>me</strong></span> <span class='ocrx_word' id='word_1_125' title='bbox 1315 1819 1457 1865; x_wconf 88' lang='lat' dir='ltr'><strong>totus</strong></span> <span class='ocrx_word' id='word_1_126' title='bbox 1479 1809 1709 1864; x_wconf 72' lang='lat' dir='ltr'><strong>Matthzei</strong></span> <span class='ocrx_word' id='word_1_127' title='bbox 1739 1809 1804 1863; x_wconf 90' lang='lat' dir='ltr'><strong>li-</strong></span> 
     </span>
    </p>
   </div>
   <div class='ocr_carea' id='block_1_18' title="bbox 211 1899 1808 1973">
    <p class='ocr_par' dir='ltr' id='par_1_18' title="bbox 211 1899 1808 1973">
     <span class='ocr_line' id='line_1_18' title="bbox 211 1899 1808 1973; baseline -0.004 -11"><span class='ocrx_word' id='word_1_128' title='bbox 211 1905 309 1962; x_wconf 83' lang='lat' dir='ltr'><strong>ber</strong></span> <span class='ocrx_word' id='word_1_129' title='bbox 330 1904 462 1960; x_wconf 78' lang='lat' dir='ltr'><strong>huic</strong></span> <span class='ocrx_word' id='word_1_130' title='bbox 487 1903 724 1960; x_wconf 83' lang='lat' dir='ltr'><strong>sermoni</strong></span> <span class='ocrx_word' id='word_1_131' title='bbox 749 1902 913 1960; x_wconf 83' lang='lat' dir='ltr'><strong>inseri</strong></span> <span class='ocrx_word' id='word_1_132' title='bbox 943 1910 1154 1972; x_wconf 81' lang='lat' dir='ltr'><strong>potest,</strong></span> <span class='ocrx_word' id='word_1_133' title='bbox 1179 1901 1320 1973; x_wconf 87' lang='lat' dir='ltr'><strong>legat</strong></span> <span class='ocrx_word' id='word_1_134' title='bbox 1344 1899 1436 1971; x_wconf 93' lang='lat' dir='ltr'><strong>qui</strong></span> <span class='ocrx_word' id='word_1_135' title='bbox 1461 1899 1720 1968; x_wconf 88' lang='lat' dir='ltr'><strong>voluerit,</strong></span> <span class='ocrx_word' id='word_1_136' title='bbox 1753 1908 1808 1955; x_wconf 90' lang='lat' dir='ltr'><strong>et</strong></span> 
     </span>
    </p>
   </div>
   <div class='ocr_carea' id='block_1_19' title="bbox 211 1992 1809 2065">
    <p class='ocr_par' dir='ltr' id='par_1_19' title="bbox 211 1992 1809 2065">
     <span class='ocr_line' id='line_1_19' title="bbox 211 1992 1809 2065; baseline -0.004 -15"><span class='ocrx_word' id='word_1_137' title='bbox 211 1996 388 2052; x_wconf 84' lang='lat' dir='ltr'><strong>videat</strong></span> <span class='ocrx_word' id='word_1_138' title='bbox 412 1993 865 2065; x_wconf 83' lang='lat' dir='ltr'><strong>quemadmodum</strong></span> <span class='ocrx_word' id='word_1_139' title='bbox 891 1992 1170 2048; x_wconf 81' lang='lat' dir='ltr'><strong>Matthaeus</strong></span> <span class='ocrx_word' id='word_1_140' title='bbox 1197 2006 1338 2058; x_wconf 88' lang='lat' dir='ltr'><strong>eum,</strong></span> <span class='ocrx_word' id='word_1_141' title='bbox 1372 2005 1530 2061; x_wconf 90' lang='lat' dir='ltr'><strong>quem</strong></span> <span class='ocrx_word' id='word_1_142' title='bbox 1560 2000 1809 2060; x_wconf 88' lang='lat' dir='ltr'><strong>parentes</strong></span> 
     </span>
    </p>
   </div>
   <div class='ocr_carea' id='block_1_20' title="bbox 210 2080 1809 2160">
    <p class='ocr_par' dir='ltr' id='par_1_20' title="bbox 210 2080 1809 2160">
     <span class='ocr_line' id='line_1_20' title="bbox 210 2080 1809 2160; baseline -0.005 -16"><span class='ocrx_word' id='word_1_143' title='bbox 210 2089 326 2160; x_wconf 81' lang='lat' dir='ltr'><strong>ejus</strong></span> <span class='ocrx_word' id='word_1_144' title='bbox 346 2098 765 2144; x_wconf 80' lang='lat' dir='ltr'><strong>enumeraturus</strong></span> <span class='ocrx_word' id='word_1_145' title='bbox 787 2086 916 2141; x_wconf 88' lang='lat' dir='ltr'><strong>dicit</strong></span> <span class='ocrx_word' id='word_1_146' title='bbox 945 2085 1111 2140; x_wconf 82' lang='lat' dir='ltr'><strong>ﬁlium</strong></span> <span class='ocrx_word' id='word_1_147' title='bbox 1137 2083 1322 2151; x_wconf 85' lang='lat' dir='ltr'><strong>David,</strong></span> <span class='ocrx_word' id='word_1_148' title='bbox 1354 2080 1619 2137; x_wconf 89' lang='lat' dir='ltr'><strong>narrando</strong></span> <span class='ocrx_word' id='word_1_149' title='bbox 1640 2097 1809 2150; x_wconf 87' lang='lat' dir='ltr'><strong>usque</strong></span> 
     </span>
    </p>
   </div>
   <div class='ocr_carea' id='block_1_21' title="bbox 210 2173 1808 2248">
    <p class='ocr_par' dir='ltr' id='par_1_21' title="bbox 210 2173 1808 2248">
     <span class='ocr_line' id='line_1_21' title="bbox 210 2173 1808 2248; baseline -0.004 -15"><span class='ocrx_word' id='word_1_150' title='bbox 210 2179 278 2234; x_wconf 84' lang='lat' dir='ltr'><strong>ad</strong></span> <span class='ocrx_word' id='word_1_151' title='bbox 305 2179 613 2248; x_wconf 81' lang='lat' dir='ltr'><strong>passionem</strong></span> <span class='ocrx_word' id='word_1_152' title='bbox 637 2175 1190 2245; x_wconf 89' lang='lat' dir='ltr'><strong>resurrectionemque</strong></span> <span class='ocrx_word' id='word_1_153' title='bbox 1211 2173 1496 2244; x_wconf 87' lang='lat' dir='ltr'><strong>perducat;</strong></span> <span class='ocrx_word' id='word_1_154' title='bbox 1528 2187 1627 2228; x_wconf 89' lang='lat' dir='ltr'><strong>nec</strong></span> <span class='ocrx_word' id='word_1_155' title='bbox 1646 2173 1808 2227; x_wconf 89' lang='lat' dir='ltr'><strong>alium</strong></span> 
     </span>
    </p>
   </div>
   <div class='ocr_carea' id='block_1_22' title="bbox 211 2264 1809 2340">
    <p class='ocr_par' dir='ltr' id='par_1_22' title="bbox 211 2264 1809 2340">
     <span class='ocr_line' id='line_1_22' title="bbox 211 2264 1809 2340; baseline -0.004 -16"><span class='ocrx_word' id='word_1_156' title='bbox 211 2283 370 2340; x_wconf 85' lang='lat' dir='ltr'><strong>quam</strong></span> <span class='ocrx_word' id='word_1_157' title='bbox 399 2269 580 2339; x_wconf 88' lang='lat' dir='ltr'><strong>ipsum</strong></span> <span class='ocrx_word' id='word_1_158' title='bbox 609 2267 754 2323; x_wconf 86' lang='lat' dir='ltr'><strong>dicat</strong></span> <span class='ocrx_word' id='word_1_159' title='bbox 790 2283 822 2322; x_wconf 91' lang='lat' dir='ltr'><strong>a</strong></span> <span class='ocrx_word' id='word_1_160' title='bbox 852 2267 1056 2338; x_wconf 84' lang='lat' dir='ltr'><strong>virgine</strong></span> <span class='ocrx_word' id='word_1_161' title='bbox 1093 2265 1256 2321; x_wconf 83' lang='lat' dir='ltr'><strong>Maria</strong></span> <span class='ocrx_word' id='word_1_162' title='bbox 1283 2265 1351 2320; x_wconf 91' lang='lat' dir='ltr'><strong>de</strong></span> <span class='ocrx_word' id='word_1_163' title='bbox 1385 2264 1585 2335; x_wconf 88' lang='lat' dir='ltr'><strong>Spiritu</strong></span> <span class='ocrx_word' id='word_1_164' title='bbox 1623 2273 1809 2320; x_wconf 75' lang='lat' dir='ltr'><strong>sancto</strong></span> 
     </span>
    </p>
   </div>
   <div class='ocr_carea' id='block_1_23' title="bbox 211 2357 1807 2434">
    <p class='ocr_par' dir='ltr' id='par_1_23' title="bbox 211 2357 1807 2434">
     <span class='ocr_line' id='line_1_23' title="bbox 211 2357 1807 2434; baseline -0.006 -16"><span class='ocrx_word' id='word_1_165' title='bbox 211 2372 537 2434; x_wconf 79' lang='lat' dir='ltr'><strong>conceptum</strong></span> <span class='ocrx_word' id='word_1_166' title='bbox 565 2370 622 2417; x_wconf 91' lang='lat' dir='ltr'><strong>et</strong></span> <span class='ocrx_word' id='word_1_167' title='bbox 647 2369 852 2416; x_wconf 88' lang='lat' dir='ltr'><strong>natum.</strong></span> <span class='ocrx_word' id='word_1_168' title='bbox 879 2359 978 2416; x_wconf 89' lang='lat' dir='ltr'><strong>Cui</strong></span> <span class='ocrx_word' id='word_1_169' title='bbox 1003 2359 1082 2414; x_wconf 91' lang='lat' dir='ltr'><strong>rei</strong></span> <span class='ocrx_word' id='word_1_170' title='bbox 1109 2357 1326 2414; x_wconf 83' lang='lat' dir='ltr'><strong>adhibet</strong></span> <span class='ocrx_word' id='word_1_171' title='bbox 1367 2366 1421 2412; x_wconf 89' lang='lat' dir='ltr'><strong>et</strong></span> <span class='ocrx_word' id='word_1_172' title='bbox 1449 2357 1807 2412; x_wconf 86' lang='lat' dir='ltr'><strong>testimonium</strong></span> 
     </span>
    </p>
   </div>
   <div class='ocr_carea' id='block_1_24' title="bbox 209 2448 1808 2522">
    <p class='ocr_par' dir='ltr' id='par_1_24' title="bbox 209 2448 1808 2522">
     <span class='ocr_line' id='line_1_24' title="bbox 209 2448 1808 2522; baseline -0.003 -17"><span class='ocrx_word' id='word_1_173' title='bbox 209 2450 278 2507; x_wconf 83' lang='lat' dir='ltr'><strong>de</strong></span> <span class='ocrx_word' id='word_1_174' title='bbox 310 2451 622 2522; x_wconf 73' lang='lat' dir='ltr'><strong>propheta:</strong></span> <span class='ocrx_word' id='word_1_175' title='bbox 658 2449 793 2505; x_wconf 84' lang='lat' dir='ltr'><strong>Ecce</strong></span> <span class='ocrx_word' id='word_1_176' title='bbox 827 2451 967 2520; x_wconf 79' lang='lat' dir='ltr'><strong>virgo</strong></span> <span class='ocrx_word' id='word_1_177' title='bbox 1007 2449 1217 2518; x_wconf 80' lang='lat' dir='ltr'><strong>accipiet</strong></span> <span class='ocrx_word' id='word_1_178' title='bbox 1257 2449 1308 2502; x_wconf 90' lang='lat' dir='ltr'><strong>in</strong></span> <span class='ocrx_word' id='word_1_179' title='bbox 1351 2457 1524 2514; x_wconf 81' lang='lat' dir='ltr'><strong>utero,</strong></span> <span class='ocrx_word' id='word_1_180' title='bbox 1563 2457 1610 2501; x_wconf 89' lang='lat' dir='ltr'><strong>et</strong></span> <span class='ocrx_word' id='word_1_181' title='bbox 1648 2448 1808 2516; x_wconf 84' lang='lat' dir='ltr'><strong>pariet</strong></span> 
     </span>
    </p>
   </div>
   <div class='ocr_carea' id='block_1_25' title="bbox 211 2537 1809 2611">
    <p class='ocr_par' dir='ltr' id='par_1_25' title="bbox 211 2537 1809 2611">
     <span class='ocr_line' id='line_1_25' title="bbox 211 2537 1809 2611; baseline -0.004 -13"><span class='ocrx_word' id='word_1_182' title='bbox 211 2543 401 2611; x_wconf 70' lang='lat' dir='ltr'><strong>ﬂium,</strong></span> <span class='ocrx_word' id='word_1_183' title='bbox 425 2551 476 2597; x_wconf 81' lang='lat' dir='ltr'><strong>et</strong></span> <span class='ocrx_word' id='word_1_184' title='bbox 502 2541 752 2597; x_wconf 77' lang='lat' dir='ltr'><strong>vocabunt</strong></span> <span class='ocrx_word' id='word_1_185' title='bbox 776 2557 957 2595; x_wconf 84' lang='lat' dir='ltr'><strong>nomen</strong></span> <span class='ocrx_word' id='word_1_186' title='bbox 979 2543 1090 2610; x_wconf 87' lang='lat' dir='ltr'><strong>ejus</strong></span> <span class='ocrx_word' id='word_1_187' title='bbox 1118 2538 1438 2604; x_wconf 83' lang='lat' dir='ltr'><strong>Emmanuel,</strong></span> <span class='ocrx_word' id='word_1_188' title='bbox 1468 2537 1602 2609; x_wconf 87' lang='lat' dir='ltr'><strong>quod</strong></span> <span class='ocrx_word' id='word_1_189' title='bbox 1626 2548 1698 2592; x_wconf 87' lang='lat' dir='ltr'><strong>est</strong></span> <span class='ocrx_word' id='word_1_190' title='bbox 1726 2539 1809 2592; x_wconf 89' lang='lat' dir='ltr'><strong>in-</strong></span> 
     </span>
    </p>
   </div>
   <div class='ocr_carea' id='block_1_26' title="bbox 210 2627 1806 2705">
    <p class='ocr_par' dir='ltr' id='par_1_26' title="bbox 210 2627 1806 2705">
     <span class='ocr_line' id='line_1_26' title="bbox 210 2627 1806 2705; baseline -0.002 -18"><span class='ocrx_word' id='word_1_191' title='bbox 210 2643 575 2705; x_wconf 67' lang='lat' dir='ltr'><strong>terpretatum,</strong></span> <span class='ocrx_word' id='word_1_192' title='bbox 617 2632 895 2688; x_wconf 75' lang='lat' dir='ltr'><strong>Nobiscum</strong></span> <span class='ocrx_word' id='word_1_193' title='bbox 937 2630 1072 2686; x_wconf 85' lang='lat' dir='ltr'><strong>Deus</strong></span> <span class='ocrx_word' id='word_1_194' title='bbox 1099 2628 1254 2702; x_wconf 87' lang='lat' dir='ltr'><strong>(Isai.</strong></span> <span class='ocrx_word' id='word_1_195' title='bbox 1288 2645 1384 2696; x_wconf 87' lang='lat' dir='ltr'><strong>vn,</strong></span> <span class='ocrx_word' id='word_1_196' title='bbox 1417 2630 1512 2695; x_wconf 67' lang='lat' dir='ltr'><strong>ll;</strong></span> <span class='ocrx_word' id='word_1_197' title='bbox 1547 2627 1735 2683; x_wconf 75' lang='lat' dir='ltr'><strong>Matth.</strong></span> <span class='ocrx_word' id='word_1_198' title='bbox 1769 2644 1806 2695; x_wconf 82' lang='grc' dir='ltr'><strong>ι,</strong></span> 
     </span>
    </p>
   </div>
   <div class='ocr_carea' id='block_1_27' title="bbox 207 2718 1809 2799">
    <p class='ocr_par' dir='ltr' id='par_1_27' title="bbox 207 2718 1809 2799">
     <span class='ocr_line' id='line_1_27' title="bbox 207 2718 1809 2799; baseline -0.004 -19"><span class='ocrx_word' id='word_1_199' title='bbox 207 2725 328 2799; x_wconf 72' lang='lat'><strong>23).</strong></span> <span class='ocrx_word' id='word_1_200' title='bbox 369 2723 742 2793; x_wconf 82' lang='lat' dir='ltr'><strong>Emndemque</strong></span> <span class='ocrx_word' id='word_1_201' title='bbox 780 2723 1102 2793; x_wconf 79' lang='lat' dir='ltr'><strong>baptizatum</strong></span> <span class='ocrx_word' id='word_1_202' title='bbox 1139 2736 1170 2774; x_wconf 93' lang='lat' dir='ltr'><strong>a</strong></span> <span class='ocrx_word' id='word_1_203' title='bbox 1211 2719 1448 2784; x_wconf 78' lang='lat' dir='ltr'><strong>Joanne,</strong></span> <span class='ocrx_word' id='word_1_204' title='bbox 1486 2718 1701 2775; x_wconf 89' lang='lat' dir='ltr'><strong>audisse</strong></span> <span class='ocrx_word' id='word_1_205' title='bbox 1741 2718 1809 2774; x_wconf 88' lang='lat' dir='ltr'><strong>de</strong></span> 
     </span>
    </p>
   </div>
   <div class='ocr_carea' id='block_1_28' title="bbox 207 2808 1812 2882">
    <p class='ocr_par' dir='ltr' id='par_1_28' title="bbox 207 2808 1812 2882">
     <span class='ocr_line' id='line_1_28' title="bbox 207 2808 1812 2882; baseline -0.006 -10"><span class='ocrx_word' id='word_1_206' title='bbox 207 2816 374 2882; x_wconf 62' lang='lat' dir='ltr'><strong>celo,</strong></span> <span class='ocrx_word' id='word_1_207' title='bbox 401 2815 505 2870; x_wconf 80' lang='lat' dir='ltr'><strong>Hic</strong></span> <span class='ocrx_word' id='word_1_208' title='bbox 528 2825 603 2870; x_wconf 86' lang='lat' dir='ltr'><strong>est</strong></span> <span class='ocrx_word' id='word_1_209' title='bbox 628 2813 794 2868; x_wconf 81' lang='lat' dir='ltr'><strong>Filius</strong></span> <span class='ocrx_word' id='word_1_210' title='bbox 817 2829 955 2867; x_wconf 76' lang='lat' dir='ltr'><strong>meus</strong></span> <span class='ocrx_word' id='word_1_211' title='bbox 975 2810 1206 2878; x_wconf 84' lang='lat' dir='ltr'><strong>dilectus,</strong></span> <span class='ocrx_word' id='word_1_212' title='bbox 1233 2811 1286 2864; x_wconf 88' lang='lat' dir='ltr'><strong>in</strong></span> <span class='ocrx_word' id='word_1_213' title='bbox 1310 2826 1409 2880; x_wconf 86' lang='lat' dir='ltr'><strong>quo</strong></span> <span class='ocrx_word' id='word_1_214' title='bbox 1434 2808 1557 2863; x_wconf 80' lang='lat' dir='ltr'><strong>mihi</strong></span> <span class='ocrx_word' id='word_1_215' title='bbox 1583 2809 1812 2880; x_wconf 86' lang='lat' dir='ltr'><strong>compla-</strong></span> 
     </span>
    </p>
   </div>
   <div class='ocr_carea' id='block_1_29' title="bbox 206 2902 1807 2981">
    <p class='ocr_par' dir='ltr' id='par_1_29' title="bbox 206 2902 1807 2981">
     <span class='ocr_line' id='line_1_29' title="bbox 206 2902 1807 2981; baseline -0.005 -17"><span class='ocrx_word' id='word_1_216' title='bbox 206 2910 292 2964; x_wconf 68' lang='grc' dir='ltr'><strong>αἱ</strong></span> <span class='ocrx_word' id='word_1_217' title='bbox 347 2907 563 2981; x_wconf 65' lang='grc' dir='ltr'><strong>(Βοιώ.</strong></span> <span class='ocrx_word' id='word_1_218' title='bbox 622 2923 716 2974; x_wconf 86' lang='lat' dir='ltr'><strong>tu,-</strong></span> <span class='ocrx_word' id='word_1_219' title='bbox 755 2905 867 2975; x_wconf 84' lang='lat' dir='ltr'><strong>l7)</strong></span> <span class='ocrx_word' id='word_1_220' title='bbox 898 2923 912 2959; x_wconf 90' lang='lat'>:</span> <span class='ocrx_word' id='word_1_221' title='bbox 943 2905 1012 2960; x_wconf 91' lang='lat' dir='ltr'><strong>de</strong></span> <span class='ocrx_word' id='word_1_222' title='bbox 1056 2919 1166 2976; x_wconf 91' lang='lat' dir='ltr'><strong>quo</strong></span> <span class='ocrx_word' id='word_1_223' title='bbox 1205 2903 1405 2958; x_wconf 89' lang='lat' dir='ltr'><strong>dictum</strong></span> <span class='ocrx_word' id='word_1_224' title='bbox 1447 2911 1562 2958; x_wconf 89' lang='lat' dir='ltr'><strong>erat</strong></span> <span class='ocrx_word' id='word_1_225' title='bbox 1586 2902 1694 2972; x_wconf 89' lang='lat' dir='ltr'><strong>jam</strong></span> <span class='ocrx_word' id='word_1_226' title='bbox 1743 2918 1807 2957; x_wconf 77' lang='lat' dir='ltr'><strong>ex</strong></span> 
     </span>
    </p>
   </div>
   <div class='ocr_carea' id='block_1_30' title="bbox 210 2992 1808 3070">
    <p class='ocr_par' dir='ltr' id='par_1_30' title="bbox 210 2992 1808 3070">
     <span class='ocr_line' id='line_1_30' title="bbox 210 2992 1808 3070; baseline -0.004 -15"><span class='ocrx_word' id='word_1_227' title='bbox 210 3011 375 3067; x_wconf 69' lang='lat' dir='ltr'><strong>metu</strong></span> <span class='ocrx_word' id='word_1_228' title='bbox 411 2998 668 3070; x_wconf 83' lang='lat' dir='ltr'><strong>virginis,</strong></span> <span class='ocrx_word' id='word_1_229' title='bbox 717 2996 992 3052; x_wconf 73' lang='lat' dir='ltr'><strong>Nobiscum</strong></span> <span class='ocrx_word' id='word_1_230' title='bbox 1031 2994 1188 3050; x_wconf 79' lang='lat' dir='ltr'><strong>Deus.</strong></span> <span class='ocrx_word' id='word_1_231' title='bbox 1227 2993 1338 3050; x_wconf 84' lang='lat' dir='ltr'><strong>Nisi</strong></span> <span class='ocrx_word' id='word_1_232' title='bbox 1368 2992 1504 3049; x_wconf 81' lang='lat' dir='ltr'><strong>forte</strong></span> <span class='ocrx_word' id='word_1_233' title='bbox 1537 2992 1709 3048; x_wconf 89' lang='lat' dir='ltr'><strong>visum</strong></span> <span class='ocrx_word' id='word_1_234' title='bbox 1739 2994 1808 3048; x_wconf 90' lang='lat' dir='ltr'><strong>sit</strong></span> 
     </span>
    </p>
   </div>
   <div class='ocr_carea' id='block_1_31' title="bbox 211 3083 1808 3157">
    <p class='ocr_par' dir='ltr' id='par_1_31' title="bbox 211 3083 1808 3157">
     <span class='ocr_line' id='line_1_31' title="bbox 211 3083 1808 3157; baseline -0.004 -14"><span class='ocrx_word' id='word_1_235' title='bbox 211 3089 420 3144; x_wconf 77' lang='lat' dir='ltr'><strong>Fausto</strong></span> <span class='ocrx_word' id='word_1_236' title='bbox 442 3090 622 3144; x_wconf 90' lang='lat' dir='ltr'><strong>minus</strong></span> <span class='ocrx_word' id='word_1_237' title='bbox 651 3103 772 3144; x_wconf 87' lang='lat' dir='ltr'><strong>esse</strong></span> <span class='ocrx_word' id='word_1_238' title='bbox 805 3086 948 3157; x_wconf 84' lang='lat' dir='ltr'><strong>quod</strong></span> <span class='ocrx_word' id='word_1_239' title='bbox 971 3087 1144 3143; x_wconf 89' lang='lat' dir='ltr'><strong>dictus</strong></span> <span class='ocrx_word' id='word_1_240' title='bbox 1167 3093 1252 3141; x_wconf 89' lang='lat' dir='ltr'><strong>est</strong></span> <span class='ocrx_word' id='word_1_241' title='bbox 1278 3086 1416 3140; x_wconf 88' lang='lat' dir='ltr'><strong>Deus</strong></span> <span class='ocrx_word' id='word_1_242' title='bbox 1435 3125 1452 3147; x_wconf 85' lang='lat'><strong>,</strong></span> <span class='ocrx_word' id='word_1_243' title='bbox 1480 3099 1638 3155; x_wconf 88' lang='lat' dir='ltr'><strong>quam</strong></span> <span class='ocrx_word' id='word_1_244' title='bbox 1669 3083 1808 3155; x_wconf 90' lang='lat' dir='ltr'><strong>quod</strong></span> 
     </span>
    </p>
   </div>
   <div class='ocr_carea' id='block_1_32' title="bbox 208 3177 1809 3246">
    <p class='ocr_par' dir='ltr' id='par_1_32' title="bbox 208 3177 1809 3246">
     <span class='ocr_line' id='line_1_32' title="bbox 208 3177 1809 3246; baseline -0.004 -9"><span class='ocrx_word' id='word_1_245' title='bbox 208 3182 396 3240; x_wconf 81' lang='lat' dir='ltr'><strong>dictus</strong></span> <span class='ocrx_word' id='word_1_246' title='bbox 417 3191 498 3237; x_wconf 91' lang='lat' dir='ltr'><strong>est</strong></span> <span class='ocrx_word' id='word_1_247' title='bbox 531 3181 701 3236; x_wconf 81' lang='lat' dir='ltr'><strong>Filius</strong></span> <span class='ocrx_word' id='word_1_248' title='bbox 738 3181 848 3235; x_wconf 88' lang='lat' dir='ltr'><strong>Dei.</strong></span> <span class='ocrx_word' id='word_1_249' title='bbox 881 3180 954 3235; x_wconf 77' lang='lat' dir='ltr'><strong>Es</strong></span> <span class='ocrx_word' id='word_1_250' title='bbox 985 3179 1087 3234; x_wconf 88' lang='lat' dir='ltr'><strong>hoc</strong></span> <span class='ocrx_word' id='word_1_251' title='bbox 1120 3178 1261 3233; x_wconf 90' lang='lat' dir='ltr'><strong>enim</strong></span> <span class='ocrx_word' id='word_1_252' title='bbox 1297 3177 1562 3246; x_wconf 84' lang='lat' dir='ltr'><strong>conjicere</strong></span> <span class='ocrx_word' id='word_1_253' title='bbox 1587 3184 1809 3231; x_wconf 91' lang='lat' dir='ltr'><strong>conatus</strong></span> 
     </span>
    </p>
   </div>
   <div class='ocr_carea' id='block_1_33' title="bbox 207 3267 1809 3341">
    <p class='ocr_par' dir='ltr' id='par_1_33' title="bbox 207 3267 1809 3341">
     <span class='ocr_line' id='line_1_33' title="bbox 207 3267 1809 3341; baseline -0.003 -12"><span class='ocrx_word' id='word_1_254' title='bbox 207 3283 326 3341; x_wconf 85' lang='lat' dir='ltr'><strong>est,</strong></span> <span class='ocrx_word' id='word_1_255' title='bbox 359 3273 609 3329; x_wconf 69' lang='lat' dir='ltr'><strong>blattluco</strong></span> <span class='ocrx_word' id='word_1_256' title='bbox 637 3287 743 3327; x_wconf 90' lang='lat' dir='ltr'><strong>non</strong></span> <span class='ocrx_word' id='word_1_257' title='bbox 783 3287 907 3328; x_wconf 80' lang='lat' dir='ltr'><strong>esse</strong></span> <span class='ocrx_word' id='word_1_258' title='bbox 933 3271 1103 3326; x_wconf 90' lang='lat' dir='ltr'><strong>visum</strong></span> <span class='ocrx_word' id='word_1_259' title='bbox 1135 3269 1274 3340; x_wconf 90' lang='lat' dir='ltr'><strong>quod</strong></span> <span class='ocrx_word' id='word_1_260' title='bbox 1302 3269 1467 3324; x_wconf 82' lang='lat' dir='ltr'><strong>Filius</strong></span> <span class='ocrx_word' id='word_1_261' title='bbox 1506 3267 1597 3324; x_wconf 90' lang='lat' dir='ltr'><strong>Dei</strong></span> <span class='ocrx_word' id='word_1_262' title='bbox 1643 3267 1809 3324; x_wconf 89' lang='lat' dir='ltr'><strong>factus</strong></span> 
     </span>
    </p>
   </div>
   <div class='ocr_carea' id='block_1_34' title="bbox 210 3358 1806 3434">
    <p class='ocr_par' dir='ltr' id='par_1_34' title="bbox 210 3358 1806 3434">
     <span class='ocr_line' id='line_1_34' title="bbox 210 3358 1806 3434; baseline -0.003 -16"><span class='ocrx_word' id='word_1_263' title='bbox 210 3365 280 3418; x_wconf 82' lang='lat' dir='ltr'><strong>sit</strong></span> <span class='ocrx_word' id='word_1_264' title='bbox 305 3364 414 3419; x_wconf 84' lang='lat' dir='ltr'><strong>nisi</strong></span> <span class='ocrx_word' id='word_1_265' title='bbox 441 3379 508 3419; x_wconf 83' lang='lat' dir='ltr'><strong>ex</strong></span> <span class='ocrx_word' id='word_1_266' title='bbox 535 3364 822 3434; x_wconf 88' lang='lat' dir='ltr'><strong>baptismo,</strong></span> <span class='ocrx_word' id='word_1_267' title='bbox 853 3361 975 3432; x_wconf 84' lang='lat' dir='ltr'><strong>quia</strong></span> <span class='ocrx_word' id='word_1_268' title='bbox 1008 3361 1078 3416; x_wconf 88' lang='lat' dir='ltr'><strong>ibi</strong></span> <span class='ocrx_word' id='word_1_269' title='bbox 1128 3360 1266 3415; x_wconf 88' lang='lat' dir='ltr'><strong>facta</strong></span> <span class='ocrx_word' id='word_1_270' title='bbox 1293 3369 1375 3415; x_wconf 93' lang='lat' dir='ltr'><strong>est</strong></span> <span class='ocrx_word' id='word_1_271' title='bbox 1405 3375 1503 3414; x_wconf 78' lang='lat' dir='ltr'><strong>vox</strong></span> <span class='ocrx_word' id='word_1_272' title='bbox 1545 3358 1613 3414; x_wconf 90' lang='lat' dir='ltr'><strong>de</strong></span> <span class='ocrx_word' id='word_1_273' title='bbox 1637 3360 1806 3424; x_wconf 68' lang='lat' dir='ltr'><strong>coelo,</strong></span> 
     </span>
    </p>
   </div>
   <div class='ocr_carea' id='block_1_35' title="bbox 214 3450 1808 3521">
    <p class='ocr_par' dir='ltr' id='par_1_35' title="bbox 214 3450 1808 3521">
     <span class='ocr_line' id='line_1_35' title="bbox 214 3450 1808 3521; baseline -0.002 -13"><span class='ocrx_word' id='word_1_274' title='bbox 214 3453 318 3508; x_wconf 80' lang='lat' dir='ltr'><strong>Hic</strong></span> <span class='ocrx_word' id='word_1_275' title='bbox 342 3464 417 3509; x_wconf 80' lang='lat' dir='ltr'><strong>est</strong></span> <span class='ocrx_word' id='word_1_276' title='bbox 445 3453 612 3509; x_wconf 82' lang='lat' dir='ltr'><strong>Filius</strong></span> <span class='ocrx_word' id='word_1_277' title='bbox 638 3470 779 3508; x_wconf 86' lang='lat' dir='ltr'><strong>meus</strong></span> <span class='ocrx_word' id='word_1_278' title='bbox 803 3469 822 3508; x_wconf 93' lang='lat'><strong><em>:</em></strong></span> <span class='ocrx_word' id='word_1_279' title='bbox 851 3467 972 3508; x_wconf 89' lang='lat' dir='ltr'><strong>cum</strong></span> <span class='ocrx_word' id='word_1_280' title='bbox 1001 3452 1140 3507; x_wconf 89' lang='lat' dir='ltr'><strong>idem</strong></span> <span class='ocrx_word' id='word_1_281' title='bbox 1162 3450 1482 3521; x_wconf 79' lang='lat' dir='ltr'><strong>evangelista</strong></span> <span class='ocrx_word' id='word_1_282' title='bbox 1507 3450 1617 3520; x_wconf 88' lang='lat' dir='ltr'><strong>jam</strong></span> <span class='ocrx_word' id='word_1_283' title='bbox 1645 3465 1808 3519; x_wconf 86' lang='lat' dir='ltr'><strong>supc-</strong></span> 
     </span>
    </p>
   </div>
   <div class='ocr_carea' id='block_1_36' title="bbox 207 3542 1804 3613">
    <p class='ocr_par' dir='ltr' id='par_1_36' title="bbox 207 3542 1804 3613">
     <span class='ocr_line' id='line_1_36' title="bbox 207 3542 1804 3613; baseline -0.004 -12"><span class='ocrx_word' id='word_1_284' title='bbox 207 3547 328 3601; x_wconf 85' lang='lat' dir='ltr'><strong>rius</strong></span> <span class='ocrx_word' id='word_1_285' title='bbox 371 3544 675 3601; x_wconf 85' lang='lat' dir='ltr'><strong>adhibuerit</strong></span> <span class='ocrx_word' id='word_1_286' title='bbox 715 3544 950 3599; x_wconf 89' lang='lat' dir='ltr'><strong>divinum</strong></span> <span class='ocrx_word' id='word_1_287' title='bbox 999 3559 1062 3600; x_wconf 81' lang='lat' dir='ltr'><strong>ex</strong></span> <span class='ocrx_word' id='word_1_288' title='bbox 1103 3543 1360 3613; x_wconf 87' lang='lat' dir='ltr'><strong>propheta</strong></span> <span class='ocrx_word' id='word_1_289' title='bbox 1409 3542 1804 3609; x_wconf 85' lang='lat' dir='ltr'><strong>testimonium,</strong></span> 
     </span>
    </p>
   </div>
   <div class='ocr_carea' id='block_1_37' title="bbox 207 3633 1808 3708">
    <p class='ocr_par' dir='ltr' id='par_1_37' title="bbox 207 3633 1808 3708">
     <span class='ocr_line' id='line_1_37' title="bbox 207 3633 1808 3708; baseline -0.004 -16"><span class='ocrx_word' id='word_1_290' title='bbox 207 3639 300 3693; x_wconf 86' lang='lat' dir='ltr'><strong>ubi</strong></span> <span class='ocrx_word' id='word_1_291' title='bbox 356 3639 471 3707; x_wconf 88' lang='lat' dir='ltr'><strong>ipse</strong></span> <span class='ocrx_word' id='word_1_292' title='bbox 513 3646 700 3708; x_wconf 81' lang='lat' dir='ltr'><strong>partus</strong></span> <span class='ocrx_word' id='word_1_293' title='bbox 749 3636 970 3706; x_wconf 87' lang='lat' dir='ltr'><strong>virginis</strong></span> <span class='ocrx_word' id='word_1_294' title='bbox 1018 3635 1318 3707; x_wconf 90' lang='lat' dir='ltr'><strong>appellatus</strong></span> <span class='ocrx_word' id='word_1_295' title='bbox 1361 3643 1472 3700; x_wconf 89' lang='lat' dir='ltr'><strong>est,</strong></span> <span class='ocrx_word' id='word_1_296' title='bbox 1532 3633 1808 3688; x_wconf 73' lang='lat' dir='ltr'><strong>Nobiscum</strong></span> 
     </span>
    </p>
   </div>
   <div class='ocr_carea' id='block_1_38' title="bbox 207 3729 681 3785">
    <p class='ocr_par' dir='ltr' id='par_1_38' title="bbox 207 3729 681 3785">
     <span class='ocr_line' id='line_1_38' title="bbox 207 3729 681 3785; baseline 0.006 -3"><span class='ocrx_word' id='word_1_297' title='bbox 207 3729 383 3784; x_wconf 73' lang='lat' dir='ltr'><strong>Dm.</strong></span> <span class='ocrx_word' id='word_1_298' title='bbox 679 3783 681 3785; x_wconf 81' lang='grc'><strong><em>,</em></strong></span> 
     </span>
    </p>
   </div>
   <div class='ocr_carea' id='block_1_39' title="bbox 277 3815 1810 3885">
    <p class='ocr_par' dir='ltr' id='par_1_39' title="bbox 277 3815 1810 3885">
     <span class='ocr_line' id='line_1_39' title="bbox 277 3815 1810 3885; baseline -0.004 -9"><span class='ocrx_word' id='word_1_299' title='bbox 277 3818 516 3876; x_wconf 75' lang='lat' dir='ltr'><strong>CAPUT</strong></span> <span class='ocrx_word' id='word_1_300' title='bbox 548 3817 636 3874; x_wconf 82' lang='lat' dir='ltr'><strong>Vl.</strong></span> <span class='ocrx_word' id='word_1_301' title='bbox 660 3847 734 3860; x_wconf 92' lang='lat'><strong>—-</strong></span> <span class='ocrx_word' id='word_1_302' title='bbox 764 3818 914 3873; x_wconf 87' lang='lat' dir='ltr'><strong>llunc</strong></span> <span class='ocrx_word' id='word_1_303' title='bbox 952 3832 1084 3872; x_wconf 84' lang='lat' dir='ltr'><strong>sane</strong></span> <span class='ocrx_word' id='word_1_304' title='bbox 1121 3817 1373 3872; x_wconf 82' lang='lat' dir='ltr'><strong>miserum</strong></span> <span class='ocrx_word' id='word_1_305' title='bbox 1416 3815 1582 3871; x_wconf 90' lang='lat' dir='ltr'><strong>delire</strong></span> <span class='ocrx_word' id='word_1_306' title='bbox 1623 3831 1810 3885; x_wconf 85' lang='lat' dir='ltr'><strong>garru-</strong></span> 
     </span>
    </p>
   </div>
   <div class='ocr_carea' id='block_1_40' title="bbox 205 3908 1810 3979">
    <p class='ocr_par' dir='ltr' id='par_1_40' title="bbox 205 3908 1810 3979">
     <span class='ocr_line' id='line_1_40' title="bbox 205 3908 1810 3979; baseline -0.002 -15"><span class='ocrx_word' id='word_1_307' title='bbox 205 3909 325 3966; x_wconf 84' lang='lat' dir='ltr'><strong>lum</strong></span> <span class='ocrx_word' id='word_1_308' title='bbox 353 3909 614 3965; x_wconf 83' lang='lat' dir='ltr'><strong>debemus</strong></span> <span class='ocrx_word' id='word_1_309' title='bbox 641 3910 831 3965; x_wconf 89' lang='lat' dir='ltr'><strong>intueri</strong></span> <span class='ocrx_word' id='word_1_310' title='bbox 849 3919 1008 3979; x_wconf 89' lang='lat' dir='ltr'><strong>atque</strong></span> <span class='ocrx_word' id='word_1_311' title='bbox 1034 3908 1339 3972; x_wconf 89' lang='lat' dir='ltr'><strong>observare,</strong></span> <span class='ocrx_word' id='word_1_312' title='bbox 1363 3923 1466 3962; x_wconf 91' lang='lat' dir='ltr'><strong>non</strong></span> <span class='ocrx_word' id='word_1_313' title='bbox 1495 3909 1810 3977; x_wconf 81' lang='lat' dir='ltr'><strong>praetermit-</strong></span> 
     </span>
    </p>
   </div>
   <div class='ocr_carea' id='block_1_41' title="bbox 207 3999 1808 4072">
    <p class='ocr_par' dir='ltr' id='par_1_41' title="bbox 207 3999 1808 4072">
     <span class='ocr_line' id='line_1_41' title="bbox 207 3999 1808 4072; baseline -0.004 -14"><span class='ocrx_word' id='word_1_314' title='bbox 207 4013 422 4058; x_wconf 80' lang='lat' dir='ltr'><strong>tentcm</strong></span> <span class='ocrx_word' id='word_1_315' title='bbox 441 4045 457 4069; x_wconf 88' lang='lat'><strong>,</strong></span> <span class='ocrx_word' id='word_1_316' title='bbox 485 4003 573 4058; x_wconf 86' lang='lat' dir='ltr'><strong>ubi</strong></span> <span class='ocrx_word' id='word_1_317' title='bbox 615 4003 876 4072; x_wconf 90' lang='lat' dir='ltr'><strong>potuerit,</strong></span> <span class='ocrx_word' id='word_1_318' title='bbox 925 4001 1112 4057; x_wconf 87' lang='lat' dir='ltr'><strong>lectori</strong></span> <span class='ocrx_word' id='word_1_319' title='bbox 1142 3999 1560 4069; x_wconf 89' lang='lat' dir='ltr'><strong>vaniloquiorum</strong></span> <span class='ocrx_word' id='word_1_320' title='bbox 1591 4014 1808 4054; x_wconf 86' lang='lat' dir='ltr'><strong>suorum</strong></span> 
     </span>
    </p>
   </div>
   <div class='ocr_carea' id='block_1_42' title="bbox 205 4088 1810 4164">
    <p class='ocr_par' dir='ltr' id='par_1_42' title="bbox 205 4088 1810 4164">
     <span class='ocr_line' id='line_1_42' title="bbox 205 4088 1810 4164; baseline -0.002 -16"><span class='ocrx_word' id='word_1_321' title='bbox 205 4096 389 4148; x_wconf 77' lang='lat' dir='ltr'><strong>etiam</strong></span> <span class='ocrx_word' id='word_1_322' title='bbox 422 4093 491 4150; x_wconf 88' lang='lat' dir='ltr'><strong>de</strong></span> <span class='ocrx_word' id='word_1_323' title='bbox 517 4093 913 4164; x_wconf 88' lang='lat' dir='ltr'><strong>Scripturarum</strong></span> <span class='ocrx_word' id='word_1_324' title='bbox 942 4090 1260 4146; x_wconf 87' lang='lat' dir='ltr'><strong>testimoniis</strong></span> <span class='ocrx_word' id='word_1_325' title='bbox 1290 4089 1510 4145; x_wconf 87' lang='lat' dir='ltr'><strong>nebulas</strong></span> <span class='ocrx_word' id='word_1_326' title='bbox 1536 4088 1810 4144; x_wconf 86' lang='lat' dir='ltr'><strong>ofl&#39;undere</strong></span> 
     </span>
    </p>
   </div>
   <div class='ocr_carea' id='block_1_43' title="bbox 206 4180 1810 4250">
    <p class='ocr_par' dir='ltr' id='par_1_43' title="bbox 206 4180 1810 4250">
     <span class='ocr_line' id='line_1_43' title="bbox 206 4180 1810 4250; baseline -0.003 -10"><span class='ocrx_word' id='word_1_327' title='bbox 206 4184 507 4240; x_wconf 78' lang='lat' dir='ltr'><strong>falsitatis:</strong></span> <span class='ocrx_word' id='word_1_328' title='bbox 532 4185 669 4239; x_wconf 86' lang='lat' dir='ltr'><strong>sicut</strong></span> <span class='ocrx_word' id='word_1_329' title='bbox 694 4183 763 4238; x_wconf 91' lang='lat' dir='ltr'><strong>de</strong></span> <span class='ocrx_word' id='word_1_330' title='bbox 789 4183 1056 4237; x_wconf 85' lang='lat' dir='ltr'><strong>Abraham</strong></span> <span class='ocrx_word' id='word_1_331' title='bbox 1083 4181 1235 4248; x_wconf 77' lang='lat' dir='ltr'><strong>dixit,</strong></span> <span class='ocrx_word' id='word_1_332' title='bbox 1265 4180 1404 4250; x_wconf 89' lang='lat' dir='ltr'><strong>quod</strong></span> <span class='ocrx_word' id='word_1_333' title='bbox 1433 4181 1540 4235; x_wconf 89' lang='lat' dir='ltr'><strong>Deo</strong></span> <span class='ocrx_word' id='word_1_334' title='bbox 1567 4195 1669 4234; x_wconf 90' lang='lat' dir='ltr'><strong>non</strong></span> <span class='ocrx_word' id='word_1_335' title='bbox 1695 4196 1810 4236; x_wconf 68' lang='lat' dir='ltr'><strong>creo</strong></span> 
     </span>
    </p>
   </div>
   <div class='ocr_carea' id='block_1_44' title="bbox 205 4269 1807 4340">
    <p class='ocr_par' dir='ltr' id='par_1_44' title="bbox 205 4269 1807 4340">
     <span class='ocr_line' id='line_1_44' title="bbox 205 4269 1807 4340; baseline -0.004 -11"><span class='ocrx_word' id='word_1_336' title='bbox 205 4273 439 4330; x_wconf 83' lang='lat' dir='ltr'><strong>diderat</strong></span> <span class='ocrx_word' id='word_1_337' title='bbox 458 4272 524 4328; x_wconf 88' lang='lat' dir='ltr'><strong>de</strong></span> <span class='ocrx_word' id='word_1_338' title='bbox 559 4274 689 4328; x_wconf 86' lang='lat' dir='ltr'><strong>Sara</strong></span> <span class='ocrx_word' id='word_1_339' title='bbox 717 4272 816 4326; x_wconf 87' lang='lat' dir='ltr'><strong>sibi</strong></span> <span class='ocrx_word' id='word_1_340' title='bbox 853 4271 1012 4326; x_wconf 88' lang='lat' dir='ltr'><strong>lilium</strong></span> <span class='ocrx_word' id='word_1_341' title='bbox 1047 4270 1406 4340; x_wconf 91' lang='lat' dir='ltr'><strong>promittenti,</strong></span> <span class='ocrx_word' id='word_1_342' title='bbox 1438 4269 1650 4340; x_wconf 86' lang='lat' dir='ltr'><strong>quando</strong></span> <span class='ocrx_word' id='word_1_343' title='bbox 1689 4285 1807 4324; x_wconf 89' lang='lat' dir='ltr'><strong>cum</strong></span> 
     </span>
    </p>
   </div>
   <div class='ocr_carea' id='block_1_45' title="bbox 204 4362 1808 4433">
    <p class='ocr_par' dir='ltr' id='par_1_45' title="bbox 204 4362 1808 4433">
     <span class='ocr_line' id='line_1_45' title="bbox 204 4362 1808 4433; baseline -0.003 -11"><span class='ocrx_word' id='word_1_344' title='bbox 204 4366 421 4424; x_wconf 80' lang='lat' dir='ltr'><strong>ancilla</strong></span> <span class='ocrx_word' id='word_1_345' title='bbox 463 4365 780 4430; x_wconf 85' lang='lat' dir='ltr'><strong>concubuit;</strong></span> <span class='ocrx_word' id='word_1_346' title='bbox 825 4379 948 4420; x_wconf 92' lang='lat' dir='ltr'><strong>cum</strong></span> <span class='ocrx_word' id='word_1_347' title='bbox 975 4364 1246 4433; x_wconf 88' lang='lat' dir='ltr'><strong>Scriptura</strong></span> <span class='ocrx_word' id='word_1_348' title='bbox 1278 4372 1528 4429; x_wconf 87' lang='lat' dir='ltr'><strong>testetur,</strong></span> <span class='ocrx_word' id='word_1_349' title='bbox 1575 4362 1808 4417; x_wconf 91' lang='lat' dir='ltr'><strong>nondum</strong></span> 
     </span>
    </p>
   </div>
   <div class='ocr_carea' id='block_1_46' title="bbox 204 4453 1810 4528">
    <p class='ocr_par' dir='ltr' id='par_1_46' title="bbox 204 4453 1810 4528">
     <span class='ocr_line' id='line_1_46' title="bbox 204 4453 1810 4528; baseline -0.004 -14"><span class='ocrx_word' id='word_1_350' title='bbox 204 4459 283 4514; x_wconf 86' lang='lat' dir='ltr'><strong>illi</strong></span> <span class='ocrx_word' id='word_1_351' title='bbox 334 4467 552 4528; x_wconf 83' lang='lat' dir='ltr'><strong>partum</strong></span> <span class='ocrx_word' id='word_1_352' title='bbox 587 4456 734 4513; x_wconf 66' lang='lat' dir='ltr'><strong>Sara:</strong></span> <span class='ocrx_word' id='word_1_353' title='bbox 778 4455 939 4512; x_wconf 86' lang='lat' dir='ltr'><strong>fuisse</strong></span> <span class='ocrx_word' id='word_1_354' title='bbox 979 4454 1298 4524; x_wconf 87' lang='lat' dir='ltr'><strong>promissum</strong></span> <span class='ocrx_word' id='word_1_355' title='bbox 1329 4453 1481 4525; x_wconf 83' lang='lat' dir='ltr'><strong>(Gen.</strong></span> <span class='ocrx_word' id='word_1_356' title='bbox 1513 4470 1630 4522; x_wconf 76' lang='lat' dir='ltr'><strong>xvr,</strong></span> <span class='ocrx_word' id='word_1_357' title='bbox 1669 4455 1732 4517; x_wconf 70' lang='lat' dir='ltr'><strong>l,</strong></span> <span class='ocrx_word' id='word_1_358' title='bbox 1764 4463 1810 4508; x_wconf 86' lang='lat' dir='ltr'><strong>et</strong></span> 
     </span>
    </p>
   </div>
   <div class='ocr_carea' id='block_1_47' title="bbox 202 4546 1810 4618">
    <p class='ocr_par' dir='ltr' id='par_1_47' title="bbox 202 4546 1810 4618">
     <span class='ocr_line' id='line_1_47' title="bbox 202 4546 1810 4618; baseline -0.004 -14"><span class='ocrx_word' id='word_1_359' title='bbox 202 4565 351 4616; x_wconf 66' lang='grc' dir='ltr'><strong>πη,</strong></span> <span class='ocrx_word' id='word_1_360' title='bbox 387 4548 513 4618; x_wconf 80' lang='lat' dir='ltr'><strong>l7):</strong></span> <span class='ocrx_word' id='word_1_361' title='bbox 551 4548 632 4602; x_wconf 91' lang='lat' dir='ltr'><strong>vel</strong></span> <span class='ocrx_word' id='word_1_362' title='bbox 659 4546 800 4618; x_wconf 91' lang='lat' dir='ltr'><strong>quod</strong></span> <span class='ocrx_word' id='word_1_363' title='bbox 837 4561 1056 4602; x_wconf 81' lang='lat' dir='ltr'><strong>uxorem</strong></span> <span class='ocrx_word' id='word_1_364' title='bbox 1090 4561 1241 4602; x_wconf 90' lang='lat' dir='ltr'><strong>suam</strong></span> <span class='ocrx_word' id='word_1_365' title='bbox 1270 4561 1510 4601; x_wconf 89' lang='lat' dir='ltr'><strong>sororem</strong></span> <span class='ocrx_word' id='word_1_366' title='bbox 1558 4546 1810 4600; x_wconf 90' lang='lat' dir='ltr'><strong>mentitus</strong></span> 
     </span>
    </p>
   </div>
   <div class='ocr_carea' id='block_1_48' title="bbox 205 4635 1807 4708">
    <p class='ocr_par' dir='ltr' id='par_1_48' title="bbox 205 4635 1807 4708">
     <span class='ocr_line' id='line_1_48' title="bbox 205 4635 1807 4708; baseline -0.003 -13"><span class='ocrx_word' id='word_1_367' title='bbox 205 4641 311 4704; x_wconf 81' lang='lat' dir='ltr'><strong>sit;</strong></span> <span class='ocrx_word' id='word_1_368' title='bbox 350 4652 479 4693; x_wconf 87' lang='lat' dir='ltr'><strong>cum</strong></span> <span class='ocrx_word' id='word_1_369' title='bbox 501 4653 669 4708; x_wconf 87' lang='lat' dir='ltr'><strong>genus</strong></span> <span class='ocrx_word' id='word_1_370' title='bbox 690 4636 838 4692; x_wconf 74' lang='lat' dir='ltr'><strong>Sara:</strong></span> <span class='ocrx_word' id='word_1_371' title='bbox 864 4652 1122 4708; x_wconf 83' lang='lat' dir='ltr'><strong>nusquam</strong></span> <span class='ocrx_word' id='word_1_372' title='bbox 1155 4635 1207 4691; x_wconf 90' lang='lat' dir='ltr'><strong>in</strong></span> <span class='ocrx_word' id='word_1_373' title='bbox 1237 4637 1338 4690; x_wconf 90' lang='lat' dir='ltr'><strong>illis</strong></span> <span class='ocrx_word' id='word_1_374' title='bbox 1359 4635 1572 4692; x_wconf 89' lang='lat' dir='ltr'><strong>Litteris</strong></span> <span class='ocrx_word' id='word_1_375' title='bbox 1601 4635 1807 4706; x_wconf 87' lang='lat' dir='ltr'><strong>legerit,</strong></span> 
     </span>
    </p>
   </div>
   <div class='ocr_carea' id='block_1_49' title="bbox 200 4726 1805 4800">
    <p class='ocr_par' dir='ltr' id='par_1_49' title="bbox 200 4726 1805 4800">
     <span class='ocr_line' id='line_1_49' title="bbox 200 4726 1805 4800; baseline -0.001 -17"><span class='ocrx_word' id='word_1_376' title='bbox 200 4727 505 4800; x_wconf 79' lang='lat' dir='ltr'><strong>quibusde</strong></span> <span class='ocrx_word' id='word_1_377' title='bbox 530 4728 627 4784; x_wconf 90' lang='lat' dir='ltr'><strong>hac</strong></span> <span class='ocrx_word' id='word_1_378' title='bbox 653 4744 711 4783; x_wconf 85' lang='lat' dir='ltr'><strong>re</strong></span> <span class='ocrx_word' id='word_1_379' title='bbox 736 4728 864 4783; x_wconf 84' lang='lat' dir='ltr'><strong>lidcs</strong></span> <span class='ocrx_word' id='word_1_380' title='bbox 890 4727 1130 4783; x_wconf 90' lang='lat' dir='ltr'><strong>habenda</strong></span> <span class='ocrx_word' id='word_1_381' title='bbox 1157 4737 1238 4782; x_wconf 92' lang='lat' dir='ltr'><strong>est</strong></span> <span class='ocrx_word' id='word_1_382' title='bbox 1264 4726 1374 4796; x_wconf 85' lang='lat' dir='ltr'><strong>(Id.</strong></span> <span class='ocrx_word' id='word_1_383' title='bbox 1401 4743 1495 4791; x_wconf 84' lang='lat' dir='ltr'><strong>xu,</strong></span> <span class='ocrx_word' id='word_1_384' title='bbox 1528 4729 1608 4793; x_wconf 77' lang='grc'><strong>15,</strong></span> <span class='ocrx_word' id='word_1_385' title='bbox 1640 4737 1685 4781; x_wconf 86' lang='lat' dir='ltr'><strong>et</strong></span> <span class='ocrx_word' id='word_1_386' title='bbox 1711 4743 1805 4795; x_wconf 80' lang='lat' dir='ltr'><strong>xx,</strong></span> 
     </span>
    </p>
   </div>
   <div class='ocr_carea' id='block_1_50' title="bbox 203 4818 1808 4890">
    <p class='ocr_par' dir='ltr' id='par_1_50' title="bbox 203 4818 1808 4890">
     <span class='ocr_line' id='line_1_50' title="bbox 203 4818 1808 4890; baseline -0.001 -16"><span class='ocrx_word' id='word_1_387' title='bbox 203 4821 262 4884; x_wconf 81' lang='lat'><strong>2,</strong></span> <span class='ocrx_word' id='word_1_388' title='bbox 295 4818 445 4885; x_wconf 69' lang='lat'><strong>12):</strong></span> <span class='ocrx_word' id='word_1_389' title='bbox 476 4827 530 4874; x_wconf 90' lang='lat' dir='ltr'><strong>et</strong></span> <span class='ocrx_word' id='word_1_390' title='bbox 552 4819 619 4874; x_wconf 89' lang='lat' dir='ltr'><strong>de</strong></span> <span class='ocrx_word' id='word_1_391' title='bbox 647 4820 754 4874; x_wconf 87' lang='lat' dir='ltr'><strong>filio</strong></span> <span class='ocrx_word' id='word_1_392' title='bbox 781 4820 898 4890; x_wconf 85' lang='lat' dir='ltr'><strong>ejus</strong></span> <span class='ocrx_word' id='word_1_393' title='bbox 927 4820 1090 4882; x_wconf 90' lang='lat' dir='ltr'><strong>Isaac,</strong></span> <span class='ocrx_word' id='word_1_394' title='bbox 1119 4818 1260 4887; x_wconf 89' lang='lat' dir='ltr'><strong>quod</strong></span> <span class='ocrx_word' id='word_1_395' title='bbox 1288 4819 1445 4873; x_wconf 88' lang='lat' dir='ltr'><strong>etiam</strong></span> <span class='ocrx_word' id='word_1_396' title='bbox 1471 4819 1580 4888; x_wconf 86' lang='lat' dir='ltr'><strong>ipse</strong></span> <span class='ocrx_word' id='word_1_397' title='bbox 1602 4819 1808 4873; x_wconf 79' lang='lat' dir='ltr'><strong>Rebec-</strong></span> 
     </span>
    </p>
   </div>
   <div class='ocr_carea' id='block_1_51' title="bbox 203 4908 1808 4978">
    <p class='ocr_par' dir='ltr' id='par_1_51' title="bbox 203 4908 1808 4978">
     <span class='ocr_line' id='line_1_51' title="bbox 203 4908 1808 4978; baseline -0.002 -12"><span class='ocrx_word' id='word_1_398' title='bbox 203 4927 336 4966; x_wconf 77' lang='lat' dir='ltr'><strong>carn</strong></span> <span class='ocrx_word' id='word_1_399' title='bbox 377 4908 510 4964; x_wconf 80' lang='lat' dir='ltr'><strong>falso</strong></span> <span class='ocrx_word' id='word_1_400' title='bbox 534 4909 728 4965; x_wconf 77' lang='lat' dir='ltr'><strong>dixerit</strong></span> <span class='ocrx_word' id='word_1_401' title='bbox 756 4925 994 4964; x_wconf 90' lang='lat' dir='ltr'><strong>sororem</strong></span> <span class='ocrx_word' id='word_1_402' title='bbox 1023 4925 1208 4973; x_wconf 90' lang='lat' dir='ltr'><strong>suam;</strong></span> <span class='ocrx_word' id='word_1_403' title='bbox 1240 4924 1359 4962; x_wconf 92' lang='lat' dir='ltr'><strong>cum</strong></span> <span class='ocrx_word' id='word_1_404' title='bbox 1389 4924 1556 4978; x_wconf 84' lang='lat' dir='ltr'><strong>genus</strong></span> <span class='ocrx_word' id='word_1_405' title='bbox 1585 4909 1699 4978; x_wconf 90' lang='lat' dir='ltr'><strong>ejus</strong></span> <span class='ocrx_word' id='word_1_406' title='bbox 1739 4909 1808 4963; x_wconf 89' lang='lat' dir='ltr'><strong>ibi</strong></span> 
     </span>
    </p>
   </div>
   <div class='ocr_carea' id='block_1_52' title="bbox 201 4997 1809 5072">
    <p class='ocr_par' dir='ltr' id='par_1_52' title="bbox 201 4997 1809 5072">
     <span class='ocr_line' id='line_1_52' title="bbox 201 4997 1809 5072; baseline -0.001 -17"><span class='ocrx_word' id='word_1_407' title='bbox 201 5009 413 5071; x_wconf 66' lang='lat' dir='ltr'><strong>aperte</strong></span> <span class='ocrx_word' id='word_1_408' title='bbox 449 5002 703 5070; x_wconf 87' lang='lat' dir='ltr'><strong>scriptum</strong></span> <span class='ocrx_word' id='word_1_409' title='bbox 742 5001 812 5054; x_wconf 90' lang='lat' dir='ltr'><strong>sit</strong></span> <span class='ocrx_word' id='word_1_410' title='bbox 837 4999 946 5072; x_wconf 90' lang='lat' dir='ltr'><strong>(Id.</strong></span> <span class='ocrx_word' id='word_1_411' title='bbox 979 5017 1130 5062; x_wconf 74' lang='lat' dir='ltr'><strong>xxvr,</strong></span> <span class='ocrx_word' id='word_1_412' title='bbox 1162 5001 1214 5066; x_wconf 87' lang='lat'><strong>7,</strong></span> <span class='ocrx_word' id='word_1_413' title='bbox 1244 5010 1288 5054; x_wconf 90' lang='lat' dir='ltr'><strong>et</strong></span> <span class='ocrx_word' id='word_1_414' title='bbox 1318 4997 1468 5072; x_wconf 79' lang='lat' dir='ltr'><strong>xxiv)</strong></span> <span class='ocrx_word' id='word_1_415' title='bbox 1497 5019 1508 5054; x_wconf 88' lang='lat'>:</span> <span class='ocrx_word' id='word_1_416' title='bbox 1544 5009 1597 5054; x_wconf 90' lang='lat' dir='ltr'><strong>et</strong></span> <span class='ocrx_word' id='word_1_417' title='bbox 1626 4999 1692 5054; x_wconf 90' lang='lat' dir='ltr'><strong>dc</strong></span> <span class='ocrx_word' id='word_1_418' title='bbox 1718 4999 1809 5054; x_wconf 87' lang='lat' dir='ltr'><strong>Ja-</strong></span> 
     </span>
    </p>
   </div>
   <div class='ocr_carea' id='block_1_53' title="bbox 202 5091 1809 5161">
    <p class='ocr_par' dir='ltr' id='par_1_53' title="bbox 202 5091 1809 5161">
     <span class='ocr_line' id='line_1_53' title="bbox 202 5091 1809 5161; baseline -0.002 -12"><span class='ocrx_word' id='word_1_419' title='bbox 202 5095 344 5160; x_wconf 80' lang='lat' dir='ltr'><strong>cob,</strong></span> <span class='ocrx_word' id='word_1_420' title='bbox 379 5091 518 5160; x_wconf 89' lang='lat' dir='ltr'><strong>quod</strong></span> <span class='ocrx_word' id='word_1_421' title='bbox 544 5091 780 5161; x_wconf 86' lang='lat' dir='ltr'><strong>quotidie</strong></span> <span class='ocrx_word' id='word_1_422' title='bbox 816 5101 1083 5148; x_wconf 90' lang='lat' dir='ltr'><strong>certamen</strong></span> <span class='ocrx_word' id='word_1_423' title='bbox 1114 5102 1256 5147; x_wconf 83' lang='lat' dir='ltr'><strong>esset</strong></span> <span class='ocrx_word' id='word_1_424' title='bbox 1283 5092 1420 5146; x_wconf 89' lang='lat' dir='ltr'><strong>inter</strong></span> <span class='ocrx_word' id='word_1_425' title='bbox 1445 5099 1669 5160; x_wconf 83' lang='lat' dir='ltr'><strong>quatuor</strong></span> <span class='ocrx_word' id='word_1_426' title='bbox 1693 5091 1809 5160; x_wconf 90' lang='lat' dir='ltr'><strong>ejus</strong></span> 
     </span>
    </p>
   </div>
   <div class='ocr_carea' id='block_1_54' title="bbox 202 5182 1806 5253">
    <p class='ocr_par' dir='ltr' id='par_1_54' title="bbox 202 5182 1806 5253">
     <span class='ocr_line' id='line_1_54' title="bbox 202 5182 1806 5253; baseline -0.001 -15"><span class='ocrx_word' id='word_1_427' title='bbox 202 5195 458 5248; x_wconf 76' lang='lat' dir='ltr'><strong>mres,</strong></span> <span class='ocrx_word' id='word_1_428' title='bbox 497 5197 743 5252; x_wconf 55' lang='lat' dir='ltr'><strong>quanam</strong></span> <span class='ocrx_word' id='word_1_429' title='bbox 788 5183 934 5238; x_wconf 88' lang='lat' dir='ltr'><strong>illum</strong></span> <span class='ocrx_word' id='word_1_430' title='bbox 978 5182 1045 5237; x_wconf 92' lang='lat' dir='ltr'><strong>de</strong></span> <span class='ocrx_word' id='word_1_431' title='bbox 1073 5197 1202 5253; x_wconf 83' lang='lat' dir='ltr'><strong>agro</strong></span> <span class='ocrx_word' id='word_1_432' title='bbox 1241 5183 1539 5237; x_wconf 88' lang='lat' dir='ltr'><strong>venientem</strong></span> <span class='ocrx_word' id='word_1_433' title='bbox 1570 5184 1714 5252; x_wconf 88' lang='lat' dir='ltr'><strong>prior</strong></span> <span class='ocrx_word' id='word_1_434' title='bbox 1740 5183 1806 5236; x_wconf 90' lang='lat' dir='ltr'><strong>ad</strong></span> 
     </span>
    </p>
   </div>
   <div class='ocr_carea' id='block_1_55' title="bbox 199 5271 1807 5344">
    <p class='ocr_par' dir='ltr' id='par_1_55' title="bbox 199 5271 1807 5344">
     <span class='ocr_line' id='line_1_55' title="bbox 199 5271 1807 5344; baseline 0.001 -16"><span class='ocrx_word' id='word_1_435' title='bbox 199 5271 567 5328; x_wconf 78' lang='lat' dir='ltr'><strong>concubitum</strong></span> <span class='ocrx_word' id='word_1_436' title='bbox 593 5280 845 5342; x_wconf 86' lang='lat' dir='ltr'><strong>raperet;</strong></span> <span class='ocrx_word' id='word_1_437' title='bbox 875 5272 1018 5344; x_wconf 90' lang='lat' dir='ltr'><strong>quod</strong></span> <span class='ocrx_word' id='word_1_438' title='bbox 1059 5273 1166 5328; x_wconf 87' lang='lat' dir='ltr'><strong>illic</strong></span> <span class='ocrx_word' id='word_1_439' title='bbox 1190 5272 1408 5328; x_wconf 88' lang='lat' dir='ltr'><strong>omnino</strong></span> <span class='ocrx_word' id='word_1_440' title='bbox 1432 5288 1690 5343; x_wconf 89' lang='lat' dir='ltr'><strong>nusquam</strong></span> <span class='ocrx_word' id='word_1_441' title='bbox 1727 5274 1807 5329; x_wconf 91' lang='lat' dir='ltr'><strong>le-</strong></span> 
     </span>
    </p>
   </div>
   <div class='ocr_carea' id='block_1_56' title="bbox 200 5362 1807 5432">
    <p class='ocr_par' dir='ltr' id='par_1_56' title="bbox 200 5362 1807 5432">
     <span class='ocr_line' id='line_1_56' title="bbox 200 5362 1807 5432; baseline -0.001 -14"><span class='ocrx_word' id='word_1_442' title='bbox 200 5365 369 5432; x_wconf 83' lang='lat' dir='ltr'><strong>gisse</strong></span> <span class='ocrx_word' id='word_1_443' title='bbox 395 5362 753 5419; x_wconf 89' lang='lat' dir='ltr'><strong>convincitur.</strong></span> <span class='ocrx_word' id='word_1_444' title='bbox 794 5362 931 5417; x_wconf 85' lang='lat' dir='ltr'><strong>Ecce</strong></span> <span class='ocrx_word' id='word_1_445' title='bbox 965 5363 1135 5432; x_wconf 89' lang='lat' dir='ltr'><strong>qualis</strong></span> <span class='ocrx_word' id='word_1_446' title='bbox 1165 5362 1323 5417; x_wconf 88' lang='lat' dir='ltr'><strong>homo</strong></span> <span class='ocrx_word' id='word_1_447' title='bbox 1347 5362 1631 5418; x_wconf 89' lang='lat' dir='ltr'><strong>mendaces</strong></span> <span class='ocrx_word' id='word_1_448' title='bbox 1668 5362 1807 5418; x_wconf 74' lang='lat' dir='ltr'><strong>divi-</strong></span> 
     </span>
    </p>
   </div>
   <div class='ocr_carea' id='block_1_57' title="bbox 199 5452 1806 5524">
    <p class='ocr_par' dir='ltr' id='par_1_57' title="bbox 199 5452 1806 5524">
     <span class='ocr_line' id='line_1_57' title="bbox 199 5452 1806 5524; baseline 0 -16"><span class='ocrx_word' id='word_1_449' title='bbox 199 5468 414 5508; x_wconf 83' lang='lat' dir='ltr'><strong>norum</strong></span> <span class='ocrx_word' id='word_1_450' title='bbox 451 5452 736 5509; x_wconf 85' lang='lat' dir='ltr'><strong>Librorum</strong></span> <span class='ocrx_word' id='word_1_451' title='bbox 775 5455 1061 5523; x_wconf 84' lang='lat' dir='ltr'><strong>scriptores</strong></span> <span class='ocrx_word' id='word_1_452' title='bbox 1088 5468 1147 5508; x_wconf 90' lang='lat' dir='ltr'><strong>se</strong></span> <span class='ocrx_word' id='word_1_453' title='bbox 1185 5453 1363 5508; x_wconf 89' lang='lat' dir='ltr'><strong>odisse</strong></span> <span class='ocrx_word' id='word_1_454' title='bbox 1401 5453 1673 5523; x_wconf 85' lang='lat' dir='ltr'><strong>gloriatur,</strong></span> <span class='ocrx_word' id='word_1_455' title='bbox 1717 5455 1806 5524; x_wconf 91' lang='lat' dir='ltr'><strong>qui</strong></span> 
     </span>
    </p>
   </div>
   <div class='ocr_carea' id='block_1_58' title="bbox 199 5544 1803 5614">
    <p class='ocr_par' dir='ltr' id='par_1_58' title="bbox 199 5544 1803 5614">
     <span class='ocr_line' id='line_1_58' title="bbox 199 5544 1803 5614; baseline -0.001 -13"><span class='ocrx_word' id='word_1_456' title='bbox 199 5548 385 5602; x_wconf 85' lang='lat' dir='ltr'><strong>etiam</strong></span> <span class='ocrx_word' id='word_1_457' title='bbox 409 5545 477 5600; x_wconf 90' lang='lat' dir='ltr'><strong>de</strong></span> <span class='ocrx_word' id='word_1_458' title='bbox 496 5544 811 5614; x_wconf 79' lang='lat' dir='ltr'><strong>evangeliea</strong></span> <span class='ocrx_word' id='word_1_459' title='bbox 833 5553 990 5599; x_wconf 71' lang='lat' dir='ltr'><strong>tanta:</strong></span> <span class='ocrx_word' id='word_1_460' title='bbox 1014 5544 1342 5600; x_wconf 90' lang='lat' dir='ltr'><strong>auctoritatis</strong></span> <span class='ocrx_word' id='word_1_461' title='bbox 1365 5544 1599 5599; x_wconf 90' lang='lat' dir='ltr'><strong>culmine</strong></span> <span class='ocrx_word' id='word_1_462' title='bbox 1626 5546 1803 5599; x_wconf 87' lang='lat' dir='ltr'><strong>omni-</strong></span> 
     </span>
    </p>
   </div>
   <div class='ocr_carea' id='block_1_59' title="bbox 199 5637 1804 5706">
    <p class='ocr_par' dir='ltr' id='par_1_59' title="bbox 199 5637 1804 5706">
     <span class='ocr_line' id='line_1_59' title="bbox 199 5637 1804 5706; baseline -0.001 -12"><span class='ocrx_word' id='word_1_463' title='bbox 199 5638 316 5694; x_wconf 85' lang='lat' dir='ltr'><strong>bus</strong></span> <span class='ocrx_word' id='word_1_464' title='bbox 344 5645 470 5693; x_wconf 90' lang='lat' dir='ltr'><strong>noto</strong></span> <span class='ocrx_word' id='word_1_465' title='bbox 500 5639 542 5706; x_wconf 88' lang='grc'><strong>¹,</strong></span> <span class='ocrx_word' id='word_1_466' title='bbox 576 5637 790 5693; x_wconf 88' lang='lat' dir='ltr'><strong>mentiri</strong></span> <span class='ocrx_word' id='word_1_467' title='bbox 815 5637 893 5693; x_wconf 90' lang='lat' dir='ltr'><strong>sic</strong></span> <span class='ocrx_word' id='word_1_468' title='bbox 919 5637 1108 5703; x_wconf 88' lang='lat' dir='ltr'><strong>audet,</strong></span> <span class='ocrx_word' id='word_1_469' title='bbox 1136 5646 1193 5692; x_wconf 93' lang='lat' dir='ltr'><strong>ut</strong></span> <span class='ocrx_word' id='word_1_470' title='bbox 1221 5654 1326 5694; x_wconf 90' lang='lat' dir='ltr'><strong>non</strong></span> <span class='ocrx_word' id='word_1_471' title='bbox 1365 5637 1667 5692; x_wconf 66' lang='lat' dir='ltr'><strong>Mattbmum</strong></span> <span class='ocrx_word' id='word_1_472' title='bbox 1690 5679 1703 5701; x_wconf 91' lang='lat'><strong>,</strong></span> <span class='ocrx_word' id='word_1_473' title='bbox 1737 5653 1804 5693; x_wconf 88' lang='lat' dir='ltr'><strong>ne</strong></span> 
     </span>
    </p>
   </div>
   <div class='ocr_carea' id='block_1_60' title="bbox 274 5767 1798 5834">
    <p class='ocr_par' dir='ltr' id='par_1_60' title="bbox 274 5767 1798 5834">
     <span class='ocr_line' id='line_1_60' title="bbox 274 5767 1798 5834; baseline -0.001 -12"><span class='ocrx_word' id='word_1_474' title='bbox 274 5771 299 5807; x_wconf 72' lang='grc' dir='ltr'>ί</span> <span class='ocrx_word' id='word_1_475' title='bbox 337 5777 433 5822; x_wconf 75' lang='lat' dir='ltr'><strong>Am.</strong></span> <span class='ocrx_word' id='word_1_476' title='bbox 455 5777 532 5822; x_wconf 79' lang='lat' dir='ltr'><strong>Er.</strong></span> <span class='ocrx_word' id='word_1_477' title='bbox 561 5776 614 5820; x_wconf 90' lang='lat' dir='ltr'><strong>et</strong></span> <span class='ocrx_word' id='word_1_478' title='bbox 637 5767 806 5833; x_wconf 85' lang='lat' dir='ltr'><strong>plures</strong></span> <span class='ocrx_word' id='word_1_479' title='bbox 829 5777 956 5832; x_wconf 69' lang='lat' dir='ltr'><strong>Mss,</strong></span> <span class='ocrx_word' id='word_1_480' title='bbox 973 5771 1036 5821; x_wconf 88' lang='lat' dir='ltr'><strong>de</strong></span> <span class='ocrx_word' id='word_1_481' title='bbox 1052 5769 1305 5834; x_wconf 72' lang='lat' dir='ltr'><strong>vazgelio</strong></span> <span class='ocrx_word' id='word_1_482' title='bbox 1326 5776 1448 5821; x_wconf 86' lang='lat' dir='ltr'><strong>noto.</strong></span> <span class='ocrx_word' id='word_1_483' title='bbox 1472 5775 1523 5820; x_wconf 80' lang='lat' dir='ltr'><strong>Et</strong></span> <span class='ocrx_word' id='word_1_484' title='bbox 1545 5783 1608 5819; x_wconf 81' lang='lat' dir='ltr'><strong>ex</strong></span> <span class='ocrx_word' id='word_1_485' title='bbox 1624 5767 1798 5821; x_wconf 78' lang='lat' dir='ltr'><strong>iisdem</strong></span> 
     </span>
    </p>
   </div>
   <div class='ocr_carea' id='block_1_61' title="bbox 1373 321 2334 386">
    <p class='ocr_par' dir='ltr' id='par_1_61' title="bbox 1373 321 2334 386">
     <span class='ocr_line' id='line_1_61' title="bbox 1373 321 2334 386; baseline -0.002 -3"><span class='ocrx_word' id='word_1_486' title='bbox 1373 325 1576 384; x_wconf 81' lang='lat' dir='ltr'><strong>LIBER</strong></span> <span class='ocrx_word' id='word_1_487' title='bbox 1613 321 1979 382; x_wconf 73' lang='lat' dir='ltr'><strong>VICESIMUS</strong></span> <span class='ocrx_word' id='word_1_488' title='bbox 2014 323 2334 386; x_wconf 76' lang='lat' dir='ltr'><strong>TERTIUS.</strong></span> 
     </span>
    </p>
   </div>
   <div class='ocr_carea' id='block_1_62' title="bbox 3374 295 3570 392">
    <p class='ocr_par' dir='ltr' id='par_1_62' title="bbox 3374 295 3570 392">
     <span class='ocr_line' id='line_1_62' title="bbox 3374 295 3570 392; baseline 0.01 -2"><span class='ocrx_word' id='word_1_489' title='bbox 3374 336 3478 392; x_wconf 75' lang='lat' dir='ltr'><strong>no</strong></span> <span class='ocrx_word' id='word_1_490' title='bbox 3557 295 3570 304; x_wconf 53' lang='grc'><strong><em>’</em></strong></span> 
     </span>
    </p>
   </div>
   <div class='ocr_carea' id='block_1_63' title="bbox 1905 443 3490 517">
    <p class='ocr_par' dir='ltr' id='par_1_63' title="bbox 1905 443 3490 517">
     <span class='ocr_line' id='line_1_63' title="bbox 1905 443 3490 517; baseline 0.006 -19"><span class='ocrx_word' id='word_1_491' title='bbox 1905 443 2180 513; x_wconf 84' lang='lat' dir='ltr'><strong>apostolici</strong></span> <span class='ocrx_word' id='word_1_492' title='bbox 2208 443 2439 500; x_wconf 90' lang='lat' dir='ltr'><strong>nominis</strong></span> <span class='ocrx_word' id='word_1_493' title='bbox 2476 443 2713 515; x_wconf 88' lang='lat' dir='ltr'><strong>pondere</strong></span> <span class='ocrx_word' id='word_1_494' title='bbox 2739 444 3138 517; x_wconf 80' lang='lat' dir='ltr'><strong>comprimatur,</strong></span> <span class='ocrx_word' id='word_1_495' title='bbox 3169 453 3264 505; x_wconf 87' lang='lat' dir='ltr'><strong>sed</strong></span> <span class='ocrx_word' id='word_1_496' title='bbox 3308 455 3490 508; x_wconf 88' lang='lat' dir='ltr'><strong>nescio</strong></span> 
     </span>
    </p>
   </div>
   <div class='ocr_carea' id='block_1_64' title="bbox 1904 535 3491 612">
    <p class='ocr_par' dir='ltr' id='par_1_64' title="bbox 1904 535 3491 612">
     <span class='ocr_line' id='line_1_64' title="bbox 1904 535 3491 612; baseline 0.007 -26"><span class='ocrx_word' id='word_1_497' title='bbox 1904 549 2063 604; x_wconf 88' lang='lat' dir='ltr'><strong>quem</strong></span> <span class='ocrx_word' id='word_1_498' title='bbox 2102 535 2263 590; x_wconf 90' lang='lat' dir='ltr'><strong>alium</strong></span> <span class='ocrx_word' id='word_1_499' title='bbox 2306 535 2406 592; x_wconf 90' lang='lat' dir='ltr'><strong>sub</strong></span> <span class='ocrx_word' id='word_1_500' title='bbox 2446 535 2678 592; x_wconf 58' lang='lat' dir='ltr'><strong>Matthxi</strong></span> <span class='ocrx_word' id='word_1_501' title='bbox 2723 538 2939 594; x_wconf 91' lang='lat' dir='ltr'><strong>nomine</strong></span> <span class='ocrx_word' id='word_1_502' title='bbox 2980 539 3109 594; x_wconf 91' lang='lat' dir='ltr'><strong>velit</strong></span> <span class='ocrx_word' id='word_1_503' title='bbox 3146 541 3319 612; x_wconf 88' lang='lat' dir='ltr'><strong>putari</strong></span> <span class='ocrx_word' id='word_1_504' title='bbox 3350 544 3491 598; x_wconf 84' lang='lat' dir='ltr'><strong>scri-</strong></span> 
     </span>
    </p>
   </div>
   <div class='ocr_carea' id='block_1_65' title="bbox 1905 623 3466 704">
    <p class='ocr_par' dir='ltr' id='par_1_65' title="bbox 1905 623 3466 704">
     <span class='ocr_line' id='line_1_65' title="bbox 1905 623 3466 704; baseline 0.008 -27"><span class='ocrx_word' id='word_1_505' title='bbox 1905 625 2075 694; x_wconf 91' lang='lat' dir='ltr'><strong>psisse</strong></span> <span class='ocrx_word' id='word_1_506' title='bbox 2105 626 2173 682; x_wconf 92' lang='lat' dir='ltr'><strong>de</strong></span> <span class='ocrx_word' id='word_1_507' title='bbox 2191 623 2424 694; x_wconf 88' lang='lat' dir='ltr'><strong>Christo,</strong></span> <span class='ocrx_word' id='word_1_508' title='bbox 2454 629 2593 700; x_wconf 90' lang='lat' dir='ltr'><strong>quod</strong></span> <span class='ocrx_word' id='word_1_509' title='bbox 2624 645 2730 685; x_wconf 90' lang='lat' dir='ltr'><strong>non</strong></span> <span class='ocrx_word' id='word_1_510' title='bbox 2757 631 2868 685; x_wconf 91' lang='lat' dir='ltr'><strong>vult</strong></span> <span class='ocrx_word' id='word_1_511' title='bbox 2891 631 3131 698; x_wconf 85' lang='lat' dir='ltr'><strong>credere,</strong></span> <span class='ocrx_word' id='word_1_512' title='bbox 3159 641 3214 689; x_wconf 91' lang='lat' dir='ltr'><strong>et</strong></span> <span class='ocrx_word' id='word_1_513' title='bbox 3241 634 3382 704; x_wconf 88' lang='lat' dir='ltr'><strong>quod</strong></span> <span class='ocrx_word' id='word_1_514' title='bbox 3407 650 3466 689; x_wconf 81' lang='lat' dir='ltr'><strong>ea</strong></span> 
     </span>
    </p>
   </div>
   <div class='ocr_carea' id='block_1_66' title="bbox 1907 717 2958 777">
    <p class='ocr_par' dir='ltr' id='par_1_66' title="bbox 1907 717 2958 777">
     <span class='ocr_line' id='line_1_66' title="bbox 1907 717 2958 777; baseline 0.005 -6"><span class='ocrx_word' id='word_1_515' title='bbox 1907 717 2167 773; x_wconf 90' lang='lat' dir='ltr'><strong>lumniosa</strong></span> <span class='ocrx_word' id='word_1_516' title='bbox 2194 720 2422 774; x_wconf 89' lang='lat' dir='ltr'><strong>versutia</strong></span> <span class='ocrx_word' id='word_1_517' title='bbox 2455 721 2685 777; x_wconf 80' lang='lat' dir='ltr'><strong>refutare</strong></span> <span class='ocrx_word' id='word_1_518' title='bbox 2710 731 2958 777; x_wconf 90' lang='lat' dir='ltr'><strong>conatur.</strong></span> 
     </span>
    </p>
   </div>
   <div class='ocr_carea' id='block_1_67' title="bbox 1974 810 3556 888">
    <p class='ocr_par' dir='ltr' id='par_1_67' title="bbox 1974 810 3556 888">
     <span class='ocr_line' id='line_1_67' title="bbox 1974 810 3556 888; baseline 0.001 -22"><span class='ocrx_word' id='word_1_519' title='bbox 1974 810 2202 868; x_wconf 85' lang='lat' dir='ltr'><strong>CAPUT</strong></span> <span class='ocrx_word' id='word_1_520' title='bbox 2233 811 2342 866; x_wconf 78' lang='lat' dir='ltr'><strong>V&#39;ll.</strong></span> <span class='ocrx_word' id='word_1_521' title='bbox 2372 842 2444 852; x_wconf 87' lang='lat'><strong>——</strong></span> <span class='ocrx_word' id='word_1_522' title='bbox 2469 813 2557 869; x_wconf 88' lang='lat' dir='ltr'><strong>Sic</strong></span> <span class='ocrx_word' id='word_1_523' title='bbox 2582 828 2709 884; x_wconf 88' lang='lat' dir='ltr'><strong>ergo</strong></span> <span class='ocrx_word' id='word_1_524' title='bbox 2732 814 2798 869; x_wconf 90' lang='lat' dir='ltr'><strong>de</strong></span> <span class='ocrx_word' id='word_1_525' title='bbox 2824 814 2962 870; x_wconf 59' lang='lat' dir='ltr'><strong>caelo</strong></span> <span class='ocrx_word' id='word_1_526' title='bbox 2995 814 3194 871; x_wconf 91' lang='lat' dir='ltr'><strong>dictum</strong></span> <span class='ocrx_word' id='word_1_527' title='bbox 3226 825 3309 871; x_wconf 90' lang='lat' dir='ltr'><strong>est</strong></span> <span class='ocrx_word' id='word_1_528' title='bbox 3336 832 3496 886; x_wconf 83' lang='lat' dir='ltr'><strong>super</strong></span> <span class='ocrx_word' id='word_1_529' title='bbox 3553 885 3556 888; x_wconf 8' lang='grc' dir='ltr'><em>ῃ</em></span> 
     </span>
    </p>
   </div>
   <div class='ocr_carea' id='block_1_68' title="bbox 1906 902 3496 975">
    <p class='ocr_par' dir='ltr' id='par_1_68' title="bbox 1906 902 3496 975">
     <span class='ocr_line' id='line_1_68' title="bbox 1906 902 3496 975; baseline 0.001 -19"><span class='ocrx_word' id='word_1_530' title='bbox 1906 916 2096 971; x_wconf 90' lang='lat' dir='ltr'><strong>aquam</strong></span> <span class='ocrx_word' id='word_1_531' title='bbox 2124 902 2402 970; x_wconf 85' lang='lat' dir='ltr'><strong>Jordanis,</strong></span> <span class='ocrx_word' id='word_1_532' title='bbox 2433 902 2534 958; x_wconf 84' lang='lat' dir='ltr'><strong>Hic</strong></span> <span class='ocrx_word' id='word_1_533' title='bbox 2570 914 2642 958; x_wconf 90' lang='lat' dir='ltr'><strong>est</strong></span> <span class='ocrx_word' id='word_1_534' title='bbox 2669 903 2716 957; x_wconf 89' lang='lat' dir='ltr'><em>F</em></span> <span class='ocrx_word' id='word_1_535' title='bbox 2719 905 2838 959; x_wconf 83' lang='lat' dir='ltr'><strong>ilius</strong></span> <span class='ocrx_word' id='word_1_536' title='bbox 2877 922 3016 960; x_wconf 87' lang='lat' dir='ltr'><strong>meus</strong></span> <span class='ocrx_word' id='word_1_537' title='bbox 3044 905 3289 973; x_wconf 82' lang='lat' dir='ltr'><strong>dilectus,</strong></span> <span class='ocrx_word' id='word_1_538' title='bbox 3318 907 3370 959; x_wconf 88' lang='lat' dir='ltr'><strong>in</strong></span> <span class='ocrx_word' id='word_1_539' title='bbox 3398 924 3496 975; x_wconf 77' lang='lat' dir='ltr'><strong>quo</strong></span> 
     </span>
    </p>
   </div>
   <div class='ocr_carea' id='block_1_69' title="bbox 1907 994 3495 1066">
    <p class='ocr_par' dir='ltr' id='par_1_69' title="bbox 1907 994 3495 1066">
     <span class='ocr_line' id='line_1_69' title="bbox 1907 994 3495 1066; baseline 0.004 -21"><span class='ocrx_word' id='word_1_540' title='bbox 1907 994 2032 1048; x_wconf 82' lang='lat' dir='ltr'><strong>mihi</strong></span> <span class='ocrx_word' id='word_1_541' title='bbox 2085 995 2405 1064; x_wconf 80' lang='lat' dir='ltr'><strong>complacui;</strong></span> <span class='ocrx_word' id='word_1_542' title='bbox 2455 995 2908 1066; x_wconf 89' lang='lat' dir='ltr'><strong>quemadmodum</strong></span> <span class='ocrx_word' id='word_1_543' title='bbox 2959 997 3159 1052; x_wconf 88' lang='lat' dir='ltr'><strong>dictum</strong></span> <span class='ocrx_word' id='word_1_544' title='bbox 3208 1007 3292 1053; x_wconf 90' lang='lat' dir='ltr'><strong>est</strong></span> <span class='ocrx_word' id='word_1_545' title='bbox 3340 1009 3393 1054; x_wconf 90' lang='lat' dir='ltr'><strong>et</strong></span> <span class='ocrx_word' id='word_1_546' title='bbox 3444 999 3495 1052; x_wconf 91' lang='lat' dir='ltr'><strong>iu</strong></span> 
     </span>
    </p>
   </div>
   <div class='ocr_carea' id='block_1_70' title="bbox 1907 1085 3497 1161">
    <p class='ocr_par' dir='ltr' id='par_1_70' title="bbox 1907 1085 3497 1161">
     <span class='ocr_line' id='line_1_70' title="bbox 1907 1085 3497 1161; baseline 0.005 -23"><span class='ocrx_word' id='word_1_547' title='bbox 1907 1095 2089 1140; x_wconf 89' lang='lat' dir='ltr'><strong>monte</strong></span> <span class='ocrx_word' id='word_1_548' title='bbox 2116 1085 2330 1156; x_wconf 83' lang='lat' dir='ltr'><strong>(Matth.</strong></span> <span class='ocrx_word' id='word_1_549' title='bbox 2374 1103 2518 1153; x_wconf 82' lang='lat' dir='ltr'><strong>xvu,</strong></span> <span class='ocrx_word' id='word_1_550' title='bbox 2549 1087 2624 1155; x_wconf 82' lang='lat'><strong>5).</strong></span> <span class='ocrx_word' id='word_1_551' title='bbox 2671 1087 2854 1158; x_wconf 88' lang='lat' dir='ltr'><strong>Neque</strong></span> <span class='ocrx_word' id='word_1_552' title='bbox 2891 1090 3033 1144; x_wconf 88' lang='lat' dir='ltr'><strong>enim</strong></span> <span class='ocrx_word' id='word_1_553' title='bbox 3073 1090 3195 1161; x_wconf 87' lang='lat' dir='ltr'><strong>quia</strong></span> <span class='ocrx_word' id='word_1_554' title='bbox 3232 1099 3286 1146; x_wconf 94' lang='lat' dir='ltr'><strong>et</strong></span> <span class='ocrx_word' id='word_1_555' title='bbox 3327 1091 3395 1145; x_wconf 90' lang='lat' dir='ltr'><strong>ibi</strong></span> <span class='ocrx_word' id='word_1_556' title='bbox 3429 1090 3497 1146; x_wconf 89' lang='lat' dir='ltr'><strong>de</strong></span> 
     </span>
    </p>
   </div>
   <div class='ocr_carea' id='block_1_71' title="bbox 1907 1175 3496 1250">
    <p class='ocr_par' dir='ltr' id='par_1_71' title="bbox 1907 1175 3496 1250">
     <span class='ocr_line' id='line_1_71' title="bbox 1907 1175 3496 1250; baseline 0.003 -20"><span class='ocrx_word' id='word_1_557' title='bbox 1907 1176 2044 1230; x_wconf 78' lang='lat' dir='ltr'><strong>coelo</strong></span> <span class='ocrx_word' id='word_1_558' title='bbox 2071 1191 2170 1230; x_wconf 76' lang='lat' dir='ltr'><strong>vos</strong></span> <span class='ocrx_word' id='word_1_559' title='bbox 2203 1175 2315 1246; x_wconf 89' lang='lat' dir='ltr'><strong>ipsa</strong></span> <span class='ocrx_word' id='word_1_560' title='bbox 2341 1177 2539 1243; x_wconf 87' lang='lat' dir='ltr'><strong>sonuit,</strong></span> <span class='ocrx_word' id='word_1_561' title='bbox 2569 1177 2734 1232; x_wconf 82' lang='lat' dir='ltr'><strong>Filius</strong></span> <span class='ocrx_word' id='word_1_562' title='bbox 2762 1179 2855 1234; x_wconf 91' lang='lat' dir='ltr'><strong>Dei</strong></span> <span class='ocrx_word' id='word_1_563' title='bbox 2882 1188 3005 1234; x_wconf 88' lang='lat' dir='ltr'><strong>ante</strong></span> <span class='ocrx_word' id='word_1_564' title='bbox 3033 1194 3137 1234; x_wconf 89' lang='lat' dir='ltr'><strong>non</strong></span> <span class='ocrx_word' id='word_1_565' title='bbox 3164 1179 3294 1234; x_wconf 87' lang='lat' dir='ltr'><strong>fuit:</strong></span> <span class='ocrx_word' id='word_1_566' title='bbox 3323 1197 3496 1250; x_wconf 76' lang='lat' dir='ltr'><strong>quan-</strong></span> 
     </span>
    </p>
   </div>
   <div class='ocr_carea' id='block_1_72' title="bbox 1908 1266 3493 1342">
    <p class='ocr_par' dir='ltr' id='par_1_72' title="bbox 1908 1266 3493 1342">
     <span class='ocr_line' id='line_1_72' title="bbox 1908 1266 3493 1342; baseline 0.004 -25"><span class='ocrx_word' id='word_1_567' title='bbox 1908 1266 2191 1335; x_wconf 89' lang='lat' dir='ltr'><strong>doquidem</strong></span> <span class='ocrx_word' id='word_1_568' title='bbox 2218 1281 2281 1322; x_wconf 80' lang='lat' dir='ltr'><strong>ex</strong></span> <span class='ocrx_word' id='word_1_569' title='bbox 2312 1275 2465 1322; x_wconf 83' lang='lat' dir='ltr'><strong>utero</strong></span> <span class='ocrx_word' id='word_1_570' title='bbox 2493 1267 2713 1338; x_wconf 83' lang='lat' dir='ltr'><strong>virginis</strong></span> <span class='ocrx_word' id='word_1_571' title='bbox 2741 1268 2828 1323; x_wconf 88' lang='lat' dir='ltr'><strong>ille</strong></span> <span class='ocrx_word' id='word_1_572' title='bbox 2855 1270 3060 1340; x_wconf 84' lang='lat' dir='ltr'><strong>accepit</strong></span> <span class='ocrx_word' id='word_1_573' title='bbox 3087 1273 3303 1342; x_wconf 77' lang='lat' dir='ltr'><strong>formam</strong></span> <span class='ocrx_word' id='word_1_574' title='bbox 3331 1272 3460 1324; x_wconf 74' lang='lat' dir='ltr'><strong>servi</strong></span> <span class='ocrx_word' id='word_1_575' title='bbox 3477 1311 3493 1333; x_wconf 90' lang='lat'><strong>,</strong></span> 
     </span>
    </p>
   </div>
   <div class='ocr_carea' id='block_1_73' title="bbox 1907 1359 3496 1433">
    <p class='ocr_par' dir='ltr' id='par_1_73' title="bbox 1907 1359 3496 1433">
     <span class='ocr_line' id='line_1_73' title="bbox 1907 1359 3496 1433; baseline 0.003 -23"><span class='ocrx_word' id='word_1_576' title='bbox 1907 1359 1994 1427; x_wconf 86' lang='lat' dir='ltr'><strong>qui</strong></span> <span class='ocrx_word' id='word_1_577' title='bbox 2020 1373 2133 1411; x_wconf 86' lang='lat' dir='ltr'><strong>cum</strong></span> <span class='ocrx_word' id='word_1_578' title='bbox 2155 1359 2210 1413; x_wconf 89' lang='lat' dir='ltr'><strong>in</strong></span> <span class='ocrx_word' id='word_1_579' title='bbox 2244 1361 2411 1430; x_wconf 80' lang='lat' dir='ltr'><strong>forma</strong></span> <span class='ocrx_word' id='word_1_580' title='bbox 2438 1359 2533 1413; x_wconf 88' lang='lat' dir='ltr'><strong>Dei</strong></span> <span class='ocrx_word' id='word_1_581' title='bbox 2560 1370 2716 1426; x_wconf 91' lang='lat' dir='ltr'><strong>esset,</strong></span> <span class='ocrx_word' id='word_1_582' title='bbox 2746 1376 2847 1414; x_wconf 90' lang='lat' dir='ltr'><strong>non</strong></span> <span class='ocrx_word' id='word_1_583' title='bbox 2874 1363 3106 1433; x_wconf 85' lang='lat' dir='ltr'><strong>rapinam</strong></span> <span class='ocrx_word' id='word_1_584' title='bbox 3130 1363 3398 1416; x_wconf 81' lang='lat' dir='ltr'><strong>arbitratus</strong></span> <span class='ocrx_word' id='word_1_585' title='bbox 3425 1374 3496 1416; x_wconf 88' lang='lat' dir='ltr'><strong>est</strong></span> 
     </span>
    </p>
   </div>
   <div class='ocr_carea' id='block_1_74' title="bbox 1907 1449 3497 1522">
    <p class='ocr_par' dir='ltr' id='par_1_74' title="bbox 1907 1449 3497 1522">
     <span class='ocr_line' id='line_1_74' title="bbox 1907 1449 3497 1522; baseline 0.002 -18"><span class='ocrx_word' id='word_1_586' title='bbox 1907 1466 2016 1504; x_wconf 83' lang='lat' dir='ltr'><strong>esse</strong></span> <span class='ocrx_word' id='word_1_587' title='bbox 2036 1450 2247 1520; x_wconf 69' lang='lat' dir='ltr'><strong>mqualis</strong></span> <span class='ocrx_word' id='word_1_588' title='bbox 2268 1449 2377 1504; x_wconf 88' lang='lat' dir='ltr'><strong>Deo</strong></span> <span class='ocrx_word' id='word_1_589' title='bbox 2404 1449 2663 1521; x_wconf 83' lang='lat' dir='ltr'><strong>(Philipp.</strong></span> <span class='ocrx_word' id='word_1_590' title='bbox 2694 1467 2752 1517; x_wconf 82' lang='grc' dir='ltr'><strong>ιι,</strong></span> <span class='ocrx_word' id='word_1_591' title='bbox 2781 1452 2836 1515; x_wconf 86' lang='grc'><strong>7,</strong></span> <span class='ocrx_word' id='word_1_592' title='bbox 2861 1453 2936 1517; x_wconf 86' lang='grc'><strong>6).</strong></span> <span class='ocrx_word' id='word_1_593' title='bbox 2962 1453 3196 1522; x_wconf 87' lang='lat' dir='ltr'><strong>Denique</strong></span> <span class='ocrx_word' id='word_1_594' title='bbox 3223 1453 3358 1508; x_wconf 90' lang='lat' dir='ltr'><strong>idem</strong></span> <span class='ocrx_word' id='word_1_595' title='bbox 3384 1455 3497 1522; x_wconf 90' lang='lat' dir='ltr'><strong>ipse</strong></span> 
     </span>
    </p>
   </div>
   <div class='ocr_carea' id='block_1_75' title="bbox 1910 1541 3495 1615">
    <p class='ocr_par' dir='ltr' id='par_1_75' title="bbox 1910 1541 3495 1615">
     <span class='ocr_line' id='line_1_75' title="bbox 1910 1541 3495 1615; baseline 0.004 -21"><span class='ocrx_word' id='word_1_596' title='bbox 1910 1541 2182 1611; x_wconf 89' lang='lat' dir='ltr'><strong>apostolus</strong></span> <span class='ocrx_word' id='word_1_597' title='bbox 2210 1541 2403 1597; x_wconf 88' lang='lat' dir='ltr'><strong>Paulus</strong></span> <span class='ocrx_word' id='word_1_598' title='bbox 2432 1543 2535 1598; x_wconf 88' lang='lat' dir='ltr'><strong>alio</strong></span> <span class='ocrx_word' id='word_1_599' title='bbox 2564 1544 2681 1597; x_wconf 91' lang='lat' dir='ltr'><strong>loco</strong></span> <span class='ocrx_word' id='word_1_600' title='bbox 2707 1541 3043 1615; x_wconf 88' lang='lat' dir='ltr'><strong>apertissime</strong></span> <span class='ocrx_word' id='word_1_601' title='bbox 3068 1545 3216 1611; x_wconf 90' lang='lat' dir='ltr'><strong>dicit,</strong></span> <span class='ocrx_word' id='word_1_602' title='bbox 3245 1545 3372 1599; x_wconf 83' lang='lat' dir='ltr'><strong>Cum</strong></span> <span class='ocrx_word' id='word_1_603' title='bbox 3395 1563 3495 1600; x_wconf 89' lang='lat' dir='ltr'><strong>au-</strong></span> 
     </span>
    </p>
   </div>
   <div class='ocr_carea' id='block_1_76' title="bbox 1911 1631 3494 1703">
    <p class='ocr_par' dir='ltr' id='par_1_76' title="bbox 1911 1631 3494 1703">
     <span class='ocr_line' id='line_1_76' title="bbox 1911 1631 3494 1703; baseline 0.005 -19"><span class='ocrx_word' id='word_1_604' title='bbox 1911 1640 2009 1685; x_wconf 89' lang='lat' dir='ltr'><strong>tem</strong></span> <span class='ocrx_word' id='word_1_605' title='bbox 2038 1632 2167 1686; x_wconf 83' lang='lat' dir='ltr'><strong>venit</strong></span> <span class='ocrx_word' id='word_1_606' title='bbox 2196 1631 2455 1702; x_wconf 78' lang='lat' dir='ltr'><strong>plenitudo</strong></span> <span class='ocrx_word' id='word_1_607' title='bbox 2483 1635 2742 1703; x_wconf 85' lang='lat' dir='ltr'><strong>temporis,</strong></span> <span class='ocrx_word' id='word_1_608' title='bbox 2775 1635 2910 1688; x_wconf 82' lang='lat' dir='ltr'><strong>misit</strong></span> <span class='ocrx_word' id='word_1_609' title='bbox 2943 1633 3079 1689; x_wconf 90' lang='lat' dir='ltr'><strong>Deus</strong></span> <span class='ocrx_word' id='word_1_610' title='bbox 3104 1634 3152 1688; x_wconf 86' lang='lat' dir='ltr'><em>F</em></span> <span class='ocrx_word' id='word_1_611' title='bbox 3153 1636 3296 1689; x_wconf 87' lang='lat' dir='ltr'><strong>ilium</strong></span> <span class='ocrx_word' id='word_1_612' title='bbox 3324 1652 3494 1693; x_wconf 85' lang='lat' dir='ltr'><strong>suum.</strong></span> 
     </span>
    </p>
   </div>
   <div class='ocr_carea' id='block_1_77' title="bbox 1913 1723 3502 1797">
    <p class='ocr_par' dir='ltr' id='par_1_77' title="bbox 1913 1723 3502 1797">
     <span class='ocr_line' id='line_1_77' title="bbox 1913 1723 3502 1797; baseline 0.003 -22"><span class='ocrx_word' id='word_1_613' title='bbox 1913 1725 2102 1794; x_wconf 80' lang='lat' dir='ltr'><strong>factum</strong></span> <span class='ocrx_word' id='word_1_614' title='bbox 2126 1740 2188 1778; x_wconf 79' lang='lat' dir='ltr'><strong>ea:</strong></span> <span class='ocrx_word' id='word_1_615' title='bbox 2211 1723 2438 1791; x_wconf 84' lang='lat' dir='ltr'><strong>muliere,</strong></span> <span class='ocrx_word' id='word_1_616' title='bbox 2470 1725 2657 1795; x_wconf 76' lang='lat' dir='ltr'><strong>factum</strong></span> <span class='ocrx_word' id='word_1_617' title='bbox 2677 1725 2765 1779; x_wconf 87' lang='lat' dir='ltr'><strong>sub</strong></span> <span class='ocrx_word' id='word_1_618' title='bbox 2787 1724 2920 1797; x_wconf 82' lang='lat' dir='ltr'><strong>Lege</strong></span> <span class='ocrx_word' id='word_1_619' title='bbox 2945 1725 3134 1797; x_wconf 83' lang='lat' dir='ltr'><strong>(Galat.</strong></span> <span class='ocrx_word' id='word_1_620' title='bbox 3164 1743 3235 1792; x_wconf 85' lang='lat' dir='ltr'><strong>tv,</strong></span> <span class='ocrx_word' id='word_1_621' title='bbox 3260 1728 3314 1795; x_wconf 73' lang='grc'><strong>4)</strong></span> <span class='ocrx_word' id='word_1_622' title='bbox 3340 1745 3352 1778; x_wconf 89' lang='lat'><strong>:</strong></span> <span class='ocrx_word' id='word_1_623' title='bbox 3382 1743 3502 1780; x_wconf 85' lang='lat' dir='ltr'><strong>tnu-</strong></span> 
     </span>
    </p>
   </div>
   <div class='ocr_carea' id='block_1_78' title="bbox 1912 1814 3498 1872">
    <p class='ocr_par' dir='ltr' id='par_1_78' title="bbox 1912 1814 3498 1872">
     <span class='ocr_line' id='line_1_78' title="bbox 1912 1814 3498 1872; baseline 0.002 -4"><span class='ocrx_word' id='word_1_624' title='bbox 1912 1814 2097 1870; x_wconf 86' lang='lat' dir='ltr'><strong>lierem</strong></span> <span class='ocrx_word' id='word_1_625' title='bbox 2146 1814 2352 1870; x_wconf 86' lang='lat' dir='ltr'><strong>scilicet</strong></span> <span class='ocrx_word' id='word_1_626' title='bbox 2401 1831 2550 1871; x_wconf 87' lang='lat' dir='ltr'><strong>more</strong></span> <span class='ocrx_word' id='word_1_627' title='bbox 2600 1816 2879 1871; x_wconf 88' lang='lat' dir='ltr'><strong>locutionis</strong></span> <span class='ocrx_word' id='word_1_628' title='bbox 2933 1816 3195 1872; x_wconf 78' lang='lat' dir='ltr'><strong>bebraicac</strong></span> <span class='ocrx_word' id='word_1_629' title='bbox 3249 1816 3498 1872; x_wconf 80' lang='lat' dir='ltr'><strong>feminam</strong></span> 
     </span>
    </p>
   </div>
   <div class='ocr_carea' id='block_1_79' title="bbox 1911 1903 3501 1977">
    <p class='ocr_par' dir='ltr' id='par_1_79' title="bbox 1911 1903 3501 1977">
     <span class='ocr_line' id='line_1_79' title="bbox 1911 1903 3501 1977; baseline 0.003 -19"><span class='ocrx_word' id='word_1_630' title='bbox 1911 1903 2206 1975; x_wconf 90' lang='lat' dir='ltr'><strong>appellans.</strong></span> <span class='ocrx_word' id='word_1_631' title='bbox 2238 1904 2357 1974; x_wconf 86' lang='lat' dir='ltr'><strong>Ipse</strong></span> <span class='ocrx_word' id='word_1_632' title='bbox 2381 1920 2508 1976; x_wconf 86' lang='lat' dir='ltr'><strong>ergo</strong></span> <span class='ocrx_word' id='word_1_633' title='bbox 2546 1917 2627 1961; x_wconf 90' lang='lat' dir='ltr'><strong>est</strong></span> <span class='ocrx_word' id='word_1_634' title='bbox 2661 1906 2700 1964; x_wconf 75' lang='grc' dir='ltr'><strong>Ρ</strong></span> <span class='ocrx_word' id='word_1_635' title='bbox 2707 1907 2827 1962; x_wconf 89' lang='lat' dir='ltr'><strong>ilius</strong></span> <span class='ocrx_word' id='word_1_636' title='bbox 2872 1907 2997 1974; x_wconf 90' lang='lat' dir='ltr'><strong>Dei,</strong></span> <span class='ocrx_word' id='word_1_637' title='bbox 3029 1907 3116 1977; x_wconf 90' lang='lat' dir='ltr'><strong>qui</strong></span> <span class='ocrx_word' id='word_1_638' title='bbox 3146 1916 3198 1961; x_wconf 84' lang='lat' dir='ltr'><strong>et</strong></span> <span class='ocrx_word' id='word_1_639' title='bbox 3248 1907 3501 1962; x_wconf 70' lang='lat' dir='ltr'><strong>horninus</strong></span> 
     </span>
    </p>
   </div>
   <div class='ocr_carea' id='block_1_80' title="bbox 1879 1995 3498 2074">
    <p class='ocr_par' dir='ltr' id='par_1_80' title="bbox 1879 1995 3498 2074">
     <span class='ocr_line' id='line_1_80' title="bbox 1879 1995 3498 2074; baseline 0.002 -26"><span class='ocrx_word' id='word_1_640' title='bbox 1879 1995 1886 2000; x_wconf 82' lang='grc'><em>’</em></span> <span class='ocrx_word' id='word_1_641' title='bbox 1915 1995 2076 2050; x_wconf 90' lang='lat' dir='ltr'><strong>David</strong></span> <span class='ocrx_word' id='word_1_642' title='bbox 2108 1996 2399 2052; x_wconf 85' lang='lat' dir='ltr'><strong>secundum</strong></span> <span class='ocrx_word' id='word_1_643' title='bbox 2430 1996 2797 2074; x_wconf 83' lang='lat' dir='ltr'><strong>divinitatem;</strong></span> <span class='ocrx_word' id='word_1_644' title='bbox 2829 2006 2885 2053; x_wconf 89' lang='lat' dir='ltr'><strong>et</strong></span> <span class='ocrx_word' id='word_1_645' title='bbox 2915 1997 3053 2053; x_wconf 88' lang='lat' dir='ltr'><strong>idem</strong></span> <span class='ocrx_word' id='word_1_646' title='bbox 3087 1995 3198 2068; x_wconf 82' lang='lat' dir='ltr'><strong>ipse</strong></span> <span class='ocrx_word' id='word_1_647' title='bbox 3232 1999 3368 2051; x_wconf 81' lang='lat' dir='ltr'><strong>ﬁlius</strong></span> <span class='ocrx_word' id='word_1_648' title='bbox 3396 1997 3498 2051; x_wconf 89' lang='lat' dir='ltr'><strong>Da-</strong></span> 
     </span>
    </p>
   </div>
   <div class='ocr_carea' id='block_1_81' title="bbox 1913 2078 3500 2154">
    <p class='ocr_par' dir='ltr' id='par_1_81' title="bbox 1913 2078 3500 2154">
     <span class='ocr_line' id='line_1_81' title="bbox 1913 2078 3500 2154; baseline 0.002 -17"><span class='ocrx_word' id='word_1_649' title='bbox 1913 2084 2104 2152; x_wconf 78' lang='lat' dir='ltr'><strong>vid,ex</strong></span> <span class='ocrx_word' id='word_1_650' title='bbox 2130 2086 2335 2142; x_wconf 88' lang='lat' dir='ltr'><strong>semine</strong></span> <span class='ocrx_word' id='word_1_651' title='bbox 2365 2086 2527 2141; x_wconf 90' lang='lat' dir='ltr'><strong>David</strong></span> <span class='ocrx_word' id='word_1_652' title='bbox 2554 2078 2843 2142; x_wconf 79' lang='lat' dir='ltr'><strong>secundum</strong></span> <span class='ocrx_word' id='word_1_653' title='bbox 2869 2103 3107 2142; x_wconf 89' lang='lat' dir='ltr'><strong>carnem.</strong></span> <span class='ocrx_word' id='word_1_654' title='bbox 3135 2085 3286 2154; x_wconf 86' lang='lat' dir='ltr'><strong>Quod</strong></span> <span class='ocrx_word' id='word_1_655' title='bbox 3319 2088 3363 2142; x_wconf 90' lang='lat' dir='ltr'><strong>si</strong></span> <span class='ocrx_word' id='word_1_656' title='bbox 3399 2103 3500 2140; x_wconf 84' lang='lat' dir='ltr'><strong>uo-</strong></span> 
     </span>
    </p>
   </div>
   <div class='ocr_carea' id='block_1_82' title="bbox 1915 2174 3498 2247">
    <p class='ocr_par' dir='ltr' id='par_1_82' title="bbox 1915 2174 3498 2247">
     <span class='ocr_line' id='line_1_82' title="bbox 1915 2174 3498 2247; baseline 0.004 -19"><span class='ocrx_word' id='word_1_657' title='bbox 1915 2174 1995 2228; x_wconf 87' lang='lat' dir='ltr'><strong>bis</strong></span> <span class='ocrx_word' id='word_1_658' title='bbox 2020 2175 2240 2231; x_wconf 86' lang='lat' dir='ltr'><strong>credere</strong></span> <span class='ocrx_word' id='word_1_659' title='bbox 2266 2191 2370 2231; x_wconf 88' lang='lat' dir='ltr'><strong>nou</strong></span> <span class='ocrx_word' id='word_1_660' title='bbox 2403 2177 2697 2247; x_wconf 81' lang='lat' dir='ltr'><strong>prodesset,</strong></span> <span class='ocrx_word' id='word_1_661' title='bbox 2733 2194 2836 2232; x_wconf 89' lang='lat' dir='ltr'><strong>non</strong></span> <span class='ocrx_word' id='word_1_662' title='bbox 2866 2179 2967 2232; x_wconf 88' lang='lat' dir='ltr'><strong>hoc</strong></span> <span class='ocrx_word' id='word_1_663' title='bbox 2995 2188 3098 2232; x_wconf 89' lang='lat' dir='ltr'><strong>tam</strong></span> <span class='ocrx_word' id='word_1_664' title='bbox 3131 2188 3331 2232; x_wconf 76' lang='lat' dir='ltr'><strong>attente</strong></span> <span class='ocrx_word' id='word_1_665' title='bbox 3361 2180 3498 2234; x_wconf 86' lang='lat' dir='ltr'><strong>idem</strong></span> 
     </span>
    </p>
   </div>
   <div class='ocr_carea' id='block_1_83' title="bbox 1913 2267 3501 2337">
    <p class='ocr_par' dir='ltr' id='par_1_83' title="bbox 1913 2267 3501 2337">
     <span class='ocr_line' id='line_1_83' title="bbox 1913 2267 3501 2337; baseline 0.004 -19"><span class='ocrx_word' id='word_1_666' title='bbox 1913 2267 2184 2336; x_wconf 88' lang='lat' dir='ltr'><strong>apostolus</strong></span> <span class='ocrx_word' id='word_1_667' title='bbox 2228 2267 2511 2324; x_wconf 83' lang='lat' dir='ltr'><strong>Timotheo</strong></span> <span class='ocrx_word' id='word_1_668' title='bbox 2557 2269 2986 2337; x_wconf 81' lang='lat' dir='ltr'><strong>commendaret,</strong></span> <span class='ocrx_word' id='word_1_669' title='bbox 3030 2271 3248 2336; x_wconf 87' lang='lat' dir='ltr'><strong>dicens,</strong></span> <span class='ocrx_word' id='word_1_670' title='bbox 3303 2268 3501 2324; x_wconf 63' lang='lat' dir='ltr'><strong>Humor</strong></span> 
     </span>
    </p>
   </div>
   <div class='ocr_carea' id='block_1_84' title="bbox 1913 2356 3500 2430">
    <p class='ocr_par' dir='ltr' id='par_1_84' title="bbox 1913 2356 3500 2430">
     <span class='ocr_line' id='line_1_84' title="bbox 1913 2356 3500 2430; baseline 0.004 -20"><span class='ocrx_word' id='word_1_671' title='bbox 1913 2367 2017 2411; x_wconf 87' lang='lat' dir='ltr'><strong>esto</strong></span> <span class='ocrx_word' id='word_1_672' title='bbox 2041 2356 2298 2413; x_wconf 79' lang='lat' dir='ltr'><strong>Christum</strong></span> <span class='ocrx_word' id='word_1_673' title='bbox 2330 2357 2507 2415; x_wconf 72' lang='lat' dir='ltr'><strong>Iesum</strong></span> <span class='ocrx_word' id='word_1_674' title='bbox 2546 2361 2875 2415; x_wconf 81' lang='lat' dir='ltr'><strong>resurrexisse</strong></span> <span class='ocrx_word' id='word_1_675' title='bbox 2909 2379 2939 2414; x_wconf 91' lang='lat' dir='ltr'><strong>a</strong></span> <span class='ocrx_word' id='word_1_676' title='bbox 2974 2364 3206 2430; x_wconf 85' lang='lat' dir='ltr'><strong>mortuis,</strong></span> <span class='ocrx_word' id='word_1_677' title='bbox 3224 2380 3287 2417; x_wconf 78' lang='lat' dir='ltr'><strong>ex</strong></span> <span class='ocrx_word' id='word_1_678' title='bbox 3313 2365 3500 2417; x_wconf 82' lang='lat' dir='ltr'><strong>semine</strong></span> 
     </span>
    </p>
   </div>
   <div class='ocr_carea' id='block_1_85' title="bbox 1915 2446 3495 2523">
    <p class='ocr_par' dir='ltr' id='par_1_85' title="bbox 1915 2446 3495 2523">
     <span class='ocr_line' id='line_1_85' title="bbox 1915 2446 3495 2523; baseline 0.003 -22"><span class='ocrx_word' id='word_1_679' title='bbox 1915 2446 2116 2514; x_wconf 87' lang='lat' dir='ltr'><strong>David,</strong></span> <span class='ocrx_word' id='word_1_680' title='bbox 2154 2451 2430 2503; x_wconf 81' lang='lat' dir='ltr'><strong>secundum</strong></span> <span class='ocrx_word' id='word_1_681' title='bbox 2474 2449 2806 2521; x_wconf 82' lang='lat' dir='ltr'><strong>Evangelium</strong></span> <span class='ocrx_word' id='word_1_682' title='bbox 2844 2469 3008 2505; x_wconf 86' lang='lat' dir='ltr'><strong>meum</strong></span> <span class='ocrx_word' id='word_1_683' title='bbox 3036 2452 3106 2520; x_wconf 91' lang='lat' dir='ltr'><strong>(Il</strong></span> <span class='ocrx_word' id='word_1_684' title='bbox 3138 2451 3271 2505; x_wconf 85' lang='lat' dir='ltr'><strong>Tim.</strong></span> <span class='ocrx_word' id='word_1_685' title='bbox 3311 2470 3382 2519; x_wconf 86' lang='lat' dir='ltr'><strong>ll,</strong></span> <span class='ocrx_word' id='word_1_686' title='bbox 3418 2455 3495 2523; x_wconf 87' lang='grc'><strong>8).</strong></span> 
     </span>
    </p>
   </div>
   <div class='ocr_carea' id='block_1_86' title="bbox 1913 2539 3496 2614">
    <p class='ocr_par' dir='ltr' id='par_1_86' title="bbox 1913 2539 3496 2614">
     <span class='ocr_line' id='line_1_86' title="bbox 1913 2539 3496 2614; baseline 0.003 -19"><span class='ocrx_word' id='word_1_687' title='bbox 1913 2539 2286 2611; x_wconf 68' lang='grc' dir='ltr'><strong>Οοιιινιιυίιιιοᾱ</strong></span> <span class='ocrx_word' id='word_1_688' title='bbox 2322 2542 2664 2611; x_wconf 79' lang='lat' dir='ltr'><strong>Evangelium</strong></span> <span class='ocrx_word' id='word_1_689' title='bbox 2691 2542 2933 2614; x_wconf 90' lang='lat' dir='ltr'><strong>quisquis</strong></span> <span class='ocrx_word' id='word_1_690' title='bbox 2970 2543 3112 2598; x_wconf 88' lang='lat' dir='ltr'><strong>aliud</strong></span> <span class='ocrx_word' id='word_1_691' title='bbox 3149 2545 3496 2599; x_wconf 85' lang='lat' dir='ltr'><strong>anuumiave-</strong></span> 
     </span>
    </p>
   </div>
   <div class='ocr_carea' id='block_1_87' title="bbox 1915 2631 3500 2704">
    <p class='ocr_par' dir='ltr' id='par_1_87' title="bbox 1915 2631 3500 2704">
     <span class='ocr_line' id='line_1_87' title="bbox 1915 2631 3500 2704; baseline 0.004 -20"><span class='ocrx_word' id='word_1_692' title='bbox 1915 2631 2018 2697; x_wconf 92' lang='lat' dir='ltr'><strong>rit,</strong></span> <span class='ocrx_word' id='word_1_693' title='bbox 2063 2641 2120 2686; x_wconf 93' lang='lat' dir='ltr'><strong>ut</strong></span> <span class='ocrx_word' id='word_1_694' title='bbox 2147 2631 2429 2687; x_wconf 88' lang='lat' dir='ltr'><strong>anathema</strong></span> <span class='ocrx_word' id='word_1_695' title='bbox 2473 2634 2578 2700; x_wconf 92' lang='lat' dir='ltr'><strong>sit,</strong></span> <span class='ocrx_word' id='word_1_696' title='bbox 2624 2649 2813 2704; x_wconf 88' lang='lat' dir='ltr'><strong>magna</strong></span> <span class='ocrx_word' id='word_1_697' title='bbox 2855 2650 2980 2690; x_wconf 88' lang='lat' dir='ltr'><strong>cura</strong></span> <span class='ocrx_word' id='word_1_698' title='bbox 3014 2635 3196 2691; x_wconf 79' lang='lat' dir='ltr'><strong>fideles</strong></span> <span class='ocrx_word' id='word_1_699' title='bbox 3224 2637 3500 2690; x_wconf 78' lang='lat' dir='ltr'><strong>admonuit</strong></span> 
     </span>
    </p>
   </div>
   <div class='ocr_carea' id='block_1_88' title="bbox 1915 2723 2370 2794">
    <p class='ocr_par' dir='ltr' id='par_1_88' title="bbox 1915 2723 2370 2794">
     <span class='ocr_line' id='line_1_88' title="bbox 1915 2723 2370 2794; baseline -0.004 -16"><span class='ocrx_word' id='word_1_700' title='bbox 1915 2723 2112 2794; x_wconf 78' lang='lat' dir='ltr'><strong>(Galat.</strong></span> <span class='ocrx_word' id='word_1_701' title='bbox 2142 2740 2180 2786; x_wconf 80' lang='grc' dir='ltr'><strong>ι,</strong></span> <span class='ocrx_word' id='word_1_702' title='bbox 2209 2723 2263 2789; x_wconf 89' lang='lat'><strong>8,</strong></span> <span class='ocrx_word' id='word_1_703' title='bbox 2290 2725 2370 2788; x_wconf 87' lang='lat'><strong>9).</strong></span> 
     </span>
    </p>
   </div>
   <div class='ocr_carea' id='block_1_89' title="bbox 1982 2811 3496 2888">
    <p class='ocr_par' dir='ltr' id='par_1_89' title="bbox 1982 2811 3496 2888">
     <span class='ocr_line' id='line_1_89' title="bbox 1982 2811 3496 2888; baseline 0.004 -21"><span class='ocrx_word' id='word_1_704' title='bbox 1982 2814 2211 2870; x_wconf 71' lang='lat' dir='ltr'><strong>CAPUT</strong></span> <span class='ocrx_word' id='word_1_705' title='bbox 2256 2815 2386 2869; x_wconf 72' lang='lat' dir='ltr'><strong>\‘lll.</strong></span> <span class='ocrx_word' id='word_1_706' title='bbox 2430 2846 2502 2857; x_wconf 90' lang='lat'><strong><em>—</em></strong></span> <span class='ocrx_word' id='word_1_707' title='bbox 2545 2816 2679 2884; x_wconf 87' lang='lat' dir='ltr'><strong>Quid</strong></span> <span class='ocrx_word' id='word_1_708' title='bbox 2728 2811 2856 2888; x_wconf 78' lang='lat' dir='ltr'><strong>ergo</strong></span> <span class='ocrx_word' id='word_1_709' title='bbox 2897 2818 3007 2888; x_wconf 90' lang='lat' dir='ltr'><strong>jam</strong></span> <span class='ocrx_word' id='word_1_710' title='bbox 3060 2827 3272 2874; x_wconf 86' lang='lat' dir='ltr'><strong>moveat</strong></span> <span class='ocrx_word' id='word_1_711' title='bbox 3328 2821 3496 2874; x_wconf 81' lang='lat' dir='ltr'><strong>sancti</strong></span> 
     </span>
    </p>
   </div>
   <div class='ocr_carea' id='block_1_90' title="bbox 1916 2905 3497 2979">
    <p class='ocr_par' dir='ltr' id='par_1_90' title="bbox 1916 2905 3497 2979">
     <span class='ocr_line' id='line_1_90' title="bbox 1916 2905 3497 2979; baseline 0.003 -21"><span class='ocrx_word' id='word_1_712' title='bbox 1916 2905 2188 2975; x_wconf 78' lang='lat' dir='ltr'><strong>Evangelii</strong></span> <span class='ocrx_word' id='word_1_713' title='bbox 2229 2915 2581 2970; x_wconf 87' lang='lat' dir='ltr'><strong>sectatorem,</strong></span> <span class='ocrx_word' id='word_1_714' title='bbox 2629 2909 2771 2979; x_wconf 90' lang='lat' dir='ltr'><strong>quod</strong></span> <span class='ocrx_word' id='word_1_715' title='bbox 2819 2909 2935 2963; x_wconf 86' lang='lat' dir='ltr'><strong>sine</strong></span> <span class='ocrx_word' id='word_1_716' title='bbox 2971 2910 3253 2964; x_wconf 87' lang='lat' dir='ltr'><strong>concubitu</strong></span> <span class='ocrx_word' id='word_1_717' title='bbox 3299 2909 3497 2978; x_wconf 73' lang='lat' dir='ltr'><strong>Joscph</strong></span> 
     </span>
    </p>
   </div>
   <div class='ocr_carea' id='block_1_91' title="bbox 1911 2995 3501 3070">
    <p class='ocr_par' dir='ltr' id='par_1_91' title="bbox 1911 2995 3501 3070">
     <span class='ocr_line' id='line_1_91' title="bbox 1911 2995 3501 3070; baseline 0.001 -18"><span class='ocrx_word' id='word_1_718' title='bbox 1911 2995 2158 3052; x_wconf 84' lang='lat' dir='ltr'><strong>Christus</strong></span> <span class='ocrx_word' id='word_1_719' title='bbox 2185 3006 2340 3054; x_wconf 91' lang='lat' dir='ltr'><strong>natus</strong></span> <span class='ocrx_word' id='word_1_720' title='bbox 2369 3015 2436 3054; x_wconf 82' lang='lat' dir='ltr'><strong>ex</strong></span> <span class='ocrx_word' id='word_1_721' title='bbox 2460 2999 2682 3070; x_wconf 85' lang='lat' dir='ltr'><strong>virgine,</strong></span> <span class='ocrx_word' id='word_1_722' title='bbox 2729 3000 2866 3054; x_wconf 81' lang='lat' dir='ltr'><strong>ﬁlius</strong></span> <span class='ocrx_word' id='word_1_723' title='bbox 2904 3009 3080 3055; x_wconf 88' lang='lat' dir='ltr'><strong>tamen</strong></span> <span class='ocrx_word' id='word_1_724' title='bbox 3114 3001 3276 3055; x_wconf 86' lang='lat' dir='ltr'><strong>David</strong></span> <span class='ocrx_word' id='word_1_725' title='bbox 3319 3003 3501 3070; x_wconf 76' lang='lat' dir='ltr'><strong>appel-</strong></span> 
     </span>
    </p>
   </div>
   <div class='ocr_carea' id='block_1_92' title="bbox 1916 3089 3498 3161">
    <p class='ocr_par' dir='ltr' id='par_1_92' title="bbox 1916 3089 3498 3161">
     <span class='ocr_line' id='line_1_92' title="bbox 1916 3089 3498 3161; baseline 0.002 -20"><span class='ocrx_word' id='word_1_726' title='bbox 1916 3089 2071 3155; x_wconf 88' lang='lat' dir='ltr'><strong>latur,</strong></span> <span class='ocrx_word' id='word_1_727' title='bbox 2099 3103 2223 3144; x_wconf 90' lang='lat' dir='ltr'><strong>cum</strong></span> <span class='ocrx_word' id='word_1_728' title='bbox 2262 3093 2666 3159; x_wconf 75' lang='lat' dir='ltr'><strong>generationem</strong></span> <span class='ocrx_word' id='word_1_729' title='bbox 2711 3091 2901 3146; x_wconf 91' lang='lat' dir='ltr'><strong>seriem</strong></span> <span class='ocrx_word' id='word_1_730' title='bbox 2947 3108 3051 3145; x_wconf 88' lang='lat' dir='ltr'><strong>non</strong></span> <span class='ocrx_word' id='word_1_731' title='bbox 3085 3108 3252 3161; x_wconf 88' lang='lat' dir='ltr'><strong>usque</strong></span> <span class='ocrx_word' id='word_1_732' title='bbox 3292 3093 3357 3147; x_wconf 90' lang='lat' dir='ltr'><strong>ad</strong></span> <span class='ocrx_word' id='word_1_733' title='bbox 3391 3093 3498 3146; x_wconf 80' lang='lat' dir='ltr'><strong>Ma-</strong></span> 
     </span>
    </p>
   </div>
   <div class='ocr_carea' id='block_1_93' title="bbox 1915 3179 3501 3253">
    <p class='ocr_par' dir='ltr' id='par_1_93' title="bbox 1915 3179 3501 3253">
     <span class='ocr_line' id='line_1_93' title="bbox 1915 3179 3501 3253; baseline 0.003 -20"><span class='ocrx_word' id='word_1_734' title='bbox 1915 3179 2068 3245; x_wconf 89' lang='lat' dir='ltr'><strong>riam,</strong></span> <span class='ocrx_word' id='word_1_735' title='bbox 2095 3179 2190 3234; x_wconf 88' lang='lat' dir='ltr'><strong>scd</strong></span> <span class='ocrx_word' id='word_1_736' title='bbox 2221 3195 2387 3252; x_wconf 89' lang='lat' dir='ltr'><strong>usque</strong></span> <span class='ocrx_word' id='word_1_737' title='bbox 2411 3181 2474 3234; x_wconf 89' lang='lat' dir='ltr'><strong>ad</strong></span> <span class='ocrx_word' id='word_1_738' title='bbox 2492 3180 2692 3250; x_wconf 55' lang='lat' dir='ltr'><strong>bsepb</strong></span> <span class='ocrx_word' id='word_1_739' title='bbox 2724 3181 2999 3236; x_wconf 65' lang='lat' dir='ltr'><strong>Mattbaeus</strong></span> <span class='ocrx_word' id='word_1_740' title='bbox 3027 3183 3349 3251; x_wconf 67' lang='lat' dir='ltr'><strong>evangelista</strong></span> <span class='ocrx_word' id='word_1_741' title='bbox 3383 3201 3501 3253; x_wconf 82' lang='lat' dir='ltr'><strong>per-</strong></span> 
     </span>
    </p>
   </div>
   <div class='ocr_carea' id='block_1_94' title="bbox 1912 3268 3499 3344">
    <p class='ocr_par' dir='ltr' id='par_1_94' title="bbox 1912 3268 3499 3344">
     <span class='ocr_line' id='line_1_94' title="bbox 1912 3268 3499 3344; baseline 0.004 -22"><span class='ocrx_word' id='word_1_742' title='bbox 1912 3268 2109 3324; x_wconf 86' lang='lat' dir='ltr'><strong>ducat?</strong></span> <span class='ocrx_word' id='word_1_743' title='bbox 2139 3270 2338 3336; x_wconf 89' lang='lat' dir='ltr'><strong>Primo,</strong></span> <span class='ocrx_word' id='word_1_744' title='bbox 2369 3272 2489 3340; x_wconf 89' lang='lat' dir='ltr'><strong>quia</strong></span> <span class='ocrx_word' id='word_1_745' title='bbox 2522 3273 2696 3326; x_wconf 91' lang='lat' dir='ltr'><strong>mariti</strong></span> <span class='ocrx_word' id='word_1_746' title='bbox 2725 3272 2839 3342; x_wconf 87' lang='lat' dir='ltr'><strong>ejus</strong></span> <span class='ocrx_word' id='word_1_747' title='bbox 2883 3273 3086 3339; x_wconf 88' lang='lat' dir='ltr'><strong>fuerat,</strong></span> <span class='ocrx_word' id='word_1_748' title='bbox 3128 3283 3343 3344; x_wconf 84' lang='lat' dir='ltr'><strong>propter</strong></span> <span class='ocrx_word' id='word_1_749' title='bbox 3371 3276 3499 3328; x_wconf 87' lang='lat' dir='ltr'><strong>viri-</strong></span> 
     </span>
    </p>
   </div>
   <div class='ocr_carea' id='block_1_95' title="bbox 1913 3361 3498 3434">
    <p class='ocr_par' dir='ltr' id='par_1_95' title="bbox 1913 3361 3498 3434">
     <span class='ocr_line' id='line_1_95' title="bbox 1913 3361 3498 3434; baseline 0.001 -19"><span class='ocrx_word' id='word_1_750' title='bbox 1913 3361 2018 3416; x_wconf 90' lang='lat' dir='ltr'><strong>lem</strong></span> <span class='ocrx_word' id='word_1_751' title='bbox 2058 3375 2243 3416; x_wconf 80' lang='lat' dir='ltr'><strong>sexum</strong></span> <span class='ocrx_word' id='word_1_752' title='bbox 2266 3402 2280 3423; x_wconf 90' lang='lat'><strong>,</strong></span> <span class='ocrx_word' id='word_1_753' title='bbox 2316 3363 2490 3432; x_wconf 84' lang='lat' dir='ltr'><strong>p01ius</strong></span> <span class='ocrx_word' id='word_1_754' title='bbox 2517 3363 2822 3418; x_wconf 87' lang='lat' dir='ltr'><strong>bouoranda</strong></span> <span class='ocrx_word' id='word_1_755' title='bbox 2851 3379 3075 3434; x_wconf 88' lang='lat' dir='ltr'><strong>persona</strong></span> <span class='ocrx_word' id='word_1_756' title='bbox 3108 3381 3120 3418; x_wconf 89' lang='lat'><strong>:</strong></span> <span class='ocrx_word' id='word_1_757' title='bbox 3155 3382 3326 3433; x_wconf 84' lang='lat' dir='ltr'><strong>neque</strong></span> <span class='ocrx_word' id='word_1_758' title='bbox 3356 3367 3498 3419; x_wconf 84' lang='lat' dir='ltr'><strong>enim</strong></span> 
     </span>
    </p>
   </div>
   <div class='ocr_carea' id='block_1_96' title="bbox 1913 3450 3497 3524">
    <p class='ocr_par' dir='ltr' id='par_1_96' title="bbox 1913 3450 3497 3524">
     <span class='ocr_line' id='line_1_96' title="bbox 1913 3450 3497 3524; baseline 0.003 -20"><span class='ocrx_word' id='word_1_759' title='bbox 1913 3450 2038 3520; x_wconf 88' lang='lat' dir='ltr'><strong>quia</strong></span> <span class='ocrx_word' id='word_1_760' title='bbox 2065 3451 2349 3507; x_wconf 77' lang='lat' dir='ltr'><strong>Concubitu</strong></span> <span class='ocrx_word' id='word_1_761' title='bbox 2374 3469 2478 3507; x_wconf 89' lang='lat' dir='ltr'><strong>non</strong></span> <span class='ocrx_word' id='word_1_762' title='bbox 2498 3454 2812 3524; x_wconf 78' lang='lat' dir='ltr'><strong>permixtus,</strong></span> <span class='ocrx_word' id='word_1_763' title='bbox 2841 3454 2961 3509; x_wconf 83' lang='lat' dir='ltr'><strong>ideo</strong></span> <span class='ocrx_word' id='word_1_764' title='bbox 2983 3471 3086 3508; x_wconf 91' lang='lat' dir='ltr'><strong>non</strong></span> <span class='ocrx_word' id='word_1_765' title='bbox 3110 3456 3351 3518; x_wconf 84' lang='lat' dir='ltr'><strong>maritus,</strong></span> <span class='ocrx_word' id='word_1_766' title='bbox 3377 3472 3497 3509; x_wconf 87' lang='lat' dir='ltr'><strong>cum</strong></span> 
     </span>
    </p>
   </div>
   <div class='ocr_carea' id='block_1_97' title="bbox 1914 3545 3498 3619">
    <p class='ocr_par' dir='ltr' id='par_1_97' title="bbox 1914 3545 3498 3619">
     <span class='ocr_line' id='line_1_97' title="bbox 1914 3545 3498 3619; baseline 0.003 -20"><span class='ocrx_word' id='word_1_767' title='bbox 1914 3545 2030 3616; x_wconf 90' lang='lat' dir='ltr'><strong>ipse</strong></span> <span class='ocrx_word' id='word_1_768' title='bbox 2071 3547 2350 3601; x_wconf 72' lang='lat' dir='ltr'><strong>Mattlueus</strong></span> <span class='ocrx_word' id='word_1_769' title='bbox 2392 3555 2574 3602; x_wconf 88' lang='lat' dir='ltr'><strong>narret</strong></span> <span class='ocrx_word' id='word_1_770' title='bbox 2615 3549 2683 3601; x_wconf 91' lang='lat' dir='ltr'><strong>ab</strong></span> <span class='ocrx_word' id='word_1_771' title='bbox 2725 3549 2913 3619; x_wconf 83' lang='lat' dir='ltr'><strong>angelo</strong></span> <span class='ocrx_word' id='word_1_772' title='bbox 2955 3548 3170 3602; x_wconf 84' lang='lat' dir='ltr'><strong>Mariam</strong></span> <span class='ocrx_word' id='word_1_773' title='bbox 3217 3549 3498 3618; x_wconf 68' lang='lat' dir='ltr'><strong>conjugvm</strong></span> 
     </span>
    </p>
   </div>
   <div class='ocr_carea' id='block_1_98' title="bbox 1914 3637 3502 3708">
    <p class='ocr_par' dir='ltr' id='par_1_98' title="bbox 1914 3637 3502 3708">
     <span class='ocr_line' id='line_1_98' title="bbox 1914 3637 3502 3708; baseline 0.001 -16"><span class='ocrx_word' id='word_1_774' title='bbox 1914 3637 2080 3708; x_wconf 88' lang='lat' dir='ltr'><strong>ipsius</strong></span> <span class='ocrx_word' id='word_1_775' title='bbox 2110 3639 2450 3707; x_wconf 85' lang='lat' dir='ltr'><strong>appellatam,</strong></span> <span class='ocrx_word' id='word_1_776' title='bbox 2484 3639 2570 3708; x_wconf 88' lang='lat' dir='ltr'><strong>qui</strong></span> <span class='ocrx_word' id='word_1_777' title='bbox 2607 3650 2784 3693; x_wconf 85' lang='lat' dir='ltr'><strong>narrat</strong></span> <span class='ocrx_word' id='word_1_778' title='bbox 2811 3638 2955 3708; x_wconf 86' lang='lat' dir='ltr'><strong>quod</strong></span> <span class='ocrx_word' id='word_1_779' title='bbox 2981 3655 3083 3692; x_wconf 87' lang='lat' dir='ltr'><strong>non</strong></span> <span class='ocrx_word' id='word_1_780' title='bbox 3114 3639 3276 3708; x_wconf 88' lang='lat' dir='ltr'><strong>ipsius</strong></span> <span class='ocrx_word' id='word_1_781' title='bbox 3301 3655 3502 3694; x_wconf 75' lang='grc' dir='ltr'><strong>οοιιςιι-</strong></span> 
     </span>
    </p>
   </div>
   <div class='ocr_carea' id='block_1_99' title="bbox 1916 3726 3495 3800">
    <p class='ocr_par' dir='ltr' id='par_1_99' title="bbox 1916 3726 3495 3800">
     <span class='ocr_line' id='line_1_99' title="bbox 1916 3726 3495 3800; baseline 0.001 -18"><span class='ocrx_word' id='word_1_782' title='bbox 1916 3726 2048 3794; x_wconf 88' lang='lat' dir='ltr'><strong>bitu,</strong></span> <span class='ocrx_word' id='word_1_783' title='bbox 2080 3728 2174 3784; x_wconf 87' lang='lat' dir='ltr'><strong>sed</strong></span> <span class='ocrx_word' id='word_1_784' title='bbox 2201 3730 2268 3785; x_wconf 88' lang='lat' dir='ltr'><strong>de</strong></span> <span class='ocrx_word' id='word_1_785' title='bbox 2295 3730 2493 3798; x_wconf 88' lang='lat' dir='ltr'><strong>Spiritu</strong></span> <span class='ocrx_word' id='word_1_786' title='bbox 2521 3739 2705 3784; x_wconf 88' lang='lat' dir='ltr'><strong>sancto</strong></span> <span class='ocrx_word' id='word_1_787' title='bbox 2729 3737 3063 3800; x_wconf 89' lang='lat' dir='ltr'><strong>conceperat.</strong></span> <span class='ocrx_word' id='word_1_788' title='bbox 3110 3729 3260 3797; x_wconf 85' lang='lat' dir='ltr'><strong>Quod</strong></span> <span class='ocrx_word' id='word_1_789' title='bbox 3303 3730 3347 3783; x_wconf 92' lang='lat' dir='ltr'><strong>si</strong></span> <span class='ocrx_word' id='word_1_790' title='bbox 3390 3746 3495 3783; x_wconf 87' lang='lat' dir='ltr'><strong>non</strong></span> 
     </span>
    </p>
   </div>
   <div class='ocr_carea' id='block_1_100' title="bbox 1915 3818 3497 3890">
    <p class='ocr_par' dir='ltr' id='par_1_100' title="bbox 1915 3818 3497 3890">
     <span class='ocr_line' id='line_1_100' title="bbox 1915 3818 3497 3890; baseline 0.001 -17"><span class='ocrx_word' id='word_1_791' title='bbox 1915 3818 2194 3873; x_wconf 76' lang='lat' dir='ltr'><strong>Mattinnus</strong></span> <span class='ocrx_word' id='word_1_792' title='bbox 2221 3819 2492 3890; x_wconf 81' lang='lat' dir='ltr'><strong>apostolus</strong></span> <span class='ocrx_word' id='word_1_793' title='bbox 2534 3820 2632 3874; x_wconf 88' lang='lat' dir='ltr'><strong>ista</strong></span> <span class='ocrx_word' id='word_1_794' title='bbox 2671 3835 2795 3874; x_wconf 87' lang='lat' dir='ltr'><strong>vera</strong></span> <span class='ocrx_word' id='word_1_795' title='bbox 2819 3861 2832 3884; x_wconf 91' lang='lat'><strong>,</strong></span> <span class='ocrx_word' id='word_1_796' title='bbox 2866 3820 2958 3874; x_wconf 90' lang='lat' dir='ltr'><strong>sed</strong></span> <span class='ocrx_word' id='word_1_797' title='bbox 3004 3820 3196 3890; x_wconf 87' lang='lat' dir='ltr'><strong>aliquis</strong></span> <span class='ocrx_word' id='word_1_798' title='bbox 3225 3820 3358 3874; x_wconf 88' lang='lat' dir='ltr'><strong>alius</strong></span> <span class='ocrx_word' id='word_1_799' title='bbox 3398 3822 3497 3875; x_wconf 90' lang='lat' dir='ltr'><strong>sub</strong></span> 
     </span>
    </p>
   </div>
   <div class='ocr_carea' id='block_1_101' title="bbox 1914 3908 3498 3981">
    <p class='ocr_par' dir='ltr' id='par_1_101' title="bbox 1914 3908 3498 3981">
     <span class='ocr_line' id='line_1_101' title="bbox 1914 3908 3498 3981; baseline 0.001 -18"><span class='ocrx_word' id='word_1_800' title='bbox 1914 3909 2032 3978; x_wconf 82' lang='lat' dir='ltr'><strong>ejus</strong></span> <span class='ocrx_word' id='word_1_801' title='bbox 2056 3910 2292 3976; x_wconf 87' lang='lat' dir='ltr'><strong>nomine,</strong></span> <span class='ocrx_word' id='word_1_802' title='bbox 2319 3908 2455 3964; x_wconf 84' lang='lat' dir='ltr'><strong>sicut</strong></span> <span class='ocrx_word' id='word_1_803' title='bbox 2479 3909 2752 3964; x_wconf 71' lang='lat' dir='ltr'><strong>Maniehmi</strong></span> <span class='ocrx_word' id='word_1_804' title='bbox 2780 3918 2984 3981; x_wconf 89' lang='lat' dir='ltr'><strong>putant,</strong></span> <span class='ocrx_word' id='word_1_805' title='bbox 3014 3926 3077 3965; x_wconf 90' lang='lat' dir='ltr'><strong>ea</strong></span> <span class='ocrx_word' id='word_1_806' title='bbox 3110 3910 3236 3965; x_wconf 79' lang='lat' dir='ltr'><strong>falsa</strong></span> <span class='ocrx_word' id='word_1_807' title='bbox 3261 3915 3498 3966; x_wconf 74' lang='lat' dir='ltr'><strong>conseri-</strong></span> 
     </span>
    </p>
   </div>
   <div class='ocr_carea' id='block_1_102' title="bbox 1913 3999 3500 4073">
    <p class='ocr_par' dir='ltr' id='par_1_102' title="bbox 1913 3999 3500 4073">
     <span class='ocr_line' id='line_1_102' title="bbox 1913 3999 3500 4073; baseline 0.003 -17"><span class='ocrx_word' id='word_1_808' title='bbox 1913 3999 2098 4067; x_wconf 86' lang='lat' dir='ltr'><strong>beret;</strong></span> <span class='ocrx_word' id='word_1_809' title='bbox 2130 4001 2270 4056; x_wconf 86' lang='lat' dir='ltr'><strong>itane</strong></span> <span class='ocrx_word' id='word_1_810' title='bbox 2295 4001 2394 4055; x_wconf 88' lang='lat' dir='ltr'><strong>sibi</strong></span> <span class='ocrx_word' id='word_1_811' title='bbox 2444 4004 2603 4057; x_wconf 88' lang='lat' dir='ltr'><strong>etiam</strong></span> <span class='ocrx_word' id='word_1_812' title='bbox 2635 4003 2748 4072; x_wconf 89' lang='lat' dir='ltr'><strong>ipse</strong></span> <span class='ocrx_word' id='word_1_813' title='bbox 2791 4005 2842 4058; x_wconf 93' lang='lat' dir='ltr'><strong>iu</strong></span> <span class='ocrx_word' id='word_1_814' title='bbox 2872 4003 3032 4059; x_wconf 86' lang='lat' dir='ltr'><strong>rebus</strong></span> <span class='ocrx_word' id='word_1_815' title='bbox 3066 4005 3416 4073; x_wconf 65' lang='lat' dir='ltr'><strong>apertissimis</strong></span> <span class='ocrx_word' id='word_1_816' title='bbox 3444 4014 3500 4060; x_wconf 87' lang='lat' dir='ltr'><strong>et</strong></span> 
     </span>
    </p>
   </div>
   <div class='ocr_carea' id='block_1_103' title="bbox 1915 4093 3500 4165">
    <p class='ocr_par' dir='ltr' id='par_1_103' title="bbox 1915 4093 3500 4165">
     <span class='ocr_line' id='line_1_103' title="bbox 1915 4093 3500 4165; baseline 0.004 -21"><span class='ocrx_word' id='word_1_817' title='bbox 1915 4099 2024 4146; x_wconf 90' lang='lat' dir='ltr'><strong>tam</strong></span> <span class='ocrx_word' id='word_1_818' title='bbox 2068 4093 2136 4148; x_wconf 92' lang='lat' dir='ltr'><strong>de</strong></span> <span class='ocrx_word' id='word_1_819' title='bbox 2177 4093 2418 4162; x_wconf 81' lang='lat' dir='ltr'><strong>proximo</strong></span> <span class='ocrx_word' id='word_1_820' title='bbox 2458 4095 2722 4149; x_wconf 80' lang='lat' dir='ltr'><strong>contextis</strong></span> <span class='ocrx_word' id='word_1_821' title='bbox 2759 4096 3024 4149; x_wconf 88' lang='lat' dir='ltr'><strong>contraria</strong></span> <span class='ocrx_word' id='word_1_822' title='bbox 3068 4095 3394 4165; x_wconf 81' lang='lat' dir='ltr'><strong>loqueretur,</strong></span> <span class='ocrx_word' id='word_1_823' title='bbox 3442 4107 3500 4150; x_wconf 91' lang='lat' dir='ltr'><strong>ut</strong></span> 
     </span>
    </p>
   </div>
   <div class='ocr_carea' id='block_1_104' title="bbox 1914 4183 3499 4255">
    <p class='ocr_par' dir='ltr' id='par_1_104' title="bbox 1914 4183 3499 4255">
     <span class='ocr_line' id='line_1_104' title="bbox 1914 4183 3499 4255; baseline 0.001 -18"><span class='ocrx_word' id='word_1_824' title='bbox 1914 4197 2070 4254; x_wconf 89' lang='lat' dir='ltr'><strong>quem</strong></span> <span class='ocrx_word' id='word_1_825' title='bbox 2099 4183 2302 4239; x_wconf 90' lang='lat' dir='ltr'><strong>diceret</strong></span> <span class='ocrx_word' id='word_1_826' title='bbox 2349 4183 2512 4239; x_wconf 88' lang='lat' dir='ltr'><strong>David</strong></span> <span class='ocrx_word' id='word_1_827' title='bbox 2539 4184 2726 4239; x_wconf 89' lang='lat' dir='ltr'><strong>Filium</strong></span> <span class='ocrx_word' id='word_1_828' title='bbox 2753 4184 2820 4240; x_wconf 92' lang='lat' dir='ltr'><strong>de</strong></span> <span class='ocrx_word' id='word_1_829' title='bbox 2852 4185 3011 4240; x_wconf 84' lang='lat' dir='ltr'><strong>Maria</strong></span> <span class='ocrx_word' id='word_1_830' title='bbox 3038 4185 3240 4255; x_wconf 80' lang='lat' dir='ltr'><strong>virgine</strong></span> <span class='ocrx_word' id='word_1_831' title='bbox 3265 4187 3380 4240; x_wconf 84' lang='lat' dir='ltr'><strong>sine</strong></span> <span class='ocrx_word' id='word_1_832' title='bbox 3405 4202 3499 4240; x_wconf 85' lang='lat' dir='ltr'><strong>cu-</strong></span> 
     </span>
    </p>
   </div>
   <div class='ocr_carea' id='block_1_105' title="bbox 1909 4273 3498 4346">
    <p class='ocr_par' dir='ltr' id='par_1_105' title="bbox 1909 4273 3498 4346">
     <span class='ocr_line' id='line_1_105' title="bbox 1909 4273 3498 4346; baseline 0.004 -21"><span class='ocrx_word' id='word_1_833' title='bbox 1909 4273 2158 4344; x_wconf 89' lang='lat' dir='ltr'><strong>jusquam</strong></span> <span class='ocrx_word' id='word_1_834' title='bbox 2196 4274 2297 4329; x_wconf 90' lang='lat' dir='ltr'><strong>viri</strong></span> <span class='ocrx_word' id='word_1_835' title='bbox 2343 4275 2631 4341; x_wconf 83' lang='lat' dir='ltr'><strong>concubitu</strong></span> <span class='ocrx_word' id='word_1_836' title='bbox 2684 4283 2898 4344; x_wconf 90' lang='lat' dir='ltr'><strong>natum,</strong></span> <span class='ocrx_word' id='word_1_837' title='bbox 2950 4277 3190 4346; x_wconf 77' lang='lat' dir='ltr'><strong>ejusdem</strong></span> <span class='ocrx_word' id='word_1_838' title='bbox 3248 4289 3498 4346; x_wconf 83' lang='lat' dir='ltr'><strong>parentes</strong></span> 
     </span>
    </p>
   </div>
   <div class='ocr_carea' id='block_1_106' title="bbox 1913 4369 3501 4443">
    <p class='ocr_par' dir='ltr' id='par_1_106' title="bbox 1913 4369 3501 4443">
     <span class='ocr_line' id='line_1_106' title="bbox 1913 4369 3501 4443; baseline 0.001 -18"><span class='ocrx_word' id='word_1_839' title='bbox 1913 4369 2173 4441; x_wconf 86' lang='lat' dir='ltr'><strong>gradatim</strong></span> <span class='ocrx_word' id='word_1_840' title='bbox 2212 4373 2564 4443; x_wconf 66' lang='lat' dir='ltr'><strong>enumerans},</strong></span> <span class='ocrx_word' id='word_1_841' title='bbox 2609 4387 2776 4442; x_wconf 90' lang='lat' dir='ltr'><strong>usque</strong></span> <span class='ocrx_word' id='word_1_842' title='bbox 2800 4373 2867 4427; x_wconf 89' lang='lat' dir='ltr'><strong>ad</strong></span> <span class='ocrx_word' id='word_1_843' title='bbox 2908 4388 3032 4428; x_wconf 90' lang='lat' dir='ltr'><strong>eum</strong></span> <span class='ocrx_word' id='word_1_844' title='bbox 3072 4373 3189 4429; x_wconf 87' lang='lat' dir='ltr'><strong>sine</strong></span> <span class='ocrx_word' id='word_1_845' title='bbox 3215 4374 3385 4443; x_wconf 85' lang='lat' dir='ltr'><strong>aliqua</strong></span> <span class='ocrx_word' id='word_1_846' title='bbox 3414 4391 3501 4428; x_wconf 78' lang='lat' dir='ltr'><strong>ra-</strong></span> 
     </span>
    </p>
   </div>
   <div class='ocr_carea' id='block_1_107' title="bbox 1917 4459 3499 4532">
    <p class='ocr_par' dir='ltr' id='par_1_107' title="bbox 1917 4459 3499 4532">
     <span class='ocr_line' id='line_1_107' title="bbox 1917 4459 3499 4532; baseline 0.003 -18"><span class='ocrx_word' id='word_1_847' title='bbox 1917 4460 2059 4516; x_wconf 88' lang='lat' dir='ltr'><strong>tione</strong></span> <span class='ocrx_word' id='word_1_848' title='bbox 2083 4459 2396 4531; x_wconf 91' lang='lat' dir='ltr'><strong>perduceret</strong></span> <span class='ocrx_word' id='word_1_849' title='bbox 2415 4502 2429 4527; x_wconf 90' lang='lat'><strong>,</strong></span> <span class='ocrx_word' id='word_1_850' title='bbox 2469 4477 2627 4531; x_wconf 91' lang='lat' dir='ltr'><strong>quem</strong></span> <span class='ocrx_word' id='word_1_851' title='bbox 2671 4478 2775 4517; x_wconf 88' lang='lat' dir='ltr'><strong>non</strong></span> <span class='ocrx_word' id='word_1_852' title='bbox 2803 4463 3148 4518; x_wconf 80' lang='lat' dir='ltr'><strong>commixtum</strong></span> <span class='ocrx_word' id='word_1_853' title='bbox 3178 4463 3357 4518; x_wconf 76' lang='lat' dir='ltr'><strong>Maria:</strong></span> <span class='ocrx_word' id='word_1_854' title='bbox 3386 4464 3499 4532; x_wconf 82' lang='lat' dir='ltr'><strong>ipse</strong></span> 
     </span>
    </p>
   </div>
   <div class='ocr_carea' id='block_1_108' title="bbox 1913 4549 3499 4625">
    <p class='ocr_par' dir='ltr' id='par_1_108' title="bbox 1913 4549 3499 4625">
     <span class='ocr_line' id='line_1_108' title="bbox 1913 4549 3499 4625; baseline 0.003 -21"><span class='ocrx_word' id='word_1_855' title='bbox 1913 4549 2176 4605; x_wconf 78' lang='lat' dir='ltr'><strong>dixisset?</strong></span> <span class='ocrx_word' id='word_1_856' title='bbox 2205 4550 2262 4606; x_wconf 88' lang='lat' dir='ltr'><strong>Si</strong></span> <span class='ocrx_word' id='word_1_857' title='bbox 2307 4551 2448 4605; x_wconf 89' lang='lat' dir='ltr'><strong>enim</strong></span> <span class='ocrx_word' id='word_1_858' title='bbox 2495 4552 2633 4608; x_wconf 89' lang='lat' dir='ltr'><strong>alius</strong></span> <span class='ocrx_word' id='word_1_859' title='bbox 2678 4563 3016 4609; x_wconf 87' lang='lat' dir='ltr'><strong>enumeraret</strong></span> <span class='ocrx_word' id='word_1_860' title='bbox 3058 4565 3499 4625; x_wconf 84' lang='lat' dir='ltr'><strong>progeneratores</strong></span> 
     </span>
    </p>
   </div>
   <div class='ocr_carea' id='block_1_109' title="bbox 1913 4640 3492 4713">
    <p class='ocr_par' dir='ltr' id='par_1_109' title="bbox 1913 4640 3492 4713">
     <span class='ocr_line' id='line_1_109' title="bbox 1913 4640 3492 4713; baseline 0 -17"><span class='ocrx_word' id='word_1_861' title='bbox 1913 4640 2113 4696; x_wconf 87' lang='lat' dir='ltr'><strong>Christi</strong></span> <span class='ocrx_word' id='word_1_862' title='bbox 2140 4656 2170 4696; x_wconf 89' lang='lat' dir='ltr'><strong>a</strong></span> <span class='ocrx_word' id='word_1_863' title='bbox 2199 4640 2364 4696; x_wconf 91' lang='lat' dir='ltr'><strong>David</strong></span> <span class='ocrx_word' id='word_1_864' title='bbox 2394 4657 2561 4712; x_wconf 88' lang='lat' dir='ltr'><strong>usque</strong></span> <span class='ocrx_word' id='word_1_865' title='bbox 2597 4642 2663 4696; x_wconf 91' lang='lat' dir='ltr'><strong>ad</strong></span> <span class='ocrx_word' id='word_1_866' title='bbox 2701 4642 2898 4713; x_wconf 81' lang='lat' dir='ltr'><strong>Josepb</strong></span> <span class='ocrx_word' id='word_1_867' title='bbox 2919 4685 2934 4710; x_wconf 93' lang='lat'><strong>,</strong></span> <span class='ocrx_word' id='word_1_868' title='bbox 2962 4643 3146 4699; x_wconf 87' lang='lat' dir='ltr'><strong>dicens</strong></span> <span class='ocrx_word' id='word_1_869' title='bbox 3175 4661 3296 4700; x_wconf 89' lang='lat' dir='ltr'><strong>eum</strong></span> <span class='ocrx_word' id='word_1_870' title='bbox 3329 4644 3492 4699; x_wconf 86' lang='lat' dir='ltr'><strong>filium</strong></span> 
     </span>
    </p>
   </div>
   <div class='ocr_carea' id='block_1_110' title="bbox 1916 4733 3496 4798">
    <p class='ocr_par' dir='ltr' id='par_1_110' title="bbox 1916 4733 3496 4798">
     <span class='ocr_line' id='line_1_110' title="bbox 1916 4733 3496 4798; baseline 0.002 -12"><span class='ocrx_word' id='word_1_871' title='bbox 1916 4733 2098 4798; x_wconf 87' lang='lat' dir='ltr'><strong>David,</strong></span> <span class='ocrx_word' id='word_1_872' title='bbox 2123 4741 2178 4789; x_wconf 89' lang='lat' dir='ltr'><strong>et</strong></span> <span class='ocrx_word' id='word_1_873' title='bbox 2203 4733 2338 4788; x_wconf 91' lang='lat' dir='ltr'><strong>alius</strong></span> <span class='ocrx_word' id='word_1_874' title='bbox 2357 4750 2478 4789; x_wconf 88' lang='lat' dir='ltr'><strong>eum</strong></span> <span class='ocrx_word' id='word_1_875' title='bbox 2501 4734 2616 4790; x_wconf 90' lang='lat' dir='ltr'><strong>sine</strong></span> <span class='ocrx_word' id='word_1_876' title='bbox 2637 4735 2794 4791; x_wconf 90' lang='lat' dir='ltr'><strong>ullius</strong></span> <span class='ocrx_word' id='word_1_877' title='bbox 2816 4737 2911 4791; x_wconf 91' lang='lat' dir='ltr'><strong>viri</strong></span> <span class='ocrx_word' id='word_1_878' title='bbox 2939 4739 3222 4793; x_wconf 91' lang='lat' dir='ltr'><strong>concubitu</strong></span> <span class='ocrx_word' id='word_1_879' title='bbox 3245 4754 3310 4793; x_wconf 84' lang='lat' dir='ltr'><strong>ex</strong></span> <span class='ocrx_word' id='word_1_880' title='bbox 3337 4739 3496 4791; x_wconf 84' lang='lat' dir='ltr'><strong>Maria</strong></span> 
     </span>
    </p>
   </div>
   <div class='ocr_carea' id='block_1_111' title="bbox 1913 4823 3496 4895">
    <p class='ocr_par' dir='ltr' id='par_1_111' title="bbox 1913 4823 3496 4895">
     <span class='ocr_line' id='line_1_111' title="bbox 1913 4823 3496 4895; baseline 0.001 -18"><span class='ocrx_word' id='word_1_881' title='bbox 1913 4823 2118 4893; x_wconf 84' lang='lat' dir='ltr'><strong>virgine</strong></span> <span class='ocrx_word' id='word_1_882' title='bbox 2145 4832 2324 4878; x_wconf 89' lang='lat' dir='ltr'><strong>natum</strong></span> <span class='ocrx_word' id='word_1_883' title='bbox 2351 4824 2586 4890; x_wconf 89' lang='lat' dir='ltr'><strong>diceret,</strong></span> <span class='ocrx_word' id='word_1_884' title='bbox 2640 4841 2737 4880; x_wconf 92' lang='lat' dir='ltr'><strong>uec</strong></span> <span class='ocrx_word' id='word_1_885' title='bbox 2764 4842 2883 4881; x_wconf 91' lang='lat' dir='ltr'><strong>eum</strong></span> <span class='ocrx_word' id='word_1_886' title='bbox 2917 4827 3081 4882; x_wconf 86' lang='lat' dir='ltr'><strong>filium</strong></span> <span class='ocrx_word' id='word_1_887' title='bbox 3125 4827 3287 4881; x_wconf 84' lang='lat' dir='ltr'><strong>David</strong></span> <span class='ocrx_word' id='word_1_888' title='bbox 3313 4826 3496 4895; x_wconf 88' lang='lat' dir='ltr'><strong>appel-</strong></span> 
     </span>
    </p>
   </div>
   <div class='ocr_carea' id='block_1_112' title="bbox 1916 4911 3494 4985">
    <p class='ocr_par' dir='ltr' id='par_1_112' title="bbox 1916 4911 3494 4985">
     <span class='ocr_line' id='line_1_112' title="bbox 1916 4911 3494 4985; baseline 0.001 -19"><span class='ocrx_word' id='word_1_889' title='bbox 1916 4911 2079 4978; x_wconf 87' lang='lat' dir='ltr'><strong>laret;</strong></span> <span class='ocrx_word' id='word_1_890' title='bbox 2126 4929 2225 4969; x_wconf 90' lang='lat' dir='ltr'><strong>nec</strong></span> <span class='ocrx_word' id='word_1_891' title='bbox 2253 4914 2331 4968; x_wconf 89' lang='lat' dir='ltr'><strong>sic</strong></span> <span class='ocrx_word' id='word_1_892' title='bbox 2367 4915 2620 4969; x_wconf 87' lang='lat' dir='ltr'><strong>continuo</strong></span> <span class='ocrx_word' id='word_1_893' title='bbox 2659 4925 2842 4985; x_wconf 90' lang='lat' dir='ltr'><strong>putare</strong></span> <span class='ocrx_word' id='word_1_894' title='bbox 2884 4916 3231 4983; x_wconf 87' lang='lat' dir='ltr'><strong>deberemus,</strong></span> <span class='ocrx_word' id='word_1_895' title='bbox 3263 4929 3356 4970; x_wconf 91' lang='lat' dir='ltr'><strong>eos</strong></span> <span class='ocrx_word' id='word_1_896' title='bbox 3395 4916 3494 4968; x_wconf 88' lang='lat' dir='ltr'><strong>sibi</strong></span> 
     </span>
    </p>
   </div>
   <div class='ocr_carea' id='block_1_113' title="bbox 1917 5004 3496 5072">
    <p class='ocr_par' dir='ltr' id='par_1_113' title="bbox 1917 5004 3496 5072">
     <span class='ocr_line' id='line_1_113' title="bbox 1917 5004 3496 5072; baseline 0 -14"><span class='ocrx_word' id='word_1_897' title='bbox 1917 5004 2030 5060; x_wconf 78' lang='lat' dir='ltr'><strong>lucc</strong></span> <span class='ocrx_word' id='word_1_898' title='bbox 2058 5006 2323 5061; x_wconf 89' lang='lat' dir='ltr'><strong>contraria</strong></span> <span class='ocrx_word' id='word_1_899' title='bbox 2352 5006 2558 5061; x_wconf 90' lang='lat' dir='ltr'><strong>locutos</strong></span> <span class='ocrx_word' id='word_1_900' title='bbox 2598 5006 2798 5072; x_wconf 84' lang='lat' dir='ltr'><strong>fuisse,</strong></span> <span class='ocrx_word' id='word_1_901' title='bbox 2842 5017 2899 5062; x_wconf 90' lang='lat' dir='ltr'><strong>ut</strong></span> <span class='ocrx_word' id='word_1_902' title='bbox 2938 5008 3016 5062; x_wconf 89' lang='lat' dir='ltr'><strong>vel</strong></span> <span class='ocrx_word' id='word_1_903' title='bbox 3058 5006 3216 5060; x_wconf 89' lang='lat' dir='ltr'><strong>ambo</strong></span> <span class='ocrx_word' id='word_1_904' title='bbox 3245 5005 3328 5060; x_wconf 90' lang='lat' dir='ltr'><strong>vel</strong></span> <span class='ocrx_word' id='word_1_905' title='bbox 3359 5021 3496 5061; x_wconf 81' lang='lat' dir='ltr'><strong>unus</strong></span> 
     </span>
    </p>
   </div>
   <div class='ocr_carea' id='block_1_114' title="bbox 1915 5095 3492 5172">
    <p class='ocr_par' dir='ltr' id='par_1_114' title="bbox 1915 5095 3492 5172">
     <span class='ocr_line' id='line_1_114' title="bbox 1915 5095 3492 5172; baseline -0.001 -20"><span class='ocrx_word' id='word_1_906' title='bbox 1915 5112 2103 5153; x_wconf 91' lang='lat' dir='ltr'><strong>eorum</strong></span> <span class='ocrx_word' id='word_1_907' title='bbox 2132 5096 2376 5152; x_wconf 88' lang='lat' dir='ltr'><strong>falsitatis</strong></span> <span class='ocrx_word' id='word_1_908' title='bbox 2413 5098 2838 5154; x_wconf 89' lang='lat' dir='ltr'><strong>convinceretur.</strong></span> <span class='ocrx_word' id='word_1_909' title='bbox 2871 5097 3113 5167; x_wconf 84' lang='lat' dir='ltr'><strong>Cogitare</strong></span> <span class='ocrx_word' id='word_1_910' title='bbox 3141 5097 3282 5150; x_wconf 90' lang='lat' dir='ltr'><strong>enim</strong></span> <span class='ocrx_word' id='word_1_911' title='bbox 3325 5095 3492 5172; x_wconf 84' lang='lat' dir='ltr'><strong>debe-</strong></span> 
     </span>
    </p>
   </div>
   <div class='ocr_carea' id='block_1_115' title="bbox 1914 5186 3490 5256">
    <p class='ocr_par' dir='ltr' id='par_1_115' title="bbox 1914 5186 3490 5256">
     <span class='ocr_line' id='line_1_115' title="bbox 1914 5186 3490 5256; baseline 0 -14"><span class='ocrx_word' id='word_1_912' title='bbox 1914 5203 2095 5243; x_wconf 89' lang='lat' dir='ltr'><strong>remus</strong></span> <span class='ocrx_word' id='word_1_913' title='bbox 2123 5186 2237 5243; x_wconf 86' lang='lat' dir='ltr'><strong>fleri</strong></span> <span class='ocrx_word' id='word_1_914' title='bbox 2264 5189 2500 5256; x_wconf 89' lang='lat' dir='ltr'><strong>potuisse</strong></span> <span class='ocrx_word' id='word_1_915' title='bbox 2525 5198 2584 5244; x_wconf 91' lang='lat' dir='ltr'><strong>ut</strong></span> <span class='ocrx_word' id='word_1_916' title='bbox 2608 5190 2768 5245; x_wconf 88' lang='lat' dir='ltr'><strong>ambo</strong></span> <span class='ocrx_word' id='word_1_917' title='bbox 2795 5204 2917 5244; x_wconf 89' lang='lat' dir='ltr'><strong>vera</strong></span> <span class='ocrx_word' id='word_1_918' title='bbox 2949 5188 3204 5254; x_wconf 89' lang='lat' dir='ltr'><strong>dicereut,</strong></span> <span class='ocrx_word' id='word_1_919' title='bbox 3235 5197 3292 5242; x_wconf 93' lang='lat' dir='ltr'><strong>ut</strong></span> <span class='ocrx_word' id='word_1_920' title='bbox 3320 5197 3371 5242; x_wconf 88' lang='lat' dir='ltr'><strong>et</strong></span> <span class='ocrx_word' id='word_1_921' title='bbox 3397 5188 3490 5244; x_wconf 85' lang='lat' dir='ltr'><strong>Jo-</strong></span> 
     </span>
    </p>
   </div>
   <div class='ocr_carea' id='block_1_116' title="bbox 1915 5271 3490 5350">
    <p class='ocr_par' dir='ltr' id='par_1_116' title="bbox 1915 5271 3490 5350">
     <span class='ocr_line' id='line_1_116' title="bbox 1915 5271 3490 5350; baseline 0.001 -18"><span class='ocrx_word' id='word_1_922' title='bbox 1915 5279 2046 5347; x_wconf 87' lang='lat' dir='ltr'><strong>seph</strong></span> <span class='ocrx_word' id='word_1_923' title='bbox 2071 5278 2292 5333; x_wconf 90' lang='lat' dir='ltr'><strong>maritus</strong></span> <span class='ocrx_word' id='word_1_924' title='bbox 2314 5277 2494 5334; x_wconf 76' lang='lat' dir='ltr'><strong>Maria:</strong></span> <span class='ocrx_word' id='word_1_925' title='bbox 2522 5271 2808 5345; x_wconf 86' lang='lat' dir='ltr'><strong>diceretur,</strong></span> <span class='ocrx_word' id='word_1_926' title='bbox 2842 5277 3044 5332; x_wconf 89' lang='lat' dir='ltr'><strong>habens</strong></span> <span class='ocrx_word' id='word_1_927' title='bbox 3069 5291 3184 5332; x_wconf 92' lang='lat' dir='ltr'><strong>eam</strong></span> <span class='ocrx_word' id='word_1_928' title='bbox 3212 5277 3490 5350; x_wconf 79' lang='lat' dir='ltr'><strong>conjugeui</strong></span> 
     </span>
    </p>
   </div>
   <div class='ocr_carea' id='block_1_117' title="bbox 1915 5366 3492 5435">
    <p class='ocr_par' dir='ltr' id='par_1_117' title="bbox 1915 5366 3492 5435">
     <span class='ocr_line' id='line_1_117' title="bbox 1915 5366 3492 5435; baseline 0.003 -14"><span class='ocrx_word' id='word_1_929' title='bbox 1915 5368 2267 5435; x_wconf 86' lang='lat' dir='ltr'><strong>continenter,</strong></span> <span class='ocrx_word' id='word_1_930' title='bbox 2296 5383 2404 5424; x_wconf 91' lang='lat' dir='ltr'><strong>non</strong></span> <span class='ocrx_word' id='word_1_931' title='bbox 2449 5369 2732 5425; x_wconf 84' lang='lat' dir='ltr'><strong>concubitu</strong></span> <span class='ocrx_word' id='word_1_932' title='bbox 2753 5409 2768 5433; x_wconf 93' lang='lat'><strong>,</strong></span> <span class='ocrx_word' id='word_1_933' title='bbox 2807 5367 2901 5423; x_wconf 87' lang='lat' dir='ltr'><strong>sed</strong></span> <span class='ocrx_word' id='word_1_934' title='bbox 2931 5366 3160 5435; x_wconf 70' lang='lat' dir='ltr'><strong>allecto;</strong></span> <span class='ocrx_word' id='word_1_935' title='bbox 3193 5385 3299 5424; x_wconf 92' lang='lat' dir='ltr'><strong>non</strong></span> <span class='ocrx_word' id='word_1_936' title='bbox 3341 5386 3492 5426; x_wconf 86' lang='lat' dir='ltr'><strong>com-</strong></span> 
     </span>
    </p>
   </div>
   <div class='ocr_carea' id='block_1_118' title="bbox 1917 5457 3492 5529">
    <p class='ocr_par' dir='ltr' id='par_1_118' title="bbox 1917 5457 3492 5529">
     <span class='ocr_line' id='line_1_118' title="bbox 1917 5457 3492 5529; baseline 0.004 -18"><span class='ocrx_word' id='word_1_937' title='bbox 1917 5459 2170 5515; x_wconf 72' lang='lat' dir='ltr'><strong>mixtione</strong></span> <span class='ocrx_word' id='word_1_938' title='bbox 2192 5474 2508 5529; x_wconf 88' lang='lat' dir='ltr'><strong>corporum,</strong></span> <span class='ocrx_word' id='word_1_939' title='bbox 2533 5458 2630 5514; x_wconf 89' lang='lat' dir='ltr'><strong>sed</strong></span> <span class='ocrx_word' id='word_1_940' title='bbox 2667 5457 3036 5527; x_wconf 84' lang='lat' dir='ltr'><strong>copulatione,</strong></span> <span class='ocrx_word' id='word_1_941' title='bbox 3065 5461 3207 5529; x_wconf 83' lang='lat' dir='ltr'><strong>quod</strong></span> <span class='ocrx_word' id='word_1_942' title='bbox 3247 5471 3332 5515; x_wconf 87' lang='lat' dir='ltr'><strong>est</strong></span> <span class='ocrx_word' id='word_1_943' title='bbox 3367 5462 3492 5517; x_wconf 84' lang='lat' dir='ltr'><strong>cha-</strong></span> 
     </span>
    </p>
   </div>
   <div class='ocr_carea' id='block_1_119' title="bbox 1917 5547 3494 5624">
    <p class='ocr_par' dir='ltr' id='par_1_119' title="bbox 1917 5547 3494 5624">
     <span class='ocr_line' id='line_1_119' title="bbox 1917 5547 3494 5624; baseline 0.003 -21"><span class='ocrx_word' id='word_1_944' title='bbox 1917 5551 2046 5614; x_wconf 91' lang='lat' dir='ltr'><strong>rius,</strong></span> <span class='ocrx_word' id='word_1_945' title='bbox 2071 5550 2368 5605; x_wconf 88' lang='lat' dir='ltr'><strong>animorum</strong></span> <span class='ocrx_word' id='word_1_946' title='bbox 2394 5567 2407 5604; x_wconf 90' lang='lat'><strong>:</strong></span> <span class='ocrx_word' id='word_1_947' title='bbox 2439 5558 2493 5605; x_wconf 89' lang='lat' dir='ltr'><strong>et</strong></span> <span class='ocrx_word' id='word_1_948' title='bbox 2530 5549 2651 5604; x_wconf 90' lang='lat' dir='ltr'><strong>ideo</strong></span> <span class='ocrx_word' id='word_1_949' title='bbox 2677 5564 2783 5604; x_wconf 87' lang='lat' dir='ltr'><strong>non</strong></span> <span class='ocrx_word' id='word_1_950' title='bbox 2810 5547 3058 5605; x_wconf 87' lang='lat' dir='ltr'><strong>debuisse</strong></span> <span class='ocrx_word' id='word_1_951' title='bbox 3086 5553 3254 5606; x_wconf 80' lang='lat' dir='ltr'><strong>virum</strong></span> <span class='ocrx_word' id='word_1_952' title='bbox 3275 5553 3494 5624; x_wconf 71' lang='lat' dir='ltr'><strong>virginis</strong></span> 
     </span>
    </p>
   </div>
   <div class='ocr_carea' id='block_1_120' title="bbox 1914 5703 3494 5820">
    <p class='ocr_par' dir='ltr' id='par_1_120' title="bbox 1914 5703 3494 5820">
     <span class='ocr_line' id='line_1_120' title="bbox 1914 5703 3494 5820; baseline 0 -64"><span class='ocrx_word' id='word_1_953' title='bbox 2037 5707 2278 5820; x_wconf 50' lang='lat' dir='ltr'><strong>milium,</strong></span> <span class='ocrx_word' id='word_1_954' title='bbox 2302 5705 2362 5756; x_wconf 85' lang='lat' dir='ltr'><strong>de</strong></span> <span class='ocrx_word' id='word_1_955' title='bbox 2379 5703 2646 5769; x_wconf 78' lang='lat' dir='ltr'><strong>Emngelio,</strong></span> <span class='ocrx_word' id='word_1_956' title='bbox 2663 5711 2791 5756; x_wconf 86' lang='lat' dir='ltr'><strong>tanta</strong></span> <span class='ocrx_word' id='word_1_957' title='bbox 2807 5706 3105 5759; x_wconf 83' lang='lat' dir='ltr'><strong>auctoritatis</strong></span> <span class='ocrx_word' id='word_1_958' title='bbox 3121 5707 3326 5759; x_wconf 86' lang='lat' dir='ltr'><strong>culmine</strong></span> <span class='ocrx_word' id='word_1_959' title='bbox 3343 5707 3494 5757; x_wconf 79' lang='lat' dir='ltr'><strong>omni-</strong></span> 
     </span>
     <span class='ocr_line' id='line_1_121' title="bbox 1948 5782 2150 5820; baseline -0.015 0"><span class='ocrx_word' id='word_1_960' title='bbox 1948 5783 2002 5820; x_wconf 84' lang='lat' dir='ltr'><strong>us</strong></span> <span class='ocrx_word' id='word_1_961' title='bbox 2023 5782 2037 5819; x_wconf 66' lang='grc' dir='ltr'><strong><em>ε</em></strong></span> <span class='ocrx_word' id='word_1_962' title='bbox 2135 5805 2150 5817; x_wconf 81' lang='lat'><strong>.</strong></span> 
     </span>
    </p>
   </div>
   <div class='ocr_carea' id='block_1_121' title="bbox 1948 5782 2150 5821">
    <p class='ocr_par' dir='ltr' id='par_1_121' title="bbox 1948 5782 2150 5821">
     <span class='ocr_line' id='line_1_122' title="bbox 1948 5782 2150 5821; baseline -0.02 0"><span class='ocrx_word' id='word_1_963' title='bbox 1948 5783 2002 5821; x_wconf 77' lang='grc' dir='ltr'><strong>ιιδ</strong></span> <span class='ocrx_word' id='word_1_964' title='bbox 2023 5782 2150 5820; x_wconf 72' lang='grc' dir='ltr'><strong>ηοω,</strong></span> 
     </span>
    </p>
   </div>
  </div>
