4028 6454
486 372 585 429 4171

486 487 672 543 matris
699 485 894 542 Christi
934 484 1167 555 separari
1199 500 1227 536 a
1271 485 1409 537 serie
1438 490 1713 552 parentum
1752 474 1983 540 Christi;
2014 480 2070 527 ct

485 579 657 648 ipsam
687 576 904 631 Mariam
948 575 1175 645 aliquam
1216 572 1283 627 de
1312 573 1475 641 stirpe
1521 568 1683 625 David
1712 580 1898 622 venam
1939 579 2066 618 san-

487 670 664 740 guinis
694 668 923 733 ducere,
959 675 1015 720 ut
1050 681 1174 719 caro
1196 662 1389 718 Christi
1420 662 1579 717 etiam
1606 676 1673 715 ex
1696 658 1898 728 virgine
1942 669 2065 724 pro-

487 770 666 814 creata
692 760 806 813 sine
837 757 997 812 David
1029 756 1231 810 semine
1261 770 1380 809 esse
1407 769 1515 807 non
1548 759 1744 822 posset.
1774 748 1909 804 Cum
1941 759 2072 801 vero

485 867 625 908 unus
669 851 913 921 idemque
958 856 1201 903 narratur
1248 856 1528 915 utrumque
1575 844 1747 903 dicat,
1791 850 2071 908 utrumque

490 942 855 1006 commendet,
880 949 933 994 ct
978 939 1149 992 virum
1176 936 1353 991 Maria:
1380 935 1577 1004 Ioseph
1608 944 1661 989 et
1688 931 1881 986 Christi
1909 930 2070 1001 virgi-

485 1049 612 1090 nem
642 1042 884 1099 matrem,
914 1038 967 1085 et
987 1028 1253 1083 Christum
1284 1043 1349 1083 ex
1375 1027 1578 1082 semine
1608 1023 1769 1078 David
1791 1031 1844 1077 et
1872 1020 2069 1089 Joseph

480 1124 541 1181 in
564 1124 701 1178 serie
727 1127 1193 1192 progeneratorum
1218 1116 1412 1171 Christi
1439 1132 1503 1170 ex
1530 1113 1695 1169 David
1720 1111 1876 1183 :quid
1906 1118 2074 1165 restat

491 1225 551 1270 ut
574 1213 788 1278 credat,
821 1213 909 1283 qui
941 1214 1051 1266 vult
1078 1216 1095 1243 ί
1138 1211 1315 1266 divino
1339 1206 1648 1277 Evangelio,
1672 1220 1830 1275 quam
1858 1200 2071 1255 lucreti-

488 1324 676 1363 corum
708 1307 896 1362 fabulis
921 1306 1162 1369 credere,
1192 1305 1292 1359 nisi
1321 1313 1374 1358 et
1403 1302 1621 1356 Mariam
1654 1316 1757 1355 non
1792 1298 1952 1353 fuisse
1977 1312 2071 1351 ex-

488 1409 729 1453 traneum
753 1414 782 1451 a
808 1398 1119 1467 cognatione
1144 1394 1327 1460 David,
1351 1405 1405 1447 et
1429 1408 1546 1447 eam
1571 1390 1769 1460 Joscph
1794 1388 2073 1458 conjugem

486 1504 599 1544 non
644 1490 834 1543 frustra
880 1488 1230 1557 appellatam,
1283 1496 1498 1555 propter
1541 1482 1782 1537 ordinem
1828 1494 1984 1534 sexus
2022 1485 2078 1532 et

488 1582 789 1636 animorum
822 1579 1370 1644 confoederationem,
1411 1574 1650 1645 quamvis
1692 1574 1738 1626 ei
1771 1586 1876 1625 non
1919 1570 2076 1622 fuerit

488 1687 654 1725 carne
681 1670 1000 1725 commixtus
1026 1685 1039 1733 ;
1072 1679 1126 1723 et
1158 1667 1354 1736 Joscph
1398 1665 1572 1736 potius
1613 1673 1827 1733 propter
1852 1660 2079 1729 dignita-

489 1772 601 1817 tem
624 1763 825 1816 virilem
848 1762 913 1816 ab
934 1759 1120 1814 ordine
1141 1759 1536 1830 generationum
1561 1756 1763 1810 illarum
1789 1768 1892 1805 non
1916 1750 2077 1805 fuisse

491 1853 873 1923 separandum,
899 1868 965 1907 ne
998 1851 1098 1905 hoc
1130 1851 1245 1920 ipso
1271 1848 1542 1902 videretur
1563 1846 1631 1901 ab
1660 1844 1744 1899 illa
1776 1842 1971 1897 femina
1994 1856 2078 1896 sc-

493 1952 709 2014 paratus
730 1986 744 2011 ,
776 1943 861 1998 cui
890 1958 1009 1997 eum
1036 1939 1390 2010 conjungebat
1415 1936 1608 1991 mentis
1646 1934 1899 1995 affectus;
1930 1939 1983 1986 et
2013 1945 2081 1985 ne

490 2036 739 2089 homines
770 2033 954 2090 fideles
978 2032 1175 2087 Christi
1198 2072 1212 2095 ,
1256 2028 1310 2083 id
1334 2027 1474 2098 quod
1503 2027 1601 2082 sibi
1643 2024 1894 2094 conjuges
1919 2034 2079 2076 carne

494 2127 804 2191 miscentur,
836 2133 940 2177 tant
976 2138 1225 2191 magnum
1270 2120 1322 2173 in
1362 2118 1608 2187 conjugio
1636 2116 1982 2184 deputarent,
2025 2118 2081 2163 ut

493 2218 611 2271 sine
637 2217 738 2270 hoc
761 2215 1011 2285 conjuges
1034 2229 1152 2268 esse
1178 2226 1281 2266 non
1309 2209 1619 2265 crederent:
1653 2206 1746 2261 scd
1776 2205 1948 2275 potius
1974 2202 2079 2256 dis-

493 2317 678 2362 eerent
701 2307 875 2361 fidelia
900 2305 1166 2375 conjugia,
1196 2303 1362 2357 multo
1392 2299 1702 2354 familiarius
1727 2311 1785 2351 se
1806 2295 2084 2350 adhaerere

494 2399 753 2453 membris
777 2397 973 2453 Christi
999 2439 1012 2465 ,
1044 2403 1243 2467 quanto
1266 2393 1564 2463 potuissent
1606 2387 1798 2443 imitari
1835 2393 2082 2456 parentes

492 2490 726 2545 Christi?

569 2579 795 2635 CAPUT
834 2577 924 2633 1X.
953 2608 1024 2618 -—
1049 2577 1157 2631 Nos
1200 2588 1328 2645 ergo
1369 2571 1636 2628 credimus
1675 2568 1835 2624 etiam
1864 2565 2080 2621 Mariam

494 2673 662 2727 fuisse
690 2672 742 2726 in
773 2670 1091 2741 cognatione
1120 2667 1283 2722 David
1302 2708 1316 2733 ,
1347 2665 1467 2735 quia
1496 2662 1784 2731 Scripturis
1806 2660 1884 2713 eis
1908 2657 2080 2712 credi-

497 2778 619 2818 mus
638 2802 654 2829 ,
684 2777 802 2829 qua:
829 2769 1110 2829 utrumque
1155 2758 1371 2821 dicunt,
1404 2765 1458 2809 et
1486 2752 1755 2808 Christum
1787 2765 1853 2803 ex
1878 2748 2084 2802 semine

496 2851 663 2907 David
690 2849 981 2905 secundum
1008 2862 1224 2901 carnem
1255 2844 1430 2915 (Rom.
1459 2858 1498 2910 ι,
1532 2843 1585 2906 5,
1614 2850 1658 2893 et
1685 2838 1728 2892 ll
1755 2838 1886 2891 Tim.
1911 2853 1969 2903 ll,
2002 2835 2081 2906 8),

497 2953 552 2999 et
579 2944 694 3012 ejus
720 2949 941 2994 matrem
966 2938 1207 3001 Mariam,
1237 2951 1342 2990 non
1372 2949 1491 2988 cum
1519 2932 1633 2986 viro
1658 2927 2081 2994 concumbendo,

497 3035 599 3090 scd
621 3032 875 3104 virginem
910 3030 1118 3103 (Matth.
1148 3046 1198 3094 ι,
1243 3029 1330 3093 ‘18,
1369 3034 1418 3079 et
1450 3023 1580 3077 Luc.
1610 3038 1656 3088 ι,
1697 3020 1813 3090 27).
1837 3017 2086 3088 Quisquis

498 3130 678 3197 itaque
715 3125 843 3180 dicit
882 3123 1100 3177 Mariam
1140 3120 1206 3174 ad
1232 3116 1743 3187 eonsanguinitatem
1780 3111 1943 3167 David
1981 3125 2086 3164 non

500 3218 843 3289 pertinuisse,
877 3214 1216 3269 manifestum
1254 3220 1337 3266 est
1365 3209 1755 3279 quod‘istarum
1789 3206 2089 3273 Scriptura-

501 3326 620 3366 rum
654 3320 759 3364 tam
798 3306 1079 3363 excellenti
1124 3301 1423 3359 auctoritati
1454 3300 1787 3354 obluctetur:
1819 3297 1932 3365 ipse
1958 3308 2088 3364 ergo

502 3403 782 3457 convincat
808 3416 914 3455 non
941 3413 1059 3454 eam
1098 3395 1413 3467 pertinuisse
1448 3391 1515 3446 ad
1561 3404 1744 3445 semen
1788 3386 1951 3441 David
1979 3427 1993 3451 ,
2036 3394 2090 3439 et

505 3495 606 3548 hoc
634 3491 914 3559 ostendat,
953 3504 1059 3545 non
1089 3504 1155 3542 ex
1181 3486 1602 3556 quibuscumque
1628 3478 1848 3541 litteris,
1881 3476 1973 3530 sed
2003 3490 2087 3530 ec-

505 3584 845 3651 clesiasticis,
876 3580 1177 3646 canonicis,
1225 3575 1522 3632 catholicis.
1552 3571 1685 3626 Alia:
1713 3570 1909 3639 quippe
1951 3566 2093 3635 apud

504 3693 603 3732 nos
625 3692 729 3730 non
761 3675 959 3729 habent
980 3672 1047 3727 ad
1075 3672 1169 3725 has
1196 3684 1281 3723 res
1304 3668 1469 3722 ullum
1490 3662 1699 3735 pondus
1719 3659 2049 3715 auctoritatis
2074 3676 2086 3710 :

506 3772 635 3838 ipsm
674 3776 797 3821 sunt
824 3766 966 3820 enim
996 3778 1130 3833 quas
1172 3760 1362 3830 recipit
1409 3765 1465 3813 et
1509 3763 1653 3810 tenet
1698 3751 1935 3808 Ecclesia
1983 3758 2093 3803 toto

508 3860 640 3913 urbe
668 3857 889 3921 diffusa,
930 3869 1047 3923 qua:
1088 3868 1185 3923 per
1211 3851 1330 3905 illas
1361 3858 1443 3904 est
1468 3847 1628 3902 etiam
1661 3842 2007 3913 prophetata;
2039 3849 2093 3893 et

508 3946 956 4018 quemadmodum
994 3945 1287 4013 promissa,
1321 3942 1398 3995 sic
1426 3938 1650 3994 reddita.
1683 3938 1760 3990 Ac
1785 3949 1879 4003 per
1906 3932 2007 3986 hoc
2032 3931 2095 3984 il-

509 4038 603 4092 lud
632 4038 771 4107 quod
801 4035 866 4090 de
893 4034 1236 4104 generatione
1264 4031 1440 4085 Mariae
1468 4029 1694 4083 Faustus
1724 4024 1926 4095 posuit,
1952 4021 2095 4092 quod

508 4137 714 4199 patrem
741 4124 988 4179 habuerit
1022 4138 1087 4177 ex
1119 4122 1255 4175 tribu
1296 4119 1423 4173 Levi
1453 4115 1782 4171 sacerdotem
1810 4112 2095 4184 quemdam

512 4220 730 4275 nomine
771 4218 1008 4273 Joachim
1031 4257 1045 4281 ,
1078 4214 1200 4284 quia
1229 4211 1544 4268 canonicum
1575 4224 1680 4262 non
1712 4217 1822 4272 est,
1865 4221 1970 4260 non
2011 4220 2098 4259 me

513 4309 861 4378 constringit:
894 4306 988 4361 sed
1014 4305 1219 4359 etiamsi
1248 4302 1348 4356 hoc
1374 4300 1647 4356 crederem
1668 4341 1681 4364 ,
1724 4299 1897 4368 ipsum
1924 4296 2099 4366 potius

512 4402 757 4459 Joachim
801 4400 1033 4455 dicerem
1076 4396 1253 4465 aliquo
1297 4394 1453 4449 modo
1484 4393 1550 4447 ad
1579 4390 1742 4445 David
1789 4389 2097 4460 sanguinem

512 4491 856 4566 pertinuisse,
885 4497 940 4545 et
963 4488 1140 4557 aliquo
1180 4484 1338 4540 modo
1376 4499 1441 4538 ex
1472 4483 1609 4537 tribu
1646 4481 1779 4536 luda
1820 4481 1871 4535 in
1905 4480 2098 4534 tribum

512 4593 645 4651 Levi
676 4592 835 4647 fuisse
877 4588 1183 4659 ad0ptatum
1207 4627 1222 4653 ,
1261 4583 1344 4637 vel
1376 4584 1546 4652 ipsum
1588 4579 1673 4635 vel
1712 4578 1827 4648 ejus
1868 4576 2098 4645 aliquem

514 4690 1008 4757 progeneratorcm,
1033 4680 1117 4733 vel
1148 4685 1292 4734 certe
1318 4676 1369 4730 in
1400 4675 1543 4729 tribu
1570 4671 1698 4726 Levi
1721 4670 1791 4724 ita
1814 4677 2015 4731 natum,
2046 4674 2104 4721 ut

517 4779 586 4833 de
627 4777 794 4845 stirpe
833 4773 997 4828 David
1027 4767 1536 4839 consanguinitatem
1566 4763 1797 4832 aliquam
1839 4758 2101 4813 duceret:

518 4872 659 4925 sicut
686 4868 798 4922 ﬁeri
826 4866 1060 4936 potuisse
1088 4863 1227 4917 idem
1258 4861 1485 4915 Faustus
1510 4855 1723 4917 fatetur,
1762 4861 1820 4906 ut
1848 4849 2010 4913 Maria
2036 4848 2103 4904 de

519 4958 660 5013 tribu
689 4956 816 5011 Levi
843 4962 1018 5019 esset,
1062 4966 1217 5021 quam
1250 4958 1425 5003 tamen
1469 4953 1677 5001 constat
1715 4941 1961 4997 traditam
1991 4940 2104 4993 viro

521 5049 612 5118 qui
640 5047 798 5105 fuerit
839 5045 905 5099 de
932 5044 1097 5112 stirpe
1130 5039 1294 5096 David
1315 5080 1330 5104 ,
1364 5038 1421 5092 id
1457 5045 1539 5090 cst
1577 5034 1643 5089 de
1684 5032 1824 5087 tribu
1852 5029 2020 5093 Juda;
2051 5036 2106 5083 et

524 5143 595 5195 ita
625 5139 752 5194 dicit
778 5135 1014 5207 potuisse
1040 5132 1242 5202 accipi,
1291 5128 1561 5183 Christum
1612 5124 1779 5178 lilium
1824 5119 2016 5183 David,
2060 5118 2105 5173 si

526 5232 689 5288 Maria
729 5231 831 5285 filia
861 5226 1064 5298 Ioseph
1106 5224 1357 5280 fuisset’.
1405 5218 1636 5275 Proinde
1671 5217 1715 5271 si
1764 5214 1869 5269 filia
1908 5211 2104 5282 Joscph

595 5392 611 5420 ι
646 5395 777 5446 Lov.,
924 5383 1117 5436 ntavult.
1143 5383 1260 5433 Editi
1282 5388 1447 5450 autem
1470 5378 1549 5428 alii
1575 5387 1627 5450 et
1651 5384 1777 5450 Mss,
1802 5372 2005 5450 quirutllt
2028 5370 2107 5420 di-

529 5451 636 5501 vino
660 5436 925 5510 Emitgizlio,
945 5453 1230 5510 quantaetc.
1251 5446 1322 5493 sic
1337 5455 1460 5510 vero
1481 5442 1658 5510 passim
1680 5436 1982 5510 Augustinus.

600 5496 627 5543 ἶ
656 5496 810 5570 istud:
822 5496 1041 5560 siitla'ria
1061 5496 1166 5571 ﬁlia
1186 5504 1360 5571 Joseph
1383 5496 1564 5567 fuisset,
1599 5496 1822 5550 abest'ab
1846 5496 1986 5545 editis
2011 5503 2106 5543 Am.

530 5579 601 5623 Er.
630 5580 681 5624 et
701 5571 942 5623 nonnullis
962 5578 1066 5621 Mss.

1304 367 1575 425 CONTRA
1614 330 1935 420 FAUSTUM
1973 352 2413 421 MANtcuawu,
2447 354 2503 410 s.
2543 352 2909 411 AUGUSTINI

3646 347 3752 403 £79

2176 472 2443 541 nupsisset
2467 472 2519 526 in
2551 472 2689 526 tribu
2714 469 2875 541 Levi,
2905 483 3011 524 non
3038 464 3267 522 absurde
3292 454 3558 519 diceretur
3587 465 3744 518 etiam
3812 506 3813 509 η

2178 565 2316 618 filius
2347 562 2544 629 David,
2584 562 2824 632 quisquis
2859 560 2927 616 de
2960 559 3047 613 illa
3090 566 3144 612 et
3186 558 3237 611 in
3265 556 3405 610 tribu
3434 554 3559 609 Levi
3603 563 3751 609 natus
3802 588 3815 613 ε

2179 655 2400 709 fuisset:
2431 654 2501 707 ita
2543 654 2588 707 si
2627 660 2798 706 mater
2846 650 2983 705 illius
3031 647 3304 711 Joachim,
3354 660 3511 714 quem
3551 654 3757 715 patrem

2178 746 2357 800 Maria:
2386 746 2615 799 Faustus
2642 750 3047 807 commemorat,
3078 740 3145 795 de
3166 740 3303 794 tribu
3324 738 3456 793 Juda
3483 748 3538 793 et
3560 753 3755 807 genere

2180 839 2350 893 David
2373 839 2549 908 nupsit
2571 839 2620 891 in
2650 837 2787 891 tribu
2813 835 2960 900 Levi,
2994 849 3099 888 non
3129 832 3394 887 immerito
3420 841 3471 884 et
3492 830 3752 895 Joachitn,

2179 943 2233 985 et
2258 930 2415 984 Maria
2437 972 2450 993 ,
2484 939 2536 984 ct
2575 930 2711 982 lilius
2743 928 2921 982 Maria:
2959 926 3118 981 etiam
3147 925 3224 979 sic
3250 939 3316 977 ex
3364 921 3526 976 David
3553 921 3759 977 semine

2181 1023 2444 1077 veraciter
2474 1021 2839 1090 perhibentur.
2867 1019 2979 1073 lloc
3004 1032 3131 1086 ergo
3155 1017 3362 1086 potius,
3402 1015 3482 1069 vel
3527 1015 3631 1069 tale
3670 1013 3757 1067 ali-

2180 1114 2305 1183 quid
2348 1112 2659 1179 crederem,
2704 1113 2749 1166 si
2794 1110 2936 1165 illius
2965 1107 3288 1179 apocrypha:
3315 1106 3622 1174 scripturtc,
3668 1104 3755 1157 ubi

2179 1204 2419 1259 Joachim
2461 1214 2609 1272 pater
2648 1202 2826 1256 Maria:
2854 1199 3066 1271 legitur,
3112 1197 3424 1251 auctoritate
3448 1195 3754 1258 detinerer,

2180 1311 2338 1365 quam
2382 1295 2590 1348 mentiri
2632 1291 2979 1361 Evangelium
3024 1290 3077 1343 in
3117 1302 3227 1358 quo
3264 1286 3519 1356 scriptum
3559 1292 3678 1349 est,
3707 1295 3759 1337 et

2181 1387 2362 1443 Jesum
2389 1386 2653 1441 Christum
2692 1383 2878 1437 Filium
2918 1381 3010 1436 Dei
3051 1380 3377 1435 Salvatorem
3410 1385 3649 1430 nostrum
3695 1388 3757 1426 ex

2181 1478 2385 1532 semine
2412 1477 2574 1530 David
2605 1474 2893 1529 secundmn
2920 1486 3153 1532 carnem.
3179 1480 3232 1524 et
3254 1483 3347 1539 per
3371 1466 3627 1536 virginem
3656 1463 3761 1517 Ma-

2184 1567 2316 1623 riam
2351 1575 2705 1637 procreatutn.
2740 1562 2945 1618 Sufficit
2973 1575 3099 1629 ergo
3128 1558 3280 1613 nobis
3306 1555 3447 1626 quod
3474 1554 3761 1623 Scriptura;

2182 1673 2301 1728 qua:
2329 1656 2431 1711 hoc
2455 1655 2656 1719 dicunt,
2688 1663 2741 1708 et
2764 1652 2956 1723 quibus
2986 1650 3251 1705 credimus
3270 1689 3283 1714 ,
3309 1647 3378 1702 ab
3402 1644 3628 1701 inimicis
3652 1643 3763 1699 suis
3808 1680 3809 1683 η

2183 1751 2251 1806 de
2276 1750 2417 1805 nulla
2446 1754 2667 1817 possunt
2693 1744 2921 1799 falsitate
2949 1742 3211 1797 convinci.

2254 1841 2477 1899 CAPUT
2502 1840 2570 1896 X.
2599 1871 2669 1880 —
2694 1839 2808 1893 Non
2837 1837 2962 1891 mihi
2992 1850 3119 1905 ergo
3148 1832 3377 1887 vicissim
3424 1829 3567 1884 dicat
3598 1845 3611 1880 :
3651 1827 3761 1882 Etsi

2184 1949 2282 2003 ego
2309 1949 2412 1987 tton
2454 1930 2679 1986 ostendo
2707 1928 2921 1983 Mariam
2977 1941 3083 1980 non
3128 1923 3290 1978 fuisse
3340 1921 3408 1976 de
3453 1918 3766 1988 cognatione

2186 2022 2369 2085 David,
2405 2032 2457 2075 tu
2486 2020 2625 2092 quod
2646 2020 2766 2074 inde
2786 2018 2941 2073 fuerit
2970 2014 3213 2072 ostende.
3239 2014 3349 2068 Hoc
3363 2012 3505 2067 enim
3532 2008 3763 2065 ostendo

2186 2116 2485 2170 clarissimo
2527 2113 2684 2183 plane
2723 2121 2881 2179 atque
2915 2107 3203 2163 fortissimo
3240 2105 3558 2159 documento
3580 2142 3593 2165 ,
3620 2099 3765 2170 quod
3806 2128 3811 2133 ~

2185 2207 2453 2276 Scriptura
2506 2202 2983 2259 confirmatissimtn
3027 2198 3354 2254 auctoritatis
3399 2203 3453 2249 et
3497 2192 3767 2248 Christum

2186 2299 2311 2352 dicit
2352 2312 2418 2351 ex
2470 2296 2673 2351 semine
2701 2292 2887 2359 David,
2929 2300 2982 2347 et
3008 2291 3122 2360 ejus
3170 2297 3394 2343 matrem
3446 2286 3561 2339 sine
3611 2283 3777 2337 ullius

2187 2386 2470 2443 concubitu
2502 2385 2760 2454 virginem
2791 2383 3026 2436 Mariam.
3059 2379 3226 2445 Quam
3256 2390 3384 2431 vero
3408 2374 3509 2429 sibi
3539 2373 3777 2428 Faustus

2187 2481 2460 2550 cujusdam
2496 2479 2645 2548 quasi
2688 2474 3024 2547 turpitudinis
3071 2473 3218 2526 visus
3256 2478 3337 2524 est
3382 2466 3775 2524 verecundissi—

2189 2591 2307 2630 mus
2331 2575 2645 2638 detestator,
2667 2586 2787 2626 cum
2818 2569 3020 2623 diceret
3062 2586 3074 2620 :
3115 2564 3330 2619 Frustra
3355 2578 3441 2615 vos
3465 2560 3773 2614 calumniam

2188 2667 2412 2739 ingerilis
2457 2663 2725 2733 scriptori,
2757 2671 2995 2730 tanquam
3043 2657 3140 2711 Dei
3189 2656 3276 2708 ille
3316 2651 3506 2706 Filium
3532 2651 3585 2704 in
3634 2659 3783 2703 utero

2190 2756 2414 2812 mulieris
2458 2750 2890 2809 incluserit!Non
2942 2749 3096 2818 plane
3147 2744 3405 2799 catholica
3455 2741 3606 2804 ﬁdes,
3658 2754 3776 2810 qua:

2188 2848 2459 2904 Christum
2492 2846 2583 2899 Dei
2613 2844 2805 2898 Filium
2837 2850 3015 2895 natum
3041 2836 3328 2894 secundum
3351 2849 3566 2890 carnem
3594 2832 3773 2887 credit

2191 2959 2258 2999 cx
2286 2941 2509 3011 virgine,
2524 2938 2632 2993 ullo
2653 2935 2811 2991 modo
2838 2933 3082 2988 eumdem
3115 2929 3207 2984 Dei
3235 2929 3424 2982 Filium
3444 2926 3519 2979 sic
3542 2925 3595 2979 in
3624 2932 3780 2978 utero

2190 3034 2430 3090 mulieris
2458 3028 2715 3094 includit,
2748 3025 2897 3096 quasi
2924 3031 3071 3078 extra
3104 3036 3206 3074 non
3259 3020 3347 3079 sit,
3378 3016 3527 3086 quasi
3554 3013 3683 3068 ραςιὶ
3726 3022 3780 3067 et

2192 3136 2350 3182 terra:
2371 3120 2880 3179 administrationem
2910 3112 3225 3176 deseruerit,
3252 3110 3403 3179 quasi
3447 3124 3475 3161 a
3507 3108 3669 3161 Patre
3699 3120 3780 3158 re.

2193 3220 2456 3276 cesserit:
2502 3215 2593 3270 sed
2632 3228 2745 3279 vos,
2778 3207 3074 3269 Manicltzci,
3115 3203 3276 3258 corde
3331 3202 3445 3266 illo,
3488 3208 3593 3269 quo
3651 3195 3780 3251 nihil

2195 3310 2415 3380 potestis
2459 3306 2560 3362 nisi
2610 3300 2910 3371 corporalia
2956 3298 3320 3368 phantasmata
3371 3290 3626 3361 cogitare,
3681 3288 3780 3341 ista

2195 3377 2414 3459 omnino
2456 3414 2559 3453 non
2588 3395 2794 3465 capitis,
2821 3388 3088 3463 quomodo
3114 3386 3208 3441 Dei
3238 3383 3468 3439 Verbtun
3493 3422 3507 3445 ,
3541 3380 3637 3434 Dei
3663 3377 3786 3431 Vir-

2197 3506 2280 3550 tus
2306 3502 2464 3563 atque
2492 3487 2781 3558 Sapientia,
2812 3485 2862 3538 in
2885 3498 2943 3538 se
2968 3495 3192 3536 manens
3216 3486 3269 3531 et
3296 3474 3432 3545 apud
3463 3474 3701 3537 Patrem,
3730 3477 3785 3524 et

2198 3585 2495 3639 universam
2513 3589 2810 3634 creaturam
2839 3586 3050 3643 regens,
3090 3566 3373 3640 pertendat
3401 3579 3428 3617 a
3471 3563 3574 3617 fine
3610 3573 3788 3629 usque

2198 3678 2265 3732 ad
2312 3677 2470 3730 linem
2501 3671 2726 3735 fortiter,
2758 3676 2811 3723 et
2843 3666 3088 3734 disponat
3125 3659 3303 3714 omnia
3353 3653 3626 3723 suaviter(
3653 3651 3789 3721 Sap.

2200 3786 2310 3835 vm,
2338 3770 2360 3822 1
2388 3766 2429 3840 ).
2460 3766 2514 3820 ln
2544 3764 2694 3832 cujus
2734 3756 3094 3828 dispositionis
3119 3748 3419 3807 admirabili
3453 3755 3506 3801 et
3530 3742 3801 3799 ineffabili

2202 3860 2450 3914 facilitate
2479 3857 2576 3911 sibi
2601 3855 2759 3909 etiam
2788 3858 3010 3904 matrem
3033 3847 3084 3900 in
3109 3853 3250 3898 terra
3278 3839 3553 3909 disposuit,
3579 3847 3639 3890 et
3666 3849 3792 3904 pro-

2202 3962 2318 4022 pter
2346 3964 2529 4003 servos
2552 3959 2677 4001 suos
2702 3943 2768 3997 de
2797 3936 3155 4008 corruptionis
3183 3932 3442 3988 servitute
3472 3925 3793 3981 liberandos

2203 4043 2255 4096 in
2284 4056 2346 4095 ea
2376 4040 2597 4093 formam
2637 4034 2799 4097 servi,
2828 4032 2929 4084 hoc
2957 4037 3059 4091 est,
3086 4022 3310 4079 mortale
3335 4033 3529 4089 corpus
3555 4016 3797 4084 accepit,

2202 4142 2477 4202 acceptum
2509 4125 2840 4188 monstravit,
2872 4126 3331 4185 monstratumque
3368 4124 3423 4167 et
3451 4118 3629 4165 morte
3666 4121 3797 4178 pro-

2206 4218 2861 4287 stratum,resurrectione
2900 4227 3108 4267 sursum
3154 4207 3325 4264 erexit
3352 4207 3405 4270 ί,
3436 4213 3489 4258 et
3534 4211 3797 4269 tanquam

2208 4317 2457 4386 templum
2500 4314 2729 4369 solutum
2781 4308 2977 4361 iterum
3016 4300 3311 4358 aedificavit.
3347 4297 3450 4351 Vos
3490 4304 3675 4348 tamen
3706 4291 3811 4360 qui

2208 4411 2321 4465 hinc
2350 4405 2569 4462 credere
2607 4401 2757 4473 quasi
2784 4398 3037 4466 sacrilega
3068 4391 3383 4452 formidatis,
3416 4404 3520 4442 non
3550 4383 3800 4439 membra

2208 4504 2291 4559 dei
2320 4500 2481 4556 vestri
2512 4499 2563 4553 in
2586 4505 2737 4551 utero
2781 4491 3022 4561 virginis,
3051 4487 3146 4543 sed
3174 4487 3225 4540 in
3258 4483 3423 4537 uteris
3450 4478 3695 4534 omnium
3727 4477 3813 4530 fe—r

2210 4596 2472 4650 minarum
2503 4587 2789 4644 carnalium
2842 4583 2907 4637 ab
2933 4578 3229 4648 elephantis
3270 4587 3439 4642 usque
3483 4569 3546 4623 ad
3579 4575 3816 4621 muscas

2209 4684 2495 4741 includitis.
2526 4682 2605 4733 An
2628 4678 2746 4731 ideo
2764 4673 2913 4727 vobis
2940 4670 3148 4724 videtur
3169 4666 3324 4719 vilior
3341 4675 3499 4716 verus
3519 4657 3804 4719 Christus,

2211 4779 2332 4849 quia
2361 4777 2438 4830 sic
2480 4771 2710 4828 Verbum
2767 4766 2994 4821 dicimus
3046 4774 3262 4815 carnem
3324 4757 3515 4808 factum
3547 4751 3601 4803 in
3644 4758 3817 4801 utero

2211 4847 2476 4939 virginali,
2509 4872 2567 4918 ut
2598 4860 2741 4916 nulla
2772 4858 2851 4911 sui
2891 4849 3306 4910 commutatione
3336 4847 3388 4899 in
3432 4853 3621 4898 natura
3680 4851 3813 4907 pro-

2213 4931 2325 5032 pria
2348 4931 2718 5012 inviolabiliter
2743 4958 3081 5019 permanens,
3110 4938 3364 5007 templum
3388 4934 3488 4988 sibi
3520 4931 3813 4984 honnnem

2214 5015 2509 5120 cooptarit;
2541 5054 2597 5099 ct
2622 5043 2741 5097 ideo
2769 5038 2921 5093 vobis
2950 5035 3145 5090 charus
3164 5038 3249 5085 est
3278 5027 3410 5082 deus
3443 5032 3643 5084 vester,
3681 5015 3816 5089 quia

2217 5151 2293 5196 tot
2313 5108 2536 5193 vinculis
2561 5132 2796 5189 carnium
2830 5126 3108 5195 colligatus
3152 5129 3206 5175 et
3254 5115 3558 5187 inquinatus
3612 5111 3671 5165 in
3721 5108 3818 5162 illa

2216 5243 2367 5302 parte
2392 5242 2494 5297 qua
2537 5226 2695 5279 etiam
2739 5222 2791 5274 in
2835 5216 2990 5287 globo
3044 5209 3283 5281 figendus
3320 5215 3420 5270 est,
3474 5203 3588 5256 sine
3642 5212 3817 5253 causa

2216 5300 2484 5393 suppetias
2512 5316 2844 5385 deprecatur,
2869 5306 3137 5363 autetiam
3166 5300 3375 5373 penitus
3396 5304 3695 5367 oppressus
3714 5300 3821 5344 de-

2216 5410 2427 5486 precari
2456 5421 2563 5463 non
2589 5400 2815 5460 sinitur?

2285 5549 2300 5579 ι
2336 5546 2504 5597 Plures
2524 5548 2651 5600 Mss,
2675 5546 2865 5588 rursum
2888 5530 3063 5585 erexit.

1871 5735 2478 5815 <WQ‘BEB»
