4052 6470
262 331 364 387 ιιδ

1387 329 1592 387 manu
1629 312 1995 388 ViGESlMUS
2030 329 2374 401 ausurus.

3411 345 3512 403 ΠΛ

259 458 3471 490 MM

757 535 1235 650 LIBER
1321 536 2168 698 VIGESIMUS
2246 547 2345 674 ρ
2359 547 2652 658 UAR
2668 549 2774 655 T
2788 547 2996 656 US.

324 803 544 862 CAPUT
583 802 863 862 PRIMUM.
889 833 961 846 —
986 803 1231 860 Fsusrus
1266 803 1402 860 uixit
1429 821 1442 858 :
1474 804 1611 873 Quid
1637 805 1706 860 ita
1734 806 1834 862 ho-

259 899 448 956 minem
475 897 678 966 negatis
702 897 818 952 ﬁeri
845 911 875 951 a
908 896 1058 952 Deo?
1081 895 1196 951 Non
1225 896 1440 967 quidem
1471 913 1568 951 nos
1597 899 1827 953 omnifa-

257 991 384 1045 riam
415 989 685 1045 hominem
711 1003 744 1042 a
771 988 882 1044 Deo
908 988 1021 1043 ﬁeri
1048 1002 1398 1059 pernegamus
1426 1006 1440 1043 :
1472 990 1568 1044 sed
1595 995 1714 1060 quis
1739 1031 1754 1056 ,
1783 1001 1838 1046 et

256 1078 483 1150 quando,
514 1087 570 1134 et
597 1077 1044 1149 quemadmodum
1071 1078 1182 1142 ﬁat,
1224 1078 1326 1134 hoc
1351 1079 1656 1150 qumrimus.
1689 1080 1836 1149 Quo-

257 1169 392 1225 niam
408 1167 625 1239 quidem
650 1177 775 1224 sunt
793 1167 1084 1223 secundum
1105 1167 1418 1238 Apostolum
1438 1169 1681 1226 homines
1706 1170 1834 1239 duo,

259 1276 478 1330 quorum
515 1260 740 1316 alterum
769 1259 983 1331 quidem
1014 1261 1278 1316 interdum
1321 1262 1637 1317 exteriorem
1661 1271 1831 1329 vocat,

259 1351 564 1422 plerumque
587 1366 716 1407 vero
741 1359 1013 1422 terrenum
1033 1393 1049 1418 ,
1078 1366 1455 1422 nonnunquam
1493 1352 1654 1408 etiam
1688 1365 1836 1407 vete-

256 1458 399 1508 rem;
427 1442 657 1498 alterum
681 1457 813 1498 vero
855 1442 1162 1498 interiorem
1188 1451 1244 1498 et
1284 1442 1561 1500 coelestem
1605 1443 1735 1498 dicit
1776 1459 1838 1500 ac

257 1547 445 1587 novum
476 1532 670 1604 (Rom.
697 1549 773 1600 vt,
797 1549 892 1597 vn,
919 1549 934 1597 ;
969 1531 1130 1589 lCor.
1161 1549 1269 1598 xv;
1301 1534 1341 1588 ll
1366 1532 1482 1588 Cor.
1514 1551 1601 1598 iV;
1641 1535 1836 1601 Epltt’s.

255 1639 327 1692 ιιι,
348 1639 426 1690 tv,
469 1633 518 1678 et
555 1623 749 1680 Coloss.
811 1625 925 1695 ιιι).
953 1624 1152 1679 Horum
1183 1639 1310 1694 ergo
1357 1633 1474 1680 uter
1503 1624 1592 1680 ﬁat
1638 1641 1670 1681 a
1706 1627 1834 1692 Deo,

256 1715 561 1784 quaerimus.
622 1715 882 1782 Quoniam
931 1715 1146 1785 quidem
1199 1725 1254 1770 et
1303 1715 1592 1770 nativitatis
1645 1725 1839 1772 nostra}

256 1815 489 1874 tempora
517 1805 626 1861 duo
647 1815 797 1869 sunt;
827 1821 989 1860 unum
1013 1805 1162 1872 illud,
1187 1822 1294 1876 quo
1319 1821 1418 1861 nos
1443 1807 1684 1862 irretitus
1709 1821 1834 1861 car-

255 1900 457 1954 nalibus
487 1900 729 1967 vinculis,
791 1901 843 1955 in
902 1902 1073 1956 lucem
1114 1899 1253 1956 hanc
1305 1909 1494 1956 natura
1551 1899 1835 1970 produxit;

255 1992 478 2047 alterum
505 2007 653 2060 vero,
675 2008 796 2048 cum
823 1994 1020 2048 veritas
1067 2007 1165 2047 nos
1207 2007 1272 2047 ex
1311 2007 1493 2047 errore
1527 2006 1835 2057 conversos,

255 2083 317 2139 ad
362 2099 423 2140 se
464 2086 802 2156 regeneravit
846 2086 1079 2141 initiatos
1111 2085 1175 2138 ad
1209 2084 1388 2138 ﬁdem.
1435 2084 1584 2150 Quod
1629 2091 1839 2152 tempus

254 2174 502 2230 secunda:
553 2175 842 2230 nativitatis
893 2177 948 2231 in
1003 2175 1292 2245 Evangelio
1337 2174 1463 2230 Jesu
1511 2175 1835 2245 signiﬁcans,

254 2265 418 2322 dicit:
451 2265 570 2322 Nisi
606 2268 719 2338 quis
745 2277 892 2323 natus
921 2269 1072 2340 fuerit
1109 2268 1272 2322 denuo
1294 2309 1308 2332 ,
1336 2283 1437 2322 non
1480 2275 1638 2338 potest
1672 2267 1840 2322 videre

254 2375 460 2429 regnum
490 2358 606 2414 Dei.
645 2359 796 2428 Quod
825 2375 946 2416 cum
969 2359 1295 2434 Nicodemus
1332 2373 1516 2429 parum
1544 2356 1840 2428 intelligens

259 2448 550 2516 haesitaret,
579 2459 633 2506 et
670 2453 898 2522 qualiter
926 2451 977 2506 id
1017 2451 1131 2506 ﬁeri
1172 2459 1350 2520 posset
1387 2458 1790 2520 percontaretur
1824 2468 1838 2505 :

254 2555 421 2610 neque
463 2542 606 2596 enim
635 2557 790 2612 posse
819 2541 1085 2596 hominem
1114 2557 1296 2597 senem
1325 2542 1376 2595 in
1407 2551 1612 2595 uterum
1643 2540 1834 2594 matris

252 2629 494 2699 introire,
521 2641 578 2687 et
603 2632 793 2687 iterum
834 2633 1019 2687 nasci:
1048 2631 1206 2687 Jesus
1247 2632 1296 2686 ei
1326 2630 1674 2700 respondens,
1719 2629 1838 2685 Nisi

251 2721 356 2789 quis
388 2731 538 2775 natus
566 2724 738 2793 fuerit,
761 2723 953 2793 inquit,
981 2739 1044 2776 ea“.
1071 2739 1203 2792 aqua
1224 2731 1267 2776 et
1287 2721 1483 2790 Spiritu
1511 2731 1706 2787 sancto,
1731 2737 1832 2774 non

251 2821 406 2881 potest
425 2813 594 2867 videre
619 2831 826 2884 regnum
847 2813 962 2867 Dei.
994 2815 1058 2869 Et
1084 2814 1340 2882 sequitur,
1373 2812 1520 2879 Quod
1535 2813 1756 2867 nascitur
1776 2812 1840 2865 de

251 2919 419 2970 carne,
447 2921 568 2959 caro
588 2917 699 2971 est;
736 2915 786 2961 et
810 2906 945 2976 quod
973 2907 1192 2960 nascitur
1222 2905 1284 2959 de
1308 2906 1511 2976 spiritu,
1543 2905 1748 2976 spiritus
1767 2919 1840 2965 εει

252 2997 445 3067 (Joan.
477 3015 558 3066 ιιι,
582 2999 726 3071 5-6).
769 2999 1106 3070 Quapropter
1141 2999 1188 3054 si
1240 3008 1295 3054 et
1325 2999 1572 3052 nativitas
1624 3013 1730 3050 non
1771 3010 1836 3051 ea

252 3092 361 3150 sola
388 3100 472 3148 est
495 3109 601 3164 qua
629 3093 682 3148 in
707 3107 934 3162 corpore
953 3093 1240 3162 gignimur,
1273 3091 1368 3146 sed
1407 3099 1462 3145 et
1485 3090 1575 3144 illa
1605 3088 1707 3143 alia
1736 3102 1839 3157 qua

252 3183 581 3238 renascimur
599 3183 810 3255 spiritu,
849 3199 956 3238 non
981 3183 1156 3237 minor
1192 3195 1342 3250 atque
1385 3195 1511 3234 cura
1549 3186 1632 3234 cst
1658 3186 1711 3233 et
1741 3177 1840 3232 huc

253 3273 418 3343 ipsum
459 3290 724 3345 qumrere,
769 3276 824 3330 in
849 3289 1076 3345 quanam
1122 3288 1306 3328 earum
1357 3287 1456 3326 nos
1487 3270 1644 3325 faciat
1675 3269 1834 3323 Deus.

252 3363 434 3420 Modus
461 3381 676 3438 quoque
702 3366 951 3422 nascendi
978 3363 1173 3434 duplex
1205 3370 1290 3417 est
1311 3401 1327 3427 ,
1358 3376 1493 3416 unus
1520 3359 1610 3414 ille
1639 3357 1838 3412 furoris

251 3463 302 3509 et
327 3454 757 3525 intemperantia:
787 3455 1034 3526 pr0prius
1055 3494 1071 3520 ,
1103 3467 1210 3523 quo
1236 3465 1420 3506 sumus
1446 3465 1476 3503 a
1517 3446 1842 3518 generator-i-

252 3543 347 3598 bus
387 3545 617 3615 turpiter
659 3553 713 3600 et
757 3561 850 3615 per
875 3545 1144 3600 libidinem
1173 3543 1311 3606 sati;
1341 3540 1478 3594 alter
1509 3554 1637 3594 vero
1675 3537 1842 3591 hone-

251 3636 398 3688 statis
442 3644 499 3690 et
532 3635 896 3702 sanctimonia:
930 3677 947 3701 ,
978 3650 1083 3704 quo
1126 3633 1180 3688 in
1207 3632 1420 3686 Christo
1446 3630 1568 3684 Jesu
1597 3643 1695 3698 per
1720 3627 1840 3697 Spi-

252 3725 404 3778 ritum
449 3734 692 3779 sanctum
749 3725 850 3780 sub
904 3724 1165 3780 bonorum
1206 3721 1460 3776 doctrinis
1520 3717 1836 3787 discipiiuati

252 3830 431 3870 sumus
464 3817 480 3846 ί
527 3816 593 3869 ad
638 3815 843 3871 ﬁdem:
889 3814 1029 3870 unde
1083 3814 1243 3869 etiam
1293 3811 1468 3866 omnis
1511 3809 1726 3878 religio,
1785 3815 1838 3861 et

253 3906 482 3961 maxime
524 3906 833 3969 christiana,
874 3905 942 3960 ad
978 3911 1370 3960 sacramentum
1419 3901 1580 3956 rudes
1609 3899 1837 3954 infantes

253 3997 497 4064 appellat.
542 3997 694 4066 Quod
723 4008 776 4052 et
804 3998 976 4068 ipsum
1021 3997 1324 4066 signiﬁcans
1373 3991 1666 4062 Apostolus
1692 3990 1768 4044 ait
1817 4006 1832 4044 :

253 4085 423 4140 Fitioli
458 4089 574 4153 mei,
602 4105 726 4158 quos
747 4089 926 4142 iterum
953 4088 1202 4153 parturio,
1228 4085 1384 4138 donec
1411 4087 1656 4156 formetur
1685 4079 1834 4136 Chri-

253 4188 350 4233 stus
373 4181 429 4233 in
454 4180 591 4234 vobis
619 4181 638 4250 (
661 4179 831 4244 Galat,
858 4196 926 4243 tv,
959 4179 1078 4246 l9).
1101 4179 1276 4245 Quare
1292 4176 1400 4242 jam
1429 4189 1530 4228 non
1560 4173 1832 4242 qumritur,

253 4281 424 4325 utrum
473 4273 614 4327 Deus
654 4273 922 4327 hominem
966 4270 1260 4334 faciat;sed
1304 4268 1536 4339 quando,
1566 4277 1620 4322 et
1647 4282 1826 4336 quem,

253 4371 301 4415 et
329 4362 780 4432 quemadmodum
809 4361 964 4416 faciat
998 4379 1010 4414 :
1043 4376 1165 4414 nam
1202 4360 1244 4413 si
1273 4375 1392 4414 cum
1425 4359 1474 4412 in
1507 4367 1657 4412 utero
1680 4357 1831 4428 tingi-

256 4472 389 4521 mur,
423 4467 482 4512 ut
503 4456 616 4512 fere
639 4457 898 4512 Gentibus
921 4457 1092 4525 placet
1119 4462 1175 4508 et
1201 4453 1398 4508 Judmis
1427 4461 1482 4506 et
1508 4451 1633 4521 ipsis
1655 4451 1827 4517 vobis,

257 4558 374 4601 tunc
395 4563 495 4602 nos
524 4548 666 4602 Deus
689 4546 882 4602 format
906 4545 973 4600 ad
1004 4543 1286 4613 imaginem
1323 4556 1473 4596 suam
1499 4558 1512 4604 ;
1541 4550 1595 4595 et
1631 4549 1840 4596 veteres

257 4654 348 4692 nos
387 4639 535 4702 facit,
575 4647 628 4692 et
655 4653 750 4708 per
775 4636 1005 4690 furorem
1051 4649 1114 4688 ac
1157 4632 1430 4686 libidinem
1477 4640 1646 4696 creat,
1698 4629 1838 4700 quod

259 4725 392 4781 haud
441 4728 557 4781 scio
601 4734 775 4780 utrum
825 4723 1089 4779 divinitati
1137 4722 1255 4790 ejus
1297 4720 1597 4775 conveniat.
1629 4719 1683 4774 Si
1709 4734 1837 4774 vero

257 4832 374 4871 cum
401 4815 672 4870 credimus
705 4824 759 4870 et
781 4815 846 4868 ad
895 4813 1168 4868 meliorem
1198 4812 1317 4866 vitae.
1349 4810 1710 4865 convertimur
1735 4818 1842 4862 sta-

255 4917 363 4961 tum
411 4921 543 4962 tunc
583 4904 874 4960 formamur
896 4919 924 4958 ιι
955 4905 1084 4969 Deo,
1125 4913 1183 4957 ut
1207 4905 1314 4958 iere
1339 4902 1549 4956 Christo
1578 4900 1746 4970 placet
1787 4907 1842 4954 et

257 4997 364 5065 ejus
415 4995 686 5065 Apostoiis
733 5006 787 5050 et
817 4993 1002 5060 nobis;
1031 4993 1266 5063 profecto
1295 5001 1350 5047 et
1385 5007 1552 5047 novos
1595 5005 1691 5046 nos
1719 4989 1842 5045 facit

259 5083 418 5149 Deus,
449 5094 504 5139 et
537 5085 758 5140 honeste
795 5083 918 5138 facit
956 5099 1019 5136 ac
1040 5099 1170 5154 pure
1197 5099 1210 5135 :
1241 5097 1346 5152 quo
1391 5081 1517 5152 quid
1551 5090 1838 5136 consenta-

257 5191 414 5230 neum
439 5176 634 5246 quidve
660 5178 983 5232 conveniens
1007 5177 1174 5246 magis
1192 5183 1390 5229 sancta:
1411 5174 1526 5243 ejus
1550 5183 1631 5228 est
1657 5190 1720 5228 ac
1743 5188 1838 5228 ve-

256 5265 478 5322 nerabili
519 5266 781 5336 majestati
802 5268 825 5320 Y
850 5266 1001 5336 Quod
1026 5266 1070 5321 si
1099 5275 1152 5320 et
1179 5281 1275 5320 vos
1301 5265 1666 5320 auctoritatem
1692 5264 1838 5319 Pauli

257 5372 365 5412 non
393 5359 666 5429 spernitis,
692 5375 757 5414 ex
781 5359 896 5429 ipso
924 5359 1073 5414 vobis
1098 5372 1380 5428 quemnam
1404 5397 1420 5424 ,
1447 5366 1501 5412 et
1524 5356 1758 5426 quando,
1785 5367 1841 5413 et

256 5449 702 5517 quemadmodum
750 5451 888 5506 Deus
939 5450 1206 5504 hominem
1251 5449 1428 5515 faciat,
1471 5449 1834 5504 ostendemus.

258 5538 395 5594 Dicit
441 5541 508 5594 ad
553 5539 813 5610 Ephesios
855 5558 868 5594 :
911 5540 976 5595 Ut
1013 5540 1279 5611 deportatis
1319 5539 1593 5594 secundum
1621 5540 1838 5594 priorem

262 5630 684 5684 conversationem
715 5640 923 5684 veterem
965 5631 1234 5696 hominem,
1263 5629 1348 5698 qui
1371 5629 1707 5698 corrumpitur
1749 5647 1838 5702 per

329 5763 345 5796 ί
377 5773 474 5814 Am.
503 5772 552 5813 ct
579 5766 727 5814 nostri
753 5778 922 5815 omnes
940 5773 1063 5827 Vss,
1091 5762 1364 5828 (liscipuluti
1382 5775 1556 5816 sumus.

1941 813 2189 869 desideria
2237 817 2254 848 ί
2282 818 2505 871 erroris:
2553 819 2860 872 renovantini
2900 827 3069 872 autem
3113 818 3296 889 spiritu
3338 819 3518 873 mentis

1941 918 2132 974 vestrm,
2153 919 2200 962 et
2223 909 2416 963 induite
2441 927 2621 964 novum
2644 912 2914 976 hominem,
2941 911 3029 980 qui
3056 910 3327 964 secundum
3357 910 3517 964 Deum

1945 1013 2143 1056 creatus
2165 1012 2235 1056 est
2255 1003 2306 1056 in
2326 1003 2530 1069 justitia
2565 1010 2610 1057 et
2632 1004 2894 1057 sanctitate
2933 1003 3154 1056 veritatis
3182 1001 3403 1074 (Ephes.
3439 1017 3513 1065 tv,

1941 1092 2150 1162 22-24).
2172 1093 2332 1148 Vides
2378 1108 2507 1163 ergo
2543 1093 2758 1162 quando
2797 1101 3006 1149 creatur
3029 1093 3191 1148 homo
3217 1093 3283 1146 ad
3329 1093 3515 1160 imagi-

1944 1197 2063 1235 nem
2095 1182 2208 1249 Dei,
2237 1183 2386 1237 vides
2411 1182 2498 1238 hic
2535 1191 2590 1238 et
2619 1182 2886 1238 hominem
2934 1181 3142 1238 ostendi
3185 1181 3432 1244 alterum,
3463 1187 3518 1234 et

1943 1272 2266 1329 nativitatem
2301 1273 2481 1340 aliam,
2525 1283 2580 1328 et
2609 1273 2769 1328 alium
2810 1273 3060 1328 nascendi
3106 1271 3346 1327 modum.
3383 1271 3516 1328 Nam

1943 1377 2088 1430 cum,
2116 1363 2310 1418 Exuite
2334 1379 2431 1418 vos
2455 1375 2510 1420 et
2530 1363 2750 1430 induite,
2778 1363 2923 1429 dicit,
2955 1372 3164 1432 tempus
3188 1363 3366 1432 utique
3393 1377 3518 1416 cre-

1941 1454 2175 1509 dulitatis
2200 1453 2460 1526 signiﬁcat
2491 1473 2505 1509 :
2537 1471 2658 1510 cum
2683 1469 2809 1509 vero
2836 1453 3101 1509 hominem
3132 1456 3323 1507 noVum
3349 1467 3380 1506 a
3408 1453 3518 1507 Deo

1943 1548 2111 1602 creari
2138 1555 2378 1612 testatur,
2407 1556 2515 1602 tum
2543 1547 2737 1602 indicat
2760 1557 2994 1602 veterem
3022 1560 3121 1600 nec
3140 1545 3206 1600 ab
3235 1545 3350 1614 ipso
3374 1559 3511 1611 esse,

1941 1646 2042 1685 nec
2057 1631 2348 1686 secundum
2373 1647 2492 1687 eum
2513 1631 2818 1686 formatum.
2844 1631 3048 1685 Etcum
3073 1631 3410 1700 prosequitur
3435 1627 3514 1682 di-

1941 1738 2070 1779 cens
2086 1723 2232 1778 illutn
2260 1722 2471 1793 quidem
2494 1722 2608 1777 ﬁeri
2631 1722 2682 1776 in
2709 1721 2988 1776 sanctitate
3010 1729 3063 1774 et
3087 1719 3289 1790 iustitia
3305 1727 3358 1773 et
3381 1719 3517 1788 veri:-

1943 1823 2068 1879 tate,
2101 1823 2225 1869 tunc
2239 1813 2654 1885 dcsignatatque
2669 1813 2997 1868 demonstrat
3015 1812 3238 1867 alterum
3256 1811 3402 1866 illum
3431 1825 3521 1864 na-

1944 1905 2164 1961 tivitatis
2215 1920 2438 1969 morem,
2458 1921 2613 1974 quem
2637 1904 2744 1958 dixi
2765 1905 2919 1974 longe
2935 1902 3245 1957 dissimilem
3265 1900 3408 1966 huic,
3427 1885 3526 1970 qui

1941 2011 2166 2066 corpora
2195 2006 2372 2050 nostra
2395 1995 2605 2050 furiosis
2625 1997 2921 2064 genitorum
2951 1992 3320 2062 complexibus
3349 1991 3517 2047 semi-

1943 2088 2120 2153 navit;
2141 2102 2406 2158 quemque
2429 2089 2589 2142 etiam
2617 2085 2849 2142 ostendit
2875 2099 2941 2140 ex
2970 2085 3078 2138 Deo
3096 2098 3201 2138 non
3226 2096 3366 2148 esse,
3395 2095 3521 2156 cum

1942 2178 2088 2232 illum
2113 2177 2283 2231 solum
2314 2177 2627 2231 monstravit
2649 2191 2769 2232 esse
2811 2190 2877 2229 ex
2925 2174 3054 2228 Deo.
3099 2172 3316 2228 Necnon
3351 2179 3406 2226 et
3448 2170 3517 2242 ad

1940 2265 2287 2322 Colossenses
2317 2266 2540 2336 idipsum
2563 2266 2738 2320 denuo
2782 2264 2911 2318 dicit
2948 2281 2961 2315 :
2992 2261 3288 2332 Exspatiate
3309 2270 3520 2315 veterem

1943 2360 2191 2413 hominem
2216 2375 2328 2412 cum
2355 2359 2544 2412 artibus
2567 2359 2688 2422 suis,
2723 2366 2769 2410 et
2798 2356 2988 2409 induite
3023 2369 3236 2430 novum,
3263 2353 3348 2422 qui
3372 2367 3520 2405 reno-

1942 2461 2087 2507 vatur
2127 2452 2181 2506 in
2203 2453 2458 2523 agnitione
2487 2451 2580 2504 Dei
2607 2454 2647 2516 ³,
2674 2450 2948 2504 secundum
2975 2447 3244 2518 imaginem
3288 2446 3396 2516 ejus
3433 2445 3519 2514 qui

1943 2546 2126 2599 creavit
2154 2561 2268 2599 eum
2309 2547 2361 2598 in
2390 2542 2546 2598 vobis.
2579 2542 2644 2596 Et
2676 2540 2798 2595 hinc
2822 2554 2950 2610 ergo
2979 2553 3085 2592 non
3131 2537 3303 2594 solum
3341 2534 3518 2589 humi;

1924 2653 2063 2704 nem
2086 2651 2281 2692 novum
2306 2633 2532 2690 ostendit
2552 2647 2674 2688 eum
2707 2646 2826 2686 esse
2862 2644 3020 2700 quem
3051 2629 3193 2684 Deus
3221 2627 3394 2688 faciat,
3425 2624 3520 2679 sed

1943 2728 2158 2799 quando
2182 2731 2340 2784 etiam
2363 2736 2418 2782 et
2454 2725 2644 2794 quibus
2672 2722 2845 2778 modis
2887 2721 3142 2776 formetur
3161 2761 3176 2784 ,
3207 2717 3436 2782 edocuit,
3468 2715 3520 2771 id

1943 2829 2046 2884 est,
2075 2819 2130 2874 in
2158 2819 2410 2889 agnitione
2430 2814 2543 2880 Dei,
2569 2829 2676 2884 quo
2691 2811 3014 2882 signiﬁcatur
3029 2807 3355 2872 credulitatis
3385 2815 3520 2860 tem-

1943 2927 2064 2983 pus.
2087 2911 2156 2966 Et
2192 2910 2366 2964 adhuc
2389 2949 2405 2974 ,
2439 2907 2710 2962 secundum
2737 2905 3025 2974 imaginem,
3065 2901 3272 2971 inquit,
3304 2901 3411 2970 ejus
3437 2897 3524 2968 qui

1943 3005 2128 3059 creauit
2158 3018 2272 3056 eum
2292 3017 2311 3054 :
2337 3008 2392 3054 ut
2413 3015 2477 3054 ex
2507 2998 2608 3053 hoc
2636 2997 2829 3064 liqueat
2855 3003 3090 3049 veterem
3121 2991 3386 3046 hominem
3417 3003 3521 3044 nec

1945 3097 2228 3168 imaginem
2264 3110 2383 3150 esse
2410 3093 2502 3149 Dei
2525 3134 2540 3158 ,
2574 3106 2673 3147 nec
2700 3092 2768 3146 ab
2814 3091 2930 3160 ipso
2967 3089 3266 3144 formatum.
3307 3085 3440 3140 Nam
3468 3093 3523 3138 et

1945 3187 2072 3243 illud
2099 3185 2311 3257 quidem
2355 3184 2497 3255 quod
2527 3183 2763 3253 sequitur
2785 3221 2800 3248 ,
2829 3181 3033 3247 dicens,
3068 3178 3164 3234 Ubi
3188 3194 3286 3234 non
3313 3189 3384 3230 est
3409 3192 3520 3229 ma-

1942 3280 2111 3335 sculus
2135 3286 2182 3332 et
2218 3273 2664 3345 fentina,..ludwus
2689 3283 2736 3327 et
2764 3272 2991 3337 Graecus,
3019 3269 3276 3324 Barbarus
3301 3277 3347 3322 et
3380 3266 3514 3337 Scy-

1943 3369 2032 3422 tha
2074 3366 2291 3438 (Coloss.
2318 3381 2398 3430 ιιι,
2423 3365 2550 3420 9—H
2580 3362 2598 3434 )
2636 3380 2648 3416 :
2678 3363 2846 3432 magis
2869 3377 2934 3430 ac
2973 3359 3139 3429 magis
3176 3355 3408 3414 ostendit
3429 3370 3523 3408 na-

1943 3458 2202 3513 tivitatem
2248 3454 2406 3519 hanc,
2451 3469 2572 3524 quae
2614 3468 2713 3507 nos
2764 3466 2940 3506 mares
2992 3449 3115 3504 iecit
3163 3463 3227 3503 ac
3275 3445 3520 3512 feminas,

1942 3547 2159 3603 Graecos
2190 3554 2246 3600 et
2273 3543 2507 3609 Judaaos,
2551 3540 2778 3612 Scythas
2824 3549 2878 3596 et
2913 3538 3197 3602 Barbaros,
3252 3551 3358 3590 non
3403 3549 3522 3589 eam

1941 3651 2062 3693 esse
2087 3638 2139 3691 in
2172 3651 2273 3704 qua
2314 3634 2454 3689 Deus
2493 3640 2780 3702 operatur,
2825 3645 2944 3686 cum
2976 3627 3244 3682 hominem
3287 3623 3521 3688 format;

1940 3727 2032 3783 sed
2080 3727 2224 3781 illam
2263 3740 2381 3796 qua:
2409 3737 2507 3778 nos
2549 3722 2695 3777 omni
2741 3729 2930 3776 exutos
2955 3717 3226 3772 nationum
3267 3713 3525 3770 varietate

1941 3832 2204 3888 sexusque
2247 3825 2303 3872 et
2334 3815 2652 3872 conditionis
2681 3829 2841 3869 unum
2882 3810 3075 3876 reddit,
3104 3807 3170 3863 ad
3215 3808 3381 3863 instar
3405 3805 3522 3875 ejus

1940 3912 2030 3983 qui
2065 3924 2199 3964 unus
2247 3917 2348 3972 est,
2395 3907 2447 3962 id
2490 3916 2594 3969 est,
2639 3905 2925 3960 Christus:
2955 3903 3092 3957 sicut
3148 3899 3289 3954 idem
3336 3911 3522 3952 rursus

1940 4001 2211 4072 apostolus
2257 3999 2408 4064 dicit,
2438 3998 2691 4066 Quotquot
2742 3997 2796 4050 in
2835 3995 3033 4048 Christo
3081 3990 3323 4062 baptizati
3377 3997 3522 4055 sunt,

1941 4093 2196 4152 Christum
2233 4093 2546 4147 induerunt:
2573 4106 2673 4143 non
2717 4096 2788 4142 est
2829 4085 3044 4140 Iudaeus
3095 4099 3250 4154 neque
3295 4079 3520 4144 Crtecus,

1942 4203 2043 4240 non
2062 4195 2134 4240 est
2163 4183 2417 4238 masculus
2445 4197 2601 4251 neque
2623 4179 2832 4250 femina,
2860 4193 2961 4230 non
2989 4184 3060 4229 est
3088 4189 3257 4228 servus
3286 4180 3334 4226 et
3364 4171 3521 4250 liber;

1941 4277 2032 4332 sed
2060 4292 2228 4331 omnes
2266 4275 2318 4328 in
2347 4261 2544 4327 Christo
2568 4286 2724 4324 unum
2766 4277 2882 4322 sunt
2911 4264 3116 4333 (Galat.
3146 4279 3224 4331 ιιι,
3266 4261 3356 4326 27,
3386 4261 3454 4316 28
3475 4258 3520 4330 ).

1944 4371 2083 4441 Ergo
2128 4379 2253 4423 tunc
2283 4366 2342 4420 ﬁt
2380 4365 2541 4420 homo
2564 4379 2593 4418 a
2634 4363 2763 4428 Deo,
2798 4375 2918 4416 cum
2946 4359 3004 4412 iit
3043 4373 3178 4411 unus
3218 4371 3284 4411 ex
3323 4353 3522 4434 multis,

1943 4476 2049 4514 non
2071 4475 2192 4514 cum
2222 4473 2289 4512 ex
2312 4470 2416 4510 uno
2441 4454 2638 4508 divisus
2681 4461 2764 4508 est
2801 4453 2854 4506 in
2897 4449 3084 4505 multa.
3117 4447 3300 4502 Divisit
3343 4452 3522 4500 autem

1945 4567 2041 4606 nos
2069 4551 2271 4620 primus
2307 4557 2474 4613 ortus,
2517 4545 2568 4600 id
2597 4554 2700 4610 est,
2743 4543 3072 4612 corporalis;
3100 4538 3368 4596 secundus
3395 4535 3526 4591 adu-

1943 4651 2068 4705 nat,
2119 4638 2462 4708 intelligibilis
2499 4651 2562 4691 ac
2593 4635 2798 4690 divinus
2829 4652 2843 4686 :
2874 4647 3046 4704 eoque
3085 4630 3380 4686 rectissime
3427 4641 3525 4682 nos

1945 4733 2087 4786 hunc
2130 4729 2344 4800 quidctn
2381 4725 2619 4798 corporis
2662 4734 2865 4780 natura:
2901 4721 3270 4777 ascribendum
3318 4718 3524 4786 putavi-

1944 4837 2084 4888 mus,
2119 4822 2264 4875 illum
2293 4833 2422 4874 vero
2455 4833 2698 4888 superna:
2721 4815 3003 4886 majestati.
3026 4813 3356 4880 Quapropter
3382 4808 3520 4861 idem

1945 4927 2153 4968 rursum
2176 4910 2446 4981 apostolus
2473 4909 2539 4963 ad
2559 4906 2863 4962 Corinthios
2891 4905 3055 4970 dicit,
3086 4901 3152 4954 In
3174 4900 3369 4956 Christo
3395 4894 3521 4950 Iesu

1945 5022 2034 5076 per
2060 5001 2390 5070 anngelium
2428 5015 2517 5070 ego
2542 5015 2627 5053 vos
2660 4999 2807 5068 genui
2837 4997 2898 5066 (ι
2925 4994 3044 5050 Cor.
3074 5008 3127 5046 tv
3147 5033 3162 5057 ,
3195 4989 3294 5059 i5)
3328 5007 3341 5044 :
3381 4998 3434 5042 et
3457 4987 3524 5041 ad

1945 5097 2157 5153 Galatas
2180 5095 2246 5150 de
2265 5094 2571 5162 semetipso,
2605 5091 2730 5145 Cum
2756 5088 2945 5160 placuit
2979 5086 3044 5150 ei,
3075 5084 3162 5154 qui
3189 5099 3266 5136 me
3292 5095 3525 5150 segrega-

1945 5189 2014 5243 vit
2036 5187 2099 5242 de
2118 5197 2259 5242 utero
2282 5186 2457 5239 matris
2479 5199 2620 5250 meat,
2645 5191 2696 5235 ut
2713 5180 2949 5234 reuelaret
2970 5176 3162 5230 Filium
3177 5189 3321 5240 suum
3341 5172 3393 5224 in
3421 5187 3521 5236 me,

1944 5289 1998 5336 ut
2021 5297 2132 5334 eum
2157 5279 2509 5334 annuntiarent
2550 5277 2604 5328 in
2644 5272 2844 5333 Gentes,
2881 5267 3114 5323 continuo
3154 5282 3253 5319 non
3303 5263 3527 5333 acquievi

1945 5372 2086 5426 carni
2112 5381 2160 5426 et
2177 5369 2410 5442 sanguini
2439 5366 2643 5440 (Galat.
2673 5381 2688 5418 ι
2715 5406 2729 5426 ,
2759 5363 2848 5426 15,
2885 5359 3009 5430 16).
3040 5357 3201 5411 Vides
3230 5371 3357 5424 ergo
3404 5353 3521 5408 ubi-

1945 5479 2050 5536 que
2093 5477 2214 5518 eum
2260 5463 2316 5517 in
2343 5461 2442 5516 hac
2470 5459 2633 5514 uitem
2684 5453 2958 5508 nativitatc
3007 5457 3211 5514 nostra,
3261 5445 3522 5518 spirituali

2011 5705 2028 5734 ³
2062 5703 2132 5751 Sic
2156 5710 2252 5750 Am.
2277 5706 2349 5748 Er.
2385 5704 2435 5747 et
2455 5703 2561 5745 Mss.
2592 5701 2812 5758 Athon,
2847 5685 3411 5758 secundumdesidai‘tt.

2012 5765 2030 5797 ¹
2065 5762 2275 5814 .Noanutli
2301 5768 2404 5810 διεδ.
2432 5761 2508 5810 hic
2532 5767 2578 5808 et
2607 5756 2744 5816 ἰεῦ-ιι,
2761 5755 2816 5807 in.
2834 5752 3119 5818 agnitionem
3145 5752 3250 5801 Dei.
