4028 6424
544 313 651 371 ιπς

542 425 802 482 duntaxat
830 420 872 489 ⁸,
902 427 1297 477 asseverantem
1322 435 1422 475 nos
1445 435 1474 473 s
1503 420 1612 475 Deo
1654 418 1906 484 formari;
1939 431 2043 471 non
2079 417 2134 471 in

546 516 725 585 priore
768 513 859 568 illa
903 511 1156 568 obscaena
1196 525 1259 565 ac
1286 508 1635 580 propudiosa,
1675 523 1792 578 quae
1821 522 1921 563 nos
1967 506 2135 562 nihilo

548 605 888 677 praestantius
936 614 1108 674 neque
1150 602 1397 658 mundius
1451 601 1769 657 animalibus
1821 601 2029 656 caneris
2082 599 2135 653 in

549 708 704 753 utero
731 705 973 751 materno
1004 703 1058 751 et
1077 694 1322 762 concepit
1350 701 1406 748 et
1431 693 1679 747 formavit
1706 701 1759 748 et
1782 694 1987 763 genuit.
2015 692 2131 758 Qua

548 787 620 843 de
650 801 709 843 re
735 786 1159 841 animadvertere
1199 783 1243 838 si
1287 782 1596 847 volueritis,
1629 783 1915 838 invenietis
1939 782 2039 837 hac
2084 781 2137 836 in

553 889 704 951 parte
734 893 830 935 nos
855 893 963 932 non
989 886 1095 931 tam
1121 874 1452 945 professione
1475 890 1505 929 a
1535 874 1687 929 vobis
1714 873 1937 941 distare,
1966 887 2130 944 quam

554 969 847 1025 intellectu.
900 965 1171 1037 Siquidem
1224 966 1377 1021 vobis
1426 966 1684 1036 placuerit
1730 965 1832 1021 hoc
1874 965 2041 1021 veteri
2085 974 2141 1020 et

551 1060 805 1116 exteriori
850 1058 1051 1113 homini
1090 1072 1156 1114 ac
1197 1066 1417 1113 terreno
1461 1058 1718 1124 tribucre,
1762 1064 1822 1112 ut
1854 1056 1983 1112 sita
2026 1056 2139 1111 Deo

552 1151 844 1217 formatus;
887 1164 986 1205 nos
1013 1164 1140 1205 vero
1183 1157 1371 1205 contra
1397 1148 1609 1205 caelesti
1650 1148 1752 1204 hoc
1785 1145 2095 1202 dederimus
2118 1185 2137 1213 ,

552 1252 608 1299 et
632 1241 868 1297 interiori
894 1253 958 1296 ac
982 1254 1121 1297 novo
1149 1240 1354 1296 homini
1391 1238 1699 1296 deferamus
1724 1256 1738 1294 :
1774 1253 1949 1309 neque
1981 1237 2034 1293 id
2061 1246 2142 1293 te-

552 1347 705 1388 mere
732 1342 823 1387 aut
840 1331 1235 1403 presumptive,
1259 1332 1355 1387 sed
1374 1346 1405 1387 a
1425 1330 1617 1388 Chriso
1635 1330 1927 1399 discentes,
1946 1337 2002 1385 et
2024 1329 2139 1400 ejus

555 1423 846 1494 Apostolis,
872 1424 963 1495 qui
992 1423 1149 1495 primi
1173 1422 1360 1480 eadem
1391 1423 1444 1479 in
1474 1423 1671 1479 mundo
1696 1422 1945 1479 docuisse
1987 1436 2140 1477 mon-

554 1524 814 1573 strantur.

625 1606 852 1667 CAPUT
879 1605 942 1662 ll.
969 1635 1043 1647 —
1066 1606 1406 1662 Aususrtuus
1432 1603 1708 1676 respondit
1735 1622 1749 1662 :
1778 1604 1975 1661 Paulus
2015 1604 2138 1676 qui-

555 1700 682 1758 dem
708 1699 982 1772 apostolus
1010 1698 1317 1754 interiorem
1360 1697 1629 1753 hominem
1671 1696 1725 1751 in
1763 1696 1951 1767 spiritu
1986 1709 2140 1751 men-

557 1792 629 1848 tis
648 1793 669 1824 ²
693 1830 708 1856 .
735 1790 1057 1847 exteriorem
1083 1803 1212 1846 vero
1241 1789 1293 1843 in
1322 1802 1549 1858 corpore
1589 1795 1750 1858 atque
1789 1786 1890 1841 ista
1929 1785 2141 1841 mortali

554 1884 667 1940 vita
692 1883 807 1938 vult
829 1882 1088 1953 intelligi:
1116 1896 1225 1938 non
1247 1889 1425 1936 tamen
1453 1889 1741 1949 utrumque
1766 1877 1956 1935 horum
1984 1877 2141 1933 simul

556 1976 694 2030 duos
722 1974 967 2030 homines
992 1987 1117 2030 eum
1145 1972 1345 2029 dixisse
1372 1970 1657 2042 aliquando
1684 1970 1737 2025 in
1780 1969 1897 2039 ejus
1925 1969 2143 2026 Litteris

556 2065 784 2138 legitur;
809 2065 903 2122 sed
929 2079 1091 2121 unum
1112 2106 1129 2131 ,
1151 2079 1311 2134 quem
1340 2071 1508 2118 totum
1538 2062 1681 2118 Deus
1705 2060 1923 2128 fecerit,
1956 2060 2009 2115 id
2035 2068 2137 2125 est,

553 2165 613 2212 et
638 2156 690 2211 id
727 2154 868 2226 quod
895 2155 1117 2210 interius
1140 2161 1255 2215 est,
1286 2161 1342 2209 et
1371 2152 1422 2207 id
1448 2151 1590 2222 quod
1629 2149 1864 2207 exterius
1902 2159 1985 2206 est
2008 2166 2022 2203 :
2047 2149 2142 2205 sed

555 2262 681 2303 eum
708 2246 776 2302 ad
805 2245 1090 2317 imaginem
1130 2259 1284 2300 suam
1311 2257 1418 2299 non
1447 2242 1572 2298 fecit
1593 2282 1610 2308 ,
1638 2241 1743 2297 nisi
1768 2241 2062 2297 secundum
2089 2240 2141 2296 id

555 2339 699 2411 quod
727 2338 950 2394 interius
989 2346 1105 2405 est,
1136 2353 1241 2392 non
1290 2337 1460 2392 solum
1504 2337 1874 2406 incorporeum
1895 2376 1911 2403 ,
1955 2349 2142 2391 verum

553 2433 719 2487 etiam
746 2429 1040 2493 rationale,
1070 2427 1213 2498 quod
1240 2427 1522 2497 pecoribus
1550 2440 1655 2481 non
1681 2425 1839 2483 inest.
1891 2425 2007 2481 Non
2046 2425 2144 2480 ita-

554 2538 661 2595 que
689 2536 852 2579 unum
881 2519 1152 2577 hominem
1181 2519 1308 2574 fecit
1334 2518 1401 2574 ad
1447 2519 1730 2590 imaginem
1755 2533 1941 2585 suam,
1990 2526 2046 2572 et
2066 2516 2145 2571 al-

555 2623 730 2672 terum
770 2613 897 2671 fecit
941 2627 1047 2669 non
1089 2611 1157 2667 ad
1204 2611 1488 2682 imaginem
1530 2626 1679 2666 suam
1711 2611 1846 2668 :sed
1887 2612 2010 2681 quia
2044 2611 2146 2666 hoc

556 2715 841 2776 utrumque
870 2703 1095 2759 interius
1121 2710 1177 2757 et
1217 2700 1450 2757 exterius
1475 2701 1633 2756 simul
1663 2716 1799 2756 unus
1818 2700 1990 2756 homo
2015 2710 2099 2756 est
2123 2738 2143 2766 ,

559 2795 704 2851 hunc
728 2809 890 2849 unum
918 2792 1187 2847 hominem
1230 2790 1299 2845 ad
1341 2790 1625 2860 imaginem
1668 2804 1817 2845 suam
1847 2791 2004 2859 fecit,
2036 2806 2143 2847 non

559 2883 853 2942 secundum
881 2882 937 2939 id
977 2882 1118 2954 quod
1160 2881 1321 2937 habet
1346 2896 1541 2950 corpus
1585 2881 2023 2953 corporalemque
2062 2883 2144 2937 vi-

559 2986 710 3045 tam;
740 2976 835 3033 sed
861 2974 1154 3031 secundum
1185 2973 1237 3029 id
1274 2972 1415 3044 quod
1446 2972 1608 3028 habet
1644 2974 1957 3029 rationalem
1990 2990 2145 3030 men-

562 3076 673 3125 tem
697 3109 714 3135 ,
744 3081 850 3138 qua
886 3073 1174 3137 cognoscat
1211 3064 1376 3119 Deum
1401 3104 1416 3129 ,
1447 3072 1503 3119 et
1538 3064 1785 3119 omnibus
1826 3064 2146 3120 irrationali-

563 3159 668 3214 bus
687 3156 875 3214 eadem
906 3155 1127 3211 rationis
1154 3153 1467 3211 excellentia
1504 3162 1861 3223 prteponatur.
1887 3154 1990 3213 Sed
2016 3156 2145 3210 illud

563 3248 789 3305 interius
810 3246 1057 3303 concedit
1080 3245 1307 3301 Faustus
1331 3260 1361 3298 a
1389 3245 1499 3300 Deo
1538 3244 1653 3299 fieri
1674 3286 1689 3311 ,
1717 3245 1846 3301 Cum
1886 3263 1906 3296 ι
1928 3262 2144 3301 renova-

564 3350 649 3395 tur
669 3379 685 3405 ,
720 3356 742 3392 s
771 3338 965 3410 inquit,
1001 3355 1021 3389 ‹
1044 3338 1099 3392 in
1123 3337 1380 3408 agnitione
1419 3334 1550 3403 Dei,
1576 3335 1855 3390 secundum
1878 3336 2147 3408 imaginem

561 3435 673 3505 ejus
695 3432 781 3504 qui
819 3430 1002 3485 creavit
1029 3446 1163 3485 eum.
1195 3449 1214 3482 ι
1248 3429 1394 3483 Hanc
1421 3428 1777 3498 Apostolicam
1805 3428 1960 3498 plane
1984 3443 2146 3499 agno-

561 3537 656 3580 sco
680 3522 995 3580 sententiam
1036 3519 1263 3594 (Coloss.
1297 3536 1353 3575 Ill
1376 3561 1391 3585 ,
1422 3518 1523 3591 10)
1550 3537 1564 3574 :
1591 3534 1758 3591 quare
1787 3519 1900 3590 ipse
1924 3522 2145 3577 alteram

559 3628 668 3671 non
694 3613 963 3686 agnoscit,
992 3610 1135 3667 Deus
1155 3612 1321 3682 posuit
1354 3614 1575 3666 membra
1593 3651 1610 3677 ,
1638 3612 1893 3682 singulum
1917 3613 2149 3684 quodque

561 3722 734 3761 eorum
755 3706 809 3759 in
847 3718 1059 3775 corpore
1100 3711 1252 3773 prout
1290 3702 1443 3756 voluit
1464 3700 1663 3775 (lCor.
1696 3717 1804 3767 xu,
1836 3701 1981 3774 l8)?
2010 3704 2147 3761 Ecce

560 3796 706 3853 Deus
730 3797 889 3852 etiam
914 3794 1196 3851 exterioris
1222 3793 1453 3849 hominis
1471 3792 1691 3849 effector
1715 3793 1783 3848 ab
1808 3794 1995 3849 eodem
2019 3809 2148 3865 apo-

561 3885 704 3943 stolo
735 3883 1050 3954 praedicatur
1069 3902 1083 3939 :
1100 3898 1266 3954 quare
1293 3882 1417 3938 inde
1436 3882 1584 3953 eligit
1606 3883 1745 3953 quod
1776 3898 1875 3954 pro
1894 3899 1954 3940 se
1973 3894 2142 3955 putat,

561 3984 619 4032 et
645 3983 785 4031 tacet
808 3982 901 4030 aut
940 3977 1145 4044 respuit
1165 3975 1307 4045 quod
1337 3974 1612 4030 Manichmi
1640 3974 1845 4031 fabulas
1870 3979 2148 4047 amputat?

562 4064 695 4120 Item
743 4078 864 4120 cum
904 4063 973 4119 de
1007 4073 1221 4120 terreno
1268 4073 1324 4119 et
1360 4065 1565 4121 caelesti
1608 4064 1822 4121 homine
1863 4067 2148 4124 dissereret

564 4153 705 4208 idem
737 4152 959 4219 Paulus,
994 4154 1133 4209 inter
1155 4153 1434 4208 mortalem
1460 4153 1919 4225 immortalemque
1945 4156 2149 4213 discer-

564 4260 726 4309 nens,
758 4246 897 4301 inter
924 4245 975 4300 id
997 4245 1138 4316 quod
1166 4246 1218 4299 in
1248 4245 1412 4300 Adam
1443 4259 1628 4301 sumus
1646 4288 1662 4313 ,
1690 4256 1744 4301 et
1768 4247 1897 4303 illud
1923 4248 2063 4319 quod
2091 4251 2144 4305 in

563 4336 778 4393 Christo
801 4336 1037 4400 erimus,
1067 4349 1131 4390 ex
1176 4335 1286 4404 ipsa
1331 4335 1470 4405 Lege
1493 4375 1510 4402 ,
1541 4350 1609 4391 ex
1654 4337 1769 4405 ipso
1806 4337 1941 4394 libro
1984 4350 2039 4395 et
2078 4357 2144 4396 ex

565 4428 684 4497 ipso
717 4426 836 4481 loco
864 4425 1106 4481 adhibuit
1131 4425 1326 4480 terreni
1351 4466 1367 4494 ,
1398 4425 1448 4480 id
1489 4435 1572 4481 est
1591 4466 1606 4491 ,
1634 4427 1878 4484 animalis
1907 4432 2145 4500 corporis

564 4518 947 4585 testimonium,
968 4517 1057 4573 ubi
1083 4516 1334 4587 scriptum
1359 4524 1442 4571 est
1468 4516 1609 4587 quod
1631 4518 1769 4573 Deus
1792 4520 1950 4574 etiam
1972 4528 2142 4577 terre-

563 4625 692 4665 num
718 4609 989 4664 hominem
1021 4608 1163 4663 fecit.
1199 4607 1331 4663 Nam
1372 4622 1494 4662 eum
1529 4616 1711 4679 ageret
1751 4608 2017 4679 quomodo
2059 4625 2143 4666 re-

564 4709 783 4771 surgent
806 4699 1000 4754 mortui
1024 4740 1040 4767 ,
1071 4708 1127 4755 et
1149 4713 1256 4770 quo
1284 4712 1510 4768 corpore
1535 4698 1782 4763 venient,
1813 4714 1933 4753 cum
1962 4698 2141 4755 dedis-

563 4795 648 4847 set
683 4788 1087 4845 similitudinem
1114 4789 1181 4844 de
1222 4777 1523 4845 seminibus
1551 4787 1934 4842 frumentorum
1961 4830 1973 4850 ,
2001 4789 2140 4858 quod

562 4882 704 4938 nuda
754 4896 917 4953 grana
962 4881 1329 4946 seminentur,
1373 4889 1429 4936 et
1476 4879 1616 4934 Deus
1663 4879 1769 4933 illis
1814 4878 1905 4933 det
1948 4894 2142 4950 corpus

561 4975 831 5048 quomodo
849 4975 1094 5041 voluerit,
1122 4973 1405 5041 unicuique
1432 4972 1695 5027 seminum
1726 4970 1997 5041 proprium
2022 4988 2143 5029 cor-

559 5080 663 5135 pus
690 5083 703 5119 :
732 5066 821 5121 ubi
846 5064 1191 5120 nihilominus
1219 5061 1491 5118 Manichaei
1527 5061 1723 5117 evertit
1748 5076 2008 5127 errorem,
2048 5064 2139 5134 qui

558 5166 615 5214 et
641 5171 805 5228 grana
829 5164 887 5211 et
908 5153 1101 5210 herbas
1127 5162 1182 5209 et
1208 5168 1396 5209 omnes
1432 5151 1640 5209 radices
1666 5167 1729 5208 ac
1764 5151 1979 5209 frutices
2006 5169 2139 5225 gen-

559 5257 669 5303 tem
699 5247 1041 5303 tenebrarum
1064 5245 1195 5300 dicit
1236 5258 1455 5311 creare,
1486 5259 1595 5299 non
1629 5243 1830 5309 Deum;
1870 5254 1924 5299 et
1966 5244 2020 5299 in
2062 5244 2141 5301 eis

565 5338 747 5395 formis
770 5349 929 5411 atque
954 5337 1239 5410 generibus
1268 5351 1445 5393 rerum
1475 5336 1640 5391 Deum
1667 5337 1840 5407 potius
1864 5335 2037 5392 credit
2057 5338 2140 5392 al-

567 5429 713 5504 igari
736 5475 752 5501 ,
777 5449 936 5503 quam
959 5432 1149 5488 horum
1178 5430 1376 5502 aliquid
1409 5430 1618 5501 operari
1645 5447 1658 5483 :
1687 5445 1809 5485 eum
1854 5445 1982 5500 ergo
2007 5445 2138 5485 con-

529 5538 642 5582 «ra
666 5524 940 5580 Manichazi
960 5523 1269 5594 sacrilegam
1290 5522 1575 5577 vanitatem
1598 5522 1756 5577 etiam
1778 5521 1875 5577 ista
1898 5521 2137 5591 dixisset,

624 5659 646 5727 ξ
676 5658 899 5727 Plerique
921 5666 1048 5715 Im,
1070 5654 1395 5727 spiritualiaun
1407 5654 1660 5727 duntaxat.

624 5722 649 5755 ²
676 5728 779 5773 Am.
803 5726 877 5771 Er.
903 5727 956 5771 et
978 5727 1103 5783 Mss,
1122 5730 1210 5783 per
1231 5722 1455 5783 spiritum
1476 5722 1662 5769 mentis.

1332 307 1607 366 CONTRA
1646 298 1970 363 FAUSTUM
2006 299 2455 373 “ANICILEUH,
2495 303 2557 363 S.
2595 304 2960 365 AUGUSTINI
3702 317 3792 377 £76

2240 415 2385 472 venit
2425 418 2492 473 ad
2528 420 2768 475 carnium
2811 420 3138 477 differentias
3169 439 3182 477 :
3215 422 3336 479 Non
3381 426 3573 495 omnis,
3612 428 3791 502 inquit,

2241 525 2360 565 caro
2400 510 2574 564 eadem
2602 526 2723 565 caro
2743 529 2763 565 .·
2784 511 2907 568 inde
2931 511 2999 567 ad
3026 527 3310 585 corporum
3335 518 3628 574 cmlestiutn
3655 533 3794 595 atque

2243 600 2570 654 terrestrium
2590 640 2605 665 ,
2639 600 2763 656 inde
2788 601 2855 657 ad
2886 604 3229 659 mutationem
3256 608 3494 676 corporis
3522 612 3683 666 nostri
3706 632 3795 685 qua

2241 689 2355 746 ﬁeri
2384 694 2551 761 possit
2580 693 2857 763 spirituale
2894 704 3054 765 atque
3079 698 3297 753 caeleste
3327 715 3341 753 :
3375 698 3663 757 Seminatur
3682 745 3697 770 ,
3728 706 3798 762 in-

2242 780 2388 849 quit,
2419 782 2474 834 in
2503 781 2806 836 contumelia
2823 824 2839 850 ,
2861 794 3030 854 surget
3049 785 3101 839 in
3124 787 3288 855 gloria
3323 803 3344 842 :
3371 790 3644 845 seminatur
3663 794 3711 848 in
3729 796 3800 851 in-

2243 871 2523 939 ﬁrmitate,
2539 882 2708 943 surget
2744 874 2797 927 in
2822 875 3005 929 virtute
3024 891 3042 928 :
3062 878 3338 932 seminatur
3361 895 3544 951 corpus
3566 884 3768 940 animale
3782 931 3797 954 ,

2238 972 2411 1033 surget
2431 979 2612 1033 corpus
2637 964 2920 1034 spirituale.
2962 967 3133 1036 Atque
3164 968 3287 1024 inde
3317 968 3500 1024 volens
3542 977 3801 1032 ostendero

2243 1052 2500 1121 originem
2551 1054 2789 1123 corporis
2838 1056 3081 1112 animalis
3112 1074 3127 1111 :
3159 1056 3222 1113 Si
3248 1068 3320 1112 est
3336 1094 3364 1127 ,-
3394 1060 3596 1131 inquit,
3641 1080 3802 1136 corpus

2242 1147 2495 1214 animale,
2527 1156 2599 1203 est
2626 1157 2672 1201 et
2708 1148 3008 1219 spirituale;
3046 1150 3177 1205 sicut
3218 1152 3463 1223 scriptum
3491 1164 3595 1221 est,
3632 1156 3802 1214 Factus

2243 1244 2315 1290 est
2340 1237 2531 1307 primus
2556 1238 2707 1293 homo
2742 1238 2907 1292 Adam
2932 1240 2984 1294 in
3009 1241 3229 1295 animum
3249 1243 3489 1297 viventem
3515 1244 3559 1314 (l
3575 1244 3687 1302 Cor.
3710 1264 3768 1301 xv
3787 1290 3801 1314 ,

2244 1326 2401 1383 5545
2416 1327 2455 1399 ).
2477 1328 2591 1385 Hoc
2618 1337 2795 1385 autem
2819 1331 2868 1384 iu
2889 1330 3081 1387 Genesi
3106 1334 3361 1402 scriptum
3381 1341 3463 1390 est
3481 1336 3499 1407 (
3517 1335 3640 1391 Gen.
3663 1354 3716 1404 ιι,
3733 1340 3801 1410 7),

2243 1417 2334 1473 ubi
2380 1427 2657 1485 narratur,
2707 1420 2975 1491 quomodo
3019 1421 3158 1478 Deus
3200 1424 3469 1481 hominem
3514 1426 3724 1494 fecerit,
3760 1440 3817 1485 et

2243 1523 2438 1579 corpus
2455 1510 2595 1581 quod
2616 1511 2683 1566 de
2708 1521 2847 1566 terra
2878 1512 3195 1569 formaverat
3217 1516 3551 1573 animaverit.
3581 1518 3803 1576 Veterem

2243 1608 2420 1656 autem
2470 1601 2739 1658 hominem
2784 1603 2913 1658 nihil
2956 1604 3100 1660 aliud
3138 1607 3424 1675 Apostolus
3464 1625 3623 1679 quam
3664 1612 3806 1667 vitam

2242 1699 2479 1747 veterem
2504 1691 2666 1758 dicit,
2696 1708 2815 1763 quae
2846 1694 2896 1748 in
2925 1707 3143 1764 peccato
3170 1705 3252 1752 est
3274 1738 3290 1765 ,
3322 1698 3375 1753 in
3404 1714 3509 1769 quo
3536 1685 3829 1758 secundum

2243 1781 2413 1837 Adam
2443 1782 2635 1837 vivitur
2664 1798 2679 1837 :
2706 1782 2773 1839 de
2802 1798 2908 1854 quo
2929 1785 3093 1853 dicit,
3128 1784 3232 1841 Per
3258 1804 3415 1841 unum
3438 1789 3688 1844 hominem
3710 1810 3809 1862 pec-

2244 1880 2417 1928 catum
2442 1873 2645 1928 intravit
2672 1874 2724 1928 in
2753 1875 3006 1929 mundum
3026 1917 3041 1944 ,
3087 1885 3136 1930 et
3173 1893 3263 1946 per
3286 1889 3546 1947 peccatum
3590 1896 3750 1945 mors;
3770 1892 3810 1936 et

2244 1966 2316 2020 ita
2338 1966 2393 2019 in
2416 1981 2587 2020 omnes
2614 1967 2840 2022 homines
2866 1970 3186 2039 pertransivit
3202 2011 3216 2035 ,
3242 1972 3295 2025 in
3323 1988 3424 2044 quo
3450 1989 3625 2028 omnes
3652 1992 3811 2045 pecta-

2244 2064 2420 2109 verunt
2447 2055 2634 2127 (Rom.
2666 2072 2699 2111 v
2720 2098 2736 2125 ,
2784 2058 2909 2127 l2).
2940 2058 3084 2129 Ergo
3109 2069 3249 2115 totus
3279 2062 3368 2117 ille
3396 2062 3594 2130 homo,
3624 2065 3679 2119 id
3711 2076 3808 2129 est,

2245 2155 2300 2201 et
2325 2146 2582 2202 interiore
2609 2156 2664 2202 et
2689 2149 2960 2205 exteriore
2987 2149 3069 2204 sui
3113 2159 3292 2220 parte,
3348 2152 3667 2208 inveteravit
3704 2169 3811 2224 pro-

2246 2245 2364 2307 pter
2387 2246 2682 2307 peccatum,
2706 2247 2761 2294 et
2788 2255 2960 2310 poena:
2984 2243 3320 2298 mortalitatis
3345 2244 3592 2301 addictus
3611 2255 3689 2300 est
3709 2264 3722 2300 :
3740 2262 3812 2301 re

2245 2338 2471 2385 novatur
2491 2339 2669 2387 autem
2697 2347 2837 2387 nunc
2861 2334 3155 2390 secundum
3180 2336 3489 2393 interiorem
3516 2338 3778 2394 hominem
3796 2379 3810 2403 ,

2246 2421 2336 2477 ubi
2376 2422 2669 2478 secundum
2713 2424 2795 2479 sui
2832 2425 3103 2482 Creatoris
3139 2427 3431 2499 imaginem
3470 2430 3807 2499 reformatur,

2245 2529 2446 2572 exuens
2474 2532 2534 2573 se
2566 2518 2909 2589 injustitiam,
2938 2519 3041 2576 hoc
3083 2528 3205 2588 est,
3246 2531 3482 2579 veterem
3516 2524 3811 2590 hominem;

2245 2614 2299 2661 et
2324 2606 2549 2663 induens
2567 2608 2849 2679 justitiam,
2888 2609 2990 2666 hoc
3012 2620 3114 2676 est,
3139 2626 3336 2667 novum
3364 2612 3660 2669 hominem.
3682 2614 3815 2669 Tunc

2244 2709 2424 2755 autem
2451 2714 2574 2755 cum
2601 2709 2844 2772 resurget
2865 2716 3062 2773 corpus
3088 2702 3361 2772 spirituale
3384 2745 3401 2770 ,
3430 2704 3577 2775 quod
3606 2704 3816 2760 semina-

2245 2799 2333 2845 tur
2374 2790 2606 2848 animale
2628 2833 2644 2860 ,
2672 2793 2832 2848 etiam
2861 2794 3095 2849 exterior
3120 2795 3378 2865 percipiet
3404 2796 3643 2851 caelestis
3677 2795 3815 2851 habi-

2247 2880 2444 2937 tudinis
2489 2881 2839 2953 dignitatem:
2867 2893 2925 2938 ttt
2974 2893 3139 2939 totum
3177 2884 3319 2955 quod
3343 2894 3587 2941 creatum
3627 2896 3705 2941 est
3743 2901 3817 2942 re-

2240 2978 2489 3037 creetur,
2520 2978 2576 3026 et
2605 2978 2772 3026 totum
2802 2971 2942 3042 quod
2968 2971 3167 3027 factum
3187 2982 3270 3028 est
3292 2973 3596 3042 reﬂeiatur,
3626 2975 3712 3029 illo
3737 2990 3815 3029 τοι

2245 3069 2462 3116 creante
2506 3061 2596 3132 qui
2643 3063 2876 3129 creavit,
2928 3072 2985 3119 et
3025 3064 3299 3120 reﬁciente
3352 3066 3441 3135 qui
3487 3066 3634 3123 fecit.
3680 3066 3815 3134 Quod

2246 3151 2481 3208 breviter
2523 3154 2782 3224 explicat,
2822 3155 2912 3211 ubi
2938 3157 3015 3211 ait
3042 3174 3057 3210 :
3086 3157 3284 3227 Corpus
3324 3158 3526 3229 quidem
3576 3169 3820 3213 mortuum

2246 3252 2321 3297 est
2358 3251 2562 3312 propter
2602 3255 2860 3315 peccatum
2881 3286 2898 3313 ,
2943 3246 3154 3317 spiritus
3192 3257 3360 3301 autent
3383 3249 3485 3301 vita
3518 3258 3599 3303 est
3629 3258 3818 3317 propter

2246 3334 2512 3399 iustitiam.
2542 3335 2603 3389 Si
2627 3345 2796 3390 autent
2823 3334 3050 3402 Spiritus
3075 3339 3187 3408 ejus
3209 3338 3297 3407 qui
3319 3339 3587 3393 suscitavit
3610 3339 3775 3393 Iesum
3791 3353 3819 3389 a

2246 3424 2487 3489 mortuis,
2530 3423 2723 3495 habitat
2770 3426 2824 3479 in
2866 3424 3041 3491 vobis;
3068 3414 3159 3498 qui
3198 3428 3459 3482 suscitavit
3500 3426 3753 3483 Christum
3791 3443 3819 3479 a

2247 3515 2491 3581 mortuis,
2519 3516 2787 3585 viuiﬁcabit
2814 3525 2859 3572 et
2883 3518 3118 3572 mortalia
3137 3535 3353 3589 corpora
3375 3530 3539 3573 vestra
3565 3537 3657 3591 per
3680 3520 3819 3573 iulia-

2248 3602 2482 3657 bitantent
2514 3606 2765 3675 Spiritum
2789 3609 2899 3678 ejus
2935 3608 2987 3662 in
3014 3609 3148 3663 vobis
3182 3609 3368 3682 (Rom.
3400 3626 3490 3665 vm
3510 3652 3524 3674 ,
3579 3611 3664 3673 10,
3701 3612 3753 3665 ll
3782 3610 3817 3678 ).

2247 3692 2378 3748 Nam
2406 3697 2525 3765 quis
2556 3697 2816 3753 catholica
2858 3702 3082 3755 veritate
3123 3702 3415 3756 instructus
3458 3703 3699 3773 ignorat,
3745 3716 3823 3756 se-

2247 3783 2477 3839 cundum
2506 3800 2701 3856 corpus
2739 3802 2861 3843 esse
2887 3789 3020 3843 alios
3062 3789 3310 3845 homines
3351 3793 3653 3858 masculos,
3700 3792 3823 3846 alios

2247 3874 2499 3941 feminas,
2529 3891 2636 3931 non
2674 3878 2963 3933 secundum
2989 3880 3233 3949 spiritum
3262 3882 3457 3936 mentis
3480 3924 3498 3949 ,
3527 3884 3582 3936 in
3607 3897 3712 3953 quo
3740 3896 3823 3935 re-

2248 3982 2507 4022 novamur
2529 3969 2820 4024 secundum
2842 3970 3122 4040 imaginem
3146 3972 3280 4027 Dei?
3311 3973 3691 4028 Verumtamen
3713 3971 3826 4041 quia

2249 4068 2532 4129 utrumque
2563 4060 2702 4115 Deus
2729 4060 2885 4128 fecit,
2932 4077 3142 4116 rursum
3184 4062 3325 4117 idem
3368 4064 3649 4133 apostolus
3687 4061 3829 4117 testis

2248 4160 2362 4218 est,
2391 4152 2477 4207 ubi
2507 4152 2635 4207 dicit
2663 4169 2677 4205 :
2721 4152 2897 4221 Neque
2920 4154 3101 4207 mulier
3126 4155 3235 4208 sine
3266 4156 3371 4208 uiro
3391 4196 3407 4221 ,
3439 4172 3603 4225 neque
3630 4156 3704 4209 vir
3728 4154 3829 4207 sine

2248 4243 2456 4297 muliere
2478 4244 2531 4297 in
2561 4242 2778 4298 Domino
2825 4259 2845 4297 :
2885 4245 3011 4298 sicut
3038 4245 3171 4298 enim
3201 4246 3382 4299 mulier
3402 4261 3468 4299 ex
3494 4246 3640 4311 viro,
3680 4248 3750 4297 ita
3784 4249 3828 4296 et

2248 4331 2324 4385 vir
2351 4348 2440 4401 per
2462 4334 2756 4399 mulierem;
2780 4334 2950 4387 omnia
2976 4343 3143 4387 autem
3169 4351 3231 4388 ea:
3258 4334 3366 4388 Deo
3393 4334 3444 4407 (l
3468 4335 3592 4389 Cor.
3619 4351 3672 4389 XI
3697 4376 3712 4401 ,
3746 4334 3827 4398 li,

2250 4423 2337 4478 12.
2367 4423 2503 4490 Quid
2532 4423 2599 4478 ad
2642 4424 2755 4478 huic
2782 4424 2911 4478 dicit
2938 4424 3115 4494 inepta
3144 4423 3353 4479 fallacia
3384 4426 3668 4480 hominum
3706 4424 3829 4477 alie-

2247 4524 2493 4571 natorum
2517 4531 2548 4570 a
2589 4515 2695 4570 vita
2724 4516 2814 4570 Dei
2842 4530 2939 4585 per
2965 4517 3315 4586 ignorantiam
3333 4558 3349 4583 ,
3377 4532 3496 4588 quas
3523 4527 3613 4573 est
3642 4518 3697 4572 in
3726 4515 3829 4570 illis

2246 4614 2464 4676 propter
2503 4608 2797 4662 carcitatem
2845 4607 3023 4663 cordis
3064 4622 3248 4664 eorum
3296 4608 3521 4681 (Ephes.
3565 4624 3653 4676 tv,
3687 4607 3827 4677 l8),

2246 4698 2369 4765 nisi,
2402 4698 2458 4753 in
2487 4699 2791 4768 apostolicis
2814 4698 3028 4754 Litteris
3053 4699 3194 4770 quod
3221 4701 3467 4755 volumus
3495 4715 3688 4755 verum
3714 4706 3795 4753 est
3812 4736 3827 4761 ,

2245 4792 2386 4861 quod
2430 4793 2677 4846 nolumus
2705 4790 2896 4847 falsum
2938 4793 3058 4847 est?
3103 4792 3192 4848 Sic
3233 4792 3462 4848 delirant
3510 4789 3826 4846 Manichzci:

2245 4882 2339 4937 sed
2366 4883 2679 4953 resipiscaut
2702 4884 2718 4914 ί
2739 4921 2755 4946 ,
2787 4892 2840 4937 et
2872 4897 2975 4936 non
3020 4883 3126 4936 sint
3166 4882 3461 4937 Mauiehaai.
3493 4885 3534 4937 Δ
3568 4882 3765 4952 quibus
3790 4878 3831 4932 si

2244 4974 2498 5044 qumritur
2539 4972 2819 5047 (quoniam
2850 4976 2871 5006 ²
2902 4975 3209 5029 interiorem
3261 4974 3538 5028 hominem
3584 4969 3831 5028 renovari

2244 5065 2310 5119 ad
2350 5066 2632 5136 imaginem
2660 5066 2755 5121 Dei
2784 5064 3051 5131 fatentur,
3085 5075 3140 5120 et
3167 5065 3266 5119 hoc
3294 5064 3664 5119 testimonium
3695 5064 3833 5117 ultro

2244 5157 2405 5211 etiam
2458 5156 2735 5226 proferunt
2776 5173 2791 5208 :
2837 5165 2965 5212 tunc
3011 5166 3191 5212 autem
3238 5155 3365 5211 dicit
3413 5156 3650 5211 Faustus
3693 5150 3831 5224 quod

2247 5247 2389 5303 Deus
2432 5246 2589 5302 faciat
2618 5247 2919 5310 hominem,
2948 5247 3163 5317 quando
3208 5247 3431 5302 interior
3461 5248 3513 5301 in
3549 5247 3649 5301 Dei
3690 5244 3833 5314 agni-

2245 5337 2390 5392 tione
2417 5334 2766 5408 renovatur),
2796 5347 2973 5391 utrum
3003 5351 3124 5391 eum
3148 5336 3264 5405 ipse
3291 5335 3477 5391 fecerit
3498 5336 3592 5404 qui
3618 5333 3796 5391 reiicit
3816 5372 3830 5396 ,

2244 5430 2358 5498 ipse
2406 5428 2702 5483 condiderit
2743 5427 2831 5497 qui
2882 5437 3145 5491 renovat;
3196 5425 3642 5496 respondebunt,
3697 5424 3831 5493 Ipse.

2242 5520 2340 5578 Cui
2377 5519 2710 5591 responsioni
2754 5534 2937 5574 eorum
2963 5560 2978 5585 ,
3030 5519 3075 5574 si
3123 5518 3475 5589 adjiciamus,
3521 5523 3835 5588 quazrentcs

2310 5654 2326 5685 ι
2362 5660 2411 5701 tn
2436 5661 2559 5711 MSS.,
2580 5650 2656 5701 sic
2678 5649 2881 5701 delirent
2896 5650 3166 5711 Manichtei,
3186 5660 3232 5702 et
3249 5649 3527 5713 resipiscam

2309 5717 2330 5747 ³
2361 5714 2464 5765 Sola
2488 5714 2637 5765 editio
2658 5721 2790 5777 1.0m,
2824 5714 3073 5778 quomodo.
3099 5714 3250 5764 uinus
3269 5714 3418 5764 bene.
