4028 6422
1258 226 1308 242 .0

238 319 301 373 π
1070 276 1080 287 ’
1366 304 1568 362 usus
1604 302 1968 362 vtessntus
2002 302 2312 371 QUINTUS.
3374 310 3482 369 ,σε

209 428 416 504 quando
440 442 569 486 eum
602 425 912 483 formaverit
954 438 1113 497 quem
1154 436 1296 479 nunc
1324 421 1616 477 reformat:
1640 435 1789 491 qua!-

208 530 325 579 rent
349 520 439 576 ubi
465 534 528 575 se
553 518 917 585 abscondant,
951 532 1016 572 ne
1042 516 1235 571 fabula:
1263 529 1374 569 sua:
1404 512 1641 569 dedecus
1666 528 1793 582 ape-

186 615 312 675 rire
343 619 625 682 cogantur.
672 609 854 680 Neque
888 608 1029 664 enim
1071 607 1249 662 dicunt
1292 621 1322 659 a
1363 605 1471 659 Deo
1510 604 1790 658 formatum

208 704 295 759 vel
319 701 598 758 conditum
628 701 712 755 vel
756 700 1050 754 institutum
1077 739 1093 764 ,
1140 696 1237 752 sed
1267 695 1334 751 de
1359 694 1649 749 substantia
1676 693 1793 762 ejus

210 803 407 867 partem
455 807 682 865 prorsus
719 792 838 861 ejus
878 789 1140 845 adversus
1182 788 1360 842 hostes
1403 786 1663 839 missam:
1694 798 1795 839 nec

210 891 421 955 peccato
449 884 807 939 inveteratum
832 922 847 946 ,
880 880 972 936 sed
1019 879 1338 935 necessitate
1375 876 1699 947 captivatntn
1737 882 1794 928 et

210 975 563 1032 deformatum
608 973 678 1029 ab
716 973 976 1036 inimicis,
1004 979 1060 1027 et
1101 978 1294 1025 caetera
1328 983 1447 1039 qua:
1481 967 1591 1037 jam
1634 963 1793 1019 taedet

1900 419 2097 476 dicere.
2129 420 2201 475 lbi
2228 421 2370 476 enim
2396 428 2451 476 et
2483 422 2706 492 primum
2739 421 3010 480 hominem
3033 437 3479 491 commemorant,

1902 526 2008 566 non
2037 502 2194 582 quem
2221 513 2349 569 dicit
2375 516 2659 585 Apostolus
2688 517 2754 569 de
2794 528 2929 572 terra
2972 526 3245 573 terrenum
3283 519 3337 589 (Ι
3365 518 3484 573 Cor.

1903 619 2011 667 xv,
2041 604 2140 675 47)
2163 645 2179 670 ,
2212 606 2305 661 sed
2339 608 2519 661 nescio
2546 623 2705 677 quem
2732 624 2888 661 stium
2934 610 3205 679 pr0prium
3253 624 3318 664 ex
3360 625 3483 664 area

1902 694 2301 749 mendaciorum
2350 697 2712 765 prosilit-atem
2757 718 2770 751 :
2812 699 2879 752 de
2918 714 3022 767 quo
3069 698 3298 754 Faustus
3348 708 3487 753 tacet

1901 784 2158 850 onniino,
2186 799 2307 840 eum
2351 786 2418 841 de
2464 787 2676 842 homine
2705 789 2804 843 sibi
2852 790 3188 858 proposuerit
3232 788 3487 858 quatstio-

1902 892 2023 932 nem
2049 892 2064 941 ;
2096 878 2290 932 timens
2318 894 2385 933 ne
2412 880 2588 950 aliquo
2618 881 2776 936 modo
2805 882 2881 936 eis
2913 892 3095 937 eontra
3141 897 3274 953 quos
3303 880 3487 951 dispu-

1904 976 1978 1021 L‘tl.
2000 1010 2013 1032 ,
2058 968 2372 1025 innotescat.

731 1180 1207 1289 LIBER
1296 1171 2144 1284 VIGESIMUS
2223 1178 2611 1304 QUIN
2620 1180 2949 1288 TUS.

270 1446 503 1506 CAPUT
545 1444 834 1504 PRIHUM.
873 1474 941 1486 —
980 1443 1226 1499 FAUSTUS
1266 1440 1399 1497 dixit
1424 1458 1437 1493 :
1464 1440 1602 1496 Deus
1642 1440 1801 1494 ﬁucm
1836 1436 1837 1439 “

207 1541 366 1598 habet
388 1580 405 1603 ,
432 1549 527 1594 aut
558 1539 800 1593 inﬁnitus
829 1535 955 1591 est?
981 1534 1036 1592 Si
1067 1534 1240 1589 oratio
1283 1543 1465 1587 vestra
1493 1548 1597 1585 non
1631 1529 1760 1585 fallit
1784 1571 1801 1596 ,

208 1647 323 1702 qua
361 1631 496 1687 dicit
521 1672 538 1696 ,
582 1629 726 1685 Dens
765 1626 1076 1691 Abraham,
1124 1633 1179 1678 et
1204 1624 1343 1678 Deus
1370 1623 1513 1677 Isaac
1536 1663 1553 1689 ,
1582 1630 1638 1677 et
1664 1622 1805 1677 Deus

206 1722 369 1779 Iacob
397 1723 419 1794 (
443 1720 616 1775 Exod.
663 1734 743 1786 ut,
767 1718 871 1788 l5)
897 1758 913 1785 ,
944 1715 1104 1770 habet
1140 1714 1301 1769 ﬁnem
1332 1713 1469 1767 Deus
1495 1729 1509 1765 :
1538 1711 1640 1766 nisi
1667 1710 1805 1766 forte

207 1815 341 1869 alter
366 1822 451 1868 est
484 1813 573 1868 hic
597 1811 667 1867 de
705 1825 811 1881 quo
840 1822 1114 1880 perrogas,
1145 1816 1200 1862 et
1240 1805 1376 1861 alter
1404 1818 1563 1875 quem
1591 1804 1757 1858 oratis
1786 1821 1801 1860 :

208 1906 444 1975 alioquin
488 1901 915 1958 circumcisionis
958 1898 1249 1964 terminus,
1290 1896 1381 1967 qui
1428 1895 1699 1952 Abraham
1749 1902 1807 1950 et

208 1995 355 2051 Isaac
378 2006 433 2049 et
457 1993 629 2050 Iacob
668 2008 700 2047 a
741 1991 978 2062 gentium
1004 1998 1320 2046 camerarum
1346 1987 1604 2042 societate
1643 1984 1803 2040 dissi-

208 2095 334 2156 gnat
364 2087 383 2154 (
409 2083 539 2138 Gen.
593 2098 733 2148 xvn,
775 2079 977 2153 9-14),
1023 2080 1185 2135 etiam
1214 2078 1309 2133 Dei
1354 2078 1519 2147 ipsius
1545 2077 1686 2132 circa
1712 2089 1808 2131 eos

209 2179 461 2233 terminat
488 2183 830 2247 potestatem.
858 2172 1019 2244 Cujus
1044 2181 1222 2226 autem
1260 2168 1406 2224 ﬁnita
1438 2176 1673 2237 potestas
1699 2176 1805 2233 est,

207 2280 262 2325 et
296 2271 415 2340 ipse
453 2285 564 2324 non
608 2277 757 2323 caret
781 2265 908 2321 ﬁne.
944 2264 1181 2333 Denique
1220 2276 1290 2316 ne
1316 2260 1655 2329 antiquorum
1683 2259 1805 2328 qui-

208 2363 330 2419 dem
362 2362 466 2416 hac
489 2360 734 2416 oratione
765 2357 1085 2412 mentionem
1116 2352 1321 2418 facitis,
1354 2352 1444 2422 qui
1475 2359 1598 2406 ante
1637 2349 1808 2403 Abra-

210 2455 334 2511 bam
359 2455 611 2518 fuerunt;
641 2449 824 2510 Enocb
844 2449 966 2504 dico
987 2487 1003 2514 ,
1034 2455 1089 2503 et
1113 2444 1259 2511 Noe,
1287 2453 1343 2499 et
1364 2442 1488 2499 Scm
1515 2440 1681 2512 (Gen.
1709 2456 1739 2493 v
1761 2438 1805 2510 ),

210 2562 275 2603 ac
297 2548 541 2617 reliquos
568 2558 753 2600 eorum
781 2540 1013 2605 similes,
1043 2552 1176 2608 quos
1206 2535 1371 2590 fuisse
1397 2532 1609 2605 quidem
1631 2532 1809 2602 justos

208 2640 267 2697 in
294 2638 563 2711 prmputio
588 2652 693 2691 non
720 2633 927 2704 negatis
945 2671 960 2695 ,
988 2630 1081 2686 sed
1104 2628 1225 2698 quia
1256 2626 1416 2681 iidem
1440 2622 1808 2680 circumcisio-

207 2732 297 2787 nis
339 2728 535 2800 insigni
572 2726 847 2791 carebant,
878 2738 945 2778 ne
973 2722 1207 2792 ipsorum
1238 2717 1452 2789 quidem
1492 2716 1652 2769 vultis
1688 2729 1811 2770 esse

208 2823 423 2888 Deum,
454 2820 551 2876 sed
577 2819 746 2874 solius
788 2815 1017 2871 Abrahae
1042 2822 1095 2869 et
1124 2810 1345 2867 seminis
1385 2809 1523 2878 ejus.
1563 2806 1724 2877 Igitur
1763 2805 1810 2860 si

208 2924 294 2971 est
318 2929 457 2968 unus
481 2921 535 2967 et
563 2909 804 2965 inﬁnitus
828 2908 966 2961 Deus
989 2946 1004 2971 ,
1034 2902 1160 2974 quid
1186 2901 1284 2956 sibi
1311 2899 1424 2954 vult
1454 2898 1567 2952 lucc
1590 2899 1812 2951 invoca-o

205 3007 381 3062 tionis
403 3013 598 3061 vestrae
642 3012 747 3056 tam
790 3000 1015 3069 diligens
1041 3006 1097 3059 et
1126 2994 1351 3050 sollicita
1378 2991 1553 3047 cautio
1572 3031 1587 3056 ,
1621 2999 1676 3045 ut
1702 3006 1809 3043 non

207 3096 455 3155 contenti
479 3095 785 3151 nominasse
817 3092 981 3146 Deum
998 3130 1015 3155 ,
1034 3086 1319 3158 ,adjiciatis
1346 3094 1401 3140 et
1426 3085 1579 3152 cujus
1598 3123 1616 3149 ,
1644 3082 1813 3137 Abra-

208 3188 342 3243 ham
390 3188 632 3253 scilicet,
676 3193 731 3240 et
769 3183 914 3238 Isaac
949 3189 1005 3236 et
1029 3178 1194 3234 Iacob
1222 3195 1235 3231 :
1265 3186 1515 3245 tanquam
1560 3174 1613 3227 iu
1659 3171 1810 3226 turba

208 3279 398 3349 aliqua
419 3277 642 3332 deorum
684 3282 925 3330 erratura
951 3280 1043 3326 aut
1080 3268 1409 3337 naufragium
1447 3279 1668 3335 passura
1717 3277 1810 3317 ve-

208 3381 325 3425 stra
369 3369 646 3434 oratione,
697 3365 802 3420 nisi
828 3363 895 3418 ad
923 3364 1130 3433 signum
1171 3359 1382 3429 naviget
1423 3353 1702 3411 Abrahae?
1749 3353 1815 3407 Et

208 3459 369 3515 hunc
390 3457 601 3530 quidem
630 3458 646 3488 ⁸
678 3463 825 3511 certa
847 3454 915 3509 de
938 3467 1095 3507 causa
1121 3449 1335 3506 Judzeos
1372 3462 1529 3503 orare
1554 3444 1695 3500 haud
1718 3444 1815 3499 ab-

206 3554 449 3613 surdum
476 3560 594 3619 est,
626 3558 812 3619 utpote
849 3546 1231 3609 circumcisos;
1276 3542 1354 3597 sic
1396 3540 1539 3596 enim
1585 3539 1813 3594 circum-

206 3646 445 3703 eisionis
481 3659 541 3700 se
580 3644 829 3699 invocare
856 3640 1139 3709 designant
1177 3636 1380 3699 Deum,
1428 3640 1646 3703 propter
1683 3630 1815 3685 deos

206 3736 471 3809 νηί-μυιὶὶ
503 3754 516 3790 :
543 3749 637 3789 vos
669 3748 800 3787 vero
820 3746 917 3786 cur
938 3730 1041 3784 hoc
1064 3730 1237 3799 ipsum
1263 3724 1490 3789 faciatis,
1518 3738 1704 3792 parum
1730 3722 1817 3775 in-

206 3827 441 3897 telligo;
481 3840 598 3880 cum
639 3823 859 3878 minime
894 3819 1091 3892 geratis
1130 3817 1339 3888 signum
1390 3814 1531 3885 quod
1572 3811 1817 3868 habuerit

206 3918 538 3985 Abraham,
584 3915 738 3986 cujus
777 3928 876 3969 vos
914 3910 1173 3967 invocatis
1217 3908 1405 3963 Deum.
1450 3905 1592 3961 Vere
1634 3904 1814 3970 enim,

206 4010 370 4082 quod
416 4008 629 4077 intelligi
655 4006 842 4071 datur,
871 4000 1189 4073 cognitionis
1220 4006 1423 4053 mutuae
1449 4009 1609 4050 causa
1632 4034 1647 4060 ,
1675 4009 1743 4050 ne
1783 4008 1817 4049 a

207 4119 269 4160 se
318 4101 541 4156 scilicet
574 4098 801 4153 invicem
828 4097 1171 4158 oberrarent,
1203 4098 1357 4146 notas
1395 4088 1608 4143 sibimet
1634 4086 1819 4156 hujus-

206 4193 375 4249 modi
398 4192 612 4244 alternis
631 4191 652 4220 ²
679 4186 995 4257 imposuisse
1019 4183 1265 4239 videntur
1288 4179 1479 4243 Iudaei,
1507 4193 1571 4233 ac
1596 4177 1815 4232 IUdiBO-

208 4300 343 4340 rum
408 4281 546 4336 Deus
576 4298 590 4334 :
619 4288 778 4349 atque
828 4278 941 4348 ipse
989 4274 1205 4346 quidem
1256 4287 1350 4328 eos
1394 4268 1817 4326 circumcisionis

208 4376 490 4430 obsomno
512 4370 814 4425 charactere
840 4364 1105 4438 signavit,
1138 4378 1242 4435 quo
1284 4363 1603 4432 ubicumque
1643 4369 1815 4415 terra-

209 4482 342 4522 rum
381 4461 613 4528 fuerint,
660 4460 983 4528 ubicumque
1011 4456 1252 4527 gentium
1276 4494 1290 4517 ,
1324 4468 1420 4522 per
1448 4449 1816 4507 circumcisio-

206 4572 347 4611 nem
388 4563 562 4607 tamen
580 4592 595 4619 ,
624 4551 789 4622 ipsius
815 4564 937 4605 esse
962 4556 1279 4609 noscantur;
1313 4542 1472 4597 iidem
1504 4558 1632 4596 vero
1661 4556 1816 4595 suum

208 4645 467 4702 vicissim
500 4643 658 4698 Deum
691 4650 965 4711 parentum
1010 4652 1227 4693 suorum
1276 4634 1593 4705 cognomine
1642 4634 1816 4703 signa-

209 4745 456 4800 verunt,
500 4749 602 4804 quo
650 4734 967 4802 ubicumque
1018 4738 1072 4784 et
1114 4729 1228 4798 ipse
1273 4726 1466 4793 fuerit,
1521 4726 1575 4780 in
1627 4739 1817 4795 magna

213 4829 478 4900 quamvis
504 4826 717 4881 deorum
751 4824 1039 4894 frequentia
1058 4863 1073 4887 ,
1101 4835 1223 4875 cum
1254 4820 1395 4874 Deus
1418 4816 1685 4874 Abraham
1717 4833 1815 4871 au-

209 4923 421 4985 ,ὕει-η,
467 4927 521 4973 et
568 4918 707 4972 Deus
751 4916 933 4981 Isaac,
965 4924 1018 4968 ct
1047 4914 1187 4968 Deus
1226 4911 1428 4978 Iacob,
1477 4912 1718 4981 protinus
1759 4924 1818 4965 se

209 5011 471 5071 invocari
506 5017 807 5080 cognoscat.
850 5006 1001 5076 Quod
1044 5006 1153 5061 fere
1198 5005 1252 5059 in
1294 5003 1477 5059 multis
1519 5004 1632 5057 ﬁeri
1682 5003 1819 5057 solet

208 5120 401 5161 unum
428 5099 742 5156 habentibus
786 5114 979 5154 nomen
997 5139 1011 5163 ,
1046 5106 1104 5152 ut
1126 5111 1312 5152 eorum
1338 5110 1498 5150 nemo
1524 5095 1817 5164 appellatus

207 5194 591 5268 respondeat,
621 5192 724 5247 nisi
767 5190 952 5246 audito
982 5189 1315 5260 cognomine.
1364 5187 1452 5243 Sic
1495 5202 1723 5256 namque
1765 5196 1818 5243 ct

207 5298 415 5361 pastor
440 5296 597 5355 atque
622 5282 980 5338 armentarius
1003 5280 1280 5351 pecoribus
1307 5287 1461 5333 notas
1491 5278 1726 5342 inurunt,
1753 5292 1818 5332 ne

205 5392 417 5436 eorum
433 5375 654 5447 quisque
670 5389 766 5443 pro
784 5388 885 5428 suo
904 5380 1121 5441 usurpet
1136 5370 1386 5424 alienum.
1411 5367 1609 5436 Quibus
1630 5367 1748 5436 quia
1766 5375 1819 5421 ct

206 5487 317 5526 vos
333 5468 582 5524 similiter
603 5464 803 5528 facitis,
835 5464 998 5518 Deum
1017 5460 1281 5516 Abraham
1298 5459 1555 5520 dicentes.
1588 5467 1639 5512 et
1654 5458 1816 5512 Deum

206 5561 373 5619 Isaae
386 5567 444 5614 et
463 5556 625 5612 Deum
641 5554 835 5621 Iacob,
847 5568 949 5608 non
969 5552 1140 5608 solum
1155 5551 1310 5606 ﬁnem
1328 5548 1603 5605 ostenditis
1623 5547 1820 5606 habere

280 5693 304 5725 ³
343 5692 419 5739 sic
433 5685 617 5749 aliquot
638 5693 744 5749 uss.
767 5683 883 5749 ξλιιίιί
903 5694 1043 5749 vero,
1060 5686 1114 5731 Et
1134 5678 1238 5732 haec
1258 5676 1476 5748 quidem.

280 5754 312 5789 ³
698 5746 881 5808 codex,
899 5743 1127 5795 alternas.

1914 1441 2099 1510 Deum,
2130 1444 2226 1499 sed
2252 1447 2393 1517 quod
2421 1448 2536 1503 sitis
2568 1449 2728 1505 etiam
2764 1464 2858 1504 vos
2882 1449 2950 1505 ab
2974 1448 3160 1505 eodem
3188 1445 3387 1513 alieni,
3419 1451 3492 1506 si-

1908 1534 1997 1603 gni
2026 1535 2141 1604 ejus
2182 1552 2246 1591 ac
2287 1541 2602 1595 sacramenti
2650 1551 2932 1609 expertes,
2962 1540 3101 1610 quod
3143 1549 3226 1596 est
3263 1543 3492 1597 virilium

1912 1627 2174 1681 mutilatio
2197 1670 2211 1694 ,
2245 1644 2335 1697 per
2364 1646 2519 1700 quam
2548 1631 2685 1684 idem
2717 1646 2844 1687 suos
2872 1633 3127 1701 agnoscit.
3158 1632 3497 1703 Quapropter

1912 1715 2000 1770 hic
2025 1718 2068 1773 si
2100 1729 2182 1772 est
2209 1719 2349 1775 Deus
2375 1737 2533 1790 quem
2558 1722 2732 1776 colitis
2751 1763 2767 1788 ,
2797 1722 2959 1792 liquet
2982 1737 3052 1777 ex
3083 1722 3184 1777 hoc
3209 1723 3496 1779 admodum

1912 1808 2051 1877 quod
2083 1810 2275 1867 habeat
2299 1812 2479 1868 linem.
2507 1812 2562 1869 Si
2591 1830 2721 1869 vero
2751 1813 3014 1868 inﬁnitum
3039 1814 3206 1869 Deum
3228 1831 3346 1869 esse
3374 1816 3497 1870 vul-

1914 1900 2002 1966 tis,
2037 1900 2160 1957 huic
2186 1917 2280 1957 vos
2305 1914 2429 1958 ante
2457 1906 2762 1961 renuntiare
2786 1919 3006 1961 necesse
3031 1913 3116 1961 est
3139 1947 3152 1968 .
3180 1915 3235 1961 et
3258 1907 3505 1962 oratione

1914 2002 2113 2047 mutata
2150 1994 2351 2049 erroris
2392 1996 2641 2063 prteteriti
2682 1997 2843 2052 vestri
2875 1998 3258 2066 pwnitudinem
3286 1979 3523 2069 gerere.-

1914 2082 1980 2137 Et
2011 2084 2111 2138 hoc
2136 2084 2349 2154 quidem
2376 2086 2575 2140 dictum
2608 2086 2679 2141 ita
2717 2096 2835 2151 est,
2882 2098 2939 2142 ut
2965 2087 3033 2143 de
3062 2098 3239 2143 vestro
3279 2092 3375 2141 vos
3421 2088 3500 2142 vi-

1913 2174 2051 2229 cisse
2099 2174 2374 2230 videamur
2405 2194 2417 2229 :
2447 2177 2680 2247 alioquin
2721 2193 2965 2233 summus
3027 2187 3084 2234 et
3127 2194 3284 2233 verus
3316 2179 3455 2233 Deus
3477 2219 3493 2244 ,

1915 2274 2090 2318 utrum
2121 2264 2189 2318 sit
2218 2265 2355 2319 idem
2388 2264 2623 2321 inﬁnitus
2651 2282 2820 2322 necne
2842 2308 2857 2333 ,
2904 2269 2949 2322 si
2974 2269 3229 2337 quaeritur
3253 2308 3268 2333 ,
3296 2267 3365 2323 de
3396 2269 3498 2322 hoc

1916 2369 2043 2410 vero
2073 2369 2170 2408 nos
2208 2356 2330 2409 boni
2372 2366 2427 2411 et
2467 2358 2589 2411 mali
2627 2360 2976 2414 contrarietas
3021 2359 3255 2415 breviter
3304 2358 3499 2429 poterit

1915 2444 2154 2500 educere.
2188 2444 2449 2512 Quoniam
2476 2447 2687 2517 quidem
2718 2448 2764 2503 si
2794 2464 2898 2504 non
2939 2458 3023 2504 est
3051 2450 3247 2504 malum
3270 2491 3285 2516 ,
3322 2448 3500 2519 profe-

1914 2548 2001 2593 cto
2028 2538 2263 2595 inﬁnitus
2293 2551 2372 2594 est
2404 2540 2580 2606 Deus;
2623 2541 2782 2597 habet
2817 2551 2992 2597 autem
3021 2541 3265 2607 ﬁnem,si
3297 2542 3497 2597 malum

1915 2637 1998 2684 est
2026 2647 2038 2683 :
2070 2638 2281 2685 constat
2308 2641 2487 2686 autem
2527 2646 2647 2686 esse
2673 2632 2869 2686 malum
2906 2649 2920 2686 :
2946 2646 3050 2687 non
3081 2632 3237 2702 igitur
3263 2632 3502 2688 inﬁnitus

1916 2729 1997 2773 est
2024 2718 2161 2773 Deus
2191 2737 2205 2773 :
2235 2716 2549 2775 illinc‘enim
2575 2734 2694 2776 esse
2717 2720 2854 2775 mala
2878 2721 3181 2792 accipiunt,
3212 2721 3299 2777 ubi
3331 2722 3503 2777 bono-

1915 2826 2031 2865 rum
2062 2820 2145 2866 est
2171 2811 2310 2867 linis.

1984 2901 2212 2957 CAPUT
2247 2901 2309 2955 ll.
2340 2932 2415 2943 —
2438 2903 2779 2959 Aoeusrisus
2807 2902 3110 2972 respondit:
3132 2902 3280 2958 Absit
3308 2913 3367 2957 ut
3396 2901 3500 2958 hoc

1916 3008 2011 3048 vos
2050 2994 2326 3063 quisquam
2368 2994 2680 3064 interroget,
2721 2996 2812 3063 qui
2845 3009 2940 3048 vos
2972 2994 3137 3059 novit,
3173 3003 3265 3048 aut
3295 2994 3363 3049 de
3402 2995 3502 3049 hac

1917 3086 2133 3140 cumino
2174 3100 2232 3140 re
2261 3101 2381 3139 cum
2415 3086 2606 3140 talibus
2638 3086 2897 3154 disputet.
2940 3086 3091 3140 Prius
3129 3085 3271 3140 enim
3314 3085 3445 3140 estis
3469 3102 3503 3139 a

1919 3179 2171 3247 ﬁgmento
2198 3178 2489 3232 carnalium
2522 3180 2984 3249 corporaliumque
3010 3178 3387 3249 cogitationum
3416 3179 3501 3248 pia

1919 3270 2024 3325 ﬁde
2061 3278 2114 3324 et
2152 3270 2635 3339 quantulacumque
2674 3270 2910 3325 veritatis
2949 3270 3153 3325 ratione
3192 3269 3501 3333 mundandi,

1920 3374 1977 3421 ut
2002 3364 2297 3435 spiritualia
2327 3379 2540 3433 quoquo
2566 3362 2725 3418 modo
2745 3373 2799 3418 et
2820 3378 2884 3417 ex
2908 3371 3334 3432 quantacumque
3355 3371 3506 3431 parte

1918 3457 2153 3526 cogitare
2180 3456 2413 3525 possitis.
2438 3454 2587 3522 Quod
2610 3454 2859 3524 quamdiu
2886 3469 2990 3509 non
3019 3455 3237 3524 potestis
3261 3453 3507 3523 (lueresis

1918 3548 2114 3617 quippe
2154 3556 2326 3602 vestra
2367 3546 2500 3600 nihil
2537 3545 2679 3600 aliud
2722 3546 2887 3613 novit,
2928 3561 3085 3615 quam
3122 3554 3177 3600 et
3216 3559 3409 3614 corpus
3447 3554 3504 3598 et

1918 3641 2150 3695 animam
2189 3649 2245 3694 et
2286 3639 2451 3692 Deum
2495 3653 2589 3707 per
2630 3638 2867 3692 locorum
2908 3637 3075 3705 Spatia
3117 3635 3199 3689 vel
3240 3635 3382 3689 ﬁnita
3420 3634 3503 3687 vel

1921 3730 2127 3785 inﬁnita
2157 3728 2481 3793 distendere,
2511 3743 2632 3782 cum
2675 3727 2845 3783 solum
2885 3741 3079 3796 corpus
3123 3726 3242 3779 talia
3279 3733 3506 3791 occupet

1920 3826 2087 3895 spatia
2113 3865 2129 3891 ,
2158 3825 2242 3878 vel
2271 3822 2455 3893 spatiis
2483 3820 2678 3876 talibus
2712 3819 3037 3889 occupetur)
3062 3858 3077 3883 ,
3104 3817 3397 3872 consultius
3424 3818 3504 3871 fe-

1920 3918 2122 3982 ceritis,
2164 3918 2207 3971 si
2238 3930 2334 3970 vos
2372 3913 2496 3969 huic
2524 3911 2802 3983 quaestioni
2838 3926 2943 3965 non
2972 3909 3414 3966 commiscueritis
3442 3910 3458 3941 ¹
3482 3950 3501 3975 ,

1922 4009 2010 4066 ubi
2041 4024 2138 4065 nec
2165 4010 2359 4063 docere
2387 4006 2608 4076 potestis
2637 4002 2835 4073 aliquid
2866 4002 3001 4067 veri,
3034 4001 3169 4056 sicut
3191 4015 3291 4054 nec
3317 4001 3368 4053 in
3397 4015 3501 4055 cara

1923 4105 2082 4166 teris;
2105 4086 2212 4156 nec
2237 4100 2446 4155 discere
2473 4098 2604 4154 estis
2634 4096 2830 4162 idonei,
2859 4094 3000 4165 quod
3031 4092 3257 4148 fortasse
3284 4092 3505 4161 potestis

1923 4196 1974 4251 in
2002 4194 2230 4261 caeteris,
2258 4194 2301 4249 si
2332 4191 2543 4262 superbi
2569 4189 2889 4260 litigiosique
2912 4202 3016 4242 non
3042 4186 3178 4240 sitis.
3204 4187 3335 4240 Cum
3360 4186 3503 4241 enim

1921 4289 2086 4361 qumri
2126 4288 2347 4358 cmperit
2366 4326 2380 4352 ,
2408 4282 2674 4354 quomodo
2696 4282 2764 4335 sit
2790 4281 2930 4335 Deus
2956 4278 3133 4333 ﬁnitus
3151 4318 3167 4343 ,
3196 4292 3352 4346 quem
3381 4277 3503 4332 nul-

1923 4381 2008 4436 lus
2035 4380 2184 4435 locus
2208 4378 2349 4447 capit
2373 4392 2388 4441 ;
2417 4373 2686 4445 quomodo
2715 4370 2951 4425 inﬁnitus
2973 4410 2988 4436 ,
3026 4384 3183 4439 quem
3216 4377 3382 4424 totum
3410 4367 3503 4422 Fi-

1922 4475 2025 4529 lius
2065 4473 2209 4527 novit
2250 4490 2263 4524 :
2306 4467 2573 4539 quomodo
2613 4466 2823 4527 ﬁnitus,
2864 4463 3193 4525 immensus;
3233 4459 3504 4530 quomodo

1924 4564 2178 4627 iulinitus,
2208 4536 2474 4631 perfectus
2502 4553 2805 4626 :qnomodn
2838 4553 3036 4618 ﬁnitus,
3070 4552 3269 4607 nullum
3301 4552 3503 4607 habens

1922 4656 2172 4720 modum;
2202 4650 2469 4725 quomodo
2499 4648 2735 4703 inﬁnitus
2757 4686 2774 4711 ,
2808 4644 2997 4700 modus
3026 4645 3260 4698 omnium
3289 4644 3495 4697 :outnis

1921 4747 2169 4819 cogitatio
2208 4743 2433 4799 carnalis
2477 4738 2785 4801 evanescit;
2820 4747 2873 4792 et
2902 4736 2945 4791 si
2985 4736 3094 4791 vult
3121 4750 3179 4789 se
3218 4734 3328 4789 lieri
3358 4732 3500 4801 quod

1923 4839 2157 4896 nondum
2184 4843 2284 4900 est,
2316 4832 2463 4903 prius
2492 4847 2558 4885 ex
2583 4844 2648 4884 eo
2672 4828 2810 4899 quod
2838 4835 2920 4882 est
2946 4826 3228 4880 erubescit.
3260 4823 3499 4889 Quapro~

1923 4940 2040 5000 pter
2070 4928 2171 4982 hoc
2199 4923 2339 4995 quod
2369 4921 2520 4976 nobis
2546 4921 2567 4952 ²
2593 4917 2881 4989 proponitis
2909 4915 2978 4971 de
3005 4916 3112 4969 Deo
3138 4914 3284 4967 linito
3308 4920 3361 4966 et
3382 4911 3500 4964 ltili-

1923 5022 2052 5085 nito,
2082 5017 2272 5072 melius
2298 5012 2525 5069 tacendo
2548 5012 2731 5075 ﬁnitis,
2759 5008 2929 5063 donec
2952 5022 2982 5060 a
3014 5006 3118 5060 ﬁne
3145 5004 3328 5073 Legis,
3357 5000 3500 5071 quod

1921 5122 2004 5168 est
2039 5109 2303 5171 Christus,
2345 5115 2451 5160 tam
2492 5104 2648 5173 longe
2687 5101 2937 5155 aberrare
2973 5095 3250 5151 desinatis.
3285 5094 3361 5149 Dc
3392 5093 3499 5146 Deo

1921 5214 2098 5259 autem
2128 5198 2394 5255 Abraham
2421 5204 2476 5250 et
2499 5194 2646 5249 Isaac
2670 5200 2724 5247 et
2740 5189 2922 5253 Iacob,
2946 5202 3065 5241 cum
3089 5185 3202 5255 ipse
3228 5184 3298 5241 sit
3324 5182 3499 5238 omnis

1923 5303 2183 5351 creaturae
2214 5303 2370 5345 verus
2398 5288 2536 5342 Deus
2558 5324 2574 5351 ,
2605 5300 2700 5340 cur
2730 5281 2822 5337 illo
2850 5278 3065 5334 nomine
3092 5290 3151 5331 se
3181 5274 3376 5345 populo
3402 5288 3499 5328 suo

1924 5386 2193 5445 insinuare
2216 5378 2465 5442 voluerit,
2490 5376 2599 5445 jam
2630 5378 2879 5441 quantum
2905 5376 2986 5422 sat
3008 5375 3122 5421 erat
3145 5366 3394 5422 diximus.
3425 5362 3501 5418 Dc

1924 5473 2328 5536 circumcisione
2352 5468 2512 5525 etiam
2540 5468 2592 5520 in
2618 5460 2977 5534 superioribus
3002 5459 3158 5529 hujus
3181 5458 3357 5529 operis
3379 5471 3498 5527 pztt'v

1959 5607 2006 5679 Lf
2041 5612 2152 5655 Lov.
2196 5607 2249 5651 et
2275 5598 2468 5663 quidam
2507 5603 2648 5655 Mss,
2692 5590 2804 5644 huic
2848 5587 3098 5655 ᾳυωειὶοηὶ
3131 5602 3225 5641 non
3259 5585 3483 5639 conmise

1925 5675 2267 5789 mfot’lerique
2290 5730 2424 5782 Mss,
2442 5716 2571 5769 vobis
