4028 6416
552 290 663 348 4Ἱ9

553 406 694 462 tibus
721 410 904 459 contra
934 396 1227 454 calumnias
1254 396 1523 465 imperitas
1552 407 1694 462 sarpc
1733 389 2124 460 respondimus.

553 498 645 553 lsti
674 506 850 549 autem
877 493 1083 561 signum
1111 491 1161 543 in
1189 496 1334 558 parte
1358 485 1597 554 corporis
1620 496 1850 552 congrua
1877 480 2130 534 divinitus

554 589 759 647 datum,
778 599 885 653 quo
912 582 1088 638 carnis
1111 576 1423 646 exspoliatio
1449 575 1667 645 figurata
1686 571 1845 638 est,si
1874 569 2130 641 quemad-

555 679 773 736 modum
803 676 1001 731 dictum
1031 674 1117 736 sit,
1151 670 1332 725 Omnia
1355 667 1545 721 ntunda
1571 668 1794 733 mundis,
1823 663 2131 725 christima,

554 787 661 826 non
704 767 951 823 haeretica
992 773 1169 820 mente
1205 762 1519 831 cogitarent,
1563 758 1709 812 nullo
1745 756 1904 810 modo
1942 753 2139 807 irride.

558 872 698 918 rent.
726 860 829 917 Sed
856 858 979 929 quia
1008 871 1190 911 verum
1218 862 1300 909 est
1325 862 1379 908 et
1399 852 1537 923 quod
1566 850 1825 921 sequitur,
1854 845 2138 900 Immundis

554 963 722 1008 autem
763 961 811 1007 et
853 947 1138 1018 inﬁdelibus
1180 946 1307 999 nihil
1345 955 1416 999 est
1457 942 1748 1007 mundum;
1790 939 1880 994 sed
1920 936 2116 1010 polluta

558 1088 3732 1118 Wm—

1371 279 1639 338 cozvrna
1680 273 1999 334 rAusrun
2037 273 2483 345 MANICIUEUM,
2524 279 2581 334 s.
2629 280 2993 338 aucusmt
3697 284 3793 342 .tgo

2238 400 2354 445 sunt
2383 408 2552 445 eorum
2581 403 2627 445 ct
2655 410 2790 447 mens
2818 404 2863 447 ct
2890 394 3191 447 conscientia
3220 392 3344 464 (Tit.
3377 409 3429 459 ι,
3471 393 3556 463 I5)
3585 411 3598 447 :
3629 395 3795 451 rides-

2243 494 2323 536 Ics
2352 500 2461 544 eos,
2492 493 2545 537 et
2571 486 2819 539 dieaciter
2848 487 3158 540 insultantes
3179 528 3192 550 ,
3226 486 3416 540 leniter
3441 485 3768 543 admonemus
3788 532 3800 546 .

2242 575 2287 627 si
2329 575 2622 629 secundum
2664 577 2805 643 ipsos
2844 577 3176 631 circumcisio
3219 577 3385 644 turpis
3425 586 3543 641 est,
3585 594 3683 631 non
3723 596 3805 634 eos

2248 666 2444 720 habere
2469 668 2608 736 quod
2638 668 2705 722 ibi
2735 668 2942 722 rideant
2967 710 2978 731 ,
3006 668 3097 722 sed
3122 668 3260 737 quod
3288 669 3531 737 lugeant;
3554 670 3669 738 quia
3690 671 3802 726 deus

2247 770 2431 809 eorum
2461 765 2511 809 et
2542 758 2611 811 illi
2643 759 2910 825 particula:
2930 774 3048 828 qua?
3072 758 3393 826 prtcciditur,
3416 768 3470 812 et
3491 758 3563 812 illi
3578 762 3803 830 sanguini

2248 848 2336 917 qui
2366 848 2606 914 distillat,
2643 851 2867 921 illigatus
2897 860 2949 904 et
2976 851 3276 921 inquinatus
3303 848 3567 905 admixtus
3586 861 3687 908 est.

1142 1171 1623 1280 LIBER
1707 1158 2587 1274 VIGESIMUS.
2634 1165 3277 1279 SEXTUS.

1953 1337 2430 1362 ______.__._

628 1446 851 1503 CAPUT
884 1442 1167 1500 PRIMUM.
1191 1472 1261 1481 --
1283 1440 1523 1495 Fausrus
1555 1437 1724 1493 dixit:
1748 1436 1902 1492 Jesus
1923 1435 1969 1489 si
1991 1441 2144 1488 natus

559 1554 666 1593 non
704 1547 804 1601 est,
842 1535 1108 1606 quomodo
1143 1541 1384 1587 mortuus
1421 1532 1539 1584 est?
1577 1528 1687 1582 lloc
1715 1526 1824 1597 jam
1860 1539 1989 1580 sane
2014 1539 2147 1578 con-

554 1629 760 1698 jectura
786 1636 869 1682 est
896 1644 909 1677 :
939 1623 1256 1693 conjecturis
1287 1630 1463 1675 autem
1496 1634 1672 1681 nemo,
1706 1617 1808 1671 nisi
1837 1632 1994 1686 quem
2025 1629 2147 1683 pro~

560 1720 803 1774 bationes
850 1716 1181 1779 defecerint,
1232 1714 1417 1768 utitur.
1463 1708 1924 1779 Respondebimus
1969 1714 2144 1759 tamen

561 1813 719 1867 etiam
750 1811 815 1864 ad
846 1810 946 1865 hoc
970 1849 986 1872 ,
1016 1823 1115 1862 nec
1144 1806 1356 1861 aliunde
1386 1819 1542 1874 quam
1569 1802 1636 1856 de
1666 1801 1750 1855 his
1779 1815 1896 1870 qua}
1925 1798 2147 1853 credere

561 1902 778 1963 soletis,
808 1900 1093 1955 afferentes
1119 1896 1360 1964 exempla
1390 1912 1402 1947 :
1427 1908 1575 1963 quae,
1608 1892 1653 1946 si
1682 1906 1805 1945 vera
1832 1897 1987 1955 sunt,
2016 1903 2149 1943 con-

563 1993 850 2081 lirmabpnt
887 1999 941 2046 et
980 2005 1077 2044 nos
1102 2006 1115 2053 ;
1144 1989 1188 2057 si
1230 1986 1360 2041 falsa
1384 2026 1399 2050 ,
1441 1985 1718 2039 destruent
1754 1991 1809 2035 et
1847 1995 1963 2034 vos.
2007 1978 2147 2032 Dicis

561 2101 690 2156 ergo
718 2071 1042 2153 :‘Quomodo
1067 2090 1306 2136 mortuus
1331 2087 1413 2133 est
1435 2078 1608 2143 Jcsus,
1634 2076 1677 2130 si
1705 2074 1864 2128 homo
1887 2088 1991 2127 non
2014 2071 2149 2125 fuit?

560 2179 627 2233 Et
665 2193 762 2247 ego
793 2177 888 2231 abs
929 2184 981 2230 te
1014 2174 1225 2245 requiro
1254 2189 1266 2225 :
1300 2171 1442 2225 Elias
1470 2166 1737 2239 quomodo
1768 2173 2010 2219 mortuus
2038 2178 2145 2215 non

560 2276 662 2332 est,
694 2283 813 2322 eum
840 2266 998 2321 fuerit
1027 2264 1222 2320 homo?
1248 2264 1327 2317 An
1356 2260 1479 2315 huic
1506 2258 1717 2313 mortali
1745 2264 1939 2326 praeter
1964 2252 2148 2308 condi-

560 2359 760 2413 tionem
786 2373 934 2412 snam
964 2356 1110 2411 licuit
1131 2354 1218 2425 jus
1244 2351 1652 2407 immortalitatis
1680 2348 1951 2414 invadere,
1979 2346 2140 2400 Chri-

560 2458 645 2503 sto
681 2466 784 2503 nou
822 2448 969 2503 licuit
1006 2445 1292 2501 immortali
1327 2444 1394 2498 de
1432 2452 1602 2498 morte
1624 2483 1637 2504 ,
1676 2442 1720 2496 si
1755 2454 1974 2496 necesse
2008 2439 2105 2493 fuit
2129 2481 2143 2507 ,

560 2539 758 2609 aliquid
789 2537 1084 2606 usurpare?
1113 2537 1179 2590 Et
1202 2535 1248 2589 si
1276 2536 1415 2589 lilias
1440 2536 1493 2589 in
1522 2542 1779 2587 aeternum
1808 2531 1937 2585 vivit
1959 2542 2145 2584 contra

561 2642 841 2695 naturam,
882 2630 1060 2684 .lesum
1102 2628 1168 2682 ad
1207 2627 1435 2681 triduum
1474 2633 1674 2680 tantum
1714 2640 1809 2678 cur
1845 2638 1949 2677 non
1980 2622 2148 2691 magis

561 2729 747 2785 contra
785 2728 1026 2774 naturam
1067 2718 1200 2771 mori
1246 2717 1481 2785 potuisse
1521 2713 1822 2769 concedas:
1852 2712 2147 2782 pratscrtim

561 2828 682 2867 cum
714 2813 872 2867 etiam
903 2812 1003 2866 hoc
1030 2826 1133 2865 non
1165 2810 1335 2864 solum
1367 2808 1433 2863 de
1464 2808 1577 2862 Elia
1604 2806 1854 2870 credatis,
1885 2805 1976 2859 sed
2003 2814 2055 2859 et
2082 2803 2148 2857 de

563 2904 747 2973 Moyse
782 2911 940 2973 atque
979 2901 1201 2967 Enocb,
1240 2900 1381 2969 quod
1419 2900 1526 2955 sint
1564 2897 1923 2960 immortales,
1961 2905 2013 2950 et
2049 2894 2146 2964 ipsi

563 2995 701 3064 rapti
740 3010 861 3049 cum
900 2993 1218 3062 corporibus
1252 2990 1362 3044 suis
1391 2991 1443 3044 in
1473 2989 1711 3044 caelum?
1741 2988 2073 3057 Quapmpter
2102 2985 2147 3039 si

563 3085 667 3141 hoc
689 3094 1000 3155 argumento
1023 3092 1169 3138 recte
1188 3083 1451 3152 colligitur
1471 3081 1649 3136 Jesnm
1674 3078 1835 3134 fuisse
1856 3078 2145 3143 hominem,

563 3177 684 3247 quia
723 3186 961 3231 mortuus
1000 3184 1115 3238 est;
1156 3174 1351 3242 poterit
1387 3172 1575 3228 eodem
1614 3171 1958 3226 nihilominus
1986 3185 2149 3238 argu-

563 3278 745 3324 mento
789 3268 965 3338 colligi
1007 3278 1061 3321 et
1106 3268 1273 3321 Etiam
1314 3280 1419 3321 non
1463 3264 1625 3320 fuisse
1669 3265 1984 3329 hominem,
2027 3264 2147 3333 quia

563 3369 806 3417 mortuus
832 3375 936 3413 non
964 3368 1063 3413 est.
1096 3358 1312 3412 Falsum
1338 3366 1421 3413 est
1448 3365 1624 3412 autem
1659 3370 1762 3410 non
1790 3356 1953 3409 fuisse
1980 3356 2147 3409 Etiam

564 3454 857 3519 hominem,
883 3452 1124 3522 quamvis
1145 3451 1458 3507 immortalis
1480 3450 1726 3505 credatur
1751 3467 1764 3503 :
1792 3449 1977 3502 falsum
2000 3464 2149 3517 (eque

565 3547 669 3601 erit
692 3545 874 3601 Jesum
907 3542 1071 3600 fuisse
1100 3544 1390 3609 hominem,
1422 3542 1664 3613 quamvis
1690 3540 1983 3596 testimetur
2008 3556 2149 3595 mor-

567 3647 709 3691 tuus.
744 3637 810 3691 Et
838 3638 882 3692 si
910 3638 1037 3691 mihi
1066 3652 1187 3690 vera
1214 3635 1407 3690 dicenti
1437 3635 1516 3689 vis
1544 3633 1783 3698 credere,
1813 3642 2035 3702 uterque
2059 3647 2152 3687 eo-

566 3744 685 3784 rum
712 3729 848 3798 apud
875 3728 1125 3783 Hehrrcos
1151 3726 1337 3782 falsam
1364 3725 1523 3780 traxit
1548 3725 1874 3794 opinionem,
1903 3723 2058 3777 Jesus
2084 3723 2150 3779 de

568 3828 773 3887 morte,
804 3828 858 3874 et
883 3820 949 3875 de
976 3818 1371 3873 immortalitate
1398 3817 1541 3871 Elias
1568 3833 1580 3869 :
1611 3831 1730 3870 nam
1760 3829 1860 3870 nec
1888 3814 1975 3869 hic
2002 3830 2147 3867 mor-

570 3920 691 3965 tuus
716 3920 798 3965 est
817 3952 831 3975 ,
865 3927 963 3965 nec
991 3911 1075 3965 ille
1103 3928 1205 3964 non
1239 3919 1477 3964 mortuus
1508 3928 1521 3963 :
1546 3908 1637 3963 sed
1667 3923 1763 3962 vos
1793 3907 1933 3977 quod
1959 3906 2149 3972 vultis,

570 4002 823 4066 creditis;
855 4001 993 4070 quod
1021 4018 1146 4067 non,
1175 4002 1413 4069 redigitis
1437 3999 1501 4053 ad
1530 4008 1791 4052 naturam.
1819 3998 2153 4066 Quapropter

572 4094 615 4147 si
643 4092 766 4162 quid
795 4102 995 4146 naturae
1022 4092 1292 4160 proprium
1317 4091 1387 4144 sit
1408 4090 1684 4169 qumritur,
1710 4090 1797 4143 illa
1818 4090 2029 4159 quidem
2053 4103 2151 4141 nec

574 4183 925 4238 immortalem
966 4183 1101 4237 mori
1141 4183 1271 4247 vult,
1312 4195 1411 4235 nec
1449 4198 1552 4234 non
1594 4182 1730 4234 mori
1759 4182 2059 4235 mortalem.
2094 4180 2151 4235 Si

571 4293 704 4331 vero
742 4284 1054 4345 potestatem
1096 4276 1149 4329 in
1187 4276 1293 4329 Deo
1331 4283 1490 4344 atque
1533 4273 1745 4329 homine
1774 4274 1842 4328 ad
1877 4274 2149 4328 efﬁcienda

574 4384 694 4437 qua:
722 4368 887 4423 velint
909 4367 1215 4436 qumrimns,
1243 4366 1410 4434 magis
1437 4376 1561 4434 puto
1586 4364 1765 4419 Jesum
1792 4366 1925 4419 mori
1958 4366 2154 4434 potuis-

576 4473 638 4513 se
659 4498 673 4522 ,
707 4473 863 4527 quam
896 4471 999 4510 non
1037 4457 1170 4509 mori
1203 4456 1373 4510 Etiam
1417 4473 1429 4508 :
1472 4455 1641 4524 major
1669 4455 1809 4509 enim
1841 4463 2073 4525 potestas
2101 4456 2152 4508 in

576 4547 701 4603 Jcsu
726 4562 884 4617 quam
911 4547 963 4600 in
994 4546 1129 4600 Elia.
1158 4546 1223 4600 Et
1244 4547 1288 4601 si
1317 4555 1370 4599 tu
1398 4545 1826 4614 hnpotentiorem
1851 4554 2036 4601 contra
2062 4562 2156 4599 na-

576 4651 710 4695 turae
740 4641 1003 4695 licentiam
1035 4640 1177 4693 levas
1207 4640 1258 4693 in
1290 4639 1482 4694 caelum
1502 4680 1516 4702 ,
1548 4654 1936 4709 consecrasque
1962 4655 2153 4709 perpe-

578 4733 773 4799 tuitati,
797 4742 997 4786 naturm
1023 4740 1077 4786 et
1100 4732 1419 4786 conditionis
1442 4731 1558 4799 ejus
1577 4730 1803 4795 oblitus;
1827 4747 1927 4800 ego
1946 4733 2151 4799 Jesum,

578 4824 814 4893 potuisse
840 4825 971 4877 mori
993 4863 1007 4885 ,
1041 4823 1084 4877 si
1111 4823 1274 4876 voluit
1298 4863 1311 4885 ,
1339 4837 1435 4876 cur
1460 4838 1564 4876 non
1593 4822 1914 4886 concedam,
1946 4823 2155 4877 etiamsi

576 4931 704 4969 vere
731 4924 955 4969 mortem
979 4915 1120 4969 illam
1148 4914 1330 4979 fuisse,
1357 4924 1411 4968 ct
1440 4926 1543 4967 non
1572 4914 1758 4968 mortis
1784 4914 2003 4983 tiguram
2030 4929 2157 4968 con-

576 5006 843 5060 suntiam?
870 5005 938 5061 Ut
962 5006 1102 5061 enim
1136 5005 1202 5059 ab
1233 5005 1382 5058 initio
1411 5014 1620 5075 sumpta
1654 5006 1882 5059 hominis
1911 5006 2160 5060 similitu-

577 5097 703 5151 dine
741 5112 928 5151 omnes
968 5096 1212 5150 humana:
1248 5096 1569 5150 conditionis
1601 5096 1869 5150 simulavit
1897 5097 2116 5153 all'ectus
2138 5140 2153 5166 ,

578 5189 658 5242 sic
697 5190 761 5244 ab
799 5204 858 5243 re
894 5204 998 5243 non
1029 5199 1176 5251 erat,
1218 5190 1261 5241 si
1304 5189 1356 5242 in
1398 5188 1503 5242 line
1541 5203 1751 5258 quoque
1787 5190 2159 5259 cont-signanda:

579 5281 893 5334 mcouomia:
917 5280 1084 5349 gratia
1116 5280 1302 5335 fuisset
1328 5279 1473 5333 visus
1496 5288 1551 5333 et
1579 5281 1736 5334 mori.

655 5369 877 5425 CAPUT
916 5372 979 5426 ll.
1000 5402 1072 5411 --
1090 5372 1352 5427 Prasterea
1376 5371 1502 5426 illud
1520 5387 1729 5441 quoque
1749 5387 2163 5429 commemoran-

582 5459 729 5524 dum,
758 5462 877 5530 quia
902 5462 944 5515 si
971 5463 1097 5533 quid
1119 5464 1308 5533 cuique
1330 5479 1425 5533 per
1445 5474 1685 5517 naturam
1706 5464 1862 5518 liceat
1883 5465 2158 5534 qureritur,

582 5550 723 5605 circa
764 5552 940 5606 omnia
969 5553 1021 5608 id
1047 5554 1214 5623 quzeri
1243 5553 1461 5610 deberet
1485 5570 1604 5625 qua:
1629 5552 1784 5610 Jesus
1816 5554 2021 5624 gessit,
2053 5570 2162 5609 non

582 5642 726 5697 c'rr‘a
768 5650 992 5698 mortem
1029 5646 1395 5701 tantummodo
1434 5646 1621 5718 ipsius.
1656 5645 1787 5699 Nam
1828 5654 1881 5701 et
1906 5659 2106 5700 caseum
2131 5660 2164 5701 a

584 5732 856 5790 nativitatc
882 5733 1060 5792 lumen
1086 5735 1266 5794 videre
1291 5747 1477 5793 natura
1506 5755 1610 5794 non
1635 5737 1793 5807 sinit;
1821 5738 1961 5811 quod
1985 5745 2163 5798 tamen

2259 1427 2414 1483 Jcsns
2454 1439 2698 1499 potenter
2734 1445 2985 1502 cperatus
3021 1436 3230 1493 videtur
3266 1452 3388 1509 erga
3429 1438 3587 1508 hujus
3624 1441 3815 1510 generis

2256 1534 2427 1573 caecos
2452 1521 2464 1552 ³
2490 1562 2505 1587 ,
2534 1522 2667 1577 adeo
2696 1534 2752 1577 ut
2776 1524 2943 1580 Judaei
2968 1536 3022 1581 et
3050 1528 3147 1597 ipsi
3176 1528 3559 1595 exclamareut,
3589 1531 3655 1583 ab
3681 1531 3816 1585 initio

2256 1613 2435 1667 szeculi
2480 1630 2747 1685 nunquam
2788 1617 2949 1673 fuisse
2981 1620 3173 1684 visum,
3218 1629 3274 1675 ut
3310 1621 3502 1692 aliquis
3541 1623 3816 1693 aperuisset

2257 1704 2439 1758 oculos
2466 1706 2593 1760 cmci
2622 1707 2732 1761 nati
2763 1706 2939 1779 (Joan.
2969 1711 3049 1780 ix)
3079 1728 3092 1764 :
3117 1726 3333 1766 manum
3364 1712 3569 1767 aridam
3598 1728 3814 1780 sanasse,

2256 1809 2440 1848 vocem
2463 1809 2526 1849 ac
2547 1796 2764 1851 verbum
2789 1799 3007 1867 privatis
3026 1800 3105 1854 his
3127 1816 3222 1869 per
3242 1810 3502 1866 naturam,
3524 1804 3814 1869 redonasse,

2257 1887 2478 1941 mortuis
2497 1887 2623 1941 etin
2648 1889 2821 1943 tabem
2841 1890 2951 1958 jam
2976 1892 3225 1947 resolutis
3248 1894 3561 1963 corporibus
3582 1910 3816 1965 compage

2257 1978 2461 2033 reddita
2492 1980 2704 2035 vitalem
2736 1980 3127 2054 redintegrasse
3153 1985 3418 2055 spiritum,
3446 2001 3607 2056 quem
3637 2001 3733 2040 non
3758 1987 3819 2040 ad

2256 2076 2526 2137 stuporem
2556 2072 2824 2139 adducat,
2863 2085 2918 2130 et
2956 2085 3110 2145 cogat
3147 2077 3376 2146 quodam
3416 2079 3579 2132 modo
3618 2079 3815 2133 minime

2256 2163 2477 2219 credere
2509 2167 2829 2235 cogitantem
2856 2168 2981 2239 quid
3012 2170 3185 2236 liceat,
3214 2170 3406 2240 quidve
3432 2186 3535 2225 non
3566 2172 3715 2226 liceat
3736 2188 3820 2240 per

2258 2257 2543 2309 naturam?
2580 2257 2709 2323 Quae
2750 2268 2923 2314 tamen
2963 2262 3141 2315 omnia
3180 2276 3277 2316 nos
3318 2263 3676 2317 communiter
3703 2262 3825 2316 facta

2257 2343 2324 2397 ab
2365 2344 2555 2399 eodem
2595 2348 2869 2403 credimus
2907 2348 3233 2416 Christiani,
3268 2367 3375 2407 non
3416 2353 3825 2407 consideratione

2252 2436 2361 2505 jam
2404 2448 2639 2506 natnrre,
2683 2441 2775 2495 sed
2818 2444 3095 2511 potestatis
3136 2452 3339 2498 tantum
3379 2454 3435 2501 et
3470 2445 3683 2499 virtutis
3720 2446 3818 2501 Dei.

2257 2527 2474 2597 Legitur
2510 2531 2559 2584 id
2604 2546 2814 2601 quoque
2835 2574 2848 2595 ,
2878 2534 3018 2603 quod
3046 2534 3112 2590 de
3138 2537 3422 2605 supercilio
3450 2538 3649 2592 montis
3668 2538 3816 2607 jacta-

2260 2628 2343 2672 tus
2372 2620 2654 2690 aliquando
2680 2637 2708 2676 a
2740 2623 2940 2679 iudicis
2962 2666 2978 2691 ,
3021 2626 3218 2681 ilhesus
3253 2628 3462 2681 abierit.
3494 2627 3601 2695 Qui
3626 2643 3743 2697 ergo
3765 2627 3827 2682 de

2256 2712 2467 2768 sublimi
2500 2724 2680 2770 monte
2720 2717 3081 2787 prmcipitalus
3104 2760 3119 2782 ,
3151 2729 3391 2774 mortuus
3426 2735 3530 2774 non
3566 2729 3647 2775 est
3668 2762 3682 2785 ,
3713 2721 3821 2790 quia

2258 2804 2439 2874 utique
2469 2806 2668 2871 noluit;
2712 2823 2809 2861 cur
2840 2824 2943 2862 non
2975 2810 3206 2878 potuerit
3235 2811 3396 2864 etiam
3428 2812 3570 2865 mori
3600 2826 3714 2866 cum
3738 2825 3822 2866 τον

2256 2897 2397 2952 luit?
2425 2897 2494 2953 Et
2518 2898 2620 2954 hoc
2643 2900 2852 2970 quidem
2884 2916 3025 2955 nunc
3056 2916 3085 2954 a
3124 2902 3276 2956 nobis
3303 2903 3371 2956 ita
3403 2916 3715 2972 responsum
3743 2904 3820 2967 sil,

2256 2990 2379 3059 quia
2402 2990 2553 3045 vobis
2574 2991 2745 3060 placet
2762 2993 3139 3062 argumentari,
3162 3001 3216 3047 et
3235 3008 3381 3047 arma
3406 2995 3624 3048 tentatis
3641 2993 3817 3058 aliena,

2256 3081 2531 3137 dialectice
2552 3083 2824 3152 diSpntare
2849 3083 3086 3139 volentes
3108 3103 3117 3136 :
3139 3084 3369 3154 alioquin
3392 3084 3547 3140 nobis
3572 3099 3669 3141 nec
3685 3083 3820 3140 Jesus

2256 3181 2496 3227 mortuus
2521 3181 2621 3237 est,
2655 3182 2860 3228 ncc‘est
2883 3174 3197 3230 immortalis
3225 3175 3388 3229 Elias.

2327 3261 2553 3318 CAPUT
2590 3262 2675 3316 III.
2698 3293 2771 3303 -—
2792 3266 3120 3320 AUGUSTINUS
3145 3267 3420 3335 respondit
3443 3285 3455 3321 :
3476 3265 3736 3337 Quidquid
3758 3265 3823 3320 de

2257 3356 2441 3411 Enoch
2473 3367 2526 3411 et
2554 3357 2621 3412 de
2647 3357 2763 3411 Elia
2789 3367 2843 3412 et
2867 3356 2934 3413 de
2958 3358 3137 3429 Moyse
3166 3359 3435 3427 Scriptura
3465 3369 3652 3415 sancta
3677 3403 3690 3425 ,
3716 3375 3818 3414 cer-

2259 3447 2327 3501 tis
2351 3458 2403 3504 et
2428 3449 2633 3519 magnis
2657 3464 2766 3503 sua:
2793 3448 2915 3503 fidei
2942 3449 3279 3505 documentis
3304 3450 3355 3504 in
3381 3464 3597 3505 summo
3619 3450 3827 3505 culmine

2256 3540 2589 3595 auctoritatis
2617 3542 2784 3596 locata
2813 3549 3041 3597 testatur
3064 3585 3078 3608 ,
3112 3540 3214 3597 hoc
3238 3541 3505 3597 credimus
3526 3583 3541 3605 ,
3578 3558 3678 3597 non
3703 3540 3825 3611 quod

2258 3630 2485 3687 Faustus
2520 3647 2619 3687 nos
2659 3633 2878 3688 credere
2918 3634 3239 3702 suspicatur.
3272 3633 3407 3701 Quid
3442 3633 3511 3687 sit
3548 3644 3720 3688 autem
3747 3647 3826 3686 se-

2256 3724 2489 3779 cundum
2521 3736 2762 3779 naturam
2785 3765 2801 3792 ,
2828 3725 2953 3796 quid
2979 3736 3164 3780 contra
3194 3736 3457 3791 naturam,
3488 3725 3729 3781 homines
3749 3723 3827 3793 qui

2257 3816 2397 3870 sicut
2425 3830 2519 3869 vos
2544 3824 2725 3870 errant
2748 3858 2761 3879 ,
2791 3830 2950 3872 nosse
2983 3832 3088 3871 non
3119 3824 3361 3885 possunt.
3394 3817 3500 3870 Dici
3532 3828 3708 3871 autem
3739 3815 3825 3867 hu.

2258 3921 2417 3961 mano
2456 3921 2605 3963 more
2645 3917 2831 3963 contra
2873 3918 3117 3963 naturam
3156 3924 3279 3964 esse
3302 3950 3317 3973 ,
3357 3912 3497 3978 quod
3539 3919 3626 3964 est
3661 3917 3829 3963 contra

2259 4006 2461 4054 natura:
2489 4012 2643 4054 usum
2674 4000 2986 4054 mortalibus
3027 4008 3208 4053 notum
3236 4042 3250 4063 ,
3282 4014 3383 4053 nec
3414 4014 3511 4053 nos
3536 4013 3784 4070 negamus
3813 4016 3825 4051 :

2260 4093 2395 4146 sicut
2430 4091 2557 4146 illud
2588 4102 2671 4147 est
2698 4092 2838 4162 quod
2870 4094 3155 4162 Apostolus
3190 4093 3299 4159 ait,
3335 4092 3396 4147 Si
3425 4102 3477 4146 tu
3516 4110 3585 4147 ex
3623 4092 3829 4146 natm-ali

2262 4182 2451 4236 incisus
2480 4183 2714 4249 oleastro,
2744 4192 2789 4236 et
2814 4193 2986 4235 contra
3012 4167 3242 4236 naturam
3266 4184 3482 4237 insertus
3510 4199 3566 4238 es
3590 4185 3641 4237 in
3668 4185 3832 4236 bonam

2260 4275 2443 4327 olivam
2473 4273 2492 4344 (
2515 4273 2664 4327 Rom.
2695 4289 2746 4327 ιι
2770 4315 2785 4339 ,
2813 4273 2884 4327 24
2905 4272 2960 4343 );
2992 4275 3041 4328 id
3070 4290 3189 4330 esse
3214 4285 3390 4329 contra
3416 4285 3652 4330 naturam
3678 4274 3800 4329 dixit
3818 4314 3830 4334 ,

2260 4364 2400 4435 quod
2431 4375 2512 4419 est
2536 4375 2719 4419 contra
2750 4365 3193 4420 consuetudinem
3222 4380 3445 4433 natnrte,
3473 4383 3636 4437 quam
3664 4365 3834 4420 notitia

2262 4458 2495 4512 humana
2533 4458 2939 4527 comprehendit
2962 4499 2976 4523 ,
3011 4468 3068 4512 ut
3094 4460 3323 4514 oleaster
3350 4460 3584 4516 insertus
3615 4463 3666 4515 in
3692 4461 3833 4523 olea,

2262 4566 2367 4605 non
2413 4552 2625 4605 oleastri
2667 4550 2896 4616 baccas,
2944 4551 3039 4605 sed
3079 4551 3233 4607 oliva:
3274 4553 3649 4623 pinguedinem
3691 4552 3834 4607 ferat.

2263 4641 2406 4695 Deus
2440 4651 2615 4694 autem
2647 4651 2857 4695 creator
2890 4649 2943 4695 et
2971 4641 3216 4696 conditor
3244 4643 3483 4697 onmium
3514 4654 3833 4703 naturarum,

2262 4732 2395 4786 nihil
2434 4742 2619 4786 contra
2656 4741 2896 4786 naturam
2944 4733 3067 4787 facit
3097 4752 3111 4787 :
3145 4733 3197 4787 id
3237 4734 3378 4788 enim
3408 4735 3512 4790 erit
3549 4736 3739 4805 cuique
3766 4731 3835 4786 rei

2262 4823 2486 4878 naturali
2512 4864 2527 4889 ,
2560 4823 2699 4892 quod
2733 4824 2819 4877 ille
2850 4822 3074 4890 fecerit,
3106 4840 3137 4879 a
3164 4841 3272 4894 quo
3298 4833 3382 4879 est
3412 4828 3589 4880 omnis
3616 4825 3801 4880 modus
3823 4863 3836 4887 ,

2264 4930 2537 4978 numerus,
2567 4914 2697 4967 ordo
2726 4923 2949 4968 naturae.
2977 4913 3083 4969 Sed
3109 4931 3207 4970 nec
3230 4917 3343 4983 ipse
3369 4916 3529 4971 homo
3549 4926 3735 4971 contra
3754 4928 3840 4968 na-

2266 5014 2437 5060 turam
2477 5005 2763 5074 quidquam
2803 5004 2950 5071 facit,
2996 5006 3096 5060 nisi
3136 5022 3257 5061 cum
3299 5016 3515 5077 peccat,
3554 5008 3645 5077 qui
3677 5016 3839 5061 tamen

2264 5096 2523 5167 supplicio
2554 5096 2810 5168 redigitur
2832 5097 2897 5150 ad
2926 5106 3194 5152 naturam.
3226 5098 3304 5152 Ad
3330 5099 3626 5154 naturalem
3662 5098 3842 5168 quippe

2260 5189 2483 5259 jnstitia:
2516 5188 2759 5243 ordinem
2801 5188 3028 5257 pertinet
3051 5228 3065 5251 ,
3097 5198 3157 5243 ut
3192 5197 3281 5243 aut
3309 5202 3522 5258 peccata
3548 5205 3659 5244 non
3688 5191 3841 5252 fiant,

2265 5293 2360 5337 aut
2385 5283 2641 5351 impunita
2671 5297 2789 5337 esse
2818 5297 2921 5336 non
2955 5283 3201 5337 valeant:
3226 5283 3499 5352 quodlibet
3526 5285 3720 5339 horum
3748 5282 3842 5342 sit,

2267 5373 2523 5427 naturalis
2546 5372 2678 5427 ordo
2700 5383 2962 5437 servatur,
2989 5373 3031 5426 si
3062 5388 3164 5426 non
3187 5373 3253 5427 ab
3276 5374 3472 5442 anima,
3497 5384 3645 5428 certe
3668 5389 3696 5427 a
3726 5373 3845 5426 Deo.

2269 5462 2477 5518 Vexant
2519 5462 2661 5517 enim
2704 5471 2918 5531 peccata
2958 5462 3376 5527 conscientiam,
3426 5464 3636 5533 ipsique
3678 5463 3846 5517 animo

2271 5563 2486 5622 nocent,
2517 5568 2637 5608 cum
2666 5553 2785 5609 luce
2805 5553 3024 5623 iustitiae
3055 5554 3323 5623 peccando
3350 5555 3609 5624 privatur,
3648 5552 3846 5610 etiamsi

2336 5687 2353 5717 ι
2389 5686 2537 5755 Editio
2556 5692 2629 5735 Er.
2658 5693 2710 5736 et
2732 5700 2858 5755 unus
2894 5686 3048 5755 codex
3075 5686 3357 5755 Vaticanus,
3391 5696 3611 5753 operatus

2271 5755 2397 5813 Ergo
2417 5747 2560 5811 Indus
2579 5748 2766 5814 generis
2788 5759 2939 5803 aecus
2962 5747 3274 5813 illmm'nassc,
3301 5758 3394 5801 etc.
