4028 6446
257 370 347 426 (id
1437 375 1641 432 LIBER
1679 376 2039 438 VlGESIMUS
2075 381 2356 439 SEXTUS.

260 501 352 538 non
379 494 782 554 consequantur
815 483 1029 554 dolores
1051 527 1066 552 ,
1099 484 1190 556 qui
1217 486 1296 540 vel
1326 488 1659 558 corrigendis
1687 490 1839 560 ingeo-

261 584 458 640 runtur.
483 573 571 629 vel
599 590 704 630 non
729 575 985 630 cuneolis
1008 575 1174 630 ultimi
1202 589 1561 632 reservantur.
1587 578 1692 633 Sed
1713 595 1840 634 con-

261 679 329 722 tra
356 675 604 721 naturam
635 681 742 722 non
775 666 1062 736 incongrue
1091 667 1316 721 dicimus
1340 667 1538 737 aliquid
1575 668 1736 722 Deum
1767 668 1842 722 fa-

257 775 390 826 cere,
431 757 577 826 quod
620 757 746 811 facit
774 767 959 812 contra
1002 756 1050 811 id
1090 757 1229 827 quod
1263 758 1508 811 novimus
1538 757 1589 812 in
1631 770 1835 812 natura.

260 851 395 903 lianc
418 849 563 902 enim
592 849 752 902 etiam
779 849 1108 917 appellamus
1135 858 1376 902 naturam
1399 889 1414 915 ,
1444 849 1713 917 cognitum
1741 865 1838 902 no-

250 940 331 993 bis
369 954 587 992 cursum
629 940 949 1008 solitumque
993 947 1229 1004 naturae,
1273 949 1458 992 contra
1499 955 1658 1009 quem
1701 940 1840 994 Deus
1879 979 1881 982 ‹

251 1046 367 1085 cum
392 1029 595 1098 aliquid
624 1029 770 1095 facit,
801 1028 1057 1098 magnalia
1086 1028 1169 1082 vel
1194 1028 1452 1083 mirabilia
1475 1030 1836 1085 nominantur.

244 1121 443 1176 Contra
483 1121 627 1174 illam
659 1135 790 1174 vero
819 1134 1082 1173 summam
1115 1128 1315 1173 natura:
1346 1119 1554 1190 legem,
1593 1135 1621 1172 a
1654 1121 1838 1174 notitia

249 1223 538 1276 remotam,
582 1212 696 1265 sive
738 1210 1054 1280 impiorum,
1103 1211 1220 1266 sive
1258 1210 1431 1266 adhuc
1474 1211 1836 1278 inﬁrmorum,

253 1316 354 1358 tam
410 1305 555 1359 Deus
606 1303 752 1357 nullo
778 1301 937 1356 modo
981 1301 1147 1368 facit,
1180 1319 1337 1372 quam
1367 1314 1548 1357 contra
1577 1319 1637 1359 se
1667 1306 1838 1374 ipsum
1887 1353 1890 1355 Α

247 1411 352 1448 non
383 1394 527 1448 facit.
557 1392 857 1462 Spiritualis
881 1403 1056 1447 autem
1083 1393 1375 1463 eademque
1393 1395 1667 1450 rationalis
1689 1412 1840 1452 crea-

239 1495 384 1550 tura,
415 1486 470 1537 in
497 1498 604 1554 quo
629 1499 824 1554 genere
848 1493 895 1538 et
925 1484 1100 1537 anima
1123 1483 1348 1538 lminaua
1373 1495 1474 1551 est,
1499 1495 1698 1554 quanto
1719 1501 1838 1540 am-

241 1575 384 1644 plius
413 1575 560 1629 illius
587 1574 1030 1628 incommutabilis
1059 1573 1186 1644 legis
1210 1575 1445 1644 lucisque
1472 1576 1528 1628 lit
1552 1577 1833 1645 particeps,

249 1668 392 1713 tanto
419 1658 586 1727 magis
612 1658 758 1714 videt
783 1657 906 1726 quid
935 1657 1049 1711 ﬁeri
1079 1658 1265 1727 possit,
1294 1659 1486 1730 quidve
1509 1675 1612 1714 non
1637 1661 1835 1728 possit:

243 1759 446 1820 quanto
476 1759 657 1805 autem
690 1749 944 1805 remotior
973 1750 1095 1805 imle
1123 1750 1301 1817 fuerit,
1328 1766 1393 1806 eo
1424 1753 1590 1822 magis
1617 1753 1838 1808 miratur

246 1840 456 1895 insolita
482 1881 496 1904 ,
528 1856 635 1910 quo
666 1840 840 1894 minus
866 1841 1035 1894 cernit
1067 1839 1258 1894 futura.

312 1930 545 1988 CAPUT
578 1931 664 1985 IV.
688 1959 759 1971 ~—
780 1932 854 1986 Ac
877 1947 976 2002 per
1001 1931 1105 1986 hoc
1139 1933 1264 2003 quid
1297 1933 1361 1987 de
1386 1935 1497 1989 Elia
1525 1935 1717 1991 factum
1745 1938 1834 2001 sit,

245 2023 516 2078 nescimus
553 2042 567 2078 :
600 2022 702 2076 hoc
731 2022 798 2078 de
829 2023 920 2077 illo
949 2032 1122 2078 tamen
1166 2025 1436 2081 credimus
1456 2068 1468 2087 ,
1503 2027 1647 2097 quod
1675 2044 1835 2083 verax

241 2115 515 2185 Scriptura
559 2122 803 2169 testatur.
855 2113 989 2168 lllud
1037 2129 1166 2170 sane
1209 2116 1446 2178 scimus,
1492 2118 1593 2178 hoc
1634 2117 1701 2172 de
1747 2119 1837 2172 illo

241 2207 438 2264 factum
484 2208 628 2276 quod
677 2207 770 2282 Dei
806 2207 1053 2262 voluntas
1101 2207 1295 2273 habet;
1343 2209 1482 2278 quod
1533 2219 1708 2264 autem
1743 2211 1835 2265 Dei

240 2303 488 2357 voluntas
519 2315 627 2355 non
679 2301 873 2363 habet,
909 2301 1021 2357 ﬁeri
1050 2300 1119 2357 de
1163 2318 1429 2375 quoquam
1481 2304 1698 2372 omnino
1729 2322 1835 2360 non

241 2408 418 2463 posse.
454 2391 690 2447 Proinde
712 2433 730 2456 ,
772 2392 817 2447 si
855 2391 986 2446 mihi
1015 2392 1223 2448 dicatur
1257 2409 1412 2463 posse
1459 2394 1571 2450 ﬁeri
1603 2405 1659 2450 ut
1685 2411 1832 2462 caro,

243 2482 394 2538 verbi
421 2483 619 2552 gratia,
648 2481 806 2550 hujus
826 2482 912 2536 vel
941 2482 1081 2537 illius
1109 2482 1340 2538 hominis
1368 2485 1420 2538 in
1451 2500 1648 2554 corpus
1674 2486 1835 2540 ccele-

240 2581 321 2627 ste
349 2581 630 2626 mutetur:
654 2570 892 2627 concedo
923 2570 1037 2626 ﬁeri
1064 2587 1241 2642 posse,
1271 2571 1364 2626 sed
1397 2582 1569 2626 utrum
1601 2573 1833 2629 futurum

235 2664 310 2716 sit
332 2662 517 2718 nescio
542 2679 558 2726 ;
587 2671 642 2716 et
671 2661 794 2716 ideo
823 2661 1004 2716 nescio
1024 2703 1038 2728 ,
1081 2663 1203 2732 quia
1242 2661 1370 2732 quid
1415 2663 1604 2718 habeat
1636 2665 1703 2720 de
1736 2665 1836 2720 hac

211 2740 303 2807 ire
329 2751 423 2806 Dei
453 2753 724 2814 voluntas,
754 2767 840 2806 me
869 2752 997 2806 latet
1023 2770 1035 2805 :
1067 2751 1195 2806 illud
1227 2768 1314 2808 me
1343 2761 1523 2808 tamen
1553 2771 1654 2808 non
1684 2754 1831 2821 latet,

238 2844 360 2898 sine
407 2843 576 2898 dubio
624 2843 891 2909 futurum,
947 2843 1026 2899 sic
1069 2842 1172 2898 hoc
1225 2843 1316 2899 Dei
1367 2844 1612 2899 voluntas
1656 2845 1831 2900 habet.

244 2935 415 2990 Porro
441 2936 486 2990 si
518 2935 732 2989 audiam
759 2935 898 3005 quod
925 2935 1123 3006 aliquid
1156 2935 1387 2990 futurum
1415 2947 1548 3001 erat,
1568 2937 1667 3012 sed
1697 2938 1834 2994 Deus

237 3027 369 3082 fecit
411 3042 479 3082 ne
527 3028 721 3091 ﬁeret;
775 3026 1029 3082 fidissime
1077 3025 1450 3097 respondebo,
1480 3027 1609 3083 lllod
1658 3029 1835 3098 potius

229 3118 484 3172 futurum
532 3128 652 3173 erat
693 3117 833 3187 quod
867 3118 1006 3173 Deus
1050 3117 1205 3184 fecit,
1253 3134 1357 3173 non
1399 3118 1561 3185 illud,
1607 3119 1748 3189 quod
1789 3121 1832 3174 si

227 3204 477 3266 futurum
508 3220 673 3276 esset,
703 3211 805 3265 hoc
845 3209 1057 3266 fecisset
1089 3211 1129 3263 ‘.
1161 3209 1290 3264 Nam
1319 3211 1460 3266 Deus
1495 3211 1635 3281 quod
1664 3212 1832 3266 fartu-

237 3320 334 3359 rus
365 3315 516 3369 erat,
550 3303 732 3372 utique
776 3303 994 3366 sciebat,
1027 3310 1081 3357 et
1125 3302 1245 3357 ideo
1273 3302 1431 3357 simul
1471 3302 1673 3358 sciebat
1703 3304 1831 3358 illud

234 3395 480 3449 futurum
511 3409 617 3447 non
659 3394 848 3460 fuisse,
878 3393 1016 3462 quod
1051 3410 1114 3447 ne
1145 3393 1296 3449 ﬁeret
1327 3391 1562 3448 facturus
1590 3403 1706 3450 erat
1733 3413 1746 3449 :
1779 3404 1834 3452 et

231 3485 430 3555 procul
461 3484 624 3539 dubio
653 3485 827 3552 potius
854 3499 1034 3538 verum
1063 3492 1145 3538 est
1172 3483 1312 3553 quod
1344 3485 1446 3538 scit
1477 3485 1646 3548 Deus,
1675 3502 1831 3555 quam

232 3577 388 3647 quod
418 3575 666 3645 opinatur
689 3575 870 3630 homo.
905 3573 1058 3632 Unde
1090 3585 1195 3636 tam
1241 3591 1345 3628 non
1395 3587 1615 3645 possunt
1659 3578 1832 3632 futura

234 3686 354 3724 non
383 3668 518 3734 ﬁeri,
548 3668 705 3739 quam
741 3683 846 3722 non
877 3667 1041 3728 fuisse
1073 3666 1208 3721 facta
1238 3668 1506 3738 prmterita
1539 3685 1552 3721 :
1580 3670 1830 3738 quoniam

221 3778 352 3816 non
391 3770 478 3815 est
519 3759 570 3814 in
612 3759 705 3817 Dei
733 3760 1034 3823 voluntate,
1067 3765 1125 3812 ut
1153 3772 1218 3812 eo
1259 3758 1330 3812 sit
1374 3757 1571 3827 aliquid
1617 3755 1826 3820 falsum,

227 3868 351 3924 quo
389 3866 575 3905 verum
604 3860 707 3905 est.
754 3851 1087 3919 Quapropter
1130 3849 1309 3902 omnia
1355 3863 1473 3918 qua:
1500 3862 1625 3902 vere
1657 3849 1831 3901 futura

226 3955 388 4010 sunt,
432 3943 550 3998 sine
587 3943 750 3998 dubio
790 3943 955 4004 fient;
997 3941 1041 3995 si
1072 3949 1249 3994 autem
1292 3938 1427 3994 facta
1471 3957 1576 3994 non
1617 3940 1830 4008 fuerint,

227 4037 419 4090 futura
448 4049 553 4088 non
579 4044 732 4088 erant
760 4051 772 4086 :
806 4034 874 4086 ita
904 4032 1081 4087 omnia
1109 4047 1229 4102 quae
1251 4047 1375 4086 vere
1400 4033 1667 4104 praeterita
1686 4043 1828 4100 sunt,

223 4128 354 4180 sine
377 4125 548 4180 dubio
579 4124 968 4194 praeterierunt.

298 4217 542 4274 CAPUT
570 4218 630 4273 γ.
662 4247 734 4259 —-
757 4219 1006 4289 Quisquis
1032 4219 1208 4289 itaque
1233 4218 1382 4284 dicit,
1409 4218 1467 4274 Si
1493 4219 1832 4289 omnipotens

229 4323 312 4368 est
341 4295 520 4377 Deus,
549 4307 703 4365 faciat
730 4319 786 4366 ut
810 4326 928 4379 qua:
956 4309 1088 4364 facta
1117 4322 1260 4376 sunt,
1294 4310 1429 4365 facta
1461 4326 1563 4366 non
1596 4312 1788 4367 fuerint
1814 4328 1828 4376 ;

228 4421 334 4457 non
367 4401 526 4456 videt
551 4401 652 4466 hoc
677 4416 737 4456 se
761 4400 962 4466 dicere,
989 4401 1043 4456 Si
1085 4400 1422 4472 ouinipotens
1454 4411 1557 4468 est,
1586 4402 1743 4457 faciat
1773 4414 1828 4459 ut

225 4512 286 4546 ea
320 4510 454 4566 qua:
486 4509 604 4548 vera
634 4503 779 4557 sunt,
806 4508 870 4547 eo
912 4493 1025 4561 ipso
1065 4509 1170 4562 quo
1203 4509 1326 4568 vera
1370 4502 1497 4547 sunt
1545 4493 1672 4546 falsa
1703 4495 1829 4564 sint.

229 4587 422 4640 Potest
456 4585 594 4638 enim
626 4585 800 4640 facere
828 4593 884 4638 ut
912 4585 1104 4655 aliquid
1137 4602 1239 4638 non
1267 4585 1334 4638 sit
1361 4585 1501 4654 quod
1527 4595 1674 4652 erat;
1708 4594 1831 4641 tunc

195 4679 374 4733 'rnim
426 4675 554 4730 facit
594 4685 653 4730 ut
701 4692 804 4731 non
837 4676 944 4742 sit,
977 4676 1186 4746 quando
1235 4675 1286 4730 id
1317 4691 1436 4737 esse
1467 4677 1724 4732 invenerit
1763 4678 1832 4734 de

225 4788 334 4838 quo
367 4769 472 4822 fiat
496 4786 510 4822 :
539 4769 681 4822 velut
706 4783 825 4822 cum
854 4766 1080 4836 aliquem
1107 4807 1120 4830 ,
1150 4767 1237 4836 qui
1266 4767 1428 4837 cmpit
1461 4782 1582 4822 esse
1609 4782 1832 4825 nascen-

222 4861 293 4914 do
315 4905 330 4928 ,
366 4859 508 4914 facit
542 4874 644 4913 non
676 4873 794 4913 esse
825 4857 1138 4922 moriendo;
1183 4857 1284 4912 hoc
1313 4859 1454 4912 enim
1501 4857 1696 4913 factum
1744 4861 1827 4913 iu-

223 4955 403 5018 venit,
456 4950 522 5005 de
558 4966 662 5020 quo
689 4950 860 5004 ﬁeret.
890 4949 1019 5017 Quis
1060 4959 1235 5004 autem
1281 4950 1443 5014 dicat,
1492 4959 1547 5005 ut
1589 4950 1640 5005 id
1685 4953 1826 5020 quod

216 5051 330 5118 jam
362 5061 480 5100 non
506 5053 609 5109 est,
655 5043 815 5098 faciat
851 5057 955 5097 non
996 5043 1160 5097 esse?
1199 5042 1464 5112 Quidquid
1509 5045 1649 5097 enim
1695 5061 1831 5114 pra:-

219 5141 456 5194 teritmn
489 5143 597 5201 est,
635 5133 745 5204 jam
775 5147 881 5187 non
921 5141 1046 5188 est:
1090 5133 1229 5202 quod
1270 5129 1313 5186 si
1355 5143 1408 5186 ct
1448 5133 1514 5186 de
1557 5134 1670 5203 ipso
1714 5135 1826 5189 ﬁeri

217 5228 434 5300 aliquid
463 5235 667 5296 potest,
690 5215 864 5280 adhuc
890 5235 972 5279 est
997 5225 1063 5278 de
1092 5240 1197 5295 quo
1227 5223 1352 5290 fiat;
1394 5235 1448 5281 et
1473 5225 1517 5278 si
1543 5235 1623 5279 est
1643 5267 1658 5290 ,
1686 5243 1823 5295 quo-

217 5322 396 5376 modo
450 5319 776 5388 preteritum
831 5317 955 5371 est?
989 5316 1124 5388 “Non
1184 5333 1311 5388 ergo
1358 5327 1478 5382 est.
1517 5319 1657 5387 quod
1703 5335 1827 5374 vere

217 5413 466 5467 dicimus
487 5408 650 5464 fuisse
679 5427 692 5462 :
722 5407 814 5462 sed
855 5408 976 5462 ideo
1001 5423 1183 5463 verum
1220 5417 1301 5462 est
1329 5408 1456 5462 illud
1481 5406 1676 5473 fuisse,
1704 5413 1823 5478 quia

218 5507 276 5561 in
307 5512 496 5560 nostra
525 5502 788 5557 sententia
818 5516 998 5554 verum
1025 5509 1125 5565 est,
1157 5517 1260 5554 non
1290 5502 1340 5555 in
1379 5517 1440 5555 ea
1485 5517 1540 5556 re
1566 5518 1684 5571 qu;e
1717 5504 1824 5568 jam

219 5611 339 5651 non
379 5601 486 5648 est.
512 5591 786 5646 Sententia
815 5591 1010 5659 quippe
1035 5606 1134 5660 qua
1163 5591 1390 5644 dicimus
1416 5592 1612 5660 aliquid
1642 5592 1726 5644 fui-
1746 5609 1823 5654 se,

219 5686 353 5741 ideo
381 5698 506 5737 vera
535 5691 638 5748 est,
684 5681 804 5751 quia
847 5681 973 5736 illud
1019 5682 1085 5735 de
1123 5697 1228 5751 quo
1266 5682 1532 5747 dicimus,
1572 5683 1678 5754 jam
1721 5700 1824 5738 non

290 5799 312 5831 ⁸
351 5801 429 5845 Er.
451 5793 597 5859 Lugd.
623 5801 766 5854 γεω,
791 5789 876 5842 hoc
901 5803 992 5842 non
1004 5791 1206 5855 fecisset.
1305 5799 1362 5842 tt.

2499 464 2502 465 ί
3412 394 3516 448 482

1950 501 2054 546 est.
2097 493 2242 548 l‘lanc
2268 495 2580 550 sententiam
2607 497 2744 552 Deus
2774 497 2952 553 falsam
2985 500 3157 559 facere
3185 520 3287 559 non
3324 518 3518 576 potest.

1946 583 2066 650 quia
2093 598 2196 637 non
2231 592 2313 638 est
2341 586 2638 641 contrarius
2663 589 2887 644 veritati.
2929 591 3077 658 Quod
3119 594 3162 648 si
3204 611 3408 665 quazras
3439 599 3528 653 ubi

1945 671 2014 724 sit
2053 671 2169 728 haec
2208 690 2329 728 vera
2369 679 2632 733 sententia
2678 695 2691 734 :
2736 681 2883 748 prius
2941 684 3208 741 invenitur
3259 689 3310 742 in
3350 689 3534 744 animo

1948 772 2150 828 nostro,
2186 780 2307 819 cum
2347 767 2397 820 id
2423 783 2602 822 verum
2644 772 2840 825 scimus
2875 782 2929 828 et
2966 773 3214 830 dicimus.
3250 778 3353 834 Sed
3394 782 3438 834 si
3480 793 3530 835 cl

1945 851 2012 906 de
2052 855 2231 910 animo
2267 867 2450 911 nostro
2485 859 2658 914 ablata
2702 861 2877 927 fuerit,
2921 879 3039 918 cum
3074 867 3122 920 id
3149 870 3288 938 quod
3331 873 3530 924 scinms

1944 945 2095 1000 obliti
2136 946 2413 1016 fuerimus,
2457 954 2687 1008 manebit
2733 957 2783 1008 in
2827 958 2938 1027 ipsa
2976 961 3199 1018 veritate
3227 964 3266 1017 ⁸.
3307 965 3530 1034 Βυιηιτιιιν

1944 1037 2084 1091 enim
2116 1053 2298 1094 verum
2343 1043 2446 1096 erit
2488 1043 2650 1098 fuisse
2690 1046 2816 1100 illud
2848 1050 2986 1117 quod
3018 1062 3149 1118 erat,
3187 1063 3240 1107 et
3271 1072 3373 1109 non
3401 1068 3482 1110 est
3511 1075 3524 1116 ;

1944 1134 2000 1183 et
2029 1126 2100 1182 ibi
2131 1144 2314 1184 verum
2351 1131 2454 1185 erit
2494 1133 2602 1202 jam
2648 1132 2810 1190 fuisse
2837 1139 2976 1207 quod
3018 1152 3131 1194 erat
3155 1184 3168 1201 .
3193 1135 3308 1198 “ubi
3341 1163 3521 1200 verum

1942 1226 2058 1270 erat
2098 1227 2380 1288 antequam
2428 1221 2579 1277 ﬁeret
2627 1222 2862 1281 futurum
2905 1243 3022 1284 esse
3068 1233 3208 1300 quod
3252 1251 3356 1289 non
3387 1247 3520 1291 erat.

1943 1305 2075 1361 lluic
2101 1311 2306 1364 veritati
2341 1313 2478 1366 Deus
2517 1329 2620 1367 non
2671 1326 2844 1384 potest
2871 1318 3137 1375 adversari
3164 1363 3178 1387 ,
3227 1324 3277 1377 in
3309 1340 3415 1394 quo
3443 1336 3526 1380 est

1944 1397 2054 1466 ipsa
2082 1413 2289 1455 summa
2317 1409 2370 1456 et
2400 1403 2844 1460 incommutabilis
2866 1409 3077 1475 veritas,
3106 1428 3210 1481 quo
3236 1415 3526 1471 illustratur

1943 1497 2002 1542 ut
2034 1490 2137 1552 sit,
2171 1493 2426 1562 quidquid
2471 1494 2524 1548 in
2569 1511 2902 1566 quorumque
2931 1501 3120 1557 animis
3160 1515 3211 1557 et
3260 1507 3525 1560 mentibus

1946 1580 2052 1633 veri
2079 1588 2179 1635 est.
2209 1582 2638 1653 Omnipotentem
2663 1597 2842 1642 autem
2869 1589 3031 1644 Deum
3057 1608 3159 1647 non
3185 1596 3252 1648 ita
3275 1595 3519 1662 dicimus,

1939 1683 2002 1722 ac
2028 1669 2070 1722 si
2100 1685 2222 1725 eum
2252 1673 2411 1727 etiam
2443 1677 2578 1730 mori
2623 1693 2781 1747 posse
2821 1680 3140 1747 credamus;
3179 1693 3233 1739 et
3260 1689 3379 1757 quia
3423 1689 3523 1744 huc

1941 1776 2045 1816 non
2093 1773 2302 1833 potest,
2347 1765 2464 1822 ideo
2503 1783 2608 1824 non
2640 1769 2710 1824 sit
2755 1772 3011 1828 dicendus
3040 1777 3395 1846 omnipotens.
3431 1781 3524 1834 Illo

1939 1854 2094 1923 plane
2123 1857 2464 1927 omnipotens
2489 1875 2615 1914 vere
2649 1862 2798 1916 solos
2837 1864 3145 1936 diciturqui
3175 1884 3299 1924 vere
3329 1880 3438 1937 est,
3470 1881 3525 1926 et

1938 1958 1968 1996 a
1990 1959 2094 2014 quo
2113 1947 2232 2001 solo
2257 1959 2340 2004 est
2362 1949 2617 2020 quidquid
2645 1952 2822 2022 aliquo
2849 1955 3011 2009 modo
3037 1969 3120 2011 est
3141 1959 3222 2013 vel
3251 1961 3524 2028 spiritualo

1939 2035 2021 2090 vel
2049 2038 2345 2106 corporale.
2391 2039 2522 2108 Quia
2555 2042 2797 2097 universa
2840 2054 3080 2100 creatura
3124 2064 3218 2102 sua
3258 2051 3422 2111 mitur
3464 2063 3524 2106 ut

1938 2127 1986 2182 ei
2016 2127 2187 2196 placet
2220 2147 2234 2183 :
2266 2130 2440 2199 placet
2463 2143 2638 2187 autem
2668 2133 2742 2187 illi
2787 2136 3080 2190 secundmn
3109 2151 3287 2193 veram
3319 2140 3524 2195 lllCtiltt-

1942 2220 2358 2292 mutabilemque
2405 2222 2694 2292 iuStitiam,
2726 2226 2865 2296 quod
2897 2227 3009 2296 ipse
3055 2229 3154 2284 sibi
3196 2240 3297 2294 est,
3344 2236 3522 2288 Omnia

1939 2310 2231 2376 inritabitia,
2255 2327 2375 2366 eum
2408 2313 2522 2383 ipse
2548 2315 2616 2368 sit
2643 2316 3102 2382 incommutabilis,
3138 2329 3347 2376 mutans
3376 2325 3396 2354 ²
3426 2341 3524 2393 pro

1940 2402 2144 2457 meritis
2169 2403 2282 2459 sive
2310 2416 2615 2460 naturarum
2647 2408 2760 2463 sive
2789 2408 3068 2464 factorum.
3100 2411 3365 2485 Numquid
3391 2430 3522 2484 ergo

1938 2491 2128 2547 dicturi
2158 2509 2342 2549 sumus
2372 2496 2684 2564 quod'lilias
2709 2514 2830 2552 cum
2861 2508 3005 2554 esset
3029 2511 3300 2570 creatura,
3328 2507 3521 2560 mutari

1939 2600 2044 2638 non
2075 2594 2252 2654 posset
2281 2587 2360 2640 vel
2393 2587 2451 2641 in.
2471 2587 2706 2643 deterius
2736 2590 2819 2643 vel
2847 2591 2897 2643 in
2934 2591 3160 2656 melius;
3189 2601 3280 2646 aut
3310 2608 3374 2648 eo
3408 2611 3522 2647 mo-

1937 2673 2008 2728 do
2049 2690 2154 2729 non
2187 2685 2403 2744 posset,
2449 2677 2537 2746 qui
2583 2687 2728 2732 esset
2769 2678 3001 2733 humano
3029 2680 3210 2750 generi
3254 2682 3519 2750 insolitus,

1938 2768 2228 2825 secundum
2277 2770 2366 2824 Dei
2407 2771 2787 2840 omnipmentis
2830 2773 3198 2829 voluntatem?
3246 2775 3376 2842 Quis
3420 2776 3521 2832 hoc

1937 2860 2022 2914 vel
2063 2861 2409 2916 stultissimus
2453 2862 2692 2916 dixerit?
2729 2864 2837 2917 Cur
2879 2879 3008 2934 ergo
3047 2865 3185 2934 quod
3228 2866 3295 2921 de
3335 2867 3424 2922 illo
3468 2869 3518 2923 in

1893 2997 1895 3000 .
1938 2952 2210 3023 Scriptura
2241 2954 2579 3009 veracissima
2616 2957 2853 3024 positum
2897 2970 3014 3021 est,
3061 2973 3164 3011 non
3197 2957 3522 3016 credamus?

1937 3046 2038 3101 nisi
2084 3057 2330 3116 putemus
2381 3046 2482 3103 hoc
2525 3047 2697 3103 solum
2738 3063 2894 3119 posse
2919 3047 3114 3107 'facere
3150 3052 3349 3118 Deum,
3381 3055 3520 3123 quod

1939 3138 2122 3194 videre
2161 3141 2555 3196 consuevimus.

2006 3247 2233 3306 CAPUT
2265 3251 2350 3305 Vl.
2376 3282 2445 3292 --
2466 3251 2570 3306 Sed
2602 3251 2644 3306 si
2675 3250 2837 3308 homo
2863 3252 2993 3318 fuit,
3025 3253 3228 3324 inquit,
3258 3255 3432 3322 Elias,
3468 3266 3521 3312 rt

1938 3342 2107 3412 potuit
2129 3356 2234 3398 non
2267 3344 2434 3406 mori,
2470 3358 2565 3396 cur
2592 3342 2837 3399 Christus
2865 3359 2983 3399 cum
3011 3345 3175 3399 homo
3201 3361 3306 3400 non
3341 3348 3517 3411 fuerit,

1935 3448 2042 3488 non
2072 3433 2306 3504 potuerit
2333 3434 2512 3487 mori?
2543 3433 2671 3488 Tale
2701 3443 2784 3489 est
2809 3448 2870 3488 ac
2898 3435 2942 3488 si
2972 3435 3248 3506 quisquam
3279 3436 3477 3490 dicerrt
3503 3456 3515 3490 :

1937 3523 1993 3578 Si
2034 3523 2204 3591 potuit
2247 3531 2432 3577 natura
2464 3523 2696 3578 hominis
2732 3523 2784 3577 in
2824 3524 3020 3594 aliquid
3063 3525 3251 3580 melius
3278 3542 3520 3580 commu-

1938 3613 2057 3677 tari,
2083 3627 2180 3666 cur
2209 3613 2298 3667 Dei
2331 3621 2518 3667 natura
2549 3613 2600 3666 in
2632 3613 2866 3669 deterius
2897 3629 3000 3668 non
3033 3616 3300 3684 potuerit?
3327 3617 3514 3678 Stul‘e,

1935 3703 2056 3772 quia
2085 3701 2317 3756 hominis
2341 3711 2424 3757 est
2453 3712 2639 3756 natura
2667 3704 2956 3770 mutabilis,
2993 3705 3083 3759 Dei
3112 3715 3287 3759 autem
3316 3706 3518 3760 incom-

1937 3792 2227 3846 mutabilis.
2259 3793 2446 3847 Posset
2469 3793 2611 3847 enim
2635 3801 2689 3848 et
2708 3794 2899 3864 aliquis
2927 3796 3124 3863 pariter
3145 3795 3518 3853 insanissiunzs

1936 3885 2116 3941 dicere
2145 3904 2159 3940 :
2200 3885 2256 3940 Si
2288 3883 2489 3939 homini
2520 3893 2696 3955 potest
2721 3885 2922 3940 donare
2957 3895 3011 3940 ut
3042 3896 3226 3955 regnet
3267 3886 3319 3940 in
3359 3901 3439 3941 (et:
3463 3905 3517 3942 ro

1937 3991 2063 4030 num
2088 4018 2100 4038 ,
2133 3990 2231 4031 cur
2259 3989 2364 4028 non
2404 3983 2458 4028 et
2499 3974 2599 4028 sibi
2647 3973 2825 4030 facere
2856 3984 2912 4029 ut
2939 3974 3222 4031 damnetur
3266 3977 3317 4031 in
3358 3988 3517 4048 aeu-r7

1938 4068 2108 4122 num?
2151 4066 2268 4121 Non
2316 4065 2448 4131 hoc,
2496 4065 2698 4136 inquit,
2741 4079 2842 4135 ego
2885 4066 3024 4133 dico,
3075 4067 3168 4122 sed
3207 4065 3516 4122 triduanum

1935 4157 2122 4212 saltem
2153 4165 2380 4212 mortem
2412 4155 2538 4222 Dei,
2572 4164 2785 4210 ueterum
2813 4156 2933 4209 vita:
2975 4156 3203 4210 hominis
3243 4171 3515 4228 COHIIltli‘tt.

1937 4249 2099 4304 Plane
2141 4249 2186 4303 si
2233 4249 2312 4304 sic
2352 4249 2626 4318 acciperes
2674 4248 2971 4302 triduanum
3019 4239 3241 4304 mortem
3284 4249 3374 4303 Dei
3401 4294 3413 4315 ,
3462 4253 3519 4305 ut

1935 4356 2062 4396 raro
2092 4341 2148 4395 in
2175 4340 2266 4395 illo
2307 4348 2638 4404 moreretur,
2680 4355 2837 4409 quam
2885 4339 2954 4394 de
2989 4340 3290 4393 mortalium
3321 4355 3518 4410 genere

1933 4433 2258 4501 assumpsit,
2291 4447 2474 4486 verum
2516 4445 2733 4500 sapores
2779 4447 2794 4484 :
2842 4445 2963 4484 nam
2999 4431 3168 4483 istam
3218 4432 3514 4486 triduanum

1917 4525 2130 4579 Christi
2182 4533 2406 4578 mortem
2459 4539 2555 4591 pro
2600 4531 2796 4576 interna
2838 4523 2942 4575 vita
2999 4522 3272 4576 hominum
3322 4521 3514 4577 factam

1935 4617 2130 4671 veritas
2157 4615 2458 4684 evangelica
2488 4613 2758 4684 przndieat.
2792 4614 2924 4666 Cum
2956 4622 3132 4667 autem
3163 4614 3294 4668 velis
3320 4615 3517 4668 tridua—

1937 4725 2056 4763 nam
2103 4719 2351 4771 mortem,
2398 4707 2537 4761 nulla
2583 4707 2789 4759 mortaii
2836 4717 3103 4774 assumpta
3149 4717 3408 4766 creatura,
3461 4707 3511 4759 in

1937 4802 2046 4869 ipsa
2079 4799 2258 4854 divina
2289 4808 2472 4852 matura
2507 4798 2626 4849 ideo
2655 4813 2756 4849 non
2788 4796 3018 4850 absurde
3047 4797 3221 4861 credi,
3253 4797 3372 4866 quia
3415 4811 3513 4865 po-

1935 4902 2037 4947 test
2082 4893 2308 4947 bumana
2348 4902 2532 4945 natura
2582 4890 2978 4944 immortalitate
3005 4890 3228 4953 donari;
3277 4889 3514 4956 profecto

1934 4987 2010 5038 sic
2035 4985 2260 5054 desipis,
2292 4983 2560 5055 quioniodo
2587 4983 2673 5051 qui
2715 4997 2813 5036 nec
2846 4983 3007 5036 Deum
3042 4982 3177 5034 nosti
3201 5023 3214 5044 ,
3249 4997 3346 5033 nec
3375 4979 3512 5036 dona

1937 5077 2047 5130 Dei.
2080 5075 2279 5130 Deinde
2314 5072 2750 5144 quomodoillud
2773 5115 2786 5133 ,
2818 5071 2962 5141 quod
2999 5087 3154 5138 supra
3188 5070 3369 5138 posui,
3407 5086 3510 5125 non

1932 5169 2065 5223 dicis
2105 5183 2168 5222 ac
2210 5168 2412 5233 sentis,
2451 5168 2614 5220 Deum
2655 5165 2753 5218 sibi
2799 5163 2989 5218 fecisse
3017 5163 3039 5197 ³
3070 5161 3207 5215 unde
3233 5155 3514 5216 telatlttlt‘ltll'

1935 5260 1984 5314 in
2015 5268 2271 5313 :cteruum
2295 5302 2308 5326 ,
2341 5259 2553 5329 quando
2582 5273 2702 5326 pars
2735 5256 2820 5309 illa
2861 5255 2945 5308 dei
2986 5253 3146 5307 vestri
3191 5253 3240 5306 in
3271 5253 3428 5322 globo
3460 5247 3510 5307 in

1935 5360 2242 5420 perpetuum
2272 5348 2610 5420 conligetur?
2650 5350 2728 5400 An
2760 5346 2814 5398 ct
2855 5343 2956 5396 hoc
2986 5343 3221 5397 dicturus
3255 5337 3347 5409 es,
3391 5346 3513 5414 quia

1936 5459 2054 5513 pars
2083 5441 2216 5496 lueis
2249 5441 2333 5494 lux
2363 5439 2462 5505 cst,
2495 5449 2545 5492 ct
2577 5453 2695 5508 pars
2726 5433 2815 5490 Dei
2849 5437 2983 5489 Deus
3011 5450 3114 5489 non
3143 5435 3270 5489 est?
3301 5436 3510 5490 [Nstro-

1933 5552 2020 5591 mo
2049 5546 2104 5589 ut
2138 5534 2254 5589 sine
2293 5535 2396 5588 ulla
2439 5530 2842 5587 ratiocinatione
2871 5539 2923 5582 et
2955 5529 3105 5598 plana
3140 5529 3258 5583 ﬁdei
3290 5531 3509 5585 veritate

1997 5669 2009 5698 ¹
2049 5665 2398 5728 I‘Ieriqueatss.
2425 5675 2532 5710 eam
2557 5668 2654 5708 Am.
2684 5667 2736 5710 ct
2759 5667 2854 5720 lita,
2877 5658 3084 5709 manebit
3108 5659 3212 5724 ipsa
3234 5673 3300 5710 re:
3317 5659 3450 5712 ituze.

1994 5729 2016 5759 ⁸
2048 5726 2151 5775 sola
2175 5726 2325 5773 editio
2348 5730 2441 5781 Et,
2466 5729 2670 5771 mutare.

2003 5791 2023 5821 ³
2056 5797 2154 5838 Arn.
2174 5793 2246 5835 Er.
2273 5792 2324 5834 et
2344 5784 2566 5848 plerique
2590 5792 2678 5835 Mss
2739 5781 2830 5834 sibi
2850 5796 2942 5833 non
2964 5783 3146 5848 ferisve.
