4028 6462
530 380 635 438 483

530 509 559 548 a
592 489 745 547 nobis
769 489 1016 552 audiatis,
1045 503 1141 544 cur
1170 486 1335 542 Eliam
1363 483 1634 540 hominem
1664 489 1869 548 natum,
1898 490 2107 551 raptum

529 600 650 640 esse
677 583 929 639 divinitus
974 580 1042 636 de
1081 589 1219 635 terra
1260 576 1575 641 credamus,
1615 574 1885 630 Christum
1927 578 2113 626 autem

529 684 583 732 et
620 690 688 732 ex
726 673 931 743 virgine
970 686 1094 726 vere
1136 678 1355 733 natum,
1400 674 1455 722 et
1500 667 1553 720 in
1597 679 1758 720 cruce
1797 678 1921 719 vere
1965 678 2114 717 mor-

533 778 679 824 tuutn
719 783 731 820 :
762 765 877 820 lucc
908 762 1025 818 ideo
1052 760 1352 824 credimus,
1384 758 1506 828 quia
1536 766 1589 813 et
1620 755 1751 811 illud
1782 754 1850 810 de
1880 754 1994 808 Elia
2016 795 2029 816 ,
2060 760 2116 807 et

530 859 633 913 hoc
661 857 729 913 de
770 855 980 911 Christo
1030 862 1212 906 sancta
1258 850 1531 920 Scriptum
1580 858 1807 905 testatur
1850 847 1950 919 (ιν
1980 845 2111 918 Reg.

531 967 603 1016 ιι,
634 950 694 1004 il
724 964 740 1012 ;
791 947 976 1000 Matth.
1006 960 1057 1009 ι,
1087 943 1193 1007 25,
1224 952 1271 998 et
1301 958 1445 1009 xvu,
1473 942 1611 1012 50),
1656 942 1740 997 cui
1792 955 1950 995 nemo
1996 942 2114 1009 pius

530 1043 633 1097 nisi
658 1042 746 1112 qui
776 1039 976 1103 credit,
1008 1038 1110 1092 uisi
1154 1036 1345 1106 impius
1375 1050 1532 1090 nemo
1574 1050 1681 1088 non
1714 1033 1947 1089 credit‘.
1982 1031 2113 1086 lllud

530 1143 708 1189 autem
751 1132 819 1187 de
867 1131 981 1185 Elia
1012 1144 1108 1183 vos
1138 1128 1365 1199 negatis,
1414 1127 1536 1197 quia
1581 1127 1759 1180 omnia
1805 1125 2111 1180 simulatis:

530 1225 598 1281 de
623 1224 838 1280 Christo
877 1231 1053 1276 autem
1101 1219 1244 1290 quod
1286 1218 1431 1273 nasci
1474 1231 1579 1271 non
1621 1215 1853 1287 potuerit
1889 1225 1943 1270 et
1980 1214 2115 1268 mori

531 1315 796 1387 potuerit,
825 1327 923 1369 nec
952 1328 1047 1368 vos
1074 1311 1291 1377 dicitis;
1338 1309 1429 1364 sed
1458 1308 1572 1378 ejus
1598 1323 1663 1363 ex
1690 1306 1897 1377 virgine
1925 1305 2115 1359 nativi-

532 1416 694 1464 tatem
719 1406 951 1473 nullam,
985 1413 1212 1459 mortem
1252 1412 1431 1457 autem
1472 1402 1523 1455 in
1552 1414 1712 1455 cruce
1741 1399 1927 1454 falsam
1958 1398 2117 1451 fuisse

530 1497 889 1562 contenditis,
936 1495 1039 1551 hoc
1085 1503 1169 1551 est
1212 1494 1371 1549 etiam
1422 1493 1588 1563 ipsam
1637 1490 1857 1556 nullam,
1911 1487 2003 1543 sed
2051 1488 2115 1542 ad

531 1588 883 1646 ludiﬁcandos
927 1588 1192 1642 humanos
1238 1586 1423 1642 oculos
1474 1584 1820 1646 simulatam;
1870 1581 1937 1636 ad
1987 1580 2119 1635 nihil

532 1681 671 1736 aliud
692 1721 708 1746 ,
738 1678 840 1734 nisi
868 1688 923 1733 ut
949 1678 1016 1732 ab
1042 1679 1120 1733 eis
1148 1678 1236 1747 qui
1266 1677 1364 1731 ista
1396 1674 1753 1741 crediderint,
1781 1672 1940 1729 etiam
1970 1671 2120 1727 vobis

533 1770 713 1827 omnia
740 1768 1123 1824 mentientibus
1152 1768 1479 1837 ignoscatur.

605 1860 831 1917 CAPUT
866 1859 974 1915 Vll.
1003 1886 1075 1900 —~
1099 1858 1231 1927 Quis
1261 1867 1435 1913 autem
1464 1857 1613 1912 vobis
1654 1862 1951 1926 proponat,
1979 1853 2122 1924 quod

535 1951 636 2009 sibi
689 1951 842 2021 quasi
889 1966 955 2007 ex
1006 1964 1233 2020 persona
1254 1948 1501 2003 catholici
1552 1947 1780 2003 Faustus
1833 1944 2121 2015 preponit,

535 2040 751 2115 Jesttgi
776 2050 925 2095 natus
960 2057 1061 2095 non
1088 2049 1181 2106 est,
1213 2040 1462 2110 quomodo
1500 2048 1727 2093 mortuus
1754 2046 1827 2092 est
1847 2037 1874 2090 .9
1901 2036 2002 2091 nisi
2033 2036 2123 2106 qui

537 2150 725 2205 parum
765 2132 1071 2189 considerat
1100 2133 1271 2203 ipsum
1298 2131 1465 2185 Adam
1508 2140 1564 2185 et
1608 2139 1789 2184 natum
1834 2144 1941 2183 non
1978 2143 2120 2195 esse,

537 2238 592 2283 et
630 2235 809 2283 tamen
852 2234 1120 2281 mortuum
1170 2224 1332 2280 esse?
1384 2223 1440 2278 Si
1489 2223 1743 2277 voluisset
1789 2236 1917 2291 ergo
1957 2219 2125 2276 Filius

539 2319 635 2375 Dci
678 2318 801 2374 inde
830 2317 934 2373 sibi
977 2316 1264 2372 humanam
1308 2330 1523 2371 carnem
1553 2328 1842 2385 veramque
1871 2313 2122 2377 formare,

542 2410 682 2465 unde
723 2408 970 2465 formavit
999 2418 1055 2465 et
1096 2408 1168 2463 illi
1203 2407 1374 2476 primo
1404 2406 1625 2471 homini,
1666 2406 1918 2476 quoniam
1949 2405 2126 2461 omnia

544 2517 639 2571 per
666 2502 837 2570 ipsum
866 2498 1001 2555 facta
1029 2506 1153 2555 sunt
1178 2496 1356 2571 (Ioan.
1385 2513 1436 2563 ι,
1464 2498 1499 2553 5
1517 2498 1534 2567 )
1555 2538 1570 2561 ,
1596 2497 1716 2567 quis
1743 2510 1866 2551 eum
1894 2511 1998 2550 non
2028 2510 2126 2564 po-

544 2593 709 2648 tuisse
748 2591 940 2647 audeat
981 2590 1293 2645 afﬁrmare?
1337 2590 1395 2645 Si
1439 2589 1671 2660 denique
1708 2588 1777 2645 de
1813 2588 2017 2645 caelesti
2046 2587 2127 2641 vel

542 2697 698 2738 aerea
725 2681 808 2737 vel
854 2681 1069 2737 humida
1107 2690 1349 2736 creatura
1379 2694 1577 2749 corpus
1605 2689 1939 2750 assumptum
1970 2679 2130 2735 veiiet

543 2781 874 2828 commutare
897 2773 950 2827 in
975 2770 1221 2827 humana:
1242 2772 1419 2825 carnis
1438 2770 1773 2825 verissimam
1796 2770 2126 2841 qualitatem,

547 2863 602 2918 in
642 2878 746 2933 qua
775 2871 831 2918 et
856 2862 1035 2918 vivere
1066 2871 1124 2917 ut
1164 2861 1405 2917 mortalis
1450 2861 1611 2916 homo
1654 2870 1856 2931 posset,
1887 2870 1943 2917 et
1970 2863 2128 2928 mori,

545 2955 652 3012 hoc
674 2970 795 3011 eum
826 2955 1061 3026 potuisse
1085 2954 1284 3020 facere,
1306 2956 1426 3026 quis
1453 2964 1689 3027 negaret,
1712 2956 2130 3025 omnipotentem

549 3048 929 3117 omnipotentis
957 3047 1193 3103 Filium?
1225 3048 1503 3103 Postremo
1528 3049 1574 3103 si
1598 3048 1858 3102 voluisset
1881 3047 1949 3103 de
1976 3047 2132 3102 nullis

548 3140 828 3196 elementis
857 3141 1163 3211 corporeis,
1196 3156 1314 3211 qua:
1348 3156 1440 3210 per
1464 3155 1589 3195 eum
1618 3150 1795 3194 creata
1824 3148 1981 3206 sunt,
2009 3153 2133 3195 cor-

552 3248 651 3303 pus
692 3246 1005 3300 assumere,
1050 3231 1146 3288 sed
1191 3247 1411 3303 prorsus
1464 3248 1534 3289 ex
1584 3231 1751 3287 nihilo
1797 3232 1901 3287 sibi
1948 3246 2135 3289 creare

552 3339 731 3378 veram
776 3339 993 3380 carnem
1016 3364 1032 3389 ,
1075 3324 1218 3381 sicut
1257 3338 1354 3394 per
1394 3339 1517 3380 eum
1555 3334 1733 3379 creata
1778 3332 1903 3379 sunt
1945 3335 2135 3380 cuncta

550 3429 670 3485 qua:
714 3429 818 3471 non
863 3424 1058 3481 erant;
1110 3415 1230 3486 quis
1270 3424 1516 3472 nostrum
1557 3416 1969 3485 contradicere,
2016 3418 2137 3487 quis

552 3513 791 3560 nostrum
833 3505 945 3565 ﬁeri
988 3522 1093 3562 non
1134 3506 1372 3577 potuisse
1410 3508 1800 3565 contenderet?
1840 3506 1959 3565 Non
2008 3524 2136 3578 ergo

552 3595 673 3651 ideo
701 3596 973 3654 credimus
1003 3606 1187 3653 natum
1224 3614 1292 3654 ex
1318 3598 1523 3669 virgine
1554 3599 1713 3653 Maria
1735 3639 1750 3665 ,
1797 3599 1938 3670 quod
1979 3600 2136 3654 aliter

552 3689 607 3745 in
629 3705 754 3745 vera
783 3706 945 3747 carne
971 3692 1209 3747 existere
1233 3700 1395 3762 atque
1421 3692 1724 3747 hominibus
1748 3707 2005 3762 apparere
2029 3706 2134 3747 non

553 3790 777 3852 posset:
807 3782 901 3838 sed
943 3784 1065 3853 quia
1095 3783 1175 3838 sic
1215 3783 1471 3853 scriptum
1508 3788 1593 3838 est
1634 3784 1686 3837 in
1734 3797 1797 3837 ea
1839 3782 2134 3853 Scriptura,

550 3874 636 3928 cui
672 3874 773 3929 nisi
802 3874 1189 3931 crediderimus
1209 3914 1224 3940 ,
1254 3890 1354 3930 nec
1387 3874 1664 3930 christiani
1708 3889 1811 3930 nec
1851 3875 1982 3929 salvi
2015 3888 2136 3930 esse

553 3969 865 4037 poterimus.
914 3968 1191 4025 Credimus
1226 3986 1355 4040 ergo
1400 3986 1466 4026 ex
1504 3971 1666 4025 Maria
1706 3972 1910 4042 virgine
1953 3982 2135 4028 natum

553 4058 845 4122 Christum,
873 4060 994 4127 quia
1021 4062 1097 4114 sic
1125 4062 1380 4129 scriptum
1408 4070 1491 4117 est
1516 4061 1565 4115 iu
1597 4061 1887 4132 Evangeiio
1920 4080 1933 4116 :
1963 4062 2139 4119 credi-

555 4165 675 4206 mus
711 4149 1023 4204 cruciﬁxum
1065 4158 1120 4205 et
1163 4158 1429 4205 mortuum
1451 4192 1467 4215 ,
1502 4150 1625 4221 quia
1654 4150 1734 4206 sic
1770 4153 2025 4221 scriptum
2056 4161 2139 4207 est

548 4240 608 4296 in
630 4239 926 4310 Evangdlio
946 4257 967 4295 ς
1000 4248 1058 4295 et
1083 4255 1209 4296 vere
1236 4249 1418 4297 natum
1456 4250 1513 4296 et
1537 4256 1662 4296 vero
1691 4251 1981 4307 mortuum,
2012 4245 2133 4314 quia

1343 368 1619 428 CONTRA
1657 365 1979 425 FAUSTUM
2016 361 2468 432 HANICIDEUX,
2506 359 2563 421 S.
2605 362 2973 422 AUGUSTINI

3698 370 3804 428 484

2223 488 2399 535 tamen
2426 478 2653 535 ﬁdenter
2676 479 2849 535 dicam
2868 522 2885 547 ,
2917 494 3016 535 nec
3039 479 3195 537 aliter
3232 480 3426 537 factum
3452 497 3575 540 esse
3594 525 3610 550 ,
3640 500 3806 557 quam

2220 572 2524 643 evangelica
2550 572 2747 628 veritas
2772 570 2985 638 docuit;
3028 587 3125 627 nec
3153 573 3311 628 aliter
3336 572 3451 630 fieri
3480 576 3807 645 oportuisse,

2221 678 2379 733 quam
2411 662 2503 718 Dei
2532 663 2788 732 sapientia
2817 661 3093 733 judicavit.
3126 662 3401 735 Evangelii
3433 664 3593 720 ﬁdem
3623 668 3807 721 enmi-

2224 755 2323 811 bus
2347 755 2725 811 luereticorum
2756 756 3201 825 disputationibus
3230 758 3605 827 anteponimus
3630 776 3644 811 :
3678 773 3809 813 con-

2221 849 2399 903 silium
2444 856 2622 903 autem
2671 848 2946 918 sapientia:
2978 849 3072 903 Dei
3114 863 3277 919 supra
3318 865 3478 904 omne
3519 851 3807 905 consilium

2222 954 2483 997 creatura:
2512 942 2894 1013 cujuscumque
2923 940 3221 997 laudamus.
3440 947 3444 951 '

2292 1034 2519 1091 CAPUT
2550 1035 2683 1090 Vlll.
2708 1066 2777 1076 —
2803 1035 3003 1092 Tamen
3034 1035 3283 1101 Faustus,
3314 1046 3370 1091 ut
3397 1037 3497 1091 sibi
3521 1036 3812 1093 credamus

2224 1128 2466 1183 hortatur
2503 1128 2721 1194 dicens,
2766 1127 2830 1182 Et
2858 1129 2903 1182 si
2947 1130 3071 1182 mihi
3100 1146 3216 1183 vera
3254 1130 3439 1183 dicenti
3466 1130 3539 1183 vis
3581 1130 3808 1195 credere,

2222 1228 2428 1288 uterque
2462 1234 2633 1273 eorum
2660 1218 2798 1288 apud
2826 1217 3065 1273 Heln-atas
3091 1219 3275 1289 falsam
3304 1222 3456 1273 traxit
3484 1221 3803 1289 opinionem,

2220 1306 2373 1361 Iesus
2396 1308 2459 1361 de
2486 1317 2670 1371 morte,
2698 1317 2745 1363 et
2772 1308 2834 1362 de
2861 1309 3238 1363 immortalitate
3264 1308 3410 1363 Elius
3441 1326 3458 1362 :
3486 1325 3610 1365 cum
3641 1312 3806 1381 paulo

2223 1410 2343 1467 post
2372 1399 2541 1465 dicat,
2575 1399 2642 1455 Ut
2672 1401 2803 1454 enim
2834 1399 2895 1453 ab
2920 1401 3064 1455 initio
3089 1408 3286 1472 sumpta
3312 1400 3527 1455 Itominis
3555 1402 3809 1455 similitu-

2223 1493 2341 1546 dine
2377 1509 2547 1547 omnes
2573 1492 2811 1547 humanae
2845 1494 3145 1547 conditionis
3169 1494 3423 1550 simulavit
3451 1492 3703 1560 aﬂ'ectus;
3735 1495 3809 1547 sic

2223 1584 2286 1637 ab
2309 1599 2365 1637 re
2404 1600 2503 1637 non
2529 1592 2637 1638 erat
2654 1625 2670 1650 ,
2702 1585 2742 1639 si
2769 1584 2822 1638 in
2856 1584 2957 1652 ﬁne
2982 1600 3178 1655 quoque
3214 1583 3573 1655 consignandc
3600 1601 3815 1639 oecono-

2224 1674 2341 1728 mia:
2377 1674 2541 1745 gratia
2581 1675 2757 1746 fuisset
2796 1675 2931 1729 visus
2974 1684 3019 1728 et
3063 1676 3212 1729 mori.
3261 1674 3432 1729 Homo
3474 1676 3712 1746 pessime
3749 1690 3817 1731 ac

2222 1764 2593 1831 fallacissime,
2634 1765 2905 1836 quomodo
2952 1766 3043 1820 tibi
3089 1781 3188 1836 ego
3216 1766 3467 1832 credam,
3502 1767 3656 1837 quasi
3686 1782 3818 1823 vera

2226 1857 2452 1922 dicenti,
2484 1872 2605 1912 cum
2631 1855 2904 1912 Christum
2944 1855 3093 1912 dicas
3122 1866 3349 1933 mortem
3380 1857 3617 1927 potuisse
3656 1873 3820 1913 men-

2229 1949 2358 2002 tiri?
2400 1948 2542 2019 Ergo
2574 1949 2663 2004 ille
2691 1949 3070 2014 mentiebatur,
3097 1949 3311 2020 quando
3340 1949 3571 2017 dicebat,
3603 1949 3825 2021 Operm

2230 2038 2423 2096 Filium
2466 2042 2681 2097 hominis
2727 2042 2907 2105 occidi,
2955 2051 3002 2096 et
3052 2042 3195 2096 tertia
3234 2043 3314 2096 die
3356 2059 3616 2113 resurgere
3658 2040 3820 2115 (Luc.

2228 2148 2373 2193 xxiv,
2400 2132 2507 2203 7);
2550 2141 2603 2187 et
2640 2141 2698 2187 tu
2738 2148 2842 2188 non
2878 2132 3156 2199 mentiris,
3201 2140 3255 2188 et
3299 2132 3433 2188 dicis
3463 2142 3521 2187 ut
3565 2132 3661 2187 tibi
3690 2148 3825 2188 vera

2228 2226 2424 2281 dicenti
2454 2226 2779 2281 credamus?
2807 2224 3065 2280 Veracior
3100 2241 3227 2295 ergo
3258 2225 3475 2293 Petrus,
3513 2225 3730 2295 quando
3771 2226 3825 2280 ci

2230 2316 2391 2380 dixit,
2420 2317 2595 2383 Absit,
2624 2316 2839 2372 Domine
2857 2360 2872 2384 ,
2902 2334 3003 2371 non
3029 2318 3116 2387 ﬁet
3159 2317 3331 2383 istud;
3374 2327 3428 2372 et
3454 2317 3594 2373 unde
3622 2320 3829 2373 meruit

2231 2408 2415 2462 audire
2436 2451 2449 2469 ,
2480 2407 2611 2462 Redi
2636 2419 2797 2473 retro,
2824 2418 3029 2462 satanas
3058 2407 3280 2479 (Matth.
3306 2426 3428 2473 xvt,
3454 2408 3559 2477 ΞΩ,
3589 2408 3722 2481 23).
3757 2410 3830 2465 Et

2232 2497 2320 2553 ille
2362 2498 2574 2568 quidem
2622 2515 2727 2555 non
2776 2499 2877 2554 hoc
2920 2500 3247 2556 infructuose
3288 2500 3510 2567 audivit,
3564 2500 3657 2571 qui
3701 2517 3829 2556 eam

2232 2599 2414 2659 postea
2444 2590 2720 2645 veritatem
2754 2590 2941 2645 mortis
2964 2590 3160 2647 Christi
3200 2606 3369 2662 usque
3394 2590 3461 2646 ad
3491 2607 3644 2647 suam
3672 2606 3830 2645 mor-

2236 2691 2339 2737 tem
2360 2692 2635 2738 correctus
2661 2682 3030 2753 pet-tectusque
3056 2682 3385 2753 prtedicavit.
3412 2682 3609 2738 Verum
3632 2682 3682 2738 si
3710 2682 3827 2745 ille,

2234 2774 2359 2843 quia
2389 2783 2589 2827 tantum
2620 2774 2821 2842 putavit
2841 2771 3112 2829 Christum
3139 2788 3244 2828 non
3275 2773 3613 2837 moriturum,
3636 2771 3835 2828 audire

2236 2867 2463 2931 meruit,
2498 2865 2758 2933 Satanas;
2801 2872 2854 2920 tu
2896 2864 3025 2935 quid
3069 2866 3294 2921 mereris
3334 2864 3546 2929 audire,
3576 2863 3669 2934 qui
3716 2879 3833 2919 non

2236 2974 2398 3029 negas
2429 2969 2718 3023 mortuum,
2750 2957 2845 3014 sed
2873 2957 3034 3012 etiam
3058 2956 3193 3012 dicis
3220 2966 3447 3013 mortem
3476 2955 3641 3011 fuisse
3666 2972 3834 3011 meu-

2239 3051 2435 3104 titum?
2473 3050 2575 3105 Sed
2613 3049 2731 3103 ideo
2752 3089 2767 3116 ,
2798 3048 3009 3119 inquis,
3038 3056 3266 3104 mortem
3289 3062 3502 3119 quoque
3541 3046 3835 3103 simulasse

2237 3140 2534 3197 credendus
2560 3149 2662 3204 est,
2685 3142 2806 3211 quia
2827 3155 3014 3197 omnes
3040 3141 3287 3196 humanae
3311 3139 3634 3196 conditionis
3654 3139 3833 3195 simu-

2238 3234 2365 3288 lavit
2388 3233 2629 3289 aﬁ'ectns.
2672 3239 2801 3300 Quis
2833 3234 2975 3290 enim
3005 3232 3097 3288 tibi
3126 3232 3232 3289 hoc
3260 3240 3446 3289 contra
3472 3231 3835 3302 Evangelium

2238 3338 2594 3379 concessurus
2638 3334 2751 3391 est,
2795 3323 2939 3395 quod
2982 3337 3171 3379 omnes
3216 3323 3462 3378 humana:
3505 3321 3840 3377 conditionis

2240 3417 2509 3472 siumlavit
2552 3416 2817 3472 all‘ectus?
2878 3416 3107 3472 Prorsus
3154 3416 3201 3471 si
3242 3417 3258 3448 ³
3294 3414 3427 3471 dixit
3470 3416 3839 3484 evangelista,

2240 3507 2499 3562 Dormivit
2523 3506 2677 3562 Jesus
2705 3506 2815 3577 (Id.
2844 3522 2934 3561 vttt
2954 3548 2970 3573 ,
2998 3505 3103 3580 24)
3127 3523 3141 3569 ;
3166 3506 3208 3560 si
3248 3506 3406 3571 dixit,
3437 3506 3674 3561 Esurivit
3711 3504 3840 3578 (Id.

2242 3614 2320 3662 tv,
2348 3598 2451 3670 2),
2484 3599 2651 3653 sitivit
2680 3597 2860 3670 (Joan.
2892 3614 2982 3653 χιχ
3003 3595 3021 3666 )
3046 3640 3061 3667 ,
3094 3599 3440 3651 cvutristatus
3482 3604 3566 3652 est
3614 3596 3841 3669 (Matth.

2242 3707 2389 3757 xxvr,
2420 3690 2533 3763 57),
2579 3690 2908 3747 exhilaratus
2951 3700 3054 3756 est,
3096 3699 3150 3745 et
3193 3691 3236 3746 si
3284 3706 3383 3761 qua
3435 3690 3597 3755 talia;
3646 3692 3843 3746 omnia

2241 3799 2365 3837 vera
2393 3792 2545 3847 sunt,
2575 3799 2693 3853 qua:
2730 3785 2797 3838 ita
2826 3794 3035 3839 narrata
3062 3792 3186 3839 sunt
3206 3825 3220 3843 .
3250 3794 3307 3838 ut
3349 3800 3455 3839 non
3495 3800 3618 3840 eum
3652 3785 3842 3840 simn-

2246 3876 2420 3943 lasse,
2470 3875 2563 3930 sed
2613 3877 2769 3947 plane
2815 3875 3002 3931 fecisse
3045 3877 3126 3931 vel
3174 3876 3480 3931 exhibuisse
3519 3876 3847 3946 conscripta

2244 3968 2371 4029 sint,
2399 3980 2527 4022 sane
2552 3982 2655 4021 non
2686 3968 3001 4022 necessitate
3030 3966 3380 4030 conditionis,
3408 3966 3503 4020 sed
3534 3966 3846 4035 magisterii

2245 4057 2552 4123 voluntate,
2581 4067 2635 4112 et
2664 4057 2838 4112 divina
2866 4058 3023 4112 etiam
3058 4066 3339 4127 potestate.
3369 4056 3499 4111 Nam
3530 4056 3691 4110 homo
3724 4058 3852 4127 pie-

2242 4164 2467 4220 rumque
2492 4148 2591 4205 etsi
2619 4149 2772 4217 nolit,
2802 4148 3083 4213 irascitur;
3127 4148 3227 4202 etsi
3255 4148 3419 4213 nolit,
3448 4146 3846 4211 contristatur;

2244 4238 2343 4292 etsi
2390 4238 2550 4302 nolit,
2598 4237 2827 4303 dormit;
2869 4237 2968 4293 etsi
3014 4236 3175 4304 nolit,
3216 4235 3410 4315 esurit,
3456 4249 3520 4289 ac
3558 4234 3715 4289 sitit:
3751 4236 3852 4290 ille

550 4332 753 4389 «tritas
790 4342 876 4387 est
921 4332 1288 4402 Evangelium.
1334 4333 1443 4387 Cur
1490 4342 1667 4388 autem
1722 4334 1807 4388 illa
1856 4337 2030 4388 omnia
2082 4338 2133 4390 iu

554 4439 716 4479 carne
747 4438 814 4478 ex
843 4434 995 4479 utero
1023 4423 1234 4478 femina:
1260 4434 1532 4496 assumpta
1565 4425 1671 4496 pati
1697 4424 1955 4488 voluerit,
1986 4443 2136 4481 sum-

557 4530 639 4568 ma
685 4513 890 4568 consilii
939 4529 1103 4583 penes
1145 4514 1292 4569 illum
1336 4524 1419 4570 est
1460 4535 1473 4570 :
1513 4517 1626 4571 sive
1666 4515 1808 4586 quod
1855 4525 2136 4587 utrumque

555 4618 776 4669 sexum,
816 4621 972 4673 quem
1001 4615 1309 4672 creaverat,
1340 4607 1500 4661 etiam
1533 4608 1634 4662 hoc
1673 4607 1833 4662 modo
1858 4623 2136 4663 commen-

554 4695 787 4751 dandum
819 4697 1295 4769 honorandumque
1329 4700 1618 4769 judicavit,
1655 4702 1978 4757 assumendo
2021 4703 2135 4758 for-

557 4804 697 4843 mam
728 4790 862 4854 viri,
898 4798 955 4845 et
982 4791 1251 4845 nascendo
1293 4792 1362 4846 de
1405 4790 1639 4857 femina;
1681 4794 1794 4849 sive
1830 4795 2003 4863 aliqua
2033 4794 2134 4848 alia

554 4895 736 4949 causa,
778 4897 1024 4952 quanam
1067 4884 1156 4938 illa
1195 4884 1287 4951 sit,
1331 4899 1435 4940 non
1481 4894 1685 4940 temere
1708 4887 1953 4942 dixerim.
2003 4887 2138 4943 Illud

2244 4340 2420 4385 autem
2450 4330 2627 4384 omnia
2657 4329 2758 4383 ista
2788 4330 2834 4396 ²,
2877 4328 2997 4399 quia
3029 4328 3211 4383 voluit.
3241 4328 3330 4383 Sic
3355 4326 3514 4383 etiam
3542 4336 3856 4381 nascuntur

2245 4422 2488 4478 homines
2525 4432 2685 4492 atque
2710 4422 3016 4493 patiuntur,
3047 4436 3153 4476 non
3179 4421 3298 4492 quia
3325 4419 3531 4486 volunt,
3562 4433 3661 4473 nec
3690 4417 3853 4489 quod

2247 4511 2430 4566 volunt
2450 4512 2504 4578 ³;
2552 4512 2642 4567 ille
2669 4522 2845 4566 autem
2877 4512 3036 4566 etiam
3076 4511 3211 4578 ista,
3242 4509 3365 4582 quia
3392 4509 3577 4564 voluit.
3628 4506 3858 4564 Tamen

2245 4618 2369 4658 vera
2400 4602 2514 4657 haec
2550 4613 2605 4657 et
2634 4602 2699 4657 de
2730 4603 2822 4656 illo
2849 4602 3074 4657 ﬁdeliter
3121 4602 3489 4672 veraciterque
3531 4601 3856 4670 conscripta
3918 4643 3933 4673 ί

2245 4703 2387 4757 sunt,
2428 4702 2484 4746 ut
2510 4692 2750 4761 quisquis
2775 4692 3068 4763 Evangelia
3098 4692 3214 4761 ejus
3251 4690 3560 4758 crediderit,
3607 4690 3860 4746 veritate

2246 4786 2555 4852 instruatur,
2604 4802 2709 4839 non
2756 4786 3045 4841 mendaciis
3092 4784 3367 4840 illudalur.

2312 4899 2329 4929 ι
2354 4905 2467 4963 ⁸λιιι).
2490 4904 2564 4946 Er.
2593 4904 2645 4963 et
2666 4896 2833 4963 plures
2854 4904 2960 4947 Mss.
2984 4898 3146 4963 hocet
3166 4900 3387 4961 ιιι-οιίωο
3408 4895 3513 4963 loco
3533 4905 3867 4963 macteran

842 5012 853 5023 ο
942 5012 953 5023 _
1248 5014 1261 5023 _
1293 5014 1305 5023 .
1397 5014 1409 5023 ι
1675 5016 1704 5023 η
1841 5017 1855 5023 _
2245 4957 2539 5023 particulam,
2567 4957 2625 5009 si.
2653 4956 2795 5023 ﬁnitio
2833 4967 2941 5021 post
2970 4959 3095 5021 apud
3119 4956 3228 5023 [κόν.
3256 4968 3309 5009 et
3330 4970 3452 5023 __Mss.
3478 4956 3681 5022 legitur,
3736 4968 3791 5011 et
3812 4956 3863 5008 δέ

616 5012 638 5089 ξ
669 5017 812 5089 Iov...
834 5012 1010 5089 impius
1032 5026 1185 5089 nemo,
1325 5014 1409 5077 qui
1439 5030 1538 5089 non
1568 5016 1739 5089 credit.
1781 5017 1965 5069 Falsum
1999 5026 2051 5069 et
2075 5033 2141 5070 ex
2245 5012 2364 5089 quid
2386 5012 2697 5089 alindi‘etmd
2714 5030 2814 5089 an].
2835 5012 2895 5089 'et
2917 5012 3014 5089 811.,
3020 5027 3076 5089 _et
3097 5020 3249 5089 siqua
3270 5019 3406 5089 talin.

691 5076 1033 5139 corrigendum
1068 5078 1159 5126 hoc
1195 5076 1365 5138 modo,
1398 5078 1493 5130 nisi
1519 5078 1696 5143 impius
1731 5092 1869 5130 nemo
1902 5094 1995 5131 non
2034 5094 2141 5132 (ει-ε-
2258 5076 2271 5083 ’
2314 5084 2335 5147 ξ
2369 5089 2418 5147 In
2444 5076 2617 5141 editis;
2631 5082 2760 5145 fecit,
2780 5076 3065 5147 quiavolnit.
3090 5076 3255 5147 abest,
3278 5082 3410 5147 fecit,
3430 5095 3459 5131 a
3479 5089 3587 5133 uss.

550 5133 641 5185 dit.
819 5133 845 5139 '
1350 5133 1361 5138 ⁷
1588 5133 1598 5143 ”
2314 5143 2337 5176 ⁸
2369 5142 2535 5193 Plures
2556 5133 2684 5204 nisi,
2708 5133 3003 5207 néc'quando
3027 5142 3202 5194 vottmt.

1032 5336 1508 5443 LIBER
1598 5340 1768 5446 VI
1769 5338 2445 5446 GESIMUS
2521 5342 3355 5450 SEPTIMUS.

619 5602 845 5660 CAPUT
899 5606 1179 5663 PRIMUM.
1227 5639 1299 5649 —
1353 5609 1597 5665 Fausws
1640 5609 1773 5665 dixit
1821 5625 1835 5663 :
1878 5608 1935 5664 Si
1977 5619 2132 5665 natus

550 5707 656 5751 non
686 5705 768 5751 est
793 5696 968 5763 Jcsus,
1002 5716 1099 5753 ucc
1131 5716 1318 5770 passus
1350 5710 1431 5756 est
1472 5719 1485 5755 :
1519 5703 1561 5754 si
1590 5711 1764 5757 autem
1802 5716 1992 5772 passus
2026 5712 2129 5766 est,

550 5801 678 5861 ergo
697 5798 748 5846 et
780 5798 933 5845 natus
962 5800 1062 5847 cst.
1094 5790 1207 5848 Non
1229 5792 1375 5850 vobis
1396 5792 1630 5864 expedit,
1662 5794 1791 5849 mihi
1816 5792 2037 5864 credite,
2073 5794 2125 5849 in

551 5254 3845 5282 Μ

2246 5608 2329 5664 his
2372 5608 2534 5664 rebus
2563 5609 2996 5679 consequentiam
3043 5623 3284 5679 qua-rere
3316 5618 3552 5675 natura);
3602 5609 3877 5679 alioquin

2243 5701 2598 5757 iulirmabitur
2621 5701 2791 5755 omnis
2822 5712 2996 5754 vestra
3027 5701 3177 5756 ﬁdes.
3210 5701 3342 5756 Nam
3364 5710 3417 5757 et
3442 5716 3539 5756 vos
3564 5701 3762 5757 Jesum
3790 5718 3875 5761 cx

2244 5794 2447 5865 virgine
2474 5801 2655 5849 natum
2685 5792 2799 5851 sine
2818 5792 2921 5851 viri
2946 5792 3087 5854 coitu
3114 5793 3330 5853 creditis
3354 5835 3369 5864 ,
3398 5802 3450 5850 et
3480 5792 3524 5850 si
3546 5808 3610 5850 ex
3644 5806 3890 5851 conse-.
