4052 6484
243 368 345 428 485
1401 360 1598 420 LIBER
1636 358 2002 420 ViGESIIIUS
2038 352 2375 418 OCTAVUS.

243 481 523 554 quentibus
567 480 745 550 priora
778 479 1046 550 probanda
1096 487 1240 543 sunt,
1295 479 1399 535 erit
1452 478 1554 535 hoc
1602 476 1822 531 falsum.

242 573 443 630 Poterit
469 572 613 626 enim
646 582 702 626 et
745 573 897 626 vobis
943 571 1253 641 responderi
1292 570 1345 624 in
1397 569 1539 624 hunc
1580 568 1819 633 modum,

243 664 361 733 quia
386 661 433 718 si
463 672 622 717 natus
654 669 738 716 est
762 677 827 717 ex
865 661 1057 716 femina
1084 660 1261 726 Jesus,
1288 675 1416 731 ergo
1444 669 1497 715 et
1531 658 1825 714 seminatus

242 770 305 809 ex
349 754 467 807 viro
522 761 605 807 est
636 767 649 805 :
681 753 725 806 si
770 767 896 807 vero
934 752 1229 807 seminatus
1280 766 1346 806 ex
1390 751 1506 804 viro
1554 763 1659 803 non
1706 753 1824 815 est,

242 858 367 913 ergo
388 857 487 897 nec
519 852 674 896 natus
699 856 763 896 ex
796 840 993 896 femina
1033 849 1135 896 est.
1163 840 1340 895 Potuit
1370 846 1571 905 autem,
1630 844 1688 892 ut
1733 850 1829 891 vos

3405 366 3513 424 486

1928 484 1982 531 et
2027 475 2172 529 nasci
2211 475 2382 545 potuit
2418 489 2522 529 non
2564 480 2738 539 satus,
2764 480 2818 529 et
2852 473 2957 545 pati
2998 490 3104 531 non
3154 484 3336 547 partus
3372 478 3514 536 εθιά
3554 482 3567 547 1

1931 581 2093 620 unum
2122 565 2309 620 horum
2342 565 2504 620 voluit
2523 606 2537 630 ,
2567 565 2793 619 alterum
2824 566 3013 620 noluit.
3044 565 3200 622 Nasci
3230 569 3373 624 enim
3406 584 3516 626 non
3549 562 3560 637 ζ

1931 669 2078 713 satus
2104 657 2291 723 voluit,
2327 658 2431 727 pati
2457 666 2632 712 autem
2662 672 2766 712 non
2798 667 2979 727 partus
3002 658 3172 713 noluit
3201 676 3216 713 :
3241 660 3361 730 quia
3387 675 3515 732 par-

1932 759 2018 805 tus
2053 758 2135 805 est
2174 764 2381 819 passus.
2414 750 2557 805 Dicis
2604 750 2732 805 mihi
2764 767 2779 804 :
2807 750 2962 807 Unde
2986 752 3129 807 scis?
3153 753 3285 821 Quia
3315 752 3418 810 hoc
3461 755 3516 811 in

1933 842 2220 914 Evangelio
2248 841 2486 897 veritatis
2522 843 2657 913 lego.
2694 842 2749 898 Si
2774 852 2952 899 autem
3001 844 3091 899 tibi
3117 844 3287 899 dicam
3313 886 3328 910 ,
3364 832 3558 904 Uuin

242 934 481 1000 creditis,
527 934 672 987 nasci
720 948 826 987 non
863 941 1047 989 satus:
1077 947 1245 1005 quare
1271 946 1398 1004 ergo
1444 946 1547 986 non
1598 928 1834 1001 potuerit

243 1034 295 1080 et
311 1024 418 1095 pati
448 1037 555 1079 non
582 1023 806 1093 partus?

311 1114 542 1171 CAPUT
580 1115 645 1170 ll.
683 1144 757 1156 --
792 1115 1125 1171 Ancosrmns
1169 1112 1441 1184 respondit
1485 1130 1500 1166 :
1537 1109 1706 1167 Nemo
1732 1109 1833 1165 tibi

244 1206 492 1278 proponit
518 1205 659 1275 quod
701 1206 795 1260 tibi
823 1207 1095 1276 proponis,
1124 1204 1226 1260 nisi
1254 1206 1527 1275 imperitus
1548 1219 1704 1274 quem
1734 1202 1832 1258 de-

240 1300 394 1368 cipis,
424 1313 532 1353 non
562 1297 853 1353 instructus
877 1312 909 1352 a
931 1312 1039 1369 quo
1078 1296 1414 1353 convinceris
1435 1298 1474 1350 ί.
1498 1296 1631 1352 Nam
1676 1295 1833 1352 Jesus

306 1434 324 1464 ι
360 1439 409 1481 tn
436 1440 560 1493 uss,
584 1430 898 1483 convincam.

1934 934 2039 988 scis
2061 934 2159 988 ista
2182 948 2301 1001 qua:
2326 932 2459 988 dicis
2478 933 2503 985 7
2526 932 2796 988 Manicbmi
2828 934 2955 990 mihi
2986 936 3208 1005 opponis
3228 939 3516 992 auctorita-

1937 1031 2043 1077 tem
2063 1064 2077 1088 ,
2102 1032 2157 1078 et
2176 1022 2309 1077 dicis
2333 1036 2453 1078 esse
2478 1023 2531 1077 in
2552 1023 2836 1093 Evangelia
2861 1024 3162 1079 falsitatem.
3196 1024 3306 1093 Ego
3343 1036 3520 1080 autem

1937 1112 2227 1169 Manicbzeo
2254 1115 2348 1168 ista
2372 1114 2563 1167 dicenti
2586 1129 2689 1168 non
2715 1115 2985 1169 crederem
3010 1156 3026 1181 ,
3058 1130 3157 1170 nec
3180 1118 3223 1169 si
3254 1132 3361 1170 nun
3392 1117 3523 1171 mihi

1938 1206 2207 1261 Christum
2242 1206 2520 1260 mentitum
2557 1220 2677 1261 esse
2717 1205 2974 1260 laudaret.
3014 1206 3164 1273 Quod
3206 1206 3416 1276 quidem
3469 1208 3523 1262 iu

1940 1297 2154 1354 Christo
2181 1298 2285 1353 nun
2314 1298 2533 1365 invenit,
2559 1297 2653 1353 sed
2679 1298 2803 1369 quid
2834 1300 2945 1369 ipse
2975 1298 3156 1370 diligat
3180 1300 3376 1371 prodit.

777 1628 1254 1735 LIBER
1341 1622 2188 1733 VIGESIMUS
2268 1628 3011 1737 OCTAVUS.

317 1896 547 1952 CAPUT
594 1893 974 1951 PR1MUM.-——
1035 1893 1281 1947 FAUSTUS
1322 1892 1454 1947 dixit
1513 1909 1525 1945 :
1569 1890 1673 1946 Sed
1732 1907 1839 1947 non

245 1998 456 2060 peierat
481 1988 638 2055 mori,
665 1988 767 2042 nisi
794 1996 948 2041 natus
972 1995 1132 2041 esset.
1165 1986 1227 2039 Et
1248 2000 1347 2056 ego
1374 1982 1699 2054 respondeo,
1730 1983 1841 2040 Nec

247 2080 391 2135 nasci
422 2087 674 2149 poterat,
712 2078 813 2132 nisi
844 2077 983 2132 Deus
1012 2091 1115 2131 non
1144 2085 1328 2130 esset:
1356 2083 1446 2128 aut
1488 2078 1533 2129 si
1572 2075 1743 2145 potuit
1788 2083 1843 2129 et

248 2171 390 2225 Deus
420 2184 543 2224 esse
569 2177 624 2223 et
660 2168 830 2233 nasci,
855 2182 1021 2237 quare
1049 2180 1155 2221 non
1196 2175 1250 2221 et
1277 2180 1381 2220 non
1425 2164 1571 2219 nasci
1613 2165 1843 2235 potuerit

244 2270 300 2315 et
326 2260 511 2315 mori?
543 2258 703 2315 Vides
731 2274 859 2329 ergo
889 2258 1017 2313 utile
1042 2257 1171 2313 satis
1196 2272 1301 2311 non
1329 2271 1447 2311 esse
1471 2297 1485 2322 ,
1518 2256 1567 2309 in
1610 2256 1691 2311 his
1715 2271 1845 2311 con-

246 2350 584 2420 sequentiam
611 2364 851 2420 qumrere
872 2389 888 2417 ,
919 2355 1010 2402 aut
1035 2345 1362 2418 argumentis
1399 2345 1598 2411 anniti,
1630 2361 1753 2400 cum
1775 2344 1843 2401 de

247 2440 411 2495 rebus
440 2440 617 2510 agitur
661 2454 780 2510 quae
810 2438 1108 2509 pertineant
1133 2436 1200 2491 ad
1228 2436 1431 2492 Jesum.
1460 2435 1565 2491 Sed
1595 2451 1844 2507 qu:eren-

246 2529 375 2585 dum
408 2530 588 2600 potius
613 2537 696 2585 est
717 2570 733 2593 ,
758 2528 881 2599 quid
908 2528 1021 2600 ipse
1044 2527 1112 2583 de
1139 2542 1199 2584 se
1222 2568 1236 2594 ,
1262 2526 1461 2598 quidve
1490 2526 1726 2596 Apostoli
1761 2526 1845 2582 sui

248 2619 315 2675 de
340 2620 535 2675 eodem
559 2618 914 2691 praedicarim.
947 2619 1170 2689 Ipsaque
1195 2617 1329 2673 adeo
1360 2616 1729 2688 pertractanda
1754 2632 1847 2687 ge-

249 2714 493 2785 nealogia
530 2721 635 2780 est,
681 2720 736 2768 et
758 2711 1043 2771 videndum
1064 2712 1117 2765 si
1145 2710 1247 2766 sibi
1275 2710 1591 2772 conveniat;
1630 2724 1737 2764 non
1779 2724 1846 2763 ex

251 2807 570 2878 conjectura
598 2798 893 2876 passionis,
926 2803 1219 2859 nativitatis
1244 2803 1358 2873 ejus
1392 2803 1669 2873 exquirere
1709 2800 1844 2856 veri-

253 2907 421 2955 tatem
458 2917 471 2951 :
503 2897 629 2969 quia
648 2907 701 2953 et
719 2897 825 2968 pati
848 2911 952 2951 non
981 2908 1134 2949 natus
1160 2895 1349 2965 potuit,
1381 2904 1431 2947 et
1455 2905 1609 2947 natus
1631 2892 1847 2948 minime

251 2993 392 3063 pati;
419 2990 716 3061 prmsertim
740 2990 866 3059 ipsis
886 2987 1035 3044 vobis
1062 2986 1347 3041 fatentibus
1375 2986 1483 3040 Deo
1503 3000 1621 3041 esse
1643 2985 1845 3055 impos-

252 3083 405 3138 sibile
440 3080 577 3137 nihil
606 3099 620 3135 :
652 3080 792 3151 quod
833 3080 933 3135 erit
959 3086 1014 3134 et
1041 3077 1212 3149 ipsum
1255 3077 1461 3146 falsum,
1492 3076 1535 3131 si
1577 3076 1677 3132 hoc
1714 3090 1848 3132 con-

252 3174 467 3236 stiterit,
497 3187 602 3227 non
631 3172 862 3243 potuisse
884 3169 1018 3225 mori
1045 3183 1150 3223 non
1177 3176 1384 3223 natum.

318 3263 555 3321 CAPUT
593 3262 658 3318 ll.
688 3293 758 3303 -—
787 3262 1119 3317 AUGUSTINUS
1169 3257 1445 3329 respondit
1484 3275 1497 3312 :
1548 3255 1753 3325 lterum
1788 3271 1852 3312 ac

253 3372 396 3428 sa‘pe
439 3353 535 3410 tibi
581 3352 832 3424 proponis
851 3393 866 3417 ,
893 3350 1035 3422 quod
1065 3366 1170 3405 non
1197 3349 1350 3404 audis
1388 3347 1455 3405 ab
1484 3347 1562 3404 eis
1603 3362 1632 3401 a
1660 3346 1852 3418 quibus

250 3448 575 3507 confutaris.
618 3446 789 3503 Nemo
831 3445 926 3500 tibi
953 3444 1111 3508 dicit,
1136 3442 1253 3499 Non
1297 3450 1508 3513 poterat
1547 3440 1717 3507 mori,
1748 3440 1852 3495 nisi

254 3551 409 3595 natus
436 3546 584 3595 esset
612 3557 625 3592 :
655 3539 776 3610 quia
804 3547 1044 3593 mortuus
1071 3545 1157 3592 est
1183 3535 1387 3598 Adam,
1419 3534 1665 3605 quamvis
1690 3542 1851 3588 natus

254 3648 359 3687 non
413 3631 623 3686 fuisset.
678 3630 782 3686 Sed
828 3629 1022 3685 dicitur
1054 3628 1147 3684 tibi
1182 3646 1195 3682 :
1234 3628 1398 3682 Natus
1424 3635 1528 3693 est,
1574 3626 1697 3697 quia
1751 3624 1854 3681 hoc

253 3732 501 3779 sanctum
534 3722 876 3792 Evangelium
899 3763 914 3788 ,
944 3736 1049 3775 non
1079 3722 1259 3775 nescio
1282 3719 1405 3789 quis
1452 3717 1731 3772 bmreticus
1774 3716 1856 3771 lo-

253 3816 433 3887 quitur
468 3823 755 3869 :mortuus
781 3822 883 3880 est,
910 3814 1028 3883 quia
1068 3812 1168 3867 hoc
1209 3812 1260 3866 in
1302 3819 1488 3865 sancto
1538 3808 1849 3880 Evangelio,

255 3916 359 3963 non
392 3908 453 3963 in
473 3907 616 3962 libro
643 3905 864 3975 alicujus
895 3904 1128 3959 harretici
1156 3903 1372 3973 legitur.
1402 3900 1506 3957 Sed
1531 3911 1584 3955 tu
1614 3900 1703 3970 qui
1729 3914 1852 3970 pro-

257 3997 410 4054 hich
430 3996 813 4069 argumentari,
840 4010 957 4050 cum
977 3994 1043 4049 de
1070 3993 1229 4049 rebus
1249 3993 1423 4063 agitur
1443 4006 1560 4061 qua:
1584 3990 1857 4061 pertinent

255 4088 573 4151 adJesum,
615 4095 671 4143 et
698 4085 1042 4156 qumrcndum
1090 4097 1278 4139 censes
1328 4082 1453 4151 quid
1505 4082 1620 4151 ipse
1661 4080 1729 4136 de
1772 4095 1851 4147 se,

257 4182 456 4252 quidve
483 4179 728 4251 Apostoli
761 4179 839 4232 sui
872 4176 937 4232 de
977 4176 1165 4231 eodem
1204 4173 1559 4244 praedicarim,
1592 4189 1712 4229 cum
1740 4189 1852 4229 cm-

259 4288 388 4344 pero
426 4270 667 4327 Mattbrei
698 4268 1044 4339 Evangelium
1086 4267 1312 4321 recitare
1335 4264 1560 4334 apostoli
1587 4265 1720 4334 ejus,
1764 4263 1855 4319 ubi

258 4364 502 4419 narratio
545 4358 838 4415 nativitatis
893 4358 1009 4427 ejus
1064 4364 1173 4409 tota
1221 4354 1563 4419 contexitur,
1604 4352 1856 4408 continuo

258 4453 406 4509 dices
466 4452 614 4507 illam
668 4448 1026 4504 narrationem
1071 4461 1175 4500 non
1221 4459 1341 4499 esse
1387 4443 1651 4506 Matthaci,
1696 4458 1854 4513 quam

258 4541 495 4597 Matth-xi
524 4555 648 4595 esse
686 4540 814 4594 dicit
859 4538 1105 4593 universa
1142 4534 1398 4598 Ecclesia,
1440 4535 1507 4588 ab
1554 4532 1856 4602 apostolicis

262 4634 480 4689 sedibus
493 4646 665 4701 usque
680 4630 744 4685 ad
764 4636 1053 4700 przcsentes
1064 4626 1342 4696 episcopos
1362 4633 1503 4679 certa
1521 4623 1857 4678 successione

261 4724 544 4794 perducta.
577 4720 657 4776 Tu
683 4720 812 4774 mihi
841 4719 963 4789 quid
1001 4727 1187 4774 contra
1216 4717 1450 4771 lecturus
1478 4714 1569 4769 es?
1615 4715 1855 4783 Aliquem

260 4812 399 4869 forte
427 4812 624 4867 librum
654 4809 925 4865 Manichaﬁ
947 4851 961 4874 ,
993 4808 1082 4863 ubi
1111 4807 1266 4863 Jesus
1292 4816 1511 4876 negatur
1538 4820 1657 4859 esse
1704 4813 1857 4860 natus

262 4920 323 4959 ex
350 4901 749 4973 virgine.Sicut
786 4915 914 4971 ergo
959 4914 1057 4969 ego
1096 4897 1257 4953 credo
1305 4897 1450 4950 illum
1504 4896 1696 4949 librum
1738 4910 1858 4950 esse

262 4994 569 5058 Manicbzci,
598 4994 848 5063 quoniam
880 5007 943 5046 ex
973 4992 1089 5061 ipso
1114 5000 1352 5059 tempore
1390 5004 1495 5058 quo
1542 4987 1859 5042 Mauichmus

263 5089 481 5157 vivebat
506 5088 561 5141 in
588 5101 771 5147 carne,
792 5099 888 5155 per
908 5083 1194 5151 discipulos
1218 5081 1331 5152 ejus
1354 5090 1495 5135 certa
1524 5081 1859 5135 successione

264 5179 684 5250 prmpositornm
712 5186 1010 5230 vestrorum
1062 5172 1129 5227 ad
1185 5182 1360 5227 vestra
1408 5187 1577 5240 usque
1621 5180 1858 5240 tempora

265 5270 571 5325 custoditus
613 5278 769 5338 atque
814 5266 1097 5337 perductus
1122 5273 1237 5330 est;
1283 5263 1360 5319 sic
1397 5271 1449 5317 et
1478 5263 1637 5317 istum
1668 5262 1859 5317 librum

264 5362 472 5416 credite
526 5375 650 5415 esse
696 5358 967 5425 Matthxi,
1012 5372 1167 5427 quem
1214 5370 1280 5409 ex
1328 5354 1419 5408 illo
1474 5361 1712 5423 tempore
1755 5368 1861 5424 quo

267 5450 555 5507 Mattbarus
598 5451 711 5520 ipse
757 5450 809 5504 in
849 5463 1013 5505 carne
1052 5447 1199 5509 vixit,
1232 5461 1338 5500 non
1383 5446 1675 5514 interrupta
1722 5446 1889 5501 serie'

269 5550 576 5611 temporum
634 5538 868 5594 Ecclesia
916 5549 1061 5593 certa
1118 5535 1465 5592 connexionis
1526 5534 1862 5591 successione

269 5647 442 5703 usque
480 5631 549 5687 ad
578 5640 815 5701 tempora
844 5631 942 5685 ista
970 5630 1231 5700 perduxit.
1282 5628 1351 5683 Et
1384 5628 1468 5683 dic
1513 5627 1664 5695 mihi,
1711 5629 1863 5698 cujus

267 5724 413 5779 .ibro
454 5724 633 5794 potius
670 5723 889 5778 credere
913 5722 1236 5786 debeamus;
1271 5720 1453 5791 cjusne
1479 5720 1703 5789 apostoli
1728 5762 1744 5789 ,
1773 5720 1862 5791 qui

267 5813 493 5872 Christo
542 5828 665 5871 cum
694 5814 868 5872 adhuc
908 5814 960 5870 in
987 5823 1126 5870 terra
1173 5820 1349 5882 esset,
1407 5810 1738 5884 adhaeserat,
1790 5827 1859 5869 an

1948 1896 2130 1951 nescio
2159 1895 2307 1965 cujus
2333 1895 2528 1960 Persze,
2566 1895 2655 1964 qui
2706 1903 2852 1951 tanto
2899 1904 3019 1965 post
3061 1905 3218 1952 natus
3251 1899 3373 1953 est?
3426 1899 3531 1959 Sed

1947 1988 2110 2043 alium
2138 1987 2273 2042 forte
2295 1986 2535 2056 proferes
2559 1986 2775 2049 librum,
2797 1987 2885 2057 qui
2912 2001 3107 2043 nomen
3139 1986 3331 2045 habent
3363 1992 3531 2047 alicu-

1941 2079 2032 2149 jus
2074 2076 2316 2148 apostoli,
2347 2092 2505 2146 quem
2536 2091 2567 2131 a
2595 2076 2810 2132 Christo
2836 2086 3046 2133 constat
3075 2079 3302 2135 electum
3323 2123 3338 2147 ,
3370 2091 3423 2137 et
3454 2082 3534 2139 ibi

1947 2168 2215 2225 Christum
2241 2177 2421 2223 natum
2451 2182 2519 2222 ex
2540 2166 2705 2222 Maria
2727 2183 2834 2223 non
2872 2183 2990 2223 esse
3025 2169 3258 2225 lecturus
3282 2186 3360 2225 es.
3403 2172 3536 2229 Cum

1949 2275 2075 2330 ergo
2101 2273 2320 2314 necesse
2346 2259 2414 2313 sit
2435 2260 2662 2314 alterum
2684 2260 2872 2314 horum
2896 2258 3149 2316 librorum
3174 2276 3293 2318 esse
3318 2264 3543 2320 menda-

1948 2364 2085 2413 cem,
2109 2349 2192 2404 cui
2220 2364 2319 2404 nos
2342 2349 2520 2419 potius
2554 2362 2742 2404 censes
2773 2348 2929 2405 fidem
2950 2352 3353 2408 accommodare
3376 2354 3541 2411 debe-

1949 2439 2050 2495 re?
2081 2439 2212 2494 Eine
2239 2453 2396 2508 quem
2426 2438 2517 2493 illa
2549 2437 2788 2495 Ecclesia
2816 2438 2883 2493 ab
2907 2440 3023 2511 ipso
3049 2439 3263 2497 Christo
3292 2442 3539 2500 inchoata

1949 2536 2005 2585 et
2041 2543 2136 2599 per
2164 2528 2449 2598 Apostolos
2479 2537 2731 2600 provecta
2771 2537 2915 2585 certa
2959 2531 3358 2588 successionum
3400 2535 3543 2591 serie

1951 2632 2118 2690 usque
2155 2618 2220 2672 ad
2251 2617 2365 2673 haec
2395 2627 2664 2689 tempora,
2690 2626 2804 2673 toto
2831 2628 3090 2676 terrarum
3120 2622 3250 2678 orbe
3283 2623 3539 2693 dilatata,

1950 2712 2018 2768 ab
2067 2712 2220 2767 initio
2268 2710 2520 2767 traditum
2567 2720 2624 2766 et
2669 2720 3041 2768 conservatum
3088 2715 3331 2784 agnoscit
3376 2724 3541 2786 atque

1950 2802 2332 2874 approbat;au
2381 2802 2430 2858 ei
2479 2816 2638 2872 quem
2691 2800 2878 2855 eadem
2935 2801 3169 2870 Ecclesia
3219 2803 3544 2874 incognitum

1952 2894 2225 2965 reprobat,
2274 2908 2394 2948 cum
2451 2893 2613 2948 etiam
2653 2890 2952 2962 proferatur
2992 2893 3061 2947 ab
3112 2891 3417 2950 hominibus
3471 2896 3546 2952 ita

1952 2985 2251 3049 vcracibus,
2283 2995 2337 3038 ut
2359 2982 2629 3039 Christum
2652 2982 2873 3039 laudent
2897 2998 3016 3039 esse
3046 2984 3368 3040 mentitum?

2022 3075 2253 3132 CAPUT
2292 3073 2379 3130 Ill.
2408 3105 2477 3116 —
2504 3075 2601 3130 Hic
2654 3074 2893 3130 dicturus
2934 3089 3013 3139 es,
3066 3073 3389 3148 Genealogia
3431 3077 3545 3148 ipsa

1954 3166 2326 3222 consideretur
2368 3166 2590 3221 duorum
2624 3165 2894 3236 Evangelii
2921 3166 3175 3221 librorum
3197 3208 3212 3233 ,
3246 3177 3419 3223 utrum
3442 3169 3547 3226 sibi

1958 3259 2265 3313 conveniat.
2313 3256 2429 3313 Jam
2483 3258 2606 3312 hinc
2652 3257 2777 3312 alibi
2824 3256 2877 3312 in
2928 3257 3030 3312 hoc
3079 3273 3243 3328 opere
3292 3260 3545 3330 diximus,

1957 3351 2101 3422 quod
2142 3350 2425 3407 dicendum
2478 3349 2578 3405 fuit
2624 3348 2821 3421 (Supra
2843 3391 2858 3416 ,
2891 3348 2979 3404 lib.
3009 3351 3064 3416 5,
3095 3368 3210 3423 cap.
3239 3351 3317 3425 3).
3363 3352 3548 3425 Neque

1957 3442 2100 3497 enim
2127 3457 2223 3495 vos
2253 3449 2450 3506 movet,
2479 3440 2582 3495 nisi
2607 3439 3054 3510 quemadmodum
3082 3440 3219 3498 duos
3246 3453 3423 3513 patres
3448 3459 3548 3515 po-

1960 3531 2120 3588 tuerit
2140 3531 2340 3585 habere
2358 3530 2580 3601 Joseph.
2598 3529 2751 3597 Quod
2772 3530 2817 3585 si
2838 3530 3193 3601 cogitantibus
3223 3549 3326 3588 non
3353 3548 3546 3590 occur-

1957 3624 2120 3678 risset
2163 3638 2299 3677 unus
2326 3623 2415 3692 qui
2460 3623 2663 3691 genuit,
2700 3621 2836 3677 alius
2859 3623 2950 3694 qui
2982 3623 3271 3694 adoptavit,
3324 3641 3422 3681 nec
3464 3627 3547 3684 sic

1958 3713 2112 3769 facile
2136 3713 2393 3768 debuistis
2414 3711 2669 3767 adversus
2692 3722 2896 3767 tantam
2918 3716 3284 3770 auctoritatem
3309 3732 3547 3787 prmproo

1959 3823 2140 3879 peram
2173 3806 2413 3877 proferre
2441 3806 2761 3861 sententiam
2791 3821 2970 3861 :nunc
3000 3822 3127 3862 vero
3165 3808 3209 3862 si
3250 3810 3334 3864 vel
3360 3809 3548 3866 admoo

1958 3898 2054 3954 niti
2079 3896 2322 3968 cogitatis
2344 3912 2507 3968 quam
2535 3896 2636 3951 hoc
2663 3894 2777 3951 ﬁeri
2812 3898 3063 3967 potuerit,
3097 3897 3383 3969 Evangelio
3412 3901 3544 3956 sim-

1959 3989 2165 4060 pliciter
2188 3987 2391 4044 credite
2419 4027 2435 4053 ,
2475 3996 2529 4043 et
2567 4002 2663 4042 vos
2689 3987 2865 4056 potius
2905 3995 3011 4041 tam
3039 3988 3176 4043 male
3205 4003 3267 4043 ac
3298 4005 3549 4060 perverse

1957 4078 2313 4148 argumentari
2338 4076 2600 4133 desistite.

2030 4167 2255 4223 CAPUT
2280 4166 2368 4222 IV.
2400 4197 2473 4207 —
2500 4165 2651 4234 Quod
2680 4175 2856 4221 autem
2884 4177 3030 4236 putat
3060 4168 3405 4239 quaerendum
3427 4186 3549 4230 esse

1958 4258 2206 4322 Faustus,
2241 4257 2367 4329 quid
2413 4256 2482 4313 de
2526 4272 2585 4312 se
2641 4256 2797 4313 Jesus
2845 4258 2959 4328 ipse
3013 4259 3413 4329 praedicaverit;
3463 4264 3550 4319 cui

1962 4369 2070 4408 non
2096 4354 2295 4421 justum
2324 4349 2600 4405 videatur?
2627 4349 2733 4405 Sed
2760 4350 3011 4421 numquid
3040 4350 3141 4406 hoc
3173 4352 3296 4407 sciri
3342 4362 3547 4424 potest,

1964 4443 2063 4499 nisi
2085 4441 2359 4511 discipulis
2380 4440 2494 4511 ejus
2523 4440 2897 4495 narrantibus?
2919 4441 3121 4509 Quibus
3162 4443 3206 4496 si
3242 4458 3347 4497 non
3374 4444 3552 4500 credi-

1963 4544 2049 4590 tur
2067 4532 2504 4588 aununtiantibus
2529 4531 2669 4602 quod
2702 4532 2768 4586 de
2798 4532 3001 4601 virgine
3029 4540 3185 4586 natus
3214 4533 3302 4599 sit,
3326 4550 3550 4604 quomo-

1962 4625 2032 4680 do
2058 4624 2138 4680 eis
2165 4623 2295 4678 fides
2323 4621 2606 4676 habebitur
2632 4622 3067 4676 aununtiantibus
3095 4621 3219 4691 quid
3251 4622 3319 4677 de
3350 4638 3408 4679 se
3434 4625 3548 4695 ipse

1964 4712 2370 4788 prmdicaverit?
2403 4714 2457 4769 Si
2481 4714 2619 4768 enim
2653 4713 2868 4783 prolata:
2895 4712 3092 4768 fuerint
3117 4713 3306 4785 aliqua:
3335 4716 3545 4783 litterte,

1963 4825 2081 4880 qua:
2110 4808 2255 4862 nullo
2283 4807 2388 4860 alio
2411 4816 2662 4860 narrante
2706 4805 2872 4875 ipsius
2918 4807 3133 4875 proprie
3179 4805 3372 4863 Christi
3428 4822 3549 4864 esse

1965 4900 2244 4965 dicantur;
2274 4897 2414 4952 unde
2444 4896 2552 4951 fieri
2596 4905 2806 4969 poterat
2836 4907 2889 4950 ut
2915 4898 2959 4951 si
2988 4913 3112 4952 vere
3141 4897 3307 4966 ipsius
3330 4907 3546 4965 essent,

1964 5007 2069 5045 non
2098 4989 2421 5060 legerentur,
2453 5004 2556 5043 non
2580 4989 2968 5059 acciperentur,
3000 5004 3105 5043 non
3144 4988 3411 5059 prmcipuo
3440 4991 3554 5045 cul-

1965 5082 2109 5137 mine
2129 5081 2459 5136 auctoritatis
2496 5081 2794 5135 eminerent
2820 5081 2871 5134 in
2898 5079 3014 5151 ejus
3037 5078 3296 5146 Ecclesia,
3325 5097 3445 5152 qua:
3480 5084 3549 5140 ab

1966 5173 2082 5246 ipso
2112 5189 2206 5244 per
2228 5173 2510 5243 Apostolos
2557 5172 2964 5228 succedentibus
3003 5172 3217 5227 sibimet
3244 5174 3547 5248 episcopis,

1970 5279 2140 5336 usque
2162 5264 2232 5319 ad
2270 5264 2385 5319 inec
2424 5274 2662 5335 tempora
2717 5274 3003 5335 prapagata
3040 5264 3317 5331 dilatatur;
3368 5270 3553 5328 multis

1966 5355 2018 5412 in
2041 5372 2102 5413 ea
2120 5356 2230 5427 jam
2258 5356 2558 5428 completis,
2589 5372 2707 5428 qua)
2735 5364 2857 5411 ante
2889 5354 3133 5424 praedicta
3154 5366 3295 5423 sunt,
3310 5368 3365 5414 et
3381 5375 3553 5432 usque

1968 5449 2020 5504 in
2052 5450 2210 5502 linem
2240 5464 2357 5518 qua:
2384 5456 2606 5515 restant,
2634 5447 2749 5502 sine
2775 5446 2935 5503 dubio
2961 5446 3150 5502 futuris
3179 5456 3336 5520 atque
3358 5462 3557 5509 ventu-

1967 5539 2084 5596 ris?
2110 5538 2241 5608 Quia
2272 5548 2325 5594 et
2371 5539 2477 5593 illa:
2509 5540 2698 5593 litterae
2724 5539 2768 5594 si
2797 5538 3179 5609 proferrentur,
3209 5543 3390 5614 utique
3418 5560 3553 5601 con-

1970 5630 2313 5685 siderandum
2344 5638 2457 5684 erat
2486 5644 2514 5682 a
2547 5629 2736 5699 quibus
2769 5629 3157 5701 proferrentur.
3192 5632 3249 5688 Si
3286 5634 3354 5690 ab
3398 5636 3514 5706 ipso
3536 5677 3555 5706 ,

1971 5720 2077 5775 illis
2104 5720 2353 5791 primitus
2379 5719 2496 5776 sine
2519 5720 2681 5776 dubio
2709 5721 2936 5792 proferri
2963 5733 3248 5793 potuerunt
3273 5767 3287 5791 ,
3318 5728 3404 5797 qui
3430 5737 3557 5787 tunc

1969 5811 2142 5869 eidem
2169 5810 2531 5879 cohaerebant,
2564 5821 2618 5868 et
2659 5828 2754 5884 per
2781 5813 2899 5871 illos
2925 5816 3084 5873 ctiam
3117 5816 3184 5874 ad
3209 5817 3338 5874 alios
3369 5834 3557 5889 perve-
