4028 6484
523 342 628 401 181

523 461 656 515 nire.
687 454 837 526 Quod
868 455 910 510 si
939 453 1132 510 factum
1163 457 1324 514 esset,
1347 464 1444 520 per
1467 449 1584 503 illas
1610 462 1742 517 quas
1770 459 2097 502 commemo-

522 552 633 607 ravi
670 549 1074 619 praepositorum
1105 553 1162 601 et
1181 542 1494 615 populorum
1527 541 1543 572 ³
1575 540 1945 594 successiones
1966 552 2100 592 con-

503 641 878 696 .ﬁrmatissima
907 638 1219 692 auctoritate
1249 633 1626 694 clarescerent.
1671 629 1800 696 Quis
1847 639 1930 684 est
1971 643 2100 698 ergo

524 742 633 789 tam
665 733 903 797 demens,
935 731 1022 800 qui
1057 728 1211 782 hodie
1237 725 1420 780 credat
1453 739 1573 779 esse
1600 723 1878 793 epistolam
1907 720 2102 777 Christi

522 842 680 898 quam
730 824 1003 895 pretnlerit
1035 820 1382 883 lllaniclueus,
1405 826 1461 873 et
1502 833 1605 871 non
1637 816 1816 872 credat
1854 813 1991 870 facta
2019 815 2105 870 vel

525 919 662 973 dicta
685 932 803 972 esse
825 913 1017 969 Christi
1042 927 1157 982 quae
1181 909 1392 982 scripsit
1421 909 1734 964 Matthaeus?
1755 916 1845 962 aut
1875 908 1916 960 si
1945 907 2104 962 etiam

525 1011 592 1066 de
639 1008 886 1064 Matthrco
925 1014 1097 1058 utrum
1144 1004 1257 1074 ipse
1300 1003 1406 1070 ista
1445 1001 1718 1072 scripserit
1768 999 1995 1062 dubitat,
2039 997 2106 1051 de

525 1102 641 1171 ipso
670 1079 878 1169 quoque
897 1095 1143 1151 Matthch
1171 1112 1274 1149 non
1304 1095 1478 1164 potius
1497 1092 1547 1147 id
1578 1091 1778 1156 credat,
1797 1090 1938 1160 quod
1962 1091 2108 1145 inve-

523 1192 603 1247 nit
658 1192 710 1244 in
750 1188 1008 1251 Ecclesia,
1041 1203 1158 1258 qure
1201 1187 1267 1241 ab
1299 1186 1464 1255 ipsius
1511 1183 1736 1238 Matthzci
1782 1182 2107 1251 temporibus

523 1296 692 1350 usque
718 1279 784 1334 ad
817 1278 916 1334 hoc
949 1288 1156 1348 tempus
1183 1286 1323 1330 certa
1353 1275 1750 1331 Successionum
1772 1274 1909 1330 serie
1928 1272 2108 1326 decia-

522 1383 696 1433 ratur;
730 1379 781 1425 et
810 1369 992 1424 credat
1026 1370 1208 1424 nescio
1233 1368 1314 1422 cui
1355 1384 1417 1423 ex
1453 1377 1755 1421 transverso
1788 1365 1852 1421 de
1891 1363 2106 1419 Perside

523 1472 637 1531 post
669 1461 925 1515 ducentos
949 1460 1030 1514 vel
1062 1459 1286 1528 amplius
1307 1472 1473 1510 annos
1501 1456 1754 1522 venienti,
1785 1464 1836 1510 et
1861 1455 2103 1509 suadenti

523 1562 579 1608 nt
610 1552 682 1607 illi
711 1552 882 1622 potius.
909 1550 1031 1620 quid
1061 1550 1302 1604 Christus
1349 1546 1542 1602 dixerit
1587 1545 1872 1617 feceritque
1923 1544 2106 1600 creda-

523 1652 654 1698 tur:
689 1644 949 1713 cumipse
997 1641 1269 1712 apostolus
1317 1639 1510 1694 Paulus
1565 1645 1687 1708 post
1735 1636 2103 1692 ascensionem

522 1734 732 1789 Domini
763 1735 829 1788 dc
865 1733 1002 1788 coelo
1025 1741 1244 1785 vocatus
1283 1730 1420 1800 (Act.
1465 1727 1564 1798 ix),
1595 1727 1638 1782 si
1689 1741 1795 1782 non
1844 1727 2105 1781 inveniret

521 1825 576 1880 in
623 1841 780 1880 carne
832 1823 1132 1893 Apostolos,
1175 1821 1366 1891 quibus
1417 1813 1864 1874 communicando
1898 1825 1951 1874 ct
1982 1833 2101 1872 cum

515 1916 715 1986 quibus
771 1913 1092 1972 conferendo
1142 1911 1503 1978 Evangelium,
1548 1909 1783 1980 ejusdem
1835 1908 2104 1964 societatis

515 1985 639 2063 esse
687 2015 999 2077 appareret,
1035 2003 1266 2059 Ecclesia
1304 2003 1374 2056 illi
1417 2002 1634 2057 omnino
1671 2018 1774 2056 non
1818 2001 2102 2057 crederet?

523 2099 628 2157 Sed
658 2117 774 2155 cum
820 2079 1154 2171 cognoxisset
1196 2112 1317 2152 eum
1362 2095 1462 2150 hoc
1494 2094 1928 2169 'annuntiantem,
1959 2092 2100 2162 quod

500 2184 678 2246 'ctiam
708 2190 780 2244 illi
808 2190 1207 2250 annuntiahant,
1236 2197 1288 2241 et
1316 2186 1367 2240 in
1396 2200 1580 2241 eorum
1619 2185 1993 2240 communione
2021 2179 2101 2237 at-

518 2298 619 2352 que
660 2274 858 2335 unitate
905 2282 1190 2345 viventem,
1225 2270 1602 2332 accedentibus
1628 2276 1784 2330 etiam
1836 2289 1931 2344 per
1975 2288 2096 2328 eum

517 2374 706 2427 talibus
737 2372 921 2442 signis,
963 2370 1135 2440 qualia
1179 2377 1232 2424 et
1275 2369 1349 2424 illi
1390 2366 1779 2438 operabrtntnr;
1832 2366 1922 2431 ita,
1977 2380 2096 2419 eum

498 2453 739 2518 ’Domino
769 2462 1190 2524 commendante,
1219 2459 1410 2514 meruit
1433 2457 1830 2522 auctoritatem,
1856 2463 1911 2509 ut
1931 2455 2095 2509 verba

499 2549 652 2626 illius
682 2553 838 2609 hodie
865 2554 939 2608 sic
967 2552 1247 2607 audiantur
1273 2551 1323 2604 in
1355 2549 1614 2613 Ecclesia,
1644 2555 1893 2618 tanquam
1922 2546 1972 2599 in
2004 2545 2097 2598 illo

511 2647 777 2710 Christus,
802 2646 937 2698 sicut
969 2645 1082 2714 ipse
1114 2641 1391 2697 verissime
1426 2640 1580 2702 dixit,
1613 2639 1821 2694 loculus
1852 2636 2096 2692 audiatur

511 2731 580 2809 (ll
611 2737 728 2793 Cor.
768 2754 856 2790 xm
879 2780 891 2796 .
923 2738 1000 2804 5).
1037 2736 1095 2788 Et
1143 2741 1291 2802 putat
1324 2731 1647 2786 Manichacus
1677 2729 1821 2784 credi
1864 2728 1962 2784 sibi
1999 2728 2093 2783 de-

507 2829 636 2883 bere
663 2829 728 2882 ab
755 2826 989 2881 Ecclesia
1021 2824 1215 2878 Christi
1244 2865 1257 2888 ,
1283 2822 1518 2891 loquenti
1548 2830 1732 2876 contra
1761 2820 2091 2888 Scripturas,

492 2909 652 2974 “tanta
676 2926 728 2971 et
752 2925 858 2971 tam
901 2914 1141 2969 ordinata
1179 2913 1496 2967 auctoritate
1527 2911 1762 2965 ﬁrmatas
1788 2927 1799 2962 :
1830 2926 1926 2980 per
1961 2924 2092 2978 quas

507 3009 557 3064 ei
587 3008 851 3079 praveipue
878 3004 1308 3060 commendatum
1332 3009 1430 3069 est,
1453 3010 1509 3056 ut
1527 3001 1766 3071 quisquis
1790 3000 1862 3054 illi
1880 3015 2092 3054 annun-

509 3099 718 3153 tiavcrit
746 3107 1096 3169 praeterquam
1124 3093 1263 3166 quod
1293 3094 1516 3164 accepit,
1545 3092 1826 3147 anathema
1854 3091 1921 3146 sit
1943 3089 2083 3164 (Gal.

510 3205 549 3256 ι,
570 3189 636 3279 8,.
655 3187 732 3259 9).

501 3373 507 3376 _
570 3324 586 3354 ι
621 3319 841 3370 Nonnulli
861 3327 986 3382 Mss,
1009 3318 1378 3384 prarpowormn
1397 3324 1445 3368 et
1467 3315 1811 3383 Apostolarwn.

1339 333 1612 392 CONTRA
1653 329 1973 389 FAUSTUM
2007 330 2462 398 MANICH/EUM,
2502 334 2560 391 S.
2601 333 2971 392 AUGUSTINI

3687 341 3792 413 683

2274 445 2502 503 CAPUT
2535 447 2593 501 V.
2621 479 2692 489 —
2714 449 2820 504 Sed
2847 451 3106 507 rationem
3129 495 3144 515 ,
3174 453 3379 523 inquit,
3409 454 3622 523 profero
3642 497 3656 521 ,
3689 473 3791 527 qua

2208 535 2571 593 demonstrem
2619 540 2909 610 Scripturis
2959 543 3062 596 illis
3106 558 3210 597 non
3269 560 3389 600 esse
3439 546 3792 602 credendum.

2208 627 2366 684 Certe
2407 644 2512 683 non
2548 631 2976 700 argumentaris?
3006 631 3075 687 Et
3115 642 3290 688 tamen
3335 635 3384 688 in
3432 636 3544 704 ipsa
3584 653 3796 708 quoque

2209 722 2666 790 argumentatione
2722 724 3010 794 superaris.
3070 724 3148 778 Ad
3193 725 3293 780 hoc
3340 729 3480 780 enim
3535 729 3796 800 redigitur

2209 812 2384 867 omnis
2412 817 2802 882 argumentatio
2830 825 2936 878 tua,
2967 825 3025 871 ut
3048 817 3113 871 ad
3140 827 3436 872 extremum
3463 821 3646 875 credat
3675 827 3794 876 ani-

2213 917 2318 966 ma,
2348 903 2468 958 ideo
2492 921 2550 960 se
2580 905 2631 960 in
2663 906 2767 962 hoc
2802 907 3000 962 mundo
3027 922 3146 962 esse
3171 909 3441 972 miseram,
3470 911 3590 980 quia
3630 911 3797 966 mise«

2213 995 2287 1049 ria
2316 1011 2409 1050 sua
2443 997 2549 1052 Deo
2590 1011 2687 1051 suo
2715 997 2962 1054 subvenit
2985 1041 3000 1064 ,
3034 1014 3100 1054 ne
3143 1000 3234 1054 ille
3264 1015 3428 1070 regno
3453 1002 3757 1072 privaretur
3782 1023 3793 1056 :

2209 1087 2431 1157 ejusque
2459 1096 2700 1143 naturam
2731 1097 2893 1160 atque
2921 1090 3271 1145 substantiam
3301 1107 3467 1161 usque
3512 1092 3646 1147 adeo
3675 1108 3798 1148 esse

2214 1181 2516 1236 mutabilem
2537 1222 2552 1243 ,
2581 1183 2978 1252 corruptibilem
3003 1223 3019 1248 ,
3050 1183 3349 1238 violabilem
3373 1225 3389 1250 ,
3427 1184 3798 1255 coinquinabi-

2212 1275 2336 1338 lem,
2368 1282 2427 1328 ut
2450 1289 2570 1344 pars
2596 1274 2709 1345 ejus
2733 1275 2973 1345 qu:cdam
3011 1291 3110 1330 nec
3155 1275 3400 1330 mundari
3425 1277 3616 1341 valeat,
3645 1287 3700 1331 et
3729 1277 3798 1331 ab

2213 1366 2347 1434 ipso,
2380 1366 2469 1436 qui
2497 1381 2613 1420 eam
2642 1367 2813 1421 sciens
2850 1367 3187 1423 innocentem
3217 1367 3283 1422 de
3324 1369 3433 1422 suis
3478 1369 3796 1435 visceribus,

2211 1457 2447 1526 nihilque
2462 1458 2596 1527 apud
2615 1473 2672 1512 sc
2694 1469 3018 1528 peccantem,
3045 1469 3201 1515 tantae
3217 1461 3647 1516 contaminationi
3674 1477 3800 1532 per-

2213 1549 2443 1617 miscuit,
2477 1560 2676 1605 :eteruo
2698 1551 2840 1621 globi
2863 1553 3121 1623 supplicio
3151 1555 3419 1621 puniatur.
3445 1552 3550 1608 Iste
3573 1555 3695 1608 linis
3715 1564 3798 1610 est

2212 1641 2448 1696 omnium
2475 1643 2992 1712 argumentationum
3026 1643 3422 1714 fabularumque
3452 1654 3754 1701 vestrarum
3779 1665 3794 1702 :

2212 1746 2432 1801 quarum
2455 1732 2654 1784 utinam
2684 1731 2752 1786 sit
2775 1732 2911 1798 finis,
2939 1732 3032 1787 sed
3057 1735 3106 1787 in
3133 1733 3294 1788 corde
3324 1744 3377 1789 et
3403 1735 3453 1788 in
3475 1750 3567 1790 ore
3591 1745 3796 1801 vestro,

2211 1829 2264 1874 ut
2292 1819 2573 1890 aliquando
2597 1815 3081 1877 tam'exsecrandas
3111 1823 3466 1892 blasphemias
3489 1825 3713 1880 credere
3735 1841 3798 1880 ac

2207 1909 2385 1966 dicere
2413 1910 2686 1966 desinatis.
2717 1911 2820 1967 Sed
2848 1929 2912 1968 ex
2956 1914 3103 1982 ipsis,
3133 1914 3299 1985 inquit
3325 1956 3337 1980 ,
3367 1914 3555 1971 litteris
3581 1917 3758 1987 probo
3780 1960 3795 1984 ,

2207 2016 2364 2073 quam
2406 2002 2482 2058 eis
2515 2019 2620 2058 non
2649 2003 2842 2074 ubique
2881 2005 3204 2062 credendum
3244 2007 3352 2072 sit,
3379 2010 3627 2078 quoniam
3657 2025 3796 2066 con-

2207 2097 2364 2151 traria
2397 2096 2495 2151 sibi
2528 2097 2829 2167 loquuntur.
2857 2097 2966 2154 Cur
2994 2114 3097 2153 non
3132 2115 3258 2170 ergo
3287 2101 3418 2156 dicis
3461 2102 3635 2171 potius
3661 2119 3798 2158 nus.

2205 2202 2362 2261 quam
2407 2188 2486 2243 eis
2526 2202 2646 2243 esse
2687 2187 3034 2257 credendum,
3077 2199 3322 2262 tanquam
3369 2191 3798 2247 inconstantibus

2204 2293 2428 2349 seseque
2476 2278 2905 2349 impugnantibus
2952 2281 3214 2336 testibus?
3259 2281 3364 2337 Sed
3413 2282 3546 2348 hoc,
3581 2283 3790 2355 inquit,

2204 2370 2363 2441 eligo,
2388 2371 2528 2441 quod
2557 2383 2970 2428 consentaneum
2996 2373 3151 2429 video
3178 2375 3402 2429 veritati.
3425 2373 3518 2430 Cui
3543 2375 3819 2445 veritati?-

2202 2459 2416 2516 Fabulzc
2446 2463 2647 2517 scilicet
2671 2471 2794 2528 tuae,
2824 2463 3035 2518 habenti
3064 2464 3113 2518 in
3141 2465 3314 2535 capite
3340 2462 3538 2532 bellum
3567 2466 3661 2520 Dei
3688 2509 3702 2530 ,
3743 2468 3795 2521 in

2205 2552 2380 2608 medio
2428 2554 2932 2609 contaminationem
2973 2554 3102 2621 Dei,
3151 2555 3203 2610 in
3247 2556 3351 2612 line
3391 2556 3793 2613 damnationem

2203 2643 2318 2698 Dei.
2344 2644 2408 2698 Et
2433 2661 2713 2715 nusquam,
2747 2645 2936 2716 inquit,
2966 2647 3201 2702 creditur
3227 2647 3420 2702 litteris
3448 2648 3665 2703 sibimet
3693 2647 3795 2702 ad-

2201 2737 2369 2791 versis
2414 2745 2572 2807 atque
2622 2737 2924 2793 contrariis.
2969 2737 3074 2794 Sed
3127 2738 3246 2794 ideo
3290 2737 3381 2794 tibi
3426 2738 3526 2794 hoc
3551 2739 3793 2804 videtur,

2201 2827 2325 2897 quia
2357 2844 2460 2882 non
2513 2827 2760 2899 intelligis
2785 2847 2799 2884 :
2826 2845 2946 2884 nam
2975 2839 3027 2885 et
3056 2829 3308 2901 quidquid
3339 2831 3603 2899 protulisti
3635 2831 3791 2902 quod

2203 2917 2306 2972 tale
2335 2917 2623 2986 videretur,
2652 2919 3069 2973 demonstratum
3117 2930 3198 2974 est
3240 2936 3397 2990 quam
3446 2937 3547 2974 non
3582 2921 3795 2976 iutelli~

2197 3023 2324 3080 gas;
2370 3018 2424 3064 et
2465 3009 2716 3081 quidquid
2749 3010 3068 3079 protuleris,
3114 3010 3586 3066 demonstrabitur.
3630 3009 3794 3066 Nulla

2199 3115 2326 3169 ergo
2367 3114 2524 3154 causa
2551 3109 2633 3156 est
2656 3117 2818 3171 quare
2857 3102 2962 3158 illis
3000 3101 3214 3157 Litteris
3282 3111 3419 3156 tanta
3470 3104 3796 3162 auctoritate

2200 3190 2436 3260 prieditis
2465 3205 2570 3244 non
2600 3191 2880 3246 credamus
2905 3209 2916 3244 :
2941 3202 2994 3246 et
3032 3192 3189 3263 plane
3217 3193 3315 3246 ista
3367 3192 3594 3246 maxima
3622 3185 3795 3248 causa

2209 3292 2291 3338 cst
2323 3297 2418 3338 cur
2446 3297 2539 3338 eos
2565 3283 2653 3354 qui
2676 3283 2819 3340 aliud
2847 3285 3160 3339 annuntiant
3187 3283 3611 3340 anathemcmus.

511 3459 3796 3486 ww

1115 3537 1597 3647 LIBER
1648 3535 2533 3645 .VIGESIMUS
2605 3535 3148 3645 NONUS.

1904 3718 2375 3743 -—-—-—--—-

512 3832 516 3836 ’
572 3835 797 3892 CAPUT
830 3830 1109 3891 PRIMUM.
1156 3863 1226 3873 -—
1264 3829 1506 3886 Fausrus
1547 3827 1717 3884 dixit:
1745 3828 1882 3900 Ergo
1914 3827 2085 3900 magia

503 3934 640 3993 crat,
667 3925 808 3996 quod
840 3927 984 3980 visus
1012 3941 1073 3979 ac
1100 3937 1287 3994 passus
1313 3931 1415 3986 est,
1445 3919 1487 3975 si
1530 3929 1684 3975 natus
1714 3935 1817 3973 non
1849 3927 1949 3973 cst.
1979 3919 2083 3974 Ea-

507 4017 629 4072 dem
677 4017 728 4071 in
781 4025 831 4071 te
878 4017 1108 4071 vicissim
1171 4013 1558 4084 argumentatio
1615 4022 1982 4082 retorquctur,
2028 4019 2086 4066 ttt

504 4113 677 4182 magia
707 4119 761 4165 et
787 4109 912 4164 illud
959 4109 1134 4173 fuerit,
1163 4107 1303 4177 quod
1333 4114 1480 4160 utero
1509 4112 1749 4174 portatus
1773 4146 1786 4166 ,
1817 4111 1908 4158 aut
1942 4100 2084 4174 quod

506 4202 683 4257 editus
708 4201 798 4266 sit,
825 4201 868 4254 si
894 4200 1184 4256 scminatus
1217 4212 1320 4251 non
1354 4196 1468 4250 fuit.
1495 4195 1658 4250 Extra
1687 4195 1856 4266 legem
1884 4204 2084 4248 naturtn

501 4309 622 4349 esse
648 4302 854 4347 constat
884 4285 1137 4362 virginem
1166 4289 1457 4360 peperisse,
1500 4286 1768 4356 multoque
1798 4286 1967 4355 magis
1999 4285 2078 4339 in-

500 4395 712 4439 ventam
745 4384 901 4436 etiam
952 4390 1070 4450 post
1116 4388 1322 4450 partum
1364 4376 1640 4449 virginem.
1670 4375 1844 4444 Quare
1874 4390 2000 4446 ergo
2029 4383 2082 4430 et

500 4471 602 4537 hoc
629 4484 820 4544 praeter
851 4483 1086 4528 naturam
1130 4487 1233 4525 non
1262 4470 1340 4524 vis
1368 4478 1424 4523 ut
1464 4468 1782 4538 contigerit,
1818 4466 1921 4535 pati
1959 4479 2079 4519 eum

501 4565 737 4636 potuisse
765 4565 1050 4630 Valentem,
1081 4564 1194 4618 sine
1224 4570 1368 4618 sorte
1400 4559 1722 4614 nativitatis?
1747 4557 1868 4612 Mihi
1900 4556 2078 4620 crede;

498 4639 753 4728 quantum
783 4656 847 4710 ad
878 4671 988 4710 rem
1017 4656 1223 4721 attinet,
1253 4653 1465 4722 utrique
1505 4652 1556 4707 in
1594 4649 1697 4706 hoc
1727 4659 1929 4705 natura:
1955 4663 2082 4703 con-

500 4747 661 4802 traria
693 4749 1003 4818 proﬁtemur
1030 4766 1041 4801 :
1067 4747 1158 4802 sed
1190 4746 1291 4801 hoc
1333 4747 1584 4807 interest,
1615 4742 1754 4813 quod
1786 4757 1884 4796 nos
1911 4739 2079 4794 hone-

495 4849 596 4902 ste,
624 4853 717 4894 vos
741 4839 960 4908 turpiter
986 4856 998 4892 :
1027 4855 1121 4892 nos
1146 4837 1405 4907 passionis
1427 4835 1542 4905 ejus
1568 4834 1826 4887 rationem
1850 4830 2077 4900 aliquam

2191 3843 2220 3881 a
2251 3828 2445 3883 nostris
2474 3827 2490 3858 ‘
2522 3833 2620 3892 est,
2645 3824 2830 3896 Angcli
2855 3833 2909 3881 et
2934 3825 3028 3880 visi
3064 3823 3366 3882 hominibus
3389 3834 3442 3882 et
3470 3825 3633 3884 locuti
3658 3843 3794 3885 esse

2189 3928 2576 3974 monstrentur.

2260 4010 2486 4066 CAPUT
2519 4009 2581 4064 ll.
2604 4042 2675 4051 —
2696 4011 3028 4066 Ausus'rtsus
3049 4010 3324 4081 respondit
3347 4030 3359 4066 :
3383 4011 3499 4066 Non
3526 4013 3683 4070 vobis
3706 4015 3796 4070 di-

2188 4105 2324 4159 citur
2355 4104 2523 4174 magia
2553 4119 2702 4168 esse,
2734 4104 2901 4173 utqui
2947 4111 3102 4158 natus
3127 4119 3229 4158 non
3260 4103 3448 4171 fuerit,
3482 4105 3793 4176 moriatur;

2187 4194 2309 4248 nam
2342 4195 2444 4249 hoc
2473 4195 2524 4249 in
2555 4194 2722 4248 Adam
2751 4193 2946 4249 factum
2972 4209 3089 4250 esse
3110 4193 3220 4264 jam
3249 4211 3408 4267 supra
3434 4212 3792 4254 commemo-

2187 4287 2420 4342 ravimus
2448 4304 2460 4339 :
2485 4284 2577 4340 sed
2607 4294 2660 4339 et
2685 4286 2728 4340 si
2761 4301 3025 4356 nunquam
3051 4285 3247 4341 factum
3275 4287 3482 4356 fuisset,
3509 4300 3564 4344 et
3593 4290 3798 4348 Domi~

2187 4387 2288 4430 nus
2315 4374 2556 4430 Christus
2587 4375 2657 4430 ita
2692 4375 2876 4430 venire
2905 4376 3190 4444 voluisset,
3221 4385 3278 4432 ut
3306 4393 3414 4433 non
3454 4396 3521 4434 ex
3567 4381 3798 4453 virgine

2187 4477 2494 4538 assumpta,
2525 4467 2617 4522 sed
2666 4477 2841 4522 tamen
2869 4467 2921 4522 in
2967 4483 3092 4523 vera
3134 4464 3294 4525 carne
3337 4485 3633 4540 apparens,
3681 4491 3797 4532 nos

2185 4573 2308 4613 vera
2338 4569 2507 4613 morte
2535 4558 2845 4625 redimeret,
2879 4559 3000 4630 quis
3041 4575 3162 4614 eum
3190 4575 3296 4615 non
3329 4564 3564 4631 potuisse
3593 4563 3802 4623 dicere

2185 4649 2443 4704 auderet?
2476 4647 2580 4703 Sed
2607 4648 2731 4702 illud
2757 4649 2949 4704 melius
2975 4659 3090 4704 erat
3115 4651 3254 4721 quod
3283 4651 3428 4719 fecit,
3448 4637 3694 4710 utetiam
3720 4657 3800 4713 de

2185 4742 2387 4812 virgine
2415 4751 2747 4808 nasceretur,
2777 4749 2831 4796 et
2858 4751 3140 4813 utrumque
3188 4759 3401 4810 sexum,
3434 4761 3529 4818 pro
3571 4763 3685 4818 quo
3720 4751 3802 4807 li-

2185 4833 2420 4890 berando
2448 4833 2736 4888 moriturus
2766 4842 2881 4888 erat
2903 4875 2916 4897 ,
2961 4834 3268 4904 dignaretur
3295 4837 3455 4894 etiam
3496 4854 3800 4898 commen-

2181 4925 2308 4979 dare
2356 4927 2622 4981 nascendo
2649 4967 2662 4988 ,
2717 4928 3009 4983 masculino
3053 4945 3153 4985 suo
3197 4947 3422 5002 corpore
3464 4948 3531 4988 ex
3571 4934 3798 4993 femina

2185 5025 2708 5087 procreatozcontra
2755 5034 2848 5072 vos
2896 5019 3039 5088 ipsos
3069 5021 3295 5076 maxime
3341 5023 3479 5078 facto
3530 5026 3648 5096 ipso
3703 5030 3798 5082 lo-

2181 5125 2368 5180 quens,
2392 5125 2591 5180 vosque
2619 5110 2954 5174 subvertens,
2981 5111 3067 5180 qui
3093 5114 3382 5169 masculum
3410 5125 3464 5170 et
3490 5113 3773 5176 feminam

2183 5195 2287 5256 non
2316 5201 2406 5256 Dei
2431 5243 2444 5268 ,
2473 5201 2567 5256 scd
2608 5201 2804 5256 diaboli
2833 5217 2968 5273 opus
3007 5219 3126 5259 esse
3153 5205 3470 5274 prmdicatis.
3503 5207 3611 5264 Sed
3639 5211 3802 5268 illud

2179 5303 2262 5348 est
2287 5293 2427 5364 quod
2458 5293 2646 5363 magia:
2683 5294 2860 5349 simile
2888 5294 3126 5349 dicimini
3165 5311 3435 5361 asserere,
3463 5299 3605 5367 quod
3651 5317 3804 5370 pas-

2179 5387 2383 5440 sionem
2425 5394 2758 5455 mortemque
2797 5385 2915 5456 ejus
2941 5380 3116 5456 specie
3146 5395 3300 5441 tenus
3328 5387 3517 5442 factam
3539 5430 3554 5455 ,
3586 5399 3643 5445 et
3679 5392 3801 5447 fal-

2181 5479 2364 5558 laciter
2391 5479 2566 5533 dicitis
2589 5478 2980 5546 adumbratam,
3007 5490 3064 5536 ut
3094 5483 3230 5537 mori
3259 5482 3525 5540 videretur
3546 5487 3639 5555 qui
3665 5505 3754 5544 no
3781 5508 3802 5548 ι

2179 5570 2523 5626 moriebatur.
2553 5569 2628 5624 Ex
2657 5586 2763 5640 quo
2780 5571 2838 5626 tit
2864 5580 2919 5627 ut
2940 5571 3056 5643 ejus
3075 5588 3286 5647 quoque
3315 5578 3800 5645 resurrectionem

493 4931 767 4986 reddimus
813 4941 866 4985 et
898 4929 1265 5000 probabilem;
1299 4942 1393 4981 vos
1425 4923 1711 4979 nativitatis
1749 4932 1840 5000 aut
1877 4922 2077 4976 nullam

495 5017 778 5092 prrestatis,
811 5030 901 5075 aut
932 5019 1116 5074 falsam
1146 5018 1410 5087 :denique
1439 5031 1535 5070 nos
1564 5015 1742 5085 specie
1773 5024 1927 5068 tenus
1955 5029 2075 5083 pas-

492 5127 608 5165 sum
654 5112 990 5177 confitemur,
1041 5124 1138 5164 nec
1168 5125 1294 5163 vcre
1333 5118 1636 5172 mortuum;
1670 5119 1765 5160 vos
1805 5121 1901 5176 pro
1931 5115 2078 5160 certo

492 5205 830 5275 puerperium
881 5201 1040 5259 fuisse
1070 5201 1287 5258 creditis
1309 5244 1323 5268 ,
1364 5209 1418 5254 ct
1445 5209 1597 5254 utero
1628 5197 1871 5254 muliebri
1902 5205 2079 5268 porta-

491 5301 623 5347 tum.
657 5297 762 5348 Aut
792 5294 836 5349 si
885 5295 953 5349 ita
982 5310 1086 5349 non
1116 5304 1196 5347 est
1222 5334 1234 5351 .
1267 5290 1533 5347 fateamini
1566 5298 1620 5344 et
1665 5304 1757 5344 vos
1798 5289 1918 5360 quia
1970 5288 2074 5342 hoc

489 5383 647 5437 etiam
697 5386 1005 5456 imaginarie
1046 5387 1115 5441 sit
1150 5387 1373 5447 factum,
1406 5393 1460 5437 ut
1503 5382 1771 5437 videretur
1802 5389 1955 5436 natus
1978 5423 1991 5448 ,
2022 5389 2076 5435 et

439 5512 442 5515 -
479 5475 664 5529 .omnis
693 5476 844 5530 nobis
871 5477 970 5531 erit
1011 5475 1278 5546 proﬂigata
1308 5473 1597 5529 contentio.
1641 5470 1772 5526 Nam
1801 5468 1925 5524 illud
1954 5463 2072 5539 qui;

486 5562 627 5627 dem,
653 5565 792 5636 quod
816 5581 956 5638 smpe
976 5565 1243 5621 affirmare
1264 5565 1467 5629 soletis,
1487 5562 1790 5618 necessario
1812 5561 1934 5616 eum
1955 5575 2074 5615 esse

487 5664 692 5722 natum,
722 5661 842 5727 qula
873 5657 1000 5711 alias
1022 5655 1324 5710 hominibus
1347 5655 1511 5709 videri
1539 5661 1631 5708 aut
1650 5653 1792 5723 loqui
1822 5666 1926 5706 non
1949 5665 2074 5720 pos~

485 5755 591 5815 set,
622 5745 904 5803 ridiculum
933 5755 1050 5816 est;
1081 5762 1198 5803 cum
1241 5746 1541 5813 ntultotics,
1577 5754 1632 5799 ut
1651 5745 1757 5816 jam
1790 5741 2070 5815 probatum
2239 5750 2256 5780 ι
2295 5747 2442 5798 editio
2463 5754 2556 5804 ιζτ..
2578 5762 2608 5799 τι
2631 5749 2814 5800 rostris.
