4052 6454
274 364 381 421 889

274 479 620 536 umbraticam
637 524 665 547 ,η
684 480 1047 553 imaginariam
1067 525 1083 551 ,
1112 481 1463 554 fallacemque
1505 484 1695 540 dicatis
1722 505 1734 541 :
1760 502 1854 542 ne-

269 588 373 642 que
391 572 533 626 enim
562 572 675 643 ejus
703 575 911 644 quinou
942 590 1069 631 vere
1097 585 1338 631 mortuus
1353 585 1455 642 est,
1476 593 1599 633 vera
1627 594 1746 634 esse
1764 597 1855 635 re-

267 665 528 719 surrectio
556 675 749 735 potest.
782 667 856 722 ita
884 669 943 720 iit
986 676 1117 723 utet
1145 668 1422 725 cicatrices
1453 669 1728 742 discipulis
1755 672 1855 727 du-

268 755 563 811 bitantibus
622 757 781 813 falsas
849 759 1172 826 ostenderit;
1214 776 1316 816 nec
1352 761 1586 819 Thomas
1634 765 1857 819 veritate

268 848 640 915 conﬁrmatus,
669 848 761 904 sed
789 848 994 905 fallacia
1021 851 1274 922 deceptus
1310 853 1574 923 clamarit,
1602 856 1854 914 Dominus

263 954 401 993 incus
429 949 478 994 et
511 939 648 994 Deus
672 958 812 996 meus
853 940 1041 1015 (Joan.
1060 959 1130 997 xx
1150 985 1165 1009 ,
1190 944 1283 1017 28)
1308 963 1320 999 :
1344 954 1401 1001 et
1430 955 1607 1003 tamen
1634 964 1857 1018 persua-

261 1028 390 1083 dere
419 1030 721 1093 conamini,
761 1031 937 1102 lingua
980 1048 1075 1087 vos
1105 1033 1246 1104 loqui
1286 1050 1470 1090 verum
1493 1077 1510 1103 ,
1540 1051 1661 1091 cum
1701 1038 1858 1092 Chri-

260 1129 399 1173 stum
426 1120 621 1175 dicatis
646 1130 757 1177 toto
785 1138 1012 1193 corpore
1043 1124 1211 1181 fuisse
1236 1127 1542 1183 mentitum.
1575 1129 1701 1184 llaic
1728 1139 1853 1185 sunt

259 1230 379 1281 qua:
403 1215 561 1271 vobis
588 1216 931 1285 objiciuntur,
961 1219 1051 1289 qui
1080 1220 1239 1277 talem
1278 1219 1546 1277 Christum
1571 1223 1723 1278 vobis
1753 1222 1853 1278 lin-

262 1304 419 1359 xistis
440 1346 456 1369 ,
484 1305 637 1376 cujus
666 1306 911 1377 discipuli
949 1310 1061 1365 veri
1105 1326 1213 1365 non
1253 1311 1370 1367 sitis
1392 1354 1409 1379 ,
1437 1313 1537 1368 nisi
1566 1313 1851 1372 mendaces

257 1410 353 1449 vos
397 1412 616 1466 quoque
657 1396 885 1454 fueritis.
930 1399 1045 1455 Non
1090 1410 1267 1458 autem
1314 1402 1436 1459 ideo
1473 1406 1648 1477 magia
1681 1405 1848 1461 videri

257 1498 439 1559 potest
465 1499 588 1545 nata
609 1507 674 1547 ex
696 1492 901 1563 virgine
925 1493 1156 1551 hominis
1178 1511 1326 1564 caro,
1355 1500 1476 1568 quia
1500 1514 1627 1557 caro
1646 1500 1847 1557 Christi

255 1581 369 1634 sola
403 1581 481 1636 ita
510 1592 631 1638 nata
662 1593 780 1639 est:
803 1586 941 1641 sicut
970 1602 1071 1643 nec
1100 1588 1185 1643 illa
1230 1591 1403 1662 magia
1430 1599 1551 1660 est,
1582 1594 1705 1664 quia
1733 1595 1847 1650 sola

254 1668 455 1726 Christi
499 1688 629 1729 caro
654 1674 742 1731 die
772 1678 928 1732 tertio
956 1680 1290 1749 resurrexit,
1320 1698 1588 1754 nunquam
1626 1686 1851 1742 ulterius

253 1763 543 1819 moritura.
572 1766 818 1837 Alioquin
844 1769 1022 1824 omnia
1047 1770 1299 1828 miracula
1323 1774 1415 1829 Dei
1446 1777 1650 1846 magica
1666 1788 1847 1846 erunt,

253 1855 375 1925 quia
406 1855 753 1926 singulariter
782 1857 920 1914 facta
946 1869 1072 1915 sunt
1097 1878 1111 1914 :
1134 1862 1228 1917 sed
1251 1879 1376 1920 vere
1401 1864 1537 1921 facta
1580 1877 1728 1935 sunt,
1754 1884 1849 1924 ve-

252 1960 483 2016 rumque
508 1948 878 2015 ostenderunt,
908 1967 1013 2007 non
1040 1955 1224 2009 oculos
1253 1955 1528 2013 hominum
1568 1961 1849 2031 praestigiis

252 2036 535 2093 fallacibus
585 2039 867 2096 illuseruut
903 2059 917 2097 :
955 2059 1074 2114 quae
1116 2045 1330 2114 quidem
1374 2058 1560 2104 contra
1605 2058 1848 2107 naturam

252 2128 574 2199 plerumque
593 2132 952 2202 appellantur,
977 2149 1082 2189 non
1102 2136 1241 2206 quod
1259 2145 1461 2193 natum
1474 2138 1845 2209 adversentur,

251 2218 346 2274 sed
374 2220 523 2290 quod
556 2232 761 2279 natura:
786 2223 1025 2295 modum,
1054 2227 1143 2296 qui
1175 2227 1330 2283 nobis
1357 2238 1442 2284 est
1470 2231 1715 2297 usitatus,
1748 2249 1847 2289 ex-

250 2310 467 2365 cedant.
494 2311 743 2383 Repellat
767 2330 895 2386 ergo
925 2316 1181 2373 Dominus
1204 2333 1234 2372 a
1259 2319 1601 2389 parvulorum
1624 2338 1844 2381 suorum

251 2402 529 2457 mentibus
554 2445 569 2467 ,
598 2404 744 2474 quod
784 2406 933 2476 quasi
965 2407 1302 2465 admonendo
1345 2410 1574 2468 Faustus
1630 2430 1849 2484 persua-

251 2491 380 2549 dere
406 2503 639 2550 conatus
661 2505 763 2563 est,
787 2504 846 2551 ut
870 2497 1028 2552 etiam
1061 2514 1160 2553 nos
1192 2500 1556 2572 imaginariam
1575 2546 1591 2570 ,
1622 2520 1729 2560 non
1756 2522 1847 2563 ve-

251 2598 367 2639 ram
399 2585 738 2642 nativitatem
763 2587 964 2643 Christi
1008 2590 1389 2660 proliteamur:
1414 2602 1575 2665 atque
1603 2596 1675 2651 ita
1707 2598 1847 2653 inter

252 2690 350 2730 nos
370 2677 556 2731 omnis
581 2679 856 2733 contentio
883 2679 1139 2746 ﬁniatur;
1169 2682 1277 2737 imo
1305 2699 1434 2741 vero
1460 2696 1674 2743 maneat
1693 2690 1846 2744 nobis

251 2766 512 2821 adversus
558 2767 677 2821 illos
720 2769 896 2839 potius
936 2786 1035 2843 pro
1082 2773 1308 2830 veritate
1349 2784 1659 2847 certamen,
1686 2795 1845 2851 quam

251 2871 372 2911 cum
398 2857 509 2911 illis
540 2858 593 2912 in
622 2859 847 2916 falsitate
869 2864 1177 2919 concordia.

317 2947 554 3004 CAPUT
580 2948 667 3005 lll.
689 2982 760 2991 —
773 2950 1151 3011 Verumtamen
1176 2972 1360 3028 quaero
1377 2960 1447 3016 ab
1466 2961 1566 3027 eis,
1595 2963 1640 3018 si
1662 2973 1843 3021 nostra

250 3041 527 3095 contentio
555 3043 871 3099 terminatur
890 3060 1012 3101 cum
1039 3047 1141 3103 hoc
1162 3049 1475 3119 dixerimus,
1497 3068 1594 3109 cur
1619 3053 1723 3112 hoc
1745 3058 1844 3127 ipsi

251 3145 355 3186 non
378 3130 610 3187 dicunt?
637 3135 743 3188 Cur
770 3136 867 3204 ipsi
893 3146 1121 3194 mortem
1166 3156 1271 3195 non
1298 3158 1509 3212 veram,
1540 3145 1635 3201 sed
1662 3147 1845 3218 imagi-

252 3223 455 3277 nariam
481 3222 684 3279 Christi
715 3226 1014 3295 affirmant;
1047 3233 1373 3290 nativitatem
1404 3249 1582 3293 autem
1608 3256 1713 3294 non
1742 3241 1843 3296 sal-

250 3321 357 3367 tem
384 3314 573 3378 talem,
602 3316 696 3371 sed
728 3333 950 3388 prorsus
978 3322 1178 3378 nullam
1207 3324 1387 3381 dicere
1412 3327 1758 3400 delegerunt?
1784 3332 1841 3388 Si

250 3405 591 3463 auctoritatis
617 3410 939 3479 evangelicae
965 3415 1202 3482 pondere
1228 3418 1558 3476 erubuerunt
1576 3423 1618 3487 ί,
1642 3432 1696 3478 et
1723 3424 1844 3481 ideo

251 3511 354 3551 non
372 3499 492 3552 ausi
513 3509 640 3554 sunt
656 3499 929 3558 Christum
953 3520 1057 3560 non
1082 3508 1276 3564 saltem
1299 3511 1607 3583 imaginarie
1628 3531 1841 3586 passum

249 3586 471 3643 dicere:
513 3590 842 3648 nativitatem
890 3610 1104 3667 quoque
1147 3599 1262 3669 ejus
1306 3603 1495 3658 eadem
1539 3610 1840 3680 evangelica

249 3684 477 3733 testatur
496 3684 809 3738 auctoritas.
840 3686 950 3740 Etsi
980 3690 1123 3743 enim
1158 3690 1266 3746 duo
1300 3697 1640 3765 evangelistte
1667 3701 1839 3770 ipsum

249 3780 458 3838 partum
476 3772 658 3829 Mariae
680 3782 1257 3851 itarravertintwatth.
1277 3786 1427 3852 1,25,
1459 3798 1505 3842 et
1528 3789 1655 3847 Luc.
1688 3796 1838 3867 tt,7);

248 3860 428 3915 nullus
451 3869 634 3919 tamen
659 3865 1113 3939 Evangelistarum
1129 3877 1307 3943 tacuit,
1321 3879 1463 3948 quod
1480 3880 1715 3939 habuerit
1731 3860 1843 3940 ma;-

247 3957 381 4043 trem
404 3953 569 4009 Jesus
600 3957 618 4027 (
645 3955 827 4012 Matth.
859 3976 915 4028 ιι,
940 3952 1001 4017 ιι
1035 3978 1050 4029 ;
1080 3964 1245 4023 Marc.
1270 3982 1347 4032 Ill,
1375 3969 1476 4036 32;
1508 3971 1636 4028 Luc.
1665 3991 1719 4042 ιι,
1748 3978 1836 4043 55,

246 4052 293 4094 et
314 4041 478 4099 Joan.
514 4062 572 4110 tt,
603 4046 764 4119 i).An
794 4050 913 4105 ideo
935 4054 1099 4124 piguit
1135 4057 1294 4112 etiam
1318 4058 1421 4116 hoc
1448 4064 1739 4132 praedicare
1758 4041 1833 4124 si?

246 4135 530 4204 mulatum,
544 4140 663 4208 quia
678 4145 1049 4212 generationes
1067 4148 1200 4205 alias
1210 4150 1507 4220 Mattbazus,
1521 4157 1653 4213 alias
1668 4158 1839 4217 Lucas

245 4229 579 4298 exsequitur,
604 4233 745 4289 unde
767 4236 1014 4292 ridentur
1034 4256 1140 4294 non
1165 4241 1265 4297 sibi
1288 4248 1613 4303 convenire?
1639 4249 1743 4306 Sed
1771 4252 1836 4307 da

248 4317 521 4376 hominem
558 4323 649 4392 qui
684 4339 789 4380 non
820 4326 1100 4401 intelligat.
1130 4334 1334 4402 putabit
1374 4338 1533 4394 etiam
1562 4341 1614 4395 in
1654 4344 1837 4399 multis

245 4423 364 4477 quae
386 4410 458 4465 ad
481 4410 678 4469 Christi
702 4418 1009 4487 passionem
1039 4425 1323 4491 pertinent.
1348 4427 1712 4499 Evangelistas
1734 4436 1835 4490 sibi

246 4513 349 4553 non
378 4505 673 4560 convenire
699 4524 712 4560 :
736 4506 801 4563 da
832 4525 959 4565 vero
987 4512 1075 4581 qui
1101 4512 1380 4585 intelligat,
1408 4527 1461 4572 et
1486 4519 1682 4591 ubique
1705 4539 1836 4580 con-

245 4591 488 4647 veniunt.
519 4596 603 4649 An
625 4598 753 4665 quia.
770 4612 997 4655 mortem
1022 4603 1276 4660 simulare
1301 4607 1583 4665 honestum
1608 4624 1711 4680 est,
1741 4632 1835 4669 na-

246 4680 505 4740 tivitatem
534 4696 715 4743 autem
758 4691 916 4746 etiam
959 4693 1213 4751 simulare
1242 4706 1396 4769 turpe
1433 4704 1553 4756 est?
1573 4701 1682 4759 Cur
1707 4722 1834 4778 ergo

308 4839 932 4929 ijifnmﬂftmei
954 4848 1281 4929 veteres
1449 4855 1516 4929 th
1538 4855 1833 4929 narremus

242 4900 481 4972 recedunt
494 4910 706 4972 quatuor
728 4900 967 4972 Vaticani;
981 4911 1063 4971 qui
1085 4900 1285 4972 habent,
1309 4900 1832 4971 si'au‘ciiriiazis'éi'éi;

242 4959 653 5033 gelicgpasidera
672 4959 982 5033 erubuerun't.
998 4959 1012 4971 ’
1024 4977 1073 5033 ιιι
1106 4959 1204 5023 alio
1218 4959 1531 5027 ianthina}?
1548 4959 1831 5033 ἰἷῖῐὶἶιῖιῖξ

241 5022 639 5107 (Ξῗῗίλῗὲἷξυῖὲ
656 5027 767 5107 ἕεςζ,
786 5029 1080 5107 auctoritati,
1100 5022 1414 5107 Meae?
1422 5022 1636 5107 Μέντα
1651 5022 1830 5107 Eat.

241 5080 550 5156 ςνεφηεηῡιι.
576 5093 627 5135 ιιι
643 5088 867 5156 editione
896 5080 1659 5153 manassias}?
1673 5080 1828 5156 ’ἑίιῖἷὶ

240 5141 408 5203 qelicte
441 5149 735 5210 respondere
754 5141 1063 5205 erubuenmt.

908 5274 3105 5311 ——__~___________________

1585 367 1785 424 LIBER
1822 367 2255 431 TRIGESIMUS.

3444 398 3547 451 490
3599 444 3602 448 .

1963 503 2061 542 nos
2091 487 2333 545 hortatur
2366 489 2464 547 hoc
2486 492 2725 549 conﬁteri
2746 536 2761 562 ,
2787 509 2893 566 quo
2924 499 3090 567 possit
3118 510 3300 557 nostra
3329 515 3554 561 conten-

1970 578 2045 631 tio
2088 578 2395 650 prolligari?
2423 581 2576 639 Unde
2618 600 2748 655 ergo
2790 586 2919 640 mihi
2962 588 3202 643 videatur
3225 593 3548 651 nativitatem

1970 668 2200 736 Christi,
2243 688 2342 727 nec
2385 674 2570 729 saltem
2620 678 2755 731 sicut
2800 686 3024 733 mortem
3078 682 3419 753 simulatam,
3460 687 3554 743 sed

1972 773 2195 827 prorsus
2242 762 2438 817 nullam
2470 766 2760 834 praedicare
2793 769 3028 825 voluisse
3051 812 3067 836 ,
3115 771 3166 826 in
3204 780 3555 846 consequenti

1968 863 2216 906 sermone
2256 855 2562 924 apparebit,
2612 858 2698 912 ubi
2735 859 2886 914 alteri
2929 861 3371 931 respondebimus
3406 882 3557 940 qua:-

1967 940 2149 995 slioni.
3520 1026 3523 1029 ἰ

2037 1030 2265 1089 CAPUT
2291 1034 2379 1089 ιν.
2401 1067 2473 1077 -
2492 1036 2640 1091 Absit
2668 1047 2845 1095 autem
2874 1050 2932 1096 ut
2960 1040 3031 1096 sit
3061 1043 3112 1096 in
3144 1044 3397 1103 membris
3425 1060 3557 1103 san-

1968 1129 2177 1177 ctorum
2223 1127 2382 1180 etiam
2413 1128 2732 1197 genitalibus
2769 1131 2941 1199 aliqua
2973 1133 3263 1204 turpitudo.
3292 1136 3557 1195 Dicuntur

1964 1213 2177 1282 quidem
2209 1216 2508 1283 inhonesta,
2536 1219 2656 1288 quia
2689 1236 2792 1273 non
2825 1221 3018 1276 habent
3051 1239 3169 1279 eam
3196 1226 3427 1296 speciem
3458 1229 3556 1285 dea

1970 1305 2133 1374 coris,
2164 1322 2323 1378 quam
2353 1310 2589 1365 membra
2611 1326 2730 1381 qua:
2753 1312 2805 1366 iu
2834 1324 3081 1385 promptu
3107 1317 3276 1371 locata
3297 1327 3422 1374 sunt
3450 1319 3551 1392 (a).

1963 1395 2066 1451 Sed
2098 1397 2272 1453 videte
2298 1399 2424 1469 quid
2464 1401 2604 1456 dicat
2635 1403 2951 1472 Apostolus,
2983 1420 3102 1460 cum
3133 1421 3199 1461 ex
3226 1407 3340 1477 ipsa
3381 1425 3553 1465 mem-

1965 1486 2180 1541 brorum
2207 1490 2446 1559 corporis
2474 1492 2639 1547 nostri
2663 1493 2863 1549 unitate
2890 1502 3049 1565 atque
3085 1510 3341 1571 compage
3373 1501 3551 1557 chari-

1965 1588 2126 1636 tatem
2158 1584 2439 1652 persuadet
2477 1584 2749 1641 Ecclesiae.
2780 1585 2947 1642 Multo
2977 1590 3137 1659 magis
3156 1631 3171 1655 ,
3201 1591 3403 1664 inquit,
3433 1611 3551 1665 qua

1963 1672 2195 1728 videntur
2236 1676 2461 1730 membra
2503 1679 2731 1747 corporis
2767 1680 3050 1749 inﬁrmiora
3091 1698 3198 1737 esse
3217 1724 3233 1748 ,
3265 1687 3549 1742 necessaria

1960 1773 2115 1831 sunt;
2140 1773 2185 1820 et
2214 1781 2325 1836 quae
2344 1766 2574 1822 videntur
2594 1768 2772 1823 viliora
2798 1786 2903 1825 esse
2927 1773 3172 1843 corporis,
3196 1774 3258 1828 iis
3283 1775 3551 1831 abundan-

1962 1855 2139 1910 tiorem
2167 1857 2405 1911 honorent
2437 1859 2864 1931 circumponimus
2887 1877 2906 1917 :
2926 1872 2974 1916 et
3002 1879 3114 1932 qua:
3138 1865 3403 1921 inhonesta
3430 1877 3553 1924 sunt

1961 1958 2135 2001 nostra
2154 1989 2169 2012 ,
2204 1948 2621 2005 abundantiorem
2650 1952 2957 2008 honestatem
2992 1953 3213 2019 habent;
3237 1973 3351 2027 qua:
3378 1967 3548 2013 autem

1962 2041 2167 2096 honesta
2192 2054 2309 2098 sunt
2350 2055 2524 2099 nostra
2542 2088 2557 2113 ,
2587 2062 2687 2101 non
2718 2064 2844 2117 Opus
2869 2048 3092 2102 habent:
3111 2050 3201 2104 sed
3237 2049 3377 2106 Deus
3417 2063 3549 2107 tent-

1959 2136 2153 2203 perarit
2177 2153 2380 2208 corpus,
2410 2138 2454 2191 ei
2471 2179 2487 2203 ,
2518 2139 2601 2192 cui
2625 2138 2818 2205 deerat,
2849 2141 3093 2211 majorem
3122 2142 3365 2198 honorem
3387 2147 3542 2216 dans,

1957 2234 2014 2278 ut
2041 2242 2141 2279 non
2171 2235 2327 2280 essent
2365 2228 2600 2282 scissura:
2636 2230 2689 2283 in
2724 2247 2936 2300 corpore
2965 2231 3006 2302 (Ι
3034 2231 3153 2288 Cor.
3183 2250 3259 2288 xtt
3284 2276 3298 2299 ,
3326 2235 3545 2308 22-25).

1958 2316 2177 2373 lllicitus
2207 2319 2404 2390 itaque,
2434 2330 2488 2376 et
2518 2324 2883 2393 temperantia:
2913 2325 3116 2396 legibus
3143 2344 3250 2383 non
3274 2330 3549 2400 subjectus

1958 2409 2318 2465 membrorum
2351 2412 2564 2468 illorum
2597 2428 2725 2469 usus
2754 2425 2835 2470 est
2866 2418 3065 2487 turpis;
3098 2435 3203 2473 non
3233 2420 3343 2491 ipsa
3373 2408 3544 2495 inem—

1956 2498 2073 2565 hra,
2103 2517 2224 2571 qum
2252 2518 2358 2557 non
2386 2504 2563 2559 solum
2597 2504 2650 2560 in
2676 2506 2959 2563 excellenti
2999 2508 3303 2581 integritate
3330 2513 3546 2568 cmlibes

1955 2601 2011 2648 et
2033 2595 2266 2665 virgines
2285 2604 2521 2661 servant,
2548 2598 2644 2654 sed
2669 2598 2769 2670 ipsi
2788 2600 3055 2672 coniugati
3084 2604 3252 2658 sancti
3281 2613 3458 2675 patres
3481 2621 3546 2661 ac

1956 2700 2177 2755 matres,
2208 2688 2289 2744 sic
2313 2688 2391 2744 eis
2430 2690 2761 2759 generationi
2808 2693 3178 2748 tantummodo
3203 2696 3546 2753 consulentes

1954 2781 2260 2847 utebantur,
2284 2790 2342 2836 ut
2371 2782 2460 2837 ille
2501 2784 2759 2839 naturalis
2801 2795 2976 2841 motus
3004 2786 3152 2841 nullo
3190 2788 3350 2843 modo
3377 2790 3546 2859 turpis

1953 2880 2132 2937 esset,
2162 2873 2252 2944 qui
2284 2889 2389 2928 non
2428 2873 2633 2929 libidini
2653 2917 2669 2942 ,
2698 2875 2794 2931 sed
2833 2878 3025 2933 rationi
3056 2879 3300 2933 serviret.
3334 2879 3547 2946 Quanto

1956 2965 2124 3036 magis
2151 2980 2281 3036 ergo
2307 2965 2357 3019 in
2381 2975 2562 3021 sancta
2592 2966 2797 3038 virgine
2824 2968 3009 3035 Maria,
3040 2985 3159 3040 qua:
3193 2969 3391 3025 Christi
3420 2986 3544 3027 car-

1953 3072 2077 3111 nem
2100 3056 2204 3112 llde
2222 3056 2488 3126 concepit,
2519 3057 2648 3112 nihil
2679 3058 2976 3114 habuerunt
3003 3060 3343 3130 turpitudinis
3374 3077 3546 3116 mem-

1955 3145 2073 3213 bra,
2104 3162 2224 3217 qua:
2246 3162 2345 3203 nec
2370 3147 2601 3202 humano
2626 3148 2876 3219 licitoque
2900 3153 3181 3222 conceptui
3203 3193 3218 3219 ,
3245 3153 3339 3208 sed
3361 3154 3545 3210 divino

1953 3247 2155 3294 tantum
2185 3239 2354 3309 partui
2381 3240 2718 3295 servierunt?
2740 3240 2928 3296 Merito
2950 3242 3103 3312 plane
3126 3243 3208 3298 sic
3234 3243 3539 3311 honestata,

1953 3337 2012 3383 ιιι
2035 3328 2189 3384 nobis
2215 3326 2510 3397 Christum,
2541 3346 2699 3400 quem
2726 3330 2977 3386 cordibus
3016 3333 3238 3403 integris
3266 3334 3539 3391 credendo

1949 3422 2375 3492 cnnciperemus,
2397 3431 2452 3478 et
2466 3423 2773 3480 confitendo
2792 3425 3185 3496 quodammodo
3205 3444 3538 3497 pareremus,

1951 3512 2110 3586 etiam
2154 3513 2503 3582 corporaliter
2530 3523 2739 3569 servata
2782 3516 3083 3586 integritate
3113 3517 3534 3576 transfunderet.

1949 3580 2106 3656 Nullo
2133 3580 2291 3657 modo
2318 3603 2460 3658 enim
2484 3602 2730 3659 Christus
2756 3614 2982 3659 matrem
3026 3606 3299 3662 nascendo
3339 3608 3539 3665 faceret

1950 3691 2307 3759 deteriorem;
2336 3702 2394 3749 ut
2419 3694 2504 3749 cui
2530 3710 2725 3750 munus
2756 3694 3094 3751 fecunditatis
3117 3698 3362 3754 attulerat
3388 3740 3404 3763 ,
3433 3699 3546 3757 ἀθο-

1950 3800 2046 3840 cus
2072 3785 2385 3856 virginitatis
2404 3785 2658 3842 auferret.
2682 3787 2806 3843 llaec
2835 3788 3116 3856 veraciter,
3141 3806 3247 3845 non
3275 3791 3543 3850 fallaciter-

1949 3874 2084 3933 facta
2111 3888 2271 3933 sunt:
2296 3878 2390 3933 sed
2422 3894 2554 3933 nova
2584 3889 2727 3944 sunt,
2752 3879 2846 3935 sed
2871 3880 3083 3937 insolita
3110 3892 3256 3951 sunt,
3285 3885 3377 3940 scd
3403 3901 3536 3941 con-

1948 3974 2028 4022 tra
2074 3978 2276 4024 naturae
2315 3984 2529 4025 cursum
2574 3970 2908 4026 notissimum
2951 3980 3109 4041 sunt,
3137 3976 3258 4045 quia
3303 3991 3530 4047 magna,

1948 4060 2070 4129 quia
2100 4060 2255 4128 mira,
2286 4061 2410 4133 quia
2432 4060 2649 4129 divina;
2675 4070 2732 4118 et
2753 4078 2819 4118 eo
2842 4064 3014 4135 magis
3041 4081 3167 4120 vera
3186 4107 3202 4133 ,
3230 4078 3375 4124 certa
3394 4110 3410 4135 ,
3440 4071 3533 4124 tir-

1947 4160 2087 4206 mata
2110 4151 2151 4206 ⁸.

2018 4244 2085 4299 Ει
2110 4244 2296 4314 Angeli
2318 4287 2333 4311 ,
2364 4245 2566 4316 inquit,
2596 4245 2695 4301 visi
2719 4255 2773 4301 et
2796 4246 2957 4303 locuti
2985 4256 3140 4315 sunt,
3171 4251 3413 4320 quamvis
3438 4268 3541 4310 na.

1947 4334 1984 4389 ti
2008 4351 2117 4411 non
2147 4334 2359 4391 fuerint.
2390 4336 2551 4405 Quasi
2580 4352 2678 4393 nos
2702 4338 2944 4394 dicamus
2966 4338 3236 4396 Christum
3257 4384 3273 4410 ,
3301 4344 3401 4399 nisi
3432 4362 3529 4400 na-

1945 4435 2183 4481 sceretur
2207 4442 2275 4481 ex
2316 4427 2546 4494 femina,
2579 4443 2679 4484 nec
2710 4429 2912 4496 videri,
2957 4447 3056 4486 nec
3098 4432 3240 4502 loqui
3270 4436 3526 4503 potuisse.

1944 4520 2141 4585 Potuit,
2164 4520 2259 4574 sed
2286 4520 2452 4575 noluit
2475 4537 2488 4574 :
2511 4529 2566 4576 et
2591 4520 2693 4576 hoc
2718 4522 2909 4577 melius
2932 4532 3016 4579 est
3038 4525 3177 4594 quod
3209 4526 3392 4583 voluit.
3417 4528 3529 4585 Hoc

1942 4620 2119 4663 autem
2145 4624 2266 4663 eum
2295 4609 2530 4665 voluisse
2558 4611 2679 4667 ideo
2703 4620 2905 4667 certum
2935 4622 3018 4668 est
3036 4655 3052 4680 ,
3080 4615 3202 4685 quia
3235 4616 3335 4672 hoc
3365 4618 3486 4673 fecit
3510 4662 3527 4686 ,

1941 4699 2031 4770 qui
2058 4700 2189 4754 nihil
2216 4701 2530 4757 necessitate
2549 4743 2565 4768 ,
2592 4702 2730 4758 sicut
2757 4702 2891 4759 deus
2913 4714 3091 4762 vester
3109 4748 3125 4775 ,
3168 4708 3398 4774 faceret,
3430 4712 3524 4768 sed

1940 4792 2116 4846 omnia
2143 4792 2430 4847 voluntate.
2454 4793 2566 4849 Hoc
2585 4809 2714 4851 vero
2742 4812 2863 4852 eum
2893 4797 3116 4866 fecisse,
3146 4799 3265 4854 ideo
3292 4816 3396 4855 non
3423 4803 3534 4856 (ιιι-ν

1940 4882 2193 4948 bitamus,
2219 4886 2342 4955 quia
2368 4898 2472 4941 non
2499 4886 2744 4957 cuiquam
2773 4889 3044 4957 liairetico,
3073 4890 3166 4945 sed
3195 4891 3314 4961 ejus
3340 4892 3525 4949 Evan-

1937 4976 2076 5043 gelio
2103 4975 2390 5031 credimus.

2000 5110 2020 5173 ξ
2051 5114 2126 5173 Er.
2151 5110 2298 5173 Lugd.
2325 5116 2378 5160 et
2400 5118 2539 5171 νειμ,
2558 5112 2719 5172 ﬁrma.
2816 5119 2873 5162 tit.

1998 5168 2073 5234 (a)
2096 5176 2131 5219 ιι
2152 5168 2375 5233 ltetract.,
2401 5186 2505 5236 cap.
2527 5168 2580 5234 ⁷7⁷,
2606 5189 2656 5223 ιι.
2674 5176 2721 5223 3.

1091 5357 1572 5471 LIBER
1644 5367 2651 5480 TRIGESIMUS.

313 5610 444 5666 CAP
456 5612 545 5668 UT
574 5614 857 5673 PRIMUM.
881 5649 950 5659 -
971 5618 1217 5677 Fam-rus
1235 5623 1365 5680 dixit
1393 5644 1405 5679 :
1431 5628 1677 5686 Devobis
1702 5633 1841 5700 jam-
1929 5637 1982 5691 in
2009 5638 2264 5708 hypocrisi
2293 5637 2548 5707 loquentes
2576 5639 2925 5703 mendacium,
2954 5648 3279 5700 canteriatmn
3321 5651 3509 5704 Ιιηὸιιηο

248 5699 446 5756 dudum
480 5706 676 5761 Paulus
706 5710 952 5780 scripsit,
982 5714 1101 5781 quia
1129 5714 1382 5771 discedent
1406 5721 1611 5783 quidam
1638 5741 1671 5776 a
1701 5699 1801 5781 hde
1821 5767 1837 5794 ,
1932 5739 2003 5783 tes
2028 5699 2382 5783 eonseientt'am
2404 5746 2549 5784 suam
2568 5772 2584 5795 ,
2616 5731 2929 5802 prohibentes
2970 5735 3185 5801 nubere,
3214 5738 3518 5796 abstinentes

160 5836 163 5837 ν
247 5790 555 5849 intendentes
574 5799 832 5864 spiritibus
850 5801 1168 5864 seductoriis,
1190 5805 1432 5866 doctrinis
1454 5790 1836 5872 damtontortmn

528 5887 756 5951 Saxcr.
805 5896 1082 5955 Anausr.
1133 5898 1295 5961 Vlll.

1930 5836 1961 5872 a
1990 5820 2113 5874 cibis
2141 5837 2263 5889 quos
2288 5819 2427 5876 Deus
2449 5820 2632 5875 creavit
2648 5859 2664 5886 ,
2691 5818 2757 5871 ad
2775 5818 3158 5888 percipiendum
3181 5836 3507 5893 mmigrat-ac

3003 5918 3243 5995 (Sciam
