4028 6432
534 374 629 429 491

532 501 647 537 rum
672 485 867 537 actione
893 485 1123 552 ﬁdelibus
1145 484 1186 555 (I
1211 484 1340 537 Tim.
1371 500 1420 537 tv
1440 525 1452 548 ,
1485 483 1626 554 1-5).
1654 482 1931 553 Nunquam
1956 484 2115 571 plane

533 578 626 631 tibi
652 592 753 647 ego
772 577 891 631 ‘bzec
915 578 983 631 ab
1007 576 1263 646 Apostolo
1286 577 1425 630 dicta
1452 590 1570 630 esse
1598 577 1981 641 consenserim,
2014 576 2114 629 nisi

532 679 688 725 antea
712 670 1015 724 confitearis
1041 670 1173 738 ipse,
1205 669 1417 739 Moysen
1444 676 1498 721 et
1528 667 1821 735 Prophetas
1849 667 2117 721 doctrinas

531 761 774 816 attulisse
802 761 1186 815 daemoniorum
1207 800 1221 823 ,
1255 768 1308 812 et
1334 757 1617 813 seductorii
1650 758 1872 827 spiritus
1898 771 1960 811 ac
2006 771 2115 810 ma-

536 852 663 923 ligni
693 852 856 908 fuisse
880 853 1199 922 interpretes
1223 892 1235 915 ,
1262 851 1349 919 qui
1379 866 1407 904 a
1443 850 1655 920 porcina
1685 859 1738 904 et
1765 849 1973 904 caeteris
1997 864 2117 903 car-

534 945 691 1000 nibus
710 987 725 1011 ,
754 960 885 1015 quas
911 945 1209 999 immnndas
1238 953 1460 1009 vocant,
1492 945 1718 999 sollicite
1743 943 1968 998 doceant
1991 943 2118 997 abs-

534 1035 835 1091 tinendum.
880 1035 959 1091 De
986 1035 1068 1089 his
1092 1049 1221 1103 ergo
1251 1035 1419 1104 primo
1435 1034 1829 1089 deliberandum
1849 1035 1998 1089 vobis
2014 1044 2114 1099 est,

532 1136 587 1181 et
611 1127 701 1181 ditt
745 1136 1071 1196 tntntumque
1100 1126 1435 1197 cogitandum
1454 1170 1471 1194 ,
1519 1128 1631 1181 htec
1656 1128 1744 1196 qui
1774 1126 2004 1182 debeant
2031 1142 2118 1180 ac-

530 1216 635 1285 cipi
658 1217 673 1247 ¹
698 1258 711 1280 ,
745 1216 797 1269 in
830 1217 1006 1271 Deone
1033 1217 1133 1286 ipsi
1176 1217 1323 1284 lucc,
1364 1232 1430 1270 an
1460 1217 1511 1270 in
1541 1217 1807 1270 daemonio
1849 1217 2009 1271 locuti
2035 1217 2116 1270 vi-

529 1307 773 1361 deantur.
806 1307 915 1361 llae
943 1308 1083 1363 enim
1113 1316 1287 1373 tenus,
1306 1321 1395 1362 aut
1420 1308 1625 1380 Moyses
1646 1317 1698 1362 et
1722 1308 1999 1377 PrOpheta:
2022 1324 2119 1362 no-

527 1398 732 1453 biscum
760 1399 996 1454 damnati
1033 1410 1225 1466 erunt,
1257 1409 1346 1454 aut
1372 1410 1427 1455 et
1452 1416 1547 1453 nos
1576 1417 1695 1454 cum
1726 1401 1828 1453 illis
1866 1399 2112 1454 absoluti.

452 1480 453 1483 “
528 1488 712 1559 Neque
741 1491 881 1544 enim
906 1490 1049 1561 justa
1094 1491 1206 1545 hrec
1234 1506 1372 1545 nunc
1410 1498 1583 1545 vestra
1609 1491 1869 1544 sententia
1912 1500 2023 1553 est,
2060 1500 2118 1544 nt

529 1594 627 1634 nos
655 1581 894 1651 quidem,
918 1583 1004 1651 qui
1031 1583 1200 1637 solum
1230 1584 1281 1637 in
1307 1582 1459 1652 plebe
1485 1581 1814 1635 sacerdotale
1843 1582 2114 1637 hominum

526 1686 695 1740 genus
737 1688 1051 1729 censeamus
1079 1691 1107 1728 a
1138 1674 1387 1729 carnibus
1432 1674 1697 1729 abstinuere
1742 1674 1935 1728 debere
1956 1716 1970 1738 ,
2003 1675 2035 1727 d
2056 1694 2115 1726 u-

527 1763 829 1817 moniorum
859 1766 1113 1819 doctrina:
1141 1764 1415 1819 videamur
1434 1764 1584 1818 vobis
1612 1774 1964 1818 assectatores
1988 1781 2001 1818 :
2026 1780 2115 1818 ve-

525 1862 669 1908 stros
699 1871 826 1909 vero
856 1856 1168 1925 Prophetas,
1202 1864 1360 1925 atque
1390 1856 1561 1926 ipsum
1593 1856 1727 1911 adeo
1755 1856 1989 1928 Moysen,
2024 1856 2114 1926 qui

525 1945 729 2013 primus
760 1961 864 1999 non
896 1947 1219 2001 antistitibus
1245 1946 1416 2000 solum
1439 1989 1454 2011 ,
1483 1947 1574 2001 sed
1604 1948 1747 2001 omni
1777 1947 1993 2001 confuse
2020 1948 2115 2001 bo-

526 2037 726 2090 minum
764 2040 945 2107 generi
974 2038 1125 2092 suilla
1154 2038 1488 2093 interdixerit
1509 2082 1522 2104 ,
1551 2049 1605 2094 et
1634 2040 1868 2109 leporina
1890 2081 1903 2103 ,
1934 2050 1986 2095 et
2013 2039 2111 2094 he-

520 2127 688 2181 ricina
712 2129 733 2159 ⁸
762 2142 941 2193 carne,
972 2140 1026 2185 et
1051 2130 1213 2199 sepiis
1236 2145 1299 2184 ac
1320 2130 1659 2201 lolliginibus,
1689 2134 1999 2201 Cteterisqne
2020 2148 2112 2202 ge-

523 2218 737 2273 neribus
760 2218 984 2289 piscium
1010 2221 1313 2276 carentibus
1342 2237 1557 2291 squama
1586 2223 1767 2292 (Leuit.
1803 2226 1897 2293 ιιι),
1925 2241 2029 2279 non
2056 2226 2108 2279 in

521 2310 708 2379 spiritu
734 2311 1036 2367 seductorii)
1061 2312 1197 2380 hoc,
1228 2327 1325 2367 nec
1346 2314 1397 2367 in
1418 2313 1658 2368 doctrina
1685 2314 2065 2369 daemoniorum
2090 2356 2106 2379 ,

521 2399 615 2453 sed
641 2400 692 2455 in
723 2402 830 2457 Deo
854 2403 1027 2471 potius
1054 2412 1108 2457 ct
1134 2403 1185 2457 in
1212 2414 1397 2458 sancto
1422 2403 1621 2475 Spiritu
1648 2406 1851 2459 locutos
1880 2421 1999 2460 esse
2023 2421 2109 2459 ar-

519 2490 813 2547 bitremini.
834 2491 995 2564 Igitur
1009 2503 1067 2547 ut
1084 2493 1184 2549 hoc
1200 2494 1291 2548 tibi
1311 2495 1519 2550 interim
1541 2496 1758 2549 Paulum
1777 2496 1972 2551 dixisse
1988 2512 2109 2551 con-

516 2582 702 2637 cedam
720 2623 735 2649 ,
762 2585 932 2639 victus
959 2594 1135 2640 tamen
1162 2585 1257 2640 abs
1286 2595 1337 2641 te
1358 2602 1463 2641 non
1488 2596 1611 2643 ante
1639 2587 1793 2643 fuero
1813 2630 1827 2654 ,
1860 2604 2015 2658 quam
2049 2598 2103 2643 tu

516 2672 732 2745 Moysen
762 2675 1099 2730 damnaveris
1141 2686 1195 2731 et
1237 2677 1533 2746 Prophetas
1567 2696 1579 2731 :
1614 2687 1672 2733 ιιι
1710 2679 1851 2748 quod
1900 2681 2105 2735 ratione

519 2765 795 2819 convictus
836 2777 890 2821 et
920 2768 1143 2822 veritate
1190 2784 1458 2838 nunquam
1511 2768 1735 2824 fortasse
1765 2770 1981 2825 fecisses
2004 2812 2020 2837 ,
2056 2772 2105 2825 id

517 2869 659 2908 mmc
710 2856 915 2910 ventris
964 2871 1123 2912 causa
1177 2856 1353 2912 facere
1402 2858 1634 2913 videaris
1665 2899 1683 2927 ,
1738 2860 2106 2928 blasphemare

516 2945 755 3015 Moysen.

584 3036 811 3093 CAI’U'I‘
842 3036 904 3091 Il.
919 3038 1094 3092 —Est
1108 3053 1238 3093 vero
1254 3047 1308 3093 et
1329 3038 1471 3094 aliud
1491 3038 1558 3093 de
1580 3040 1746 3093 tribus
1771 3041 1948 3109 pueris
1965 3041 2103 3110 apud

512 3144 611 3183 vos
641 3131 691 3183 in
741 3130 987 3196 Daniele,
1034 3145 1141 3201 quo
1171 3131 1514 3186 vehementer
1540 3132 1759 3201 perinde
1803 3132 2099 3188 confunde-

512 3221 679 3285 mini,
709 3221 753 3275 si
789 3221 927 3275 istttd
954 3222 1287 3287 constiterit,
1320 3238 1347 3274 a
1378 3223 1511 3277 cibis
1551 3222 1820 3277 abstinere
1840 3266 1855 3290 ,
1896 3222 2101 3277 daemo-

513 3312 723 3365 niorum
752 3326 871 3365 esse
897 3311 1101 3381 religio.
1136 3311 1215 3366 Illi
1243 3312 1385 3366 enim
1420 3326 1525 3365 non
1553 3320 1755 3365 tantum
1782 3312 1848 3366 ab
1877 3312 2099 3367 interdi-

512 3404 614 3455 ctis
641 3402 780 3473 Lege
800 3443 813 3465 ,
842 3402 934 3456 sed
966 3402 1124 3456 etiam
1153 3418 1184 3457 ιι
1212 3403 1483 3458 concessis
1506 3403 1823 3458 abstinuisse
1854 3404 2099 3473 leguntur

513 3491 676 3561 (Dan.
710 3508 754 3556 I,
786 3493 876 3561 1-9.)
912 3509 923 3544 :
956 3508 1089 3562 quos
1118 3493 1461 3547 vehementer
1499 3494 1678 3546 mirari
1719 3494 1935 3557 soletis,
1967 3504 2020 3547 et
2047 3494 2096 3547 in

512 3583 836 3655 martyribus
853 3599 1162 3650 numerare;
1182 3599 1300 3638 cum
1320 3585 1427 3638 sint
1448 3593 1502 3639 et
1529 3584 1626 3654 ipsi
1643 3585 1934 3639 doctrinam
1954 3600 2099 3641 asses

510 3676 617 3729 cuti
642 3676 1029 3731 d:emoniornm
1050 3719 1065 3741 ,
1099 3678 1141 3731 si
1185 3677 1285 3731 hoc
1322 3692 1441 3731 esse
1466 3678 1705 3747 Apostoli
1739 3680 2095 3734 testimonium

510 3777 738 3821 constat.
760 3768 836 3821 Ad
866 3768 981 3822 Itch
1005 3778 1058 3822 et
1078 3769 1256 3823 Daniel
1286 3769 1401 3837 ipse
1428 3768 1597 3823 tribus
1625 3770 2099 3826 bebdomadisdie—

510 3872 632 3912 rum
653 3857 921 3925 jejunasse
951 3874 1009 3913 se
1036 3858 1299 3927 perhibet,
1327 3868 1382 3913 et
1404 3873 1619 3913 carnem
1650 3874 1752 3913 non
1775 3860 1969 3923 edisse,
1996 3878 2096 3917 nec

510 3950 710 4005 bibisse
732 3952 934 4016 vinum,
957 3950 1083 4004 dum
1114 3963 1359 4006 exoraret
1388 3968 1482 4020 pro
1513 3953 1707 4021 populo
1756 3954 1902 4027 suo.(
1928 3954 2013 4008 Id.
2036 3973 2093 4021 ι,

509 4041 567 4104 2,
585 4041 662 4109 ὅ).
682 4042 817 4108 Quid
839 4056 967 4112 ergo
983 4050 1037 4095 et
1054 4042 1141 4096 hic
1160 4043 1213 4096 in
1235 4044 1473 4096 doctrina
1498 4058 1555 4097 se
1578 4044 1963 4099 dzcmoniorum
1985 4062 2097 4100 ma-

510 4132 752 4199 gnificat,
796 4140 851 4187 et
874 4131 942 4187 de
967 4132 1252 4185 seductorii
1278 4132 1495 4201 spiritus
1535 4144 1842 4189 commento
1868 4136 2090 4206 gloriam

506 4222 731 4290 captat?

568 4310 805 4367 'CAI‘UT
836 4311 920 4365 Ill.
941 4313 1104 4367 -—-l)e
1131 4312 1279 4366 vobis
1303 4328 1428 4367 vero
1448 4314 1573 4384 quid
1601 4314 1808 4369 dicam?
1830 4318 1878 4371 id
1902 4326 2000 4373 est.
2025 4319 2092 4373 de

508 4403 971 4459 christianioribus
1012 4404 1149 4472 apud
1178 4419 1306 4469 vos,
1334 4420 1557 4473 quorum
1601 4407 1838 4461 nonnulli
1878 4408 2090 4478 quidem

511 4495 725 4565 porcina
747 4534 762 4559 ,
798 4493 1035 4563 plerique
1058 4509 1190 4548 vero
1226 4495 1565 4564 quadrupede
1604 4497 1747 4550 omni
1769 4537 1784 4560 ,
1812 4498 1899 4551 alii
1930 4500 2089 4552 etiam

502 4592 701 4639 cuncto
729 4583 940 4639 animali
981 4586 1188 4652 penitus
1213 4584 1512 4648 abstinent,
1556 4586 1759 4655 fertque
1786 4587 1855 4639 ob
1895 4588 1995 4642 hoc
2038 4590 2089 4643 in

504 4674 677 4729 oculis
700 4689 793 4729 eos
818 4674 993 4729 omnis
1015 4676 1265 4739 Ecclesia,
1295 4684 1347 4729 et
1376 4690 1579 4728 summa
1602 4691 1722 4729 cum
1742 4678 2089 4734 veneratione

459 4748 480 4841 ξ
506 4766 821 4834 suscipiens,
845 4765 1016 4819 solum
1044 4782 1147 4819 non
1174 4765 1303 4820 deos
1326 4766 1613 4820 existimat.
1642 4766 1748 4819 Nec
1780 4768 1983 4830 videtis,
2012 4769 2091 4821 in-

508 4857 729 4919 dociles,
757 4858 879 4926 quia
904 4859 946 4911 si
975 4858 1077 4913 hoc
1106 4874 1310 4925 verum,
1340 4868 1392 4912 et
1416 4858 1483 4911 ab
1514 4860 1765 4927 Apostolo
1791 4860 1987 4914 dictum
2012 4872 2087 4917 te-

503 4950 810 5002 stimonium
835 4958 935 5015 est,
960 4950 1341 5003 dzemoniorum
1370 4962 1425 5002 et
1447 4948 1542 5018 ipsi
1567 4958 1689 5002 sunt
1714 4950 1961 5005 ludificati
1992 4952 2089 5006 do-

504 5041 707 5095 ctrinis.
734 5040 869 5109 Quid
898 5056 1025 5094 vero
1060 5050 1113 5094 et
1138 5040 1205 5093 de
1234 5040 1323 5094 illo
1350 5039 1587 5093 dicemus
1607 5081 1620 5105 ,
1648 5040 1787 5110 quod
1818 5059 1944 5097 sane
1974 5046 2085 5098 fru-

503 5134 659 5185 strari
684 5133 801 5201 quis
822 5132 1009 5185 audeat
1034 5141 1125 5184 aut
1145 5132 1429 5200 abnegarc,
1448 5146 1567 5184 cum
1591 5140 1797 5185 constet
1827 5134 1927 5187 hoe
1950 5136 2088 5190 inter

504 5237 691 5276 ttlllllcs
710 5264 724 5285 ,
754 5232 808 5278 et
833 5238 983 5291 neque
1007 5238 1102 5291 per
1126 5221 1307 5275 Orbem
1344 5229 1604 5275 terrarum
1634 5225 1915 5291 quotannis
1941 5228 2083 5280 omni

503 5328 623 5365 cum
646 5314 819 5368 studio
843 5314 1139 5369 celebretur
1165 5313 1215 5366 in
1238 5320 1498 5367 conventu
1523 5313 1818 5369 catholico?
1849 5315 1973 5371 Dico
1994 5332 2085 5370 au.

505 5412 609 5459 tem
650 5404 1113 5476 Quadragesimam
1135 5446 1148 5469 ,
1181 5420 1337 5474 quam
1364 5407 1453 5474 qui
1498 5406 1635 5458 inter
1653 5421 1749 5461 vos
1770 5408 1872 5460 rite
1897 5407 2083 5461 obser-

503 5495 726 5549 vandam
767 5496 1060 5565 putaverit,
1089 5495 1350 5549 abstineat
1377 5510 1597 5550 necesse
1620 5505 1700 5549 est
1730 5498 1977 5551 omnibus
2003 5498 2083 5552 his

566 5610 582 5676 ξ
618 5615 693 5657 Er.
722 5606 875 5676 ιυριρε
908 5615 1026 5656 Ven.
1044 5641 1060 5667 ,
1083 5605 1255 5669 ecquid
1279 5605 1446 5657 debeat
1472 5606 1642 5670 accipi.
1669 5613 1798 5667 Lov.,
1840 5607 1945 5659 ha'c
1966 5610 2085 5674 quid

501 5670 703 5721 debeant
720 5668 890 5724 accipi.
990 5676 1042 5716 at.

566 5735 586 5795 Ρ
610 5739 727 5795 tov.
748 5766 764 5793 ,
789 5728 989 5780 hircino.
1018 5730 1187 5778 verius
1209 5729 1324 5779 editi
1362 5728 1441 5779 alii
1465 5737 1515 5780 et
1536 5737 1641 5779 Mss.
1661 5766 1675 5792 ,
1702 5729 1943 5793 Itericina,
1968 5743 2078 5795 aut,

499 5794 697 5845 ericitta.

1346 373 1614 429 CONTRA
1660 371 1975 428 FAUSTUM
2018 368 2459 437 ΜΑΝΙΩίΙςΕΙᾸΜ,
2500 374 2555 429 S.
2597 374 2963 430 AUGUSTINI

3702 385 3811 439 492

2227 499 2345 552 qutt'
2365 485 2648 553 capitulum
2666 486 2821 544 'hoca
2842 487 2949 541 Deo
2975 486 3039 542 ad
3067 489 3461 558 percipiendum
3487 494 3637 548 nobis
3658 510 3815 549 crea-

2224 584 2271 629 ta
2300 576 2514 643 dicit,et
2538 577 2921 633 daemoniorum
2942 580 3160 649 insuper
3188 583 3481 637 doctrinam
3511 596 3663 639 vocat
3686 588 3812 640 abs-

2225 668 2505 723 tinentiam
2536 658 2649 739 prte
2664 669 2952 725 dictorum.
2972 672 3106 738 Quid
3131 688 3261 742 ergo
3280 683 3333 728 et
3348 690 3461 736 vos,
3482 675 3815 732 charissimi?

2222 760 2394 814 ritune
2414 770 2539 815 tunc
2559 761 2942 815 dmmoniornm
2966 764 3160 825 vivitis,
3178 780 3299 817 cum
3329 764 3443 820 hzrc
3463 781 3491 819 a
3514 767 3664 820 vobis
3684 784 3813 837 pas-

2222 851 2388 904 sionis
2408 851 2603 905 Christi
2628 852 2969 907 celebrantur
2995 855 3267 924 mysteria,
3296 863 3350 908 et
3376 855 3665 910 seductorii
3695 860 3810 926 spi-

2222 941 2355 995 ritus
2378 941 2562 996 fraude
2584 943 2830 1013 capimini
2853 986 2868 1008 ,
2894 954 2947 998 et
2972 944 3023 997 in
3054 944 3321 1015 hypocrisi
3352 946 3628 1015 loquimini
3654 965 3812 1003 men-

2222 1033 2451 1094 dacium,
2471 1042 2524 1087 et
2543 1034 2883 1089 canteriatam
2909 1034 3114 1088 habetis
3143 1036 3523 1090 conscientiam
3547 1040 3813 1091 vestram?

2221 1122 2374 1189 Quod
2402 1123 2444 1176 si
2477 1122 2666 1177 horum
2703 1124 2831 1177 nihil
2873 1138 3000 1187 vos;
3031 1139 3128 1178 nec
3156 1139 3254 1177 nos
3293 1120 3470 1195 igitur.
3502 1127 3639 1195 Quid
3680 1144 3812 1197 ergo

2222 1215 2320 1269 sibi
2352 1215 2467 1267 vult
2504 1215 2788 1284 capitulum
2822 1215 2923 1270 hoc
2943 1257 2957 1280 ,
2986 1227 3075 1269 aut
3103 1234 3133 1270 a
3163 1232 3267 1286 quo
3296 1219 3551 1288 scriptum
3593 1223 3810 1289 putabi-

2218 1318 2339 1357 mus
2360 1345 2373 1366 ,
2405 1312 2458 1357 et
2500 1313 2681 1357 contra
2711 1320 2843 1374 quos
2866 1346 2879 1368 ,
2927 1306 3070 1375 quod
3117 1323 3215 1361 nec
3249 1308 3451 1363 Veteris
3479 1310 3809 1365 Tcstameuti

2221 1395 2529 1449 traditiones
2551 1436 2565 1461 ,
2596 1410 2694 1450 nec
2731 1395 2862 1449 Novi
2889 1398 3169 1452 confirmet
3188 1400 3364 1453 scita?
3392 1400 3663 1471 Siquidem
3707 1403 3811 1457 hoc

2219 1487 2286 1541 ab
2324 1489 2605 1553 omnibus,
2648 1498 2706 1543 ut
2732 1505 2794 1542 ex
2826 1491 2978 1543 vobis
3008 1491 3136 1559 ipsis
3174 1502 3425 1560 apparet;
3461 1494 3589 1547 illud
3619 1511 3750 1548 vero
3780 1512 3809 1548 a

2218 1578 2530 1647 quibusdam
2556 1581 2803 1648 quamvis
2823 1620 2837 1645 ,
2866 1581 3118 1635 abstineri
3144 1592 3321 1636 tamen
3350 1583 3507 1638 docet
3540 1601 3555 1638 :
3587 1597 3805 1640 sentcn-

2220 1670 2290 1723 tia
2313 1685 2439 1724 vero
2466 1670 2579 1725 hate
2608 1680 2780 1726 vestra
2821 1682 3066 1725 cunctam
3094 1675 3306 1741 penitus
3332 1677 3811 1730 carnaliumciho-

2218 1775 2336 1815 rum
2370 1761 2781 1825 abstinentiam,
2811 1762 3193 1817 diDmOIIIOI‘llm
3224 1766 3331 1818 vult
3366 1780 3485 1820 esse
3510 1767 3807 1823 doctrinas.

2214 1853 2313 1907 Cui
2352 1853 2395 1906 si
2426 1864 2479 1907 et
2504 1868 2599 1908 vos
2624 1854 2841 1907 creditis
2858 1895 2873 1919 ,
2903 1854 3087 1908 eadem
3111 1856 3306 1924 smpius
3325 1857 3513 1912 dixero
3534 1899 3547 1921 ,
3574 1858 3809 1913 damna-

2217 1951 2270 1997 te
2298 1943 2510 2015 Moysen
2535 1985 2549 2007 ,
2578 1944 2880 1999 renuntiate
2907 1944 3190 2013 Prophetis
3210 1988 3225 2011 ,
3259 1946 3392 2001 ferte
3418 1963 3598 2017 parem
3644 1960 3698 2004 et
3739 1951 3811 2005 de

2214 2033 2366 2087 vobis
2393 2034 2523 2102 ipsis
2561 2035 2877 2089 sententiam
2906 2036 3059 2103 :quia
3093 2044 3147 2088 ut
3177 2037 3248 2089 illi
3280 2053 3492 2107 semper
3519 2054 3546 2092 a
3576 2042 3809 2109 quibus-

2214 2122 2335 2177 dam
2368 2124 2630 2189 cibornm,
2650 2125 2727 2178 sic
2748 2140 2844 2178 vos
2863 2125 3123 2179 interdum
3142 2127 3422 2182 abstinetis
3439 2130 3505 2183 ab
3526 2132 3804 2185 omnibus.

2284 2214 2509 2271 CAPUT
2542 2216 2628 2269 IV.
2658 2247 2730 2257 —
2760 2218 2863 2270 Ant
2901 2218 2943 2270 si
2975 2217 3181 2288 Moyses
3209 2220 3358 2273 vobis
3384 2229 3438 2274 et
3477 2221 3763 2290 Prophch
3788 2267 3802 2287 ,

2212 2319 2332 2359 cum
2363 2319 2514 2359 escas
2532 2305 2824 2373 dijudicant
2844 2348 2856 2368 ,
2891 2307 2979 2361 Dei
3005 2308 3173 2375 legem
3204 2309 3415 2363 sancire
3438 2310 3686 2365 videntur
3705 2354 3719 2375 ,
3750 2324 3806 2368 et

2212 2410 2318 2448 non
2344 2393 2761 2457 dzemoniorum;
2790 2397 2832 2449 si
2878 2396 3055 2450 Daniel
3084 2397 3135 2449 in
3160 2396 3359 2465 Spiritu
3386 2412 3569 2454 sancto
3607 2402 3805 2457 obser-

2211 2486 2353 2538 vavit
2380 2495 2485 2540 tres
2514 2483 2909 2549 hebdomadas;
2957 2486 3001 2540 si
3028 2487 3262 2541 Ananias
3282 2528 3298 2552 ,
3329 2489 3579 2557 Azarias,
3612 2502 3667 2546 et
3700 2492 3804 2547 Mi-

2211 2576 2320 2630 sael
2343 2576 2526 2644 pueri,
2558 2575 2752 2629 divinae
2778 2578 2971 2630 mentis
2996 2577 3246 2631 instinctu
3266 2619 3282 2644 ,
3314 2578 3549 2636 oleribus
3577 2583 3650 2635 uti
3680 2599 3806 2637 ma-

2210 2667 2425 2722 luerunt
2448 2676 2502 2722 et
2522 2668 2907 2738 leguminibus;
2940 2670 2983 2722 si
3014 2670 3246 2739 denique
3273 2672 3323 2724 in
3356 2674 3506 2726 vobis
3533 2684 3804 2745 quotquot

2208 2758 2496 2823 abstinent,
2524 2774 2629 2813 non
2658 2775 2687 2811 a
2719 2759 2993 2813 dmmoniis
3018 2760 3227 2829 impulsi
3257 2762 3309 2815 id
3334 2762 3561 2829 faciunt;
3589 2767 3632 2819 si
3656 2766 3809 2832 Qua-

2207 2848 2503 2916 dragesima
2544 2851 2659 2902 sine
2685 2850 2806 2902 vino
2849 2861 2902 2904 et
2928 2852 3176 2905 carnibus
3215 2868 3320 2906 non
3361 2857 3738 2924 superstitiose
3764 2873 3803 2914 ι

2208 2940 2391 3003 vobis,
2422 2939 2516 2995 sed
2558 2940 2735 2994 divina
2780 2942 2892 3011 lege
2936 2952 3179 2997 servatur
3209 2959 3223 2997 ;
3256 2945 3453 3011 videte,
3484 2963 3691 3017 qurcso,
3714 2953 3801 3003 vi~

2207 3030 2363 3094 dcte,
2394 3047 2461 3085 ne
2490 3046 2711 3085 summa:
2750 3033 3031 3087 dementia:
3075 3034 3175 3088 hoc
3214 3036 3289 3089 sit
3320 3052 3346 3089 a
3381 3037 3546 3091 Paulo
3590 3038 3798 3094 dictum

2207 3132 2425 3193 putare,
2471 3123 2612 3192 quod
2656 3123 3038 3178 dmmoniornm
3078 3125 3318 3180 doctrina
3364 3128 3433 3181 sit
3468 3128 3799 3185 abstinentia

2205 3214 2382 3267 omnis
2407 3214 2668 3275 ciborum,
2697 3225 2751 3268 ct
2770 3216 3055 3285 prohibere
3077 3218 3277 3272 nubere
3301 3235 3315 3271 :
3340 3219 3802 3287 quemadmodum

2206 3318 2305 3359 nec
2324 3304 2452 3358 illud
2474 3304 2614 3373 quod
2637 3304 2765 3359 dicit
2788 3307 2947 3359 etiam
2976 3308 3206 3375 virgines
3226 3307 3405 3361 dicare
3422 3307 3661 3376 Christo,
3683 3312 3804 3366 dae-

2204 3394 2503 3448 moniorum
2530 3409 2649 3449 esse
2672 3395 2970 3458 doctrinas;
2993 3397 3133 3465 quod
3160 3413 3254 3449 vos
3277 3399 3496 3467 perinde
3520 3401 3638 3455 sine
3657 3417 3803 3455 con-

2203 3483 2526 3539 sideratione
2566 3485 2834 3554 legentes,
2872 3495 2928 3540 ut
2951 3497 3141 3541 caetera
3166 3530 3179 3551 ,
3210 3489 3275 3541 ad
3303 3505 3399 3543 nos
3437 3490 3663 3545 subinde
3706 3509 3802 3547 re—

2202 3573 2404 3642 spicitis
2437 3590 2449 3626 :
2487 3589 2585 3629 nec
2606 3575 2797 3629 videtis
2836 3578 2960 3631 hinc
2996 3586 3049 3631 ct
3075 3578 3305 3648 virgines
3339 3591 3545 3636 vestras
3581 3583 3800 3637 dmmo-

2202 3665 2411 3721 nierum
2437 3666 2675 3723 doctrina
2700 3679 2881 3737 captas
2911 3670 3117 3733 notari,
3145 3680 3199 3725 et
3239 3688 3331 3726 vos
3362 3689 3481 3727 esse
3518 3678 3802 3733 antistites

2200 3758 2583 3817 drmoniorum
2607 3803 2622 3827 ,
2651 3762 2738 3831 qui
2777 3763 3017 3816 certatim
3041 3780 3253 3834 semper
3272 3766 3336 3821 ad
3374 3767 3508 3821 hanc
3532 3784 3625 3822 eas
3656 3770 3803 3825 inci-

2202 3852 2325 3906 tetis
2362 3851 2747 3921 professionem
2790 3854 3127 3909 suasionibus
3166 3860 3389 3921 vestris,
3418 3867 3476 3912 ut
3514 3875 3653 3928 pene
3676 3862 3799 3930 jam

2201 3944 2372 4011 major
2398 3946 2449 3999 in
2472 3944 2723 3999 Ecclesiis
2748 3946 2995 4000 omnibus
3017 3948 3274 4017 virginum
3304 3950 3442 4018 apud
3466 3966 3559 4004 vos
3579 3992 3595 4015 ,
3623 3968 3799 4021 quam

2201 4034 2482 4089 mulierum
2512 4037 2865 4090 numerositas
2887 4036 3176 4092 habeatur?
3193 4040 3326 4107 Quid
3351 4058 3478 4109 ergo
3494 4058 3597 4095 non
3622 4052 3678 4097 et
3693 4060 3801 4098 vos

2195 4123 2303 4193 jam
2319 4124 2574 4179 desistitis
2603 4141 2630 4177 a
2666 4127 2855 4180 talibus
2885 4128 3161 4197 inemptis?
3185 4130 3316 4196 Quid
3349 4132 3399 4185 in
3427 4132 3664 4187 fraudem
3689 4137 3804 4188 mi-

2199 4228 2348 4269 seras
2388 4214 2632 4269 inducitis
2659 4216 2795 4269 ﬁlias
2826 4217 3096 4272 hominum
3119 4261 3132 4284 ,
3166 4223 3209 4273 si
3254 4238 3355 4274 non
3387 4226 3435 4275 in
3476 4225 3554 4276 eis
3580 4223 3798 4279 Christi

2198 4308 2442 4363 voluntas
2480 4309 2756 4377 impletur,
2788 4309 2881 4363 sed
2920 4310 3344 4366 dmmoniornm?
3377 4315 3441 4366 Et
3480 4326 3656 4369 tamen
3685 4317 3803 4372 hoc

2200 4399 2351 4453 nobis
2378 4399 2547 4467 primo
2570 4400 2933 4469 respondeatis
2960 4402 3139 4465 velim,
3172 4413 3346 4456 utrum
3372 4404 3591 4457 omnino
3617 4405 3801 4476 virgi-

2198 4506 2294 4545 nes
2321 4491 2496 4545 facere
2515 4534 2529 4555 ,
2557 4492 2797 4545 doctrina
2837 4493 2905 4545 sit
2929 4492 3315 4547 daemoniorum
3339 4534 3353 4558 ,
3383 4510 3448 4547 an
3476 4495 3649 4548 solum
3691 4512 3805 4566 per

2199 4583 2607 4651 prohibitionem
2635 4582 2809 4637 facere
2831 4584 3101 4637 nubendi?
3130 4584 3182 4637 Si
3206 4599 3300 4652 per
3328 4586 3751 4653 prohibitionem
3782 4631 3800 4653 ,

2198 4673 2328 4726 nihil
2358 4674 2422 4728 ad
2454 4690 2550 4727 nos
2582 4692 2597 4729 ι
2627 4690 2747 4729 nam
2773 4684 2827 4728 et
2853 4676 2950 4745 ipsi
2992 4677 3334 4745 tamﬁtnltnm
3365 4677 3671 4746 judicamus
3698 4680 3803 4733 in-

2198 4763 2378 4819 hibere
2403 4765 2668 4818 volentem
2689 4807 2704 4831 ,
2731 4782 2887 4835 quam
2917 4766 3063 4820 nefas
3084 4776 3137 4820 et
3176 4768 3396 4834 impium
3431 4768 3558 4821 satis
3585 4769 3807 4824 neten-

2196 4864 2301 4909 tem
2329 4871 2540 4925 cogere.
2582 4856 2636 4911 Si
2665 4873 2790 4911 vero
2837 4858 3011 4911 favere
3044 4858 3164 4911 huic
3190 4875 3398 4927 quoque
3428 4859 3709 4927 proposito
3746 4873 3811 4916 et

2196 4962 2299 5001 non
2324 4947 2571 5001 reluctari
2595 4947 2811 5014 volenti,
2836 4948 2887 5002 id
2913 4964 3125 5018 quoque
3147 4948 3443 5003 doctrinam
3476 4951 3677 5018 putatis
3704 4968 3809 5006 es~

2195 5052 2253 5093 se
2281 5036 2687 5105 dmmoniorum,
2718 5047 2868 5093 taceo
2899 5054 3038 5093 nunc
3066 5050 3299 5093 vestrum
3335 5040 3651 5109 periculum,
3687 5042 3810 5112 ipsi

2189 5129 2298 5198 jam
2330 5128 2490 5183 timeo
2515 5129 2803 5198 Apostolo,
2834 5145 2900 5184 ne
2939 5129 3321 5183 dzemoniorum
3350 5132 3649 5185 doctrinam
3704 5136 3807 5187 in-

2196 5222 2379 5274 tulisse
2425 5229 2549 5274 tunc
2581 5220 2812 5274 Iconium
2844 5219 3118 5285 videatur,
3164 5235 3284 5274 cum
3330 5221 3581 5275 Theclam
3628 5228 3811 5293 Oppi-

2190 5320 2463 5382 gnemtam
2486 5311 2594 5381 jam
2619 5310 2883 5376 thalamo,
2914 5311 2965 5363 in
2995 5326 3229 5364 amorem
3258 5327 3505 5365 sermone
3532 5328 3633 5367 suo
3664 5329 3809 5381 per-

2192 5414 2364 5471 petua:
2389 5402 2705 5472 virginitatis
2743 5403 2996 5456 incendit.
3028 5402 3163 5471 Quid
3190 5418 3319 5457 vero
3346 5411 3399 5457 et
3424 5403 3491 5457 de
3523 5406 3806 5473 magistro

2192 5497 2308 5565 ipse
2339 5495 2579 5549 dicemus
2600 5537 2614 5561 ,
2646 5510 2707 5547 ae
2733 5496 3065 5550 sanctimonii
3097 5496 3256 5549 totius
3284 5504 3500 5549 auctore
3529 5494 3658 5549 Iesu
3683 5538 3702 5560 ,
3746 5508 3812 5554 et

2192 5588 2349 5656 hujus
2378 5587 2542 5655 ipsius
2572 5584 2916 5655 professionis
2947 5585 3242 5656 puellarum
3269 5586 3454 5640 cmlibe
3481 5600 3689 5654 sponso
3732 5590 3751 5619 ¹
3786 5631 3807 5653 ,

2189 5680 2279 5749 qui
2307 5678 2359 5732 in
2389 5677 2673 5746 Evangelio
2697 5676 2797 5731 tria
2826 5691 3023 5746 genera
3050 5684 3235 5735 taxans
3263 5676 3581 5748 spadonum,
3610 5694 3812 5737 unum

2260 5796 2274 5824 ¹
2312 5801 2359 5843 In
2385 5800 2510 5852 λιες,
2529 5788 2683 5841 εωιέιε
2705 5802 2891 5855 apo-uo.
