4052 6454
270 420 372 480 593

270 533 525 591 nativum,
551 528 777 582 alterum
805 524 1080 591 laetitiam,
1113 524 1324 580 tertium
1352 522 1732 584 voluntarium,
1763 520 1842 573 cis

271 632 442 674 tamen
468 619 694 688 palmam
734 615 1008 682 attribuit,
1035 614 1122 683 qui
1148 630 1200 668 se
1226 613 1391 683 ipsos,
1427 611 1624 680 inquit,
1653 609 1841 679 spado-

272 729 354 765 nes
382 712 607 779 frcerunt
630 718 834 777 propter
859 723 1064 778 regnum
1084 704 1322 759 calorum
1351 701 1564 773 (Matth.
1594 717 1704 763 nx,
1731 699 1842 769 12);

270 801 576 872 signiﬁcans
601 801 828 870 virgines
856 807 912 853 et
939 812 1130 866 pueros
1159 797 1248 868 qui
1279 795 1508 852 nubendi
1551 795 1663 862 ipsa
1683 808 1710 846 a
1733 808 1851 845 cor-

269 893 427 946 dibus
452 892 564 946 snis
593 899 804 946 exsecta
832 888 1118 957 cupiditate
1137 929 1154 954 ,
1180 887 1473 956 spadonum
1501 886 1616 940 vice
1647 885 1696 937 in
1735 882 1851 952 ejus

274 984 512 1038 Ecclesia
543 998 790 1052 semper,
821 989 1066 1052 tanquam
1093 980 1144 1034 in
1174 979 1333 1034 domo
1362 977 1503 1047 regia
1532 989 1854 1030 conversen-

273 1077 390 1130 tur?
407 1075 546 1143 Quid
573 1089 722 1144 ergo,
743 1073 918 1128 ethoc
942 1072 1090 1127 vobis
1113 1071 1354 1126 doctrina
1381 1068 1589 1123 videtur
1613 1081 1733 1121 esse
1747 1064 1855 1118 dat-

273 1166 574 1220 tnoniorum
596 1207 610 1228 ,
642 1172 697 1218 et
725 1164 778 1217 in
817 1163 1120 1218 seductorio
1147 1162 1335 1230 Spiritu
1375 1159 1615 1215 dictum?
1645 1159 1711 1212 Et
1737 1155 1856 1226 quis

271 1257 375 1308 crit
403 1255 539 1307 alius
584 1253 637 1307 in
666 1254 774 1308 Deo
816 1253 1070 1322 loquens,
1102 1252 1148 1306 si
1174 1251 1364 1305 Paulus
1401 1259 1456 1304 et
1483 1249 1722 1304 Christus
1751 1247 1858 1300 da:-

277 1348 577 1399 moniortnn
611 1344 900 1414 probantur
945 1344 1106 1397 fuisse
1153 1341 1491 1397 sacerdotes?
1523 1339 1670 1394 Mitto
1711 1337 1854 1392 enim

276 1447 505 1490 caeteros
533 1434 773 1504 ejusdem
804 1433 1006 1487 Domini
1040 1433 1207 1486 nostri
1227 1431 1532 1500 Apostolos,
1562 1430 1776 1484 Petrum
1807 1435 1860 1480 ct

279 1525 550 1580 Andream
569 1566 586 1587 ,
614 1523 870 1577 Thomam
892 1531 947 1576 et
980 1523 1126 1576 illum
1154 1522 1482 1590 inexpertem
1512 1518 1737 1574 Veneris
1777 1518 1858 1570 in-

282 1624 363 1669 ter
382 1623 613 1668 caeteros
633 1613 843 1668 beatum
863 1612 1120 1666 Joannem
1144 1652 1158 1675 ,
1186 1612 1274 1680 qui
1313 1627 1406 1679 per
1427 1609 1632 1664 diversa
1661 1607 1863 1678 profes-

282 1705 490 1758 sioaem
511 1705 527 1734 ⁸
548 1703 672 1756 1)οηὶ
689 1703 840 1756 istius
858 1704 993 1756 inter
1010 1702 1242 1769 virgines
1257 1715 1317 1755 ac
1335 1715 1528 1769 pueros
1543 1697 1722 1752 divino
1741 1715 1867 1767 przr-

282 1795 441 1847 conio
467 1793 807 1856 cecinerunt,
841 1792 1064 1845 formam
1091 1789 1242 1846 nobis
1267 1798 1424 1859 atque
1444 1787 1578 1844 adeo
1605 1786 1754 1842 vobis
1780 1788 1860 1854 ip-

286 1883 359 1936 sis
389 1879 750 1936 laciendarum
783 1881 1042 1950 virginum
1082 1881 1460 1949 relinquentes.
1490 1877 1595 1932 Sed
1624 1876 1722 1931 hos
1751 1877 1870 1945 qui-

286 1972 428 2037 dem,
449 1981 508 2026 ut
531 1971 657 2036 dixi,
678 1983 962 2040 praetereo;
983 1971 1106 2041 quia
1143 1985 1236 2025 cos
1259 1985 1354 2024 vos
1380 1969 1678 2026 exclusistis
1696 1983 1760 2023 ex
1783 1983 1870 2020 ra-

288 2078 446 2128 none,
467 2063 731 2131 facileque
744 2071 920 2117 mente
934 2062 1184 2132 sacrilega
1201 2071 1372 2116 vestra
1397 2061 1776 2114 dmmoniornm
1795 2060 1874 2113 his

287 2153 515 2223 potestis
546 2153 830 2222 importare
853 2153 1140 2206 doctrinas.
1162 2151 1296 2206 Nunt
1329 2150 1490 2221 igitur
1514 2160 1568 2204 et
1585 2149 1652 2204 de
1665 2147 1874 2202 Christo

289 2243 478 2298 eadem
509 2244 688 2299 dicere
716 2244 956 2314 poteritis
973 2283 990 2310 ,
1018 2253 1110 2298 aut
1136 2243 1204 2298 de
1225 2243 1464 2313 apostolo
1490 2243 1654 2296 Paulo
1673 2283 1686 2306 ,
1716 2233 1872 2311 quem

290 2334 541 2390 similiter
565 2335 757 2404 ubique
785 2344 994 2388 constat
1013 2375 1028 2396 .
1057 2343 1112 2390 et
1139 2335 1302 2389 verbo
1342 2348 1555 2402 semper
1579 2333 1874 2403 praetulisse

294 2426 472 2496 nuptis
498 2427 748 2493 innuptas
765 2465 782 2490 ,
809 2434 862 2480 et
906 2424 958 2478 id
996 2439 1160 2493 Opere
1185 2439 1396 2494 quoque
1424 2423 1723 2478 ostendisse
1748 2435 1875 2491 erga

295 2515 688 2570 sanctissimam
714 2514 998 2570 Theclam?
1015 2515 1165 2582 Quod
1193 2516 1237 2568 si
1255 2515 1371 2569 haec
1393 2514 1773 2569 dmmoniorum
1791 2513 1878 2567 do-

296 2605 464 2660 ctrina
487 2619 594 2658 non
620 2603 736 2668 fuit,
768 2619 924 2674 quam
947 2613 1002 2660 et
1026 2604 1235 2659 Thecla:
1257 2605 1469 2668 Paulus,
1501 2613 1556 2658 et
1579 2603 1754 2658 casteri
1775 2618 1880 2656 cae-

298 2695 426 2748 teris
468 2694 920 2748 annuntiaverunt
953 2695 1191 2763 Apostoli
1211 2735 1226 2760 ,
1258 2695 1341 2750 cui
1369 2694 1513 2750 credi
1549 2694 1656 2762 jam
1689 2693 1879 2762 poterit

297 2783 397 2839 hoc
415 2784 486 2838 ab
517 2784 634 2852 ipso
654 2798 774 2840 esse
801 2793 1186 2849 memoratum,
1219 2792 1468 2854 tanquam
1497 2785 1566 2838 sit
1589 2783 1880 2837 daemonio-

299 2889 414 2929 rum
430 2875 682 2929 voluntas
699 2885 754 2929 et
774 2873 1032 2936 doctrina,
1052 2873 1212 2929 etiam
1231 2874 1502 2942 persuasio
1524 2873 1882 2927 sanctimonii?

298 2965 410 3020 Non
435 2981 570 3036 ergo
594 2975 680 3020 est
702 2967 914 3020 interim
945 2967 1088 3035 quod
1121 2981 1216 3021 vos
1244 2967 1560 3026 existimetis
1599 2968 1727 3022 solis
1753 2967 1884 3021 hor-

301 3057 552 3110 lamentis
571 3056 802 3125 virgines
825 3055 1020 3119 facere,
1043 3066 1097 3110 et
1116 3073 1224 3111 non
1247 3056 1600 3125 prohibitione
1625 3057 1879 3111 nubendi.

300 3144 461 3200 Nobis
481 3145 627 3200 enim
655 3161 865 3215 quoque
891 3145 990 3200 hoc
1017 3145 1190 3214 ipsum
1218 3147 1429 3202 insitam
1453 3155 1534 3200 est
1558 3164 1570 3199 :
1593 3154 1648 3200 et
1665 3146 1884 3200 demens

300 3235 541 3306 profecto
568 3235 682 3302 ille,
712 3251 816 3290 non
845 3245 1047 3291 tantum
1078 3237 1270 3291 stultus
1295 3237 1561 3306 putandus
1587 3246 1692 3301 est,
1713 3238 1800 3306 qui
1834 3238 1884 3291 id

300 3329 573 3384 existimet
612 3328 728 3397 lege
769 3328 969 3397 privata
1002 3327 1268 3398 prohiberi
1297 3343 1486 3397 posse,
1516 3327 1658 3396 quod
1697 3327 1767 3382 sit
1791 3343 1887 3398 pu-

302 3420 434 3475 blica
464 3433 784 3476 concessum
809 3437 823 3472 :
847 3419 968 3474 dico
991 3429 1168 3474 autem
1191 3419 1292 3474 hoc
1313 3419 1484 3488 ipsmn
1506 3419 1723 3474 nubere.
1746 3417 1889 3486 Qua-

302 3520 523 3580 pr0pter
549 3520 603 3563 et
641 3523 740 3566 nos
769 3508 1046 3564 hortamur
1081 3509 1293 3578 quidem
1317 3509 1557 3563 volentes
1587 3517 1644 3562 nt
1681 3523 1887 3577 perma—

304 3611 464 3656 neant
482 3643 499 3665 ,
535 3617 640 3655 non
663 3609 838 3656 tamen
869 3602 1107 3672 cogimus
1134 3603 1324 3656 invitas
1345 3613 1402 3656 ut
1437 3601 1712 3657 accedant.
1734 3603 1889 3656 Novi-

306 3707 423 3746 mus
441 3692 586 3746 enim
602 3701 858 3759 quantum
879 3691 1141 3758 voluntas,
1159 3701 1414 3761 quantum
1433 3700 1488 3746 et
1508 3701 1709 3745 natura:
1727 3692 1889 3759 ipsius

307 3783 383 3835 vis
403 3783 566 3836 etiam
591 3790 774 3835 contra
793 3783 960 3852 legem
981 3782 1241 3850 publicam
1266 3781 1457 3845 valeat,
1480 3781 1674 3836 nedum
1701 3782 1891 3836 adver-

311 3888 401 3928 sus
425 3873 714 3941 privatam,
730 3873 816 3927 cui
844 3874 1165 3941 reSpondcre
1193 3875 1262 3927 sit
1285 3875 1526 3936 liberum,
1546 3874 1697 3927 Nolo.
1720 3872 1775 3928 Si
1799 3875 1894 3940 igi-

310 3973 392 4016 tur
416 3963 520 4017 hoc
549 3962 706 4015 modo
734 3964 960 4033 virgines
988 3968 1163 4020 facere
1190 3964 1306 4018 sine
1329 3962 1555 4017 crimine
1581 3973 1698 4027 est,
1741 3975 1891 4017 extra

311 4054 519 4123 culpam
546 4068 730 4106 sumus
757 4061 812 4108 et
836 4069 932 4107 nos
965 4071 978 4107 :
1011 4054 1092 4108 sin
1115 4067 1326 4122 quoquo
1349 4067 1545 4122 genere
1567 4053 1796 4122 virgines
1818 4052 1893 4106 la-

313 4161 430 4200 cere
454 4145 660 4199 crimen
686 4154 803 4210 est,
833 4147 909 4199 rei
947 4145 1076 4200 estis
1100 4155 1156 4200 et
1176 4158 1290 4199 vos.
1313 4143 1430 4199 lam
1456 4159 1558 4214 qua
1585 4153 1764 4199 mente
1803 4154 1893 4198 aut

313 4236 530 4290 consilio
557 4235 658 4289 hoc
685 4234 964 4290 adversum
991 4249 1087 4291 nos
1112 4235 1402 4305 capitulum
1437 4233 1717 4304 proferatis
1736 4275 1752 4300 ,
1795 4249 1895 4304 ego

315 4342 415 4380 non
446 4326 624 4381 video.

381 4417 608 4472 CAPUT
635 4416 1104 4472 V.—Aucusrmus
1124 4418 1425 4487 respondit:
1449 4419 1582 4474 Audi
1599 4435 1742 4489 ergo,
1757 4420 1894 4488 quod

318 4510 586 4565 conﬁteris
613 4520 664 4563 te
691 4526 796 4564 non
822 4510 1030 4568 videre.
1063 4526 1167 4581 qua
1211 4520 1389 4566 mente
1413 4522 1506 4566 aut
1551 4513 1773 4567 consilio
1797 4511 1897 4566 hoc

319 4602 596 4656 adversum
643 4616 738 4654 vos
779 4602 1064 4670 capitulum
1116 4600 1493 4670 proferamus:
1528 4618 1632 4656 non
1683 4603 1823 4672 quod
1867 4619 1895 4654 a

319 4694 566 4748 carnibus
592 4693 926 4757 abstineatis,
955 4708 1077 4747 nam
1111 4693 1210 4748 hoc
1233 4708 1262 4746 a
1289 4693 1604 4762 quibusdam
1644 4705 1696 4748 et
1746 4695 1895 4762 primi

319 4793 489 4856 putres
513 4785 679 4837 nostri
703 4781 971 4846 fecerunt,
994 4765 1130 4838 sicut
1155 4798 1542 4838 commemoras
1560 4800 1574 4846 ;
1595 4798 1698 4837 non
1723 4791 1898 4837 tamen

319 4888 372 4924 ea
397 4873 709 4936 damnandi,
743 4871 836 4926 sed
861 4873 1188 4941 signiﬁcandi
1223 4875 1410 4942 gratia,
1437 4873 1579 4942 quod
1611 4888 1715 4927 non
1745 4873 1898 4926 illlt‘l-

322 4963 492 5030 ligitis,
529 4971 585 5017 et
609 4962 749 5016 unde
789 4961 898 5030 jam
933 4971 1185 5030 quantum
1234 4961 1478 5016 sufﬁcere
1500 4961 1793 5023 videbatur,
1848 4963 1898 5014 in

321 5053 688 5124 superioribus
737 5051 980 5122 partibus
1026 5053 1204 5120 operis
1257 5051 1418 5119 hujus
1470 5052 1676 5106 locutus
1727 5068 1843 5105 smn
1883 5069 1896 5103 :

322 5155 371 5198 et
397 5143 714 5208 Christiani,
741 5157 846 5196 non
873 5141 1133 5207 hairetici,
1161 5141 1255 5197 sed
1296 5141 1574 5207 Catholici,
1615 5141 1898 5197 edomandi

324 5237 559 5304 corporis
579 5248 760 5298 causa,
792 5242 1011 5305 propter
1030 5235 1262 5290 animam
1318 5236 1370 5288 in
1419 5235 1747 5290 orationibus
1786 5249 1901 5288 ama

328 5327 454 5392 ptius
495 5323 914 5388 ltumiliandam,
965 5339 1071 5379 non
1125 5324 1273 5394 quod
1325 5325 1414 5378 illa
1461 5338 1582 5379 esse
1630 5323 1898 5378 immunda

329 5417 559 5475 credant.
588 5431 694 5469 non
720 5415 891 5468 solum
917 5431 946 5469 a
977 5417 1244 5480 carnibus,
1291 5431 1472 5470 verum
1509 5431 1538 5468 a
1583 5414 1899 5485 quibusdam

329 5509 478 5562 ctiam
506 5517 663 5561 terra:
706 5505 961 5560 fructibus
1002 5506 1302 5567 abstinent;
1352 5505 1437 5561 vel
1488 5502 1720 5574 Semper,
1763 5503 1900 5560 sicut

329 5600 493 5666 pauci,
522 5599 602 5652 vcl
625 5598 787 5654 certis
835 5595 1022 5652 diebus
1065 5610 1225 5667 atque
1267 5597 1593 5665 temporibus
1631 5596 1769 5650 sicut
1807 5607 1903 5666 per

331 5688 787 5755 Quadragesitnztln
843 5687 952 5742 fere
997 5704 1202 5752 omnes,
1250 5698 1447 5758 quanto
1488 5686 1653 5756 magis
1679 5687 1902 5756 quisque

391 5821 406 5851 ⁸
441 5825 487 5868 ω
512 5827 636 5874 ηδε..
662 5818 1012 5876 possessionem.

1545 406 1746 462 LIBER
1784 403 1940 462 τηις
1950 405 2211 461 ESIMUS.

3416 403 3518 456 ωι

1955 519 2038 574 vel
2085 521 2257 573 minus
2297 533 2398 574 scu.
2440 517 2698 582 voluerit,
2749 531 2842 572 seu
2893 516 3140 586 potuerit.
3177 515 3280 570 \‘os
3340 526 3516 572 autem

1953 611 2118 678 ipsam
2164 620 2460 664 creaturam
2525 609 2727 678 negatis
2799 608 3030 668 bonam.
3083 615 3137 660 et
3197 606 3521 664 immundam

1951 700 2146 765 dicitis,
2195 699 2334 768 quod
2386 715 2572 753 carnes
2608 698 2849 752 diabolus
2873 706 3122 766 operetur
3170 695 3526 752 tmculcntioro

1955 793 2174 847 tnateria
2198 793 2356 854 mali;
2388 807 2450 846 ac
2478 807 2572 861 per
2597 792 2699 847 hoc
2729 807 2844 857 eas,
2896 802 3141 860 tanquam
3175 789 3524 844 itnmundiora

1955 890 2009 935 et
2035 881 2412 936 truculentiora
2435 881 2521 936 dei
2546 883 2703 935 vestri
2736 881 2962 944 vincula,
3003 881 3352 935 exborrentes
3393 879 3526 946 abji-

1956 972 2096 1027 citis.
2129 971 2469 1026 Auditoribus
2514 981 2689 1026 autem
2716 972 2928 1033 vestris,
2972 986 3105 1040 quos
3153 979 3398 1039 tanquam
3427 969 3532 1020 dis-

1961 1063 2150 1117 tinctos
2205 1077 2233 1116 a
2272 1077 2469 1133 genere
2513 1062 2843 1116 sacerdotum
2889 1063 3088 1126 dixisti,
3117 1061 3407 1116 secundum
3447 1075 3537 1112 ve-

1967 1152 2106 1206 niam
2135 1152 2250 1206 haec
2294 1151 2500 1206 edenda
2529 1152 2818 1207 conceditis
2847 1169 2860 1205 :
2889 1153 3026 1206 sicut
3052 1150 3365 1221 quibusdam
3410 1164 3538 1204 con-

1961 1242 2101 1296 cedit
2168 1243 2455 1310 Apostolus
2511 1242 2801 1296 secundnm
2862 1243 3109 1306 veniam,
3159 1256 3263 1296 non
3325 1255 3536 1294 omnem

1965 1332 2300 1386 concubitum
2351 1332 2704 1401 conjugalem,
2753 1333 2912 1386 etiam
2963 1332 3053 1402 qui
3105 1331 3165 1385 ﬁt
3212 1331 3326 1386 sola
3379 1345 3536 1394 causa

1966 1426 2284 1496 generandi;
2314 1425 2406 1479 sed
2427 1441 2547 1479 eum
2575 1424 2737 1494 quiﬁt
2761 1441 2854 1494 per
2875 1423 3329 1490 incontinentiam,
3348 1423 3441 1478 sed
3460 1432 3537 1476 ta-

1968 1534 2089 1573 men
2110 1533 2229 1573 cum
2246 1518 2468 1592 conjuge
2485 1519 2529 1587 (l
2563 1517 2678 1572 Cor.
2696 1532 2789 1584 vn,
2809 1520 2862 1582 5,
2883 1514 2959 1587 ﬁ).
2991 1515 3172 1584 Neque
3187 1515 3327 1569 enim
3345 1527 3540 1568 conce-

1969 1613 2109 1666 ditur
2148 1613 2437 1668 secundum
2463 1611 2696 1676 veniam,
2731 1612 2826 1664 nisi
2856 1617 3147 1679 peccatum.
3199 1607 3311 1662 Hoc
3346 1622 3437 1659 vos
3475 1606 3542 1670 de

1969 1704 2114 1757 omni
2158 1704 2396 1756 carnium
2441 1702 2563 1757 cibo
2604 1701 2832 1764 sentitis,
2867 1701 2966 1753 hoc
3012 1707 3065 1752 et
3094 1698 3191 1767 ipsi
3237 1698 3304 1749 ab
3355 1696 3544 1749 Incrrsi

1977 1803 2150 1849 vestra
2183 1793 2440 1848 didicistis
2463 1834 2478 1857 ,
2519 1802 2573 1846 ct
2619 1802 2825 1846 vestros
2862 1791 3127 1852 auditores
3177 1788 3378 1842 docetis
3411 1805 3423 1840 :
3452 1789 3548 1842 sed

1975 1885 2078 1938 illis
2107 1883 2244 1952 qttod
2289 1885 2357 1937 sit
2399 1883 2798 1952 ignoscendum,
2854 1890 3069 1950 propter
3105 1877 3244 1948 quod
3284 1878 3432 1931 vobis
3461 1894 3552 1930 ne-

1973 1976 2201 2030 cessaria
2231 1976 2552 2040 ministrant,
2587 1985 2641 2028 ttt
2665 1974 2794 2039 dixi,
2825 1971 3136 2034 conceditis,
3159 1986 3282 2046 _non
3313 1970 3552 2023 dicentes

1979 2082 2081 2120 non
2107 2081 2224 2121 esse
2249 2077 2548 2136 peccatum,
2575 2065 2666 2118 sed
2716 2063 3052 2134 peccantibus
3080 2062 3284 2114 veniam
3332 2062 3556 2130 largien-

1978 2167 2093 2222 tes;
2123 2171 2215 2210 vos
2244 2166 2416 2210 autem
2439 2158 2505 2209 ab
2526 2156 2667 2208 omni
2700 2154 2786 2209 tali
2821 2164 3063 2223 tanquam
3095 2152 3227 2206 mala
3249 2160 3303 2204 et
3330 2143 3557 2204 immun-

1978 2251 2043 2305 da
2093 2251 2406 2319 contagione
2459 2247 2732 2302 abstinetis
2781 2265 2794 2299 :
2839 2260 2902 2299 ac
2949 2259 3043 2312 per
3097 2242 3197 2298 hoc
3241 2242 3367 2298 illud
3416 2242 3556 2310 quod

1979 2342 2215 2412 sequitur
2241 2357 2303 2394 ea
2327 2339 2486 2393 verba
2509 2337 2765 2406 Apostoli,
2795 2335 2982 2405 quibus
3002 2333 3556 2390 commemorationem

1989 2433 2145 2500 hujus
2166 2430 2378 2500 capituli
2409 2427 2718 2492 terminasti,
2748 2426 2918 2494 ipsum
2945 2434 3024 2479 est
3049 2423 3268 2476 omnino
3300 2421 3440 2491 quod
3463 2419 3558 2475 no's

1983 2524 2108 2579 facit
2138 2524 2238 2577 hoc
2278 2521 2636 2577 testimonium
2685 2517 2833 2571 vobis
2887 2512 3325 2584 objicerczquod
3373 2521 3427 2567 et
3481 2521 3556 2572 tu,

1985 2626 2134 2685 puto,
2165 2613 2391 2678 sciebas,
2418 2622 2474 2666 ut
2501 2626 2562 2665 ea
2584 2609 2743 2663 verba
2773 2610 2944 2677 primo
2975 2621 3079 2659 non
3112 2619 3355 2673 poneres,
3379 2613 3432 2657 et
3467 2617 3561 2656 no-

1984 2704 2065 2759 bis
2116 2705 2166 2758 in
2210 2713 2450 2758 extremo
2493 2700 2722 2762 diceres,
2767 2697 2879 2762 Qua
2915 2705 3076 2748 mente
3115 2704 3200 2746 aut
3239 2693 3446 2747 consilio
3468 2692 3562 2745 hoc

1983 2796 2246 2850 adversum
2274 2811 2364 2848 nos
2385 2792 2661 2857 capitulum
2693 2788 2976 2860 proferatis,
2999 2803 3089 2857 ego
3110 2802 3208 2838 non
3237 2784 3378 2838 uideo
3401 2801 3418 2847 ;
3439 2797 3562 2837 cum

1986 2887 2086 2941 hoc
2112 2887 2280 2955 ipsum
2309 2894 2545 2938 nostrum
2595 2881 2871 2935 consilium
2923 2889 3098 2932 tacere
3135 2892 3295 2946 quam
3326 2891 3563 2930 comme-

1987 2992 2196 3032 morare
2248 2976 2516 3030 ntalneris.
2571 2973 2703 3027 Cum
2773 2973 2913 3025 enitn
2973 2971 3256 3038 Apostolus
3314 2968 3563 3033 dixisset,

2000 3069 2308 3122 Abstinentes
2333 3084 2364 3119 a
2397 3065 2516 3119 cibis
2556 3081 2682 3134 quos
2725 3063 2856 3116 Deus
2883 3062 3066 3115 creavit
3104 3060 3172 3113 ad
3196 3059 3567 3130 percipiendum

1991 3180 2104 3216 runt
2129 3162 2405 3231 gratiarum
2431 3163 2624 3211 actione
2649 3155 2878 3224 ﬁdelibus
2897 3172 2914 3218 ;
2936 3163 3146 3208 secutus
3171 3154 3261 3215 ait,
3298 3151 3357 3204 Et
3385 3151 3447 3204 iis
3476 3152 3562 3221 qui

1988 3261 2319 3323 cognoverunt
2358 3249 2609 3302 veritatem
2652 3263 2670 3299 :
2713 3246 2947 3315 quoniam
2998 3243 3159 3297 omnis
3196 3251 3426 3294 creatura
3475 3239 3569 3293 Dei

1991 3345 2118 3396 bona
2147 3349 2257 3406 est,
2289 3348 2336 3393 et
2380 3339 2505 3391 nihil
2553 3335 2886 3407 abjiciendum
2915 3375 2926 3396 ,
2960 3332 3094 3402 quod
3135 3347 3248 3384 cum
3291 3330 3570 3401 gratiarum

1991 3437 2185 3487 actione
2210 3431 2522 3503 percipitur;
2542 3427 2885 3495 sanctiﬁcatur
2903 3425 3034 3478 enim
3061 3439 3147 3491 per
3173 3421 3373 3474 verbum
3399 3419 3491 3474 Dei
3522 3425 3569 3473 et

1992 3524 2266 3577 orationem
2291 3517 2483 3588 (lTint.
2512 3534 2580 3580 tv,
2602 3514 2740 3587 5-5).
2770 3515 2891 3569 "mc
2916 3521 3040 3568 sunt
3059 3527 3174 3581 qua:
3201 3513 3403 3582 negatis
3426 3527 3440 3572 ;
3467 3509 3570 3564 hoc

1993 3613 2190 3674 animo,
2214 3610 2310 3663 hac
2329 3609 2617 3671 voluntate,
2649 3604 2750 3659 hac
2773 3604 3021 3672 opinione
3045 3601 3111 3655 ab
3137 3599 3272 3654 escis
3301 3599 3570 3668 hnjnsmo-

1994 3703 2044 3755 di
2077 3699 2402 3770 temperatis,
2456 3697 2595 3766 quod
2640 3710 2745 3749 non
2791 3693 3192 3761 signiﬁcatione,
3242 3693 3335 3744 sed
3384 3699 3569 3744 natura

1999 3795 2148 3848 malm
2173 3803 2227 3847 et
2254 3791 2536 3845 immunda:
2558 3790 2682 3842 sint.
2712 3787 2824 3856 Qua
2867 3789 2917 3840 in
2947 3801 3004 3841 re
3043 3794 3338 3840 creatorem
3386 3797 3570 3837 carum

1999 3885 2115 3938 sine
2162 3882 2323 3936 dubio
2372 3879 2751 3948 blaspbcmatis
2781 3894 2793 3929 :
2823 3878 2922 3929 hoc
2948 3885 3028 3930 est
3058 3873 3196 3945 quod
3229 3874 3454 3943 pertinet
3503 3873 3568 3924 ad

1998 3973 2292 4028 doctrinam
2320 3971 2723 4025 dmmoniorum.
2770 3967 2942 4022 Nolite
2990 3981 3115 4036 ergo
3161 3965 3338 4018 mirari
3381 3964 3482 4019 hoc
3506 3963 3573 4017 de

2015 4065 2146 4120 tobis
2175 4073 2321 4118 tanto
2345 4071 2469 4116 ante
2492 4077 2518 4115 a
2547 4071 2730 4116 sancto
2753 4059 2950 4128 Spiritu
2975 4056 3365 4128 prophetatum.

2065 4176 2291 4234 CAPUT
2323 4175 2481 4230 VL—
2499 4173 2693 4228 lterum
2721 4173 2765 4227 si
2782 4171 2847 4226 ad
2862 4170 3211 4242 virginitatem
3230 4169 3306 4224 sic
3325 4167 3577 4223 adhorta-

2003 4269 2210 4332 remini,
2240 4265 2685 4338 quemadmodum
2725 4263 2966 4318 hortatur
2993 4261 3280 4332 apostolica
3308 4260 3568 4324 doctrina,

2004 4360 2105 4428 Qui
2143 4360 2229 4412 dat
2258 4367 2486 4428 nuptum,
2517 4357 2638 4409 bene
2661 4355 2818 4425 facit;
2865 4363 2911 4406 et
2960 4353 3044 4422 qui
3074 4369 3175 4406 non
3224 4351 3310 4404 dat
3340 4361 3571 4419 nuptum,

2000 4451 2176 4503 melius
2199 4448 2320 4520 facit
2345 4446 2386 4516 (1
2412 4445 2526 4500 Cor.
2547 4462 2638 4510 vn,
2662 4443 2751 4516 58)
2774 4455 2857 4498 :ut
2877 4445 3074 4498 bonum
3100 4446 3219 4496 esse
3247 4442 3453 4510 nuptias
3496 4440 3576 4494 di-

2003 4539 2215 4605 ceretis,
2255 4537 2348 4592 sed
2380 4537 2651 4592 meliorem
2681 4536 3052 4604 virginitatem,
3085 4535 3220 4587 sicut
3243 4532 3363 4587 facit
3389 4532 3574 4586 Eccle-

2003 4632 2101 4696 sia,
2133 4645 2250 4701 qua:
2276 4645 2399 4684 vere
2437 4627 2630 4682 Christi
2670 4638 2751 4682 est
2790 4627 3065 4681 Ecclesia:
3097 4643 3200 4679 non
3228 4642 3320 4680 vos
3345 4624 3572 4693 Spiritus

2002 4730 2218 4774 sanctus
2249 4718 2317 4772 ita
2363 4717 2762 4788 praenuntiarct,
2803 4716 3006 4776 dicens,
3039 4714 3353 4784 prohibentes
3393 4713 3578 4766 nubere

2009 4810 2049 4878 (1
2079 4810 2207 4864 Tim.
2238 4826 2310 4875 tv,
2337 4810 2415 4880 5).
2439 4807 2530 4864 Ille
2555 4808 2698 4862 enim
2717 4807 2978 4877 prohibet,
3001 4809 3089 4877 qui
3112 4807 3213 4861 hoc
3237 4805 3432 4859 malutn
3460 4819 3582 4858 esse

2003 4903 2150 4968 dicit,
2179 4917 2281 4956 non
2321 4902 2409 4970 qui
2437 4901 2558 4956 huic
2578 4902 2715 4955 bono
2734 4901 2874 4954 aliud
2897 4901 3086 4954 melius
3107 4898 3394 4967 anteponit.
3422 4898 3581 4951 Deni-

2004 5011 2109 5064 que
2137 5009 2232 5048 vos
2269 5009 2389 5048 eum
2435 4993 2700 5062 praecipue
2743 4991 3078 5047 concubitum
3103 4987 3460 5053 dctestamini,
3487 4991 3574 5057 qni

2006 5087 2150 5139 solus
2178 5086 2430 5138 honestus
2449 5082 2806 5153 etconjugalis
2831 5089 2932 5142 est,
2961 5089 3014 5133 et
3039 5094 3194 5149 quem
3220 5077 3581 5130 matrimonia-

2006 5175 2085 5228 les
2128 5187 2336 5242 quoque
2387 5171 2579 5226 tabula
2605 5187 2713 5240 pm:
2763 5185 2822 5224 se
2863 5176 3067 5239 gerunt,
3120 5166 3428 5220 Liberorum
3457 5181 3581 5235 pro-

2006 5262 2355 5320 creandorum
2382 5275 2543 5316 causa
2577 5279 2590 5313 :
2617 5259 2758 5315 unde
2783 5274 2906 5314 vere
2929 5276 3030 5312 non
3066 5268 3168 5311 tant
3201 5243 3577 5324 concumbere,

2007 5369 2166 5424 quam
2219 5352 2419 5407 nubere
2467 5350 2778 5420 prohibetis.
2819 5348 3200 5403 Concumbitur
3239 5347 3382 5403 enim
3424 5341 3584 5403 etiam

2009 5460 2167 5499 eausa
2211 5443 2486 5497 libidinum
2514 5483 2529 5509 ,
2577 5441 2791 5496 nubitur
2848 5450 3023 5494 autem
3081 5440 3288 5493 nonnisi
3329 5439 3576 5495 ﬁliorum.

2011 5534 2119 5588 Nec
2167 5533 2287 5588 ideo
2337 5547 2430 5586 vos
2475 5531 2662 5586 dicatis
2706 5547 2809 5585 non
2853 5530 3169 5601 prohibere,
3218 5531 3337 5602 quia
3392 5533 3587 5586 multos

2007 5634 2214 5679 vestros
2240 5623 2523 5678 Auditorcs
2549 5623 2598 5675 in
2629 5623 2727 5676 hoc
2756 5622 2972 5677 obedire
2999 5623 3238 5678 nolentes
3259 5623 3340 5676 vel
3367 5638 3471 5678 non
3501 5638 3563 5676 va

2008 5717 2176 5772 lentes
2212 5716 2355 5770 salva
2385 5715 2614 5768 amicitia
2652 5714 2914 5770 toleratis.
2965 5714 3092 5769 Illud
3129 5731 3268 5770 enun
3299 5714 3503 5767 habetis
3534 5715 3584 5767 in

2013 5806 2250 5861 doctrina
2277 5804 2438 5861 vestri
2467 5805 2683 5870 erroris,
2715 5803 2814 5860 hoc
2843 5808 2893 5859 in
2939 5805 3252 5860 necessitate
3297 5803 3582 5858 societatis.
