4028 6432
432 420 538 478 195

416 539 570 595 Ηὶιιο
593 532 841 605 estquod
869 530 1029 603 paulo
1053 526 1509 584 ante'disthlcram
1533 524 1733 590 dicere,
1750 535 1847 578 cur
1870 522 2024 576 vobis

434 643 583 684 mors
607 624 803 682 Christi
832 624 942 677 visa
967 622 1036 675 sit
1062 620 1145 674 vel
1186 616 1345 671 fallax
1374 624 1435 670 et
1459 615 1703 670 simulata
1727 611 2022 683 praedican-

428 719 523 785 da,
554 726 607 774 et
638 733 742 770 nou
769 714 927 770 ctiam
967 709 1232 766 nativitas.
1262 707 1503 762 ‘Mortcm
1540 705 1744 776 quippe
1772 713 2022 771 tanquam

434 809 829 881 scparationem
858 805 1070 865 animm,
1101 800 1278 861 idest,
1307 809 1510 853 natura:
1533 798 1617 852 dei
1645 795 1807 851 vestri
1843 810 1872 847 a
1899 808 2023 847 cor-

434 915 565 971 porc
612 898 944 953 inimicorum
984 892 1134 961 ejus,
1174 890 1277 946 hoc
1316 897 1397 944 c'st
1442 904 1471 942 a
1514 891 1763 957 tigmento
1806 882 2024 943 diaboli,

436 990 737 1063 pnedicatis
778 997 936 1055 atque
970 984 1223 1038 'laudatis
1249 996 1357 1036 :ac
1381 995 1385 1001 '
1406 996 1502 1052 per
1520 978 1630 1033 hoc
1656 975 2027 1051 rcm'dignani

438 1086 602 1138 fuisse
636 1078 956 1141 credidistis,
1003 1092 1159 1147 quam
1198 1074 1445 1131 Christus
1488 1072 1586 1127 etsi
1628 1084 1733 1124 non
1769 1069 2023 1129 moriens,

424 1186 613 1229 ‘tamcn
640 1180 867 1226 mortem
906 1167 1163 1222 simulans
1184 1165 1604 1221 commendaret.
1648 1160 1702 1214 In
1754 1158 2028 1213 nativitate

435 1275 612 1319 autem
638 1262 757 1334 quia
789 1277 894 1314 non
925 1259 1081 1321 solvi,
1110 1258 1203 1313 sed
1227 1258 1376 1328 ligari
1409 1256 1581 1325 potius
1599 1253 1758 1308 deum
1786 1259 2023 1305 veStrum

433 1354 691 1419 creditis,
743 1354 883 1407 hanc
944 1365 1044 1405 nec
1103 1349 1294 1403 saltem
1361 1346 1621 1402 fallaciter
1674 1343 2023 1412 ‘imaginatmn

436 1447 706 1501 Christum
728 1445 951 1501 credere
977 1440 1264 1498 νόιιιῑειίςε
1298 1442 1366 1495 ita
1397 1449 1456 1495 ut
1487 1455 1591 1493 non
1625 1435 1702 1491 Sic
1741 1435 1893 1489 vobis
1914 1434 2023 1487 Illa-

441 1540 515 1593 ria
542 1536 961 1606 displiceret,~si
987 1534 1381 1599 concubuisset,
1422 1541 1478 1588 et
1519 1542 1625 1586 non
1667 1526 2020 1598 concepisset,

1249 410 1517 469 CONTRA
1559 399 1882 466 FAUSTUM
1923 396 2370 469 MANICIIAEUM,
2413 404 2469 459 S.
2513 399 2885 460 AUCUSTINI

3600 399 3724 458 ’196

2133 518 2401 590 quomodo
2421 517 2688 589 displicet,
2717 517 2839 588 quia
2868 530 2974 571 non
2998 512 3302 581 concubuit,
3326 520 3395 571 et‘
3408 523 3583 572 tamen
3622 531 3724 586 pe—

2139 611 2295 678 perit.
2329 608 2533 663 Videtis
2566 623 2694 678 ergo
2722 607 2948 661 multum
2992 608 3254 661 interesse
3279 606 3416 661 inter
3441 604 3727 661 hortantes

2141 697 2206 752 ad
2231 698 2612 768 virginitatem,
2639 698 2781 753 bono
2803 696 2993 751 minori
3022 697 3217 751 bonum
3248 697 3477 766 amplius
3516 711 3726 766 prcho-

2135 787 2345 852 uendo;
2380 798 2434 841 et
2463 788 2810 858 prohibentes
2836 787 3058 851 nubere,
3092 787 3436 842 concubitum
3458 802 3723 857 propaga-

2133 876 2313 943 tionis,
2350 877 2437 947 qui
2479 877 2623 933 solus
2659 876 2876 949 proprie
2915 876 3162 945 nuptialis
3204 885 3307 942 est,
3356 875 3729 931 vehementius

2132 967 2430 1020 accusando
2476 984 2488 1020 :
2543 967 2767 1021 multum
2825 966 3088 1021 interesse
3134 966 3273 1021 inter
3319 965 3652 1022 abstinentes
3695 983 3727 1020 a

2132 1056 2283 1121 cibis,
2322 1065 2541 1126 propter
2570 1059 2887 1112 sacramenti
2929 1057 3435 1128 signiﬁcationem“,
3486 1058 3567 1111 vel
3600 1074 3731 1127 pro-

2135 1159 2257 1218 pter
2299 1151 2540 1219 corporis
2569 1150 3005 1220 castigationem;
3034 1157 3089 1204 et
3132 1151 3461 1205 abstinentes
3504 1166 3531 1204 a
3567 1150 3728 1213 cibis,

2131 1253 2264 1308 quos
2280 1239 2418 1292 Deus
2438 1241 2655 1307 creavit,
2669 1241 2897 1296 dicendo
2922 1240 3063 1311 quod
3092 1237 3353 1297 eos'Deus
3379 1242 3730 1297 noneereavit.

2136 1328 2368 1384 Proinde
2413 1331 2499 1385 illa
2553 1331 2792 1386 doctrina
2823 1341 2908 1388 est
2959 1332 3343 1403 Prophetarum
3397 1344 3451 1389 et
3499 1336 3733 1405 Aposto-

2122 1419 2341 1486 'lorum,
2372 1421 2483 1474 lnec
2516 1422 2900 1477 dannoniorum
2930 1425 3484 1496 mendaciloquorum.

2184 1532 2220 1565 “¹
2260 1539 2327 1584 tta
2348 1539 2455 1584 Mss.
2479 1543 2536 1586 At
2560 1535 2693 1597 editi,
2718 1542 2913 1600 propter
2942 1543 3184 1587 sacratam
3203 1534 3620 1602 signiﬁcationem.
3661 1569 3664 1571 λ

558 1647 3738 1678 _—-————-——————————_“—————————_—u———__

952 1746 1425 1857 LIBER
1518 1731 2492 1847 TRIGESIMUS
2564 1739 3201 1848 PRIMUS.

510 2026 735 2085 CAPUT
780 2018 1399 2080 PRIMUM.—FADSTUS
1420 2015 1595 2072 dixit:
1630 2013 1813 2068 Omnia
1840 2010 2033 2066 mun'da

440 2119 665 2184 mundis,
691 2112 965 2171 immundis
988 2123 1157 2167 autem
1183 2122 1231 2167 et
1252 2109 1582 2181 coinquinatis
1602 2104 1728 2160 nihil
1752 2104 1997 2159 mundum
2010 2121 2031 2170 ,°

429 2211 528 2267 sed
557 2210 819 2282 inquinata
847 2215 981 2260 sunt
1004 2220 1175 2259 eorum
1201 2212 1248 2256 et
1286 2217 1425 2255 mens
1465 2196 1869 2253 et'conscientia.
1920 2194 2032 2249 Hoc

441 2318 655 2374 quoque
686 2302 855 2371 ipsum
878 2339 892 2361 ,
916 2307 1107 2352 utrum
1135 2295 1288 2350 vobis
1316 2288 1564 2363 expediat
1587 2288 1627 2343 a‘
1639 2286 1805 2344 Paulo
1831 2288 2032 2343 dictum

430 2394 681 2455 credere.
704 2388 1150 2447 considerandum
1176 2395 1260 2443 est
1290 2403 1304 2439 :
1333 2383 1590 2438 hactenus
1610 2381 1752 2437 enim
1783 2395 1888 2433 non
1911 2388 2031 2433 tan-

442 2498 555 2543 tum
579 2485 858 2542 daemoniis
881 2481 1175 2552 exagitatos
1199 2476 1439 2532 constitit
1462 2472 1681 2545 Moysen
1698 2480 1754 2527 et
1780 2471 2030 2540 Prophe-

430 2591 544 2641 tas,
566 2593 687 2634 cum
710 2585 887 2630 tantas
912 2574 987 2630 de
1005 2572 1247 2627 ciborum
1271 2566 1587 2624 dill‘erentiis
1609 2565 1828 2620 tulerint
1848 2564 2027 2631 leges;

434 2669 535 2725 sed
559 2669 721 2724 etiam
755 2664 898 2736 quod
942 2661 1199 2718 immundi
1248 2659 1345 2728 ipsi
1378 2657 1575 2713 fuerint
1611 2663 1667 2710 et
1707 2651 2029 2723 coinquinati

440 2770 625 2817 mente
660 2768 820 2828 atque
858 2753 1185 2809 conscientia
1211 2766 1328 2813 sua,
1361 2759 1681 2818 utcnngrue
1731 2745 1785 2799 in
1814 2745 1957 2814 ipsos
1978 2752 2034 2797 et

443 2851 573 2906 illud
600 2850 799 2904 cadere
827 2846 993 2917 possit
1017 2844 1157 2914 quod
1190 2842 1448 2912 sequitur,
1483 2839 1646 2893 Deum
1673 2853 1728 2892 se
1749 2836 1878 2890 scire
1908 2851 2029 2904 pro-

442 2945 669 3012 ﬁtentur,
714 2936 946 3008 operibus
973 2945 1141 2988 autem
1178 2940 1360 3003 negant
1412 2929 1537 3003 (Tit.
1564 2945 1603 2991 ι.
1654 2926 1744 2993 15,
1794 2926 1904 2996 16).
1933 2924 2029 2977 Cui

441 3046 620 3090 autem
665 3035 765 3086 hoc
821 3029 991 3098 magis
1031 3026 1501 3096 competit,quam
1527 3018 1832 3089 .Prophetis
1874 3026 2033 3086 atque

443 3124 635 3186 Movsi,
665 3122 754 3192 qui
787 3120 943 3189 longe
978 3118 1134 3172 aliter
1156 3116 1351 3170 vixisse
1381 3112 1695 3183 probantur,
1737 3124 1896 3179 quam
1932 3107 2026 3160 Dei

443 3214 809 3286 Cognitorihus
852 3208 1197 3280 eongruebat.
1252 3203 1367 3274 Ego
1424 3211 1602 3258 tamen
1650 3214 1793 3255 nunc
1831 3213 2029 3267 usque,

444 3316 640 3378 prteter
663 3303 950 3366 adulteria,
980 3310 1038 3355 et
1060 3297 1274 3353 fraudes
1302 3305 1357 3350 et
1391 3291 1698 3364 homicidia,
1726 3290 1859 3345 nihil
1889 3288 2031 3343 aliud

443 3414 566 3454 esse
590 3406 919 3469 putaveram,
951 3391 1091 3446 unde
1119 3387 1475 3444 conseientias
1516 3385 1743 3455 pollutas
1784 3381 2033 3436 habuisse

444 3488 756 3544 viderentur
797 3484 1007 3555 Moyses
1048 3489 1102 3535 et
1155 3477 1433 3546 Propheta:
1473 3494 1486 3530 :
1529 3489 1669 3529 nunc
1713 3481 1889 3526 autem
1934 3471 2034 3524 hoc

444 3580 844 3635 demonstrante
858 3573 1121 3642 capitulo,
1150 3568 1417 3639 scirejam
1446 3566 1602 3622 datur
1622 3564 1779 3621 etiam
1803 3562 1923 3616 hinc
1942 3576 2034 3615 eos

446 3671 737 3741 inquinata:
768 3662 1174 3729 mentisl'uisse,
1215 3660 1337 3729 quia
1381 3657 1576 3728 aliquid
1609 3655 1907 3726 putaverint
1950 3653 2031 3706 in-

446 3765 743 3836 quinatum.
772 3760 1037 3826 Quorsum
1082 3768 1212 3825 ergo
1241 3753 1434 3807 talibus
1462 3749 1621 3805 etiam
1654 3762 1794 3802 nunc
1821 3760 1913 3799 v0s
1958 3744 2034 3797 vi-

448 3859 653 3912 sionem
680 3853 873 3908 divina:
903 3848 1194 3917 majestatis
1214 3845 1521 3913 contingere
1552 3839 1789 3910 potuisse
1806 3836 2034 3891 arbitra-

446 3948 601 4009 mini,
628 3960 749 4000 cum
778 3945 848 3998 sit
889 3941 1167 4010 scriptum,
1201 3938 1300 3992 nisi
1344 3951 1436 3990 eos
1462 3934 1551 4002 qui
1584 3929 1889 3998 cordepuri
1918 3931 2033 3980 lue-

452 4040 579 4099 rint,
606 4036 769 4088 Deum
797 4031 979 4087 videre
1014 4045 1119 4083 non
1162 4041 1319 4098 posse
1354 4024 1569 4096 (Matth.
1598 4036 1653 4086 v,
1682 4021 1777 4091 8)?
1803 4021 1873 4074 At
1907 4035 2036 4072 vero

457 4129 507 4181 hi
535 4125 693 4179 etiam
718 4122 761 4177 si
791 4122 921 4176 casti
951 4120 1018 4173 ab
1064 4118 1261 4172 illicitis
1295 4114 1617 4168 facinoribus
1660 4110 1988 4165 exstitissent
2016 4124 2031 4173 ;

454 4218 564 4272 sola
594 4225 769 4268 tamen
801 4210 915 4265 haec
939 4206 1244 4263 abstinendi
1284 4220 1312 4257 a
1337 4201 1649 4274 quibusdam
1680 4199 1822 4255 escis
1842 4214 2034 4266 super-

455 4307 624 4366 stitio,
675 4304 718 4357 si
768 4310 1001 4357 mentem
1028 4297 1371 4356 contaminat,
1420 4291 1709 4347 divinitatis
1752 4291 1829 4346 eis
1870 4290 2037 4359 potuit

459 4413 682 4466 negassae
748 4402 1120 4461 conspectum.
1192 4387 1421 4442 Evanuit
1487 4400 1613 4453 ergo
1672 4382 1812 4452 'jam,
1878 4390 2036 4448 atque

457 4489 719 4544 exstincta
772 4484 927 4537 sinml
984 4491 1065 4535 est
1112 4478 1338 4533 Danielis
1384 4490 1599 4548 quaque
1638 4474 1835 4549 illavac
1877 4472 2034 4524 trium

461 4593 744 4643 puerorum
776 4575 1053 4646 gloriatio:
1078 4572 1165 4641 qui
1195 4580 1246 4624 et
1270 4569 1367 4639 ipsi
1395 4583 1561 4638 usque
1588 4565 1654 4621 ad
1683 4565 1820 4620 hanc
1847 4563 2038 4632 pra-di-

456 4672 721 4723 ratiouem
772 4682 888 4735 qua:
932 4672 1116 4718 censet
1154 4663 1285 4716 nihil
1322 4660 1655 4715 immundum
1683 4699 1699 4723 ,
1751 4656 2033 4713 castissimi

461 4765 623 4830 plane
649 4774 713 4813 ac
750 4759 901 4810 home
930 4755 1123 4808 mentis
1162 4753 1385 4821 juvenes
1420 4748 1585 4804 habiti
1613 4756 1738 4801 sunt
1787 4748 1839 4800 in
1876 4745 2036 4799 Juda-

460 4855 618 4911 ismo,
642 4849 762 4917 quia
793 4846 996 4900 scilicet
1028 4854 1362 4913 paternarun'i
1389 4853 1651 4893 memores
1675 4837 2033 4901 traditionum,

460 4961 487 4994 a
514 4940 760 4995 Gentium
786 4937 1031 5004 dapibus,
1068 4945 1121 4987 et
1149 4928 1698 4993 maximeimmolatis,
1731 4927 1877 4980 omni
1917 4945 2034 4979 rum

460 5032 633 5085 studio
661 5045 719 5082 se
748 5027 1182 5082 conservaverint
1210 5023 1438 5076 illihatos
1468 5019 1626 5092 (Dan.
1657 5034 1692 5083 t,
1742 5016 1863 5089 l2);
1887 5017 2039 5071 Nunc

465 5124 606 5174 cnim
638 5120 849 5174 domum
896 5117 1139 5185 apparuit
1182 5126 1235 5170 et
1266 5114 1408 5183 ipsos
1454 5112 1842 5166 contaminatos
1877 5112 2039 5165 fuisse

467 5210 733 5263 mentibus
754 5219 800 5261 et
821 5206 1163 5269 conscientia,
1190 5213 1299 5257 tum
1324 5201 1570 5266 maxime,
1592 5207 1715 5256 cum
1742 5202 1835 5253 os'
1868 5216 1895 5252 a
1920 5216 2041 5253 san-

467 5302 626 5372 guine
656 5308 708 5353 et
736 5298 867 5353 cibis
896 5296 1143 5351 feralibus
1172 5293 1525 5349 abstinebant.

541 5389 765 5447 CAPUT
788 5387 867 5441 'll.
898 5386 1096 5442 --’Sed
1136 5385 1264 5440 illos
1294 5384 1516 5438 fortasse
1546 5389 1763 5437 excuset
1789 5382 2039 5451 ignorau-

474 5484 545 5534 tia
568 5497 582 5544 ;
610 5480 834 5534 necdum
887 5478 1030 5534 enim
1059 5486 1348 5547 apparente
1373 5474 1658 5530 christiana
1688 5474 1785 5529 hac
1801 5473 1903 5528 title
1928 5490 2045 5544 quae

472 5574 690 5627 duceret
718 5570 892 5624 omnia
919 5583 1038 5623 esse
1067 5569 1263 5623 munda
1305 5566 1548 5633 mundis,
1590 5565 1831 5637 quaedam
1861 5572 1916 5622 et
1945 5566 2043 5638 ipsi

472 5664 771 5731 putaverint
798 5676 919 5715 esse
946 5675 1050 5715 non
1077 5661 1269 5714 mttnda
1299 5676 1315 5711 :
1341 5672 1438 5712 vos
1464 5675 1591 5713 vero
1610 5700 1630 5724 ,
1653 5674 1754 5729 qua
1783 5676 1921 5715 nunc
1947 5676 2043 5715 cx—

474 5798 552 5904 hd:
593 5806 686 5842 Am.
715 5799 788 5840 ltr.
814 5800 863 5838 et
892 5792 1053 5851 ilnrcs
1212 5792 1453 5846 omittunt,
1474 5803 1546 5837 03.
1576 5786 1658 5837 Alii
1681 5797 1788 5839 Mss.
1816 5791 1921 5851 ejus
1945 5790 2048 5839 loco

510 5870 518 5877 '
539 5864 670 5904 neut.
695 5868 866 5903 ontut's.

510 5864 670 5912 alieni.
695 5868 866 5903 ontut's.

2117 2010 2682 2077 =eusatione-utintiui,
2723 2013 2766 2066 si
2796 2012 2964 2068 Paulo
3002 2014 3267 2069 clamante
3294 2016 3439 2069 nihil
3469 2027 3588 2070 esse
3602 2032 3730 2073 'non

2139 2102 2399 2156 mundum
2424 2144 2441 2167 ,
2488 2112 2544 2157 et
2586 2104 2857 2159 doctrinas
2897 2105 3281 2161 daemoniorum
3312 2109 3611 2177 appelhnte
3650 2113 3733 2163 ci-

2138 2192 2328 2247 borum
2358 2194 2731 2251 abstinentiam
2755 2196 2964 2265 (lsTim.
2997 2213 3068 2257 tv.
3099 2199 3150 2259 Ι.
3183 2200 3287 2265 5).,
3312 2210 3366 2253 et
3395 2211 3574 2254 mente
3604 2203 3730 2271 pni-

2138 2282 2280 2338 lutos
2306 2295 2527 2340 vocante
2555 2288 2645 2355 qui
2675 2288 2870 2357 aliquid
2902 2290 3205 2357 putaverint
3228 2290 3577 2359 inquinatum.
3608 2288 3721 2347 non

2137 2378 2309 2432 solum
2336 2378 2614 2433 abstinetis
2636 2421 2652 2443 ,
2702 2390 2759 2434 ut
2780 2379 3044 2443 diximus,
3078 2380 3169 2434 sed
3198 2381 3356 2435 etiam
3382 2382 3603 2450 gloriam
3628 2400 3727 2436 ea-

2139 2474 2298 2542 ptatis
2325 2475 2516 2531 exinde
2535 2517 2549 2539 ,
2572 2487 2637 2530 ct
2656 2492 2722 2533 eo
2747 2479 3076 2548 acceptiores
3101 2494 3196 2532 vos
3220 2478 3691 2533 c'rcﬂitiS'Cln'istn
3711 2520 3728 2541 ,

2137 2579 2244 2634 quo
2273 2566 2424 2620 eritis
2461 2566 2933 2623 abstinentioresa
2971 2570 3140 2633 cibis;
3175 2569 3240 2623 id
3270 2580 3389 2632 est,
3431 2570 3731 2624 secundum

2138 2655 2278 2710 hanc
2307 2659 2623 2712 sententiam
2650 2698 2667 2724 ,
2689 2674 2797 2729 quo
2848 2660 3115 2715 mentibus
3156 2661 3422 2728 inquinati
3468 2660 3636 2728 magis
3664 2671 3723 2713 et

2136 2750 2307 2816 magis
2332 2750 2658 2803 conscientia
2688 2761 2861 2805 vestra
2901 2752 3135 2822 polluti?
3163 2751 3299 2819 Quid
3325 2793 3341 2819 ,
3393 2751 3531 2821 quod
3562 2752 3730 2805 etiam

2117 2837 2473 2892 ~cum'tres’in
2508 2839 2706 2893 unmdo
2736 2841 3023 2911 religiones
3048 2844 3155 2897 sint
3174 2886 3189 2907 ,
3220 2859 3337 2912 qua:
3367 2843 3562 2896 mentis
3596 2859 3728 2912 pur-

2137 2930 2407 2999 gationem
2458 2932 2656 2998 pariter
2687 2933 2737 2985 in
2766 2935 3096 2988 castimoniis
3141 2944 3194 2988 et
3232 2934 3549 2988 abstinentia
3571 2976 3585 2995 ,
3618 2934 3731 2989 ritu

2137 3023 2379 3090 quamvis
2437 3024 2804 3079 diversissimo
2828 3037 3116 3094 reponunt,
3144 3027 3265 3081 dico
3288 3036 3464 3082 autem
3484 3026 3728 3089 Judmos,

2124 3124 2192 3170 «ει
2215 3114 2577 3179 Christianos,
2628 3126 2683 3171 et
2711 3116 2914 3172 Gentes
2933 3158 2948 3180 ,
2976 3134 3041 3172 ex
3088 3133 3317 3188 quanam
3346 3118 3565 3172 istarum
3595 3117 3729 3171 reli-

2137 3205 2351 3274 gionum
2380 3220 2558 3259 sermo
2605 3206 2692 3261 hic
2719 3208 2931 3273 veniat,
2984 3224 3090 3263 non
3121 3217 3295 3279 potest
3326 3206 3550 3263 inveniri
3576 3250 3590 3272 ,
3633 3209 3730 3275 qui

2138 3295 2297 3351 docet
2352 3296 2487 3350 nihil
2524 3312 2655 3353 esse
2694 3313 2811 3353 non
2856 3302 3141 3355 sanctum?
3169 3312 3314 3354 certe
3354 3316 3424 3356 ex
3450 3300 3733 3356 Judaismo

2137 3385 2394 3451 minime;
2440 3385 2619 3441 itidem
2642 3401 2715 3442 ex
2752 3388 3111 3458 'Paganismo,
3146 3391 3279 3460 quia
3310 3389 3483 3459 ipsum
3512 3404 3731 3458 quoque

2139 3476 2466 3531 discriminat
2504 3477 2689 3542 cibos;
2716 3493 2815 3533 nec
2851 3479 3138 3549 quidquam
3168 3479 3420 3545 interest,
3462 3477 3560 3532 nisi
3582 3478 3729 3548 quad

2129 3567 2395 3624 Hebraeus
2414 3568 2471 3623 in
2499 3570 2815 3638 quihusdam
2847 3571 3165 3626 animalibus
3189 3587 3219 3625 a
3260 3572 3487 3643 Paganis
3509 3572 3729 3625 dissen-

2139 3660 2223 3715 tit.
2270 3660 2458 3715 Restat
2497 3659 2787 3719 christiana
2832 3661 2992 3727 ﬁdes,
3022 3663 3175 3730 cujus
3218 3664 3261 3716 si
3305 3663 3574 3733 preprium
3616 3662 3732 3716 hoc

2126 3765 2257 3805 esse
2280 3760 2468 3818 putas,
2501 3751 2632 3805 nihil
2683 3751 2987 3807 existimare
3034 3754 3320 3822 pollutum.
3373 3754 3516 3823 prius
3536 3764 3625 3808 est
3664 3764 3732 3807 ut

2139 3840 2355 3896 fatearis
2378 3841 2433 3895 in
2463 3842 2614 3896 vobis
2641 3858 2762 3897 esse
2794 3843 3060 3898 neminem
3105 3843 3478 3899 christianum.
3509 3845 3732 3899 ’Omnes

2136 3934 2280 3988 enim
2311 3932 2451 4002 apud
2497 3948 2632 3999 vos,
2676 3944 2951 3989 iitcaetera
2977 3935 3268 3998 reticeam,
3314 3932 3593 3988 morticina
3642 3944 3733 3988 ta—

2139 4040 2261 4079 men
2287 4034 2341 4079 et
2363 4025 3116 4094 immolata"inquinamentum
3145 4026 3451 4081 exiStimant
3472 4040 3593 4081 esse
3616 4042 3731 4080 non

2140 4132 2359 4187 parvum
2394 4117 2529 4187 (Act.
2562 4133 2651 4182 xv,
2676 4116 2799 4189 29):
2826 4127 2917 4171 aut
2942 4119 2986 4172 si
3011 4127 3064 4173 et
3087 4134 3117 4173 a
3138 4118 3289 4173 vobis
3310 4117 3429 4188 jure
3459 4116 3731 4172 Christia-

2138 4208 2320 4262 nitatis
2348 4208 2447 4261 hoc
2475 4209 2678 4278 agitur,
2732 4224 2799 4264 ne
2844 4209 2999 4280 hujus
3027 4210 3240 4280 quidem
3287 4225 3415 4281 ergo
3446 4209 3730 4280 religionis

2138 4299 2399 4354 sententia
2426 4309 2528 4362 est,
2558 4315 2678 4368 qua:
2699 4316 2913 4355 onmem
2942 4302 3150 4370 penitus
3176 4300 3571 4356 immundorum
3601 4302 3733 4353 alis-

2133 4391 2424 4446 ‘tinentiam
2457 4392 2612 4445 tollit.
2639 4390 2903 4458 Quorsum
2917 4407 3091 4461 ergoa
3119 4393 3287 4447 Paulo
3310 4392 3359 4445 id
3389 4392 3491 4446 dici
3518 4395 3697 4461 potuit
3715 4435 3731 4453 .

2139 4483 2282 4554 quod
2315 4484 2445 4538 nulli
2475 4484 2546 4537 sit
2591 4484 2831 4553 religioni
2860 4485 3223 4539 conveniens?
3254 4484 3462 4539 Etenim
3490 4486 3736 4552 Aposto-

2141 4575 2225 4630 lus
2258 4590 2361 4628 non
2396 4585 2505 4629 tam
2535 4575 2844 4643 religionem
2873 4575 3052 4639 exuit,
3084 4591 3239 4641 quam
3272 4577 3432 4630 ritum
3456 4577 3685 4629 mutavit
3711 4617 3731 4641 ,

2138 4681 2260 4720 cum
2307 4680 2375 4719 ex
2404 4664 2593 4719 Judmo
2640 4665 2807 4719 factus
2836 4677 2922 4721 est
2969 4666 3328 4720 Christianus.
3381 4668 3447 4720 At
3477 4682 3604 4721 vero
3629 4670 3731 4736 qui

2142 4756 2243 4809 hoc
2261 4754 2552 4822 capitulum
2600 4755 2843 4824 scripsit,
2878 4755 3089 4810 videtur
3117 4757 3205 4811 ille
3238 4757 3364 4811 mihi
3393 4757 3531 4812 nulla
3576 4772 3735 4828 pror-

2141 4856 2235 4899 sus
2262 4845 2517 4913 religione
2536 4846 2708 4899 luisse
2736 4845 3014 4899 subnixus.

2213 4934 2441 4990 CAPUT
2484 4934 2565 4988 HI.
2595 4963 2665 4974 --
2690 4938 3027 5005 Quapropter
3048 4978 3065 5003 ,
3115 4938 3160 4991 si
3198 4937 3321 5006 quid
3353 4937 3419 4991 de
3446 4946 3647 4993 cancro
3676 4940 3732 4993 in

2143 5026 2422 5079 laesionem
2452 5035 2647 5079 nostrae
2678 5025 2799 5080 ﬁdei
2827 5025 2895 5081 de
2922 5025 3211 5094 Scripturis
3230 5035 3537 5097 qmerentes
3577 5029 3734 5083 inve-

2145 5115 2330 5171 neritis
2349 5157 2365 5182 ,
2392 5125 2517 5171 tunc
2543 5115 2757 5170 demum
2792 5116 2841 5170 id
2883 5116 3038 5172 nobis
3061 5131 3331 5186 opponere
3357 5128 3691 5174 mementote
3717 5163 3730 5181 ,

2145 5224 2265 5264 cum
2304 5208 2454 5262 vobis
2483 5206 2817 5277 pervideritis
2844 5222 2949 5263 non
2986 5223 3104 5262 esse
3130 5209 3459 5261 contrarium
3491 5225 3504 5261 :
3536 5225 3732 5278 quem-

2147 5298 2430 5354 admodum
2453 5309 2508 5353 et
2529 5297 2657 5352 illud
2678 5339 2693 5362 ,
2716 5299 2856 5367 quod
2878 5299 2945 5354 de
2972 5298 3129 5353 Petro
3149 5298 3331 5352 soletis
3355 5298 3551 5353 all‘erre
3569 5340 3583 5362 ,
3609 5310 3734 5352 lan—

2147 5404 2305 5460 quam
2333 5388 2472 5443 idem
2498 5387 2691 5443 viderit
2713 5389 2999 5458 aliquando
3025 5390 3091 5442 de
3117 5390 3254 5444 ctelo
3274 5388 3570 5443 demissum
3595 5405 3694 5444 vas
3713 5432 3732 5455 ,

2150 5482 2201 5535 in
2228 5495 2336 5550 quo
2361 5489 2545 5535 essent
2568 5481 2746 5535 omnia
2771 5496 2961 5550 genera
2987 5479 3295 5534 animalium
3325 5492 3377 5535 et
3406 5490 3733 5550 serpentes,

2150 5579 2311 5641 atque
2328 5585 2396 5625 eo
2415 5570 2644 5625 attonito
2672 5581 2727 5625 et
2759 5571 3053 5625 admirante
3075 5611 3091 5636 ,
3125 5587 3224 5623 vox
3246 5571 3423 5625 audita
3450 5573 3520 5624 sit
3544 5571 3741 5626 dicens

2150 5661 2216 5717 ad
2232 5677 2377 5728 eum,
2408 5660 2580 5728 Patre,
2604 5662 2858 5733 quidquid
2886 5663 2936 5717 in
2954 5677 3081 5717 vase
3110 5660 3277 5721 vides.
3308 5672 3494 5723 macta,
3516 5675 3562 5715 et
3585 5681 3740 5716 man-

2152 5754 2302 5807 duca.
2328 5754 2425 5808 Cui
2465 5754 2605 5808 idem
2630 5754 2953 5823 respondens
2977 5772 2989 5807 :
3026 5752 3235 5807 Domine
3253 5795 3268 5819 ,
3294 5770 3558 5808 commune
3580 5797 3596 5820 ,
3646 5756 3741 5810 in-

2164 5847 2294 5915 quit,
2328 5857 2373 5899 ct
2404 5848 2713 5899 immundum
2744 5864 2842 5901 non
2868 5846 3169 5915 contingam.
3204 5845 3266 5900 Et
3301 5846 3490 5900 iterum
3521 5862 3622 5900 vox
3669 5848 3745 5904 ad
