4052 6484
288 431 406 484 ΜΤ

288 565 406 599 eum
441 546 640 612 :Qnod
681 560 771 615 ego
800 541 1111 609 sanctiﬁcavi
1130 582 1146 605 ,
1179 542 1494 595 immundum
1523 557 1585 595 ne
1620 541 1873 618 vocaveris

290 640 426 704 (Act.
461 651 517 699 ι,
553 633 946 701 Η-ιὸ).οιι‹κ1
975 632 1190 702 quidem
1221 632 1392 702 ipsum
1442 632 1563 686 licet
1585 640 1642 685 ct
1671 647 1764 698 per
1791 633 1873 683 al-

286 726 541 799 legoriam
567 725 730 780 alindi
756 724 1007 794 quiddam
1034 764 1051 790 ,
1101 732 1156 778 et
1192 738 1304 776 non
1357 721 1763 776 indill’erentiam
1793 720 1886 774 vi-.

283 817 484 872 deatur
501 815 802 887 signiﬁcare
844 816 1118 879 ciborum;
1160 824 1333 868 tamen
1361 813 1484 884 quia
1515 812 1663 867 vobis
1689 811 1874 866 ethoc

283 912 356 968 ita
406 909 702 978 intelligere
732 907 944 978 placet,
993 905 1284 962 vescamini
1332 905 1491 974 igitur
1529 917 1749 978 necesse
1791 909 1892 958 est-

281 1000 704 1072 passimbelluis
749 998 996 1053 omnibus
1017 1041 1034 1063 ,
1078 1007 1130 1053 et
1183 995 1462 1052 echidnis‘
1516 1005 1567 1050 et
1595 994 1870 1061 colubris,

281 1107 367 1146 ac-
387 1091 594 1161 reliquo
619 1089 764 1144 omni
789 1103 986 1159 genere
1011 1087 1322 1157 serpentino
1343 1087 1492 1154 juxta
1518 1084 1872 1139 borama~Pe-

250 1219 252 1222 μ
283 1184 375 1238 tri.
399 1182 668 1237 Hactenus
691 1181 834 1236 enim
860 1195 987 1234 vere
1013 1179 1160 1234 dicto
1183 1178 1573 1234 audieotcsvos
1600 1191 1720 1232 esse
1744 1191 1872 1246 pro-

239 1273 480 1346 ,babitis
505 1271 624 1328 voci
675 1287 836 1342 quam
891 1270 1072 1327 fertur.
1109 1270 1322 1326 audisse
1353 1279 1450 1326 :vet
1497 1280 1672 1325 tamen
1717 1268 1875 1339 hujus

280 1383 499 1438 «pioque
541 1367 910 1423 memineritis-
937 1380 1151 1436 semper
1172 1407 1189 1433 ,
1241 1365 1363 1435 quia
1417 1364 1627 1436 Moyses
1671 1363 1795 1418 hinc
1821 1370 1876 1417 et

281 1458 570 1529 Propheta:
595 1457 988 1513 damnati-sunt
1008 1496 1022 1522 ,
1052 1457 1144 1525 qui
1173 1456 1250 1511 de
1271 1455 1336 1510 iis
1357 1469 1476 1525 qua:
1504 1453 1873 1508 sanctilicave-

281 1551 360 1606 rit
383 1551 524 1606 Deus
548 1549 698 1620 juxta
727 1549 885 1604 vocis
908 1548 1064 1619 hujus
1087 1546 1405 1603 sententiam
1430 1586 1446 1612 ,
1501 1547 1665 1600 multa
1717 1554 1873 1615 puta-

281 1641 464 1696 verint
489 1654 611 1695 esse
638 1639 861 1709 polluta.

360 1730 589 1788 CAPUT
629 1731 716 1786 IV.
766 1726 1564 1798 —Aucusrmus-respondit:
1618 1729 1750 1782 (inm
1801 1727 1878 1783 ait

286 1826 600 1894 Apostolus,
633 1825 821 1880 Omnia
849 1824 1040 1879 munda
1068 1823 1285 1877 mundis»
1303 1821 1426 1894 (Tit.
1457 1838 1493 1888 t,
1522 1822 1634 1893 1‘5),
1658 1832 1876 1875 naturas

230 1918 238 1927 '
285 1916 430 1986 ipsas
462 1916 680 1986 intelligi
731 1915 930 1976 voluit.
963 1929 1094 1982 quas
1144 1915 1281 1968 Deus
1310 1913 1510 1968 ereavit
1533 1952 1548 1977 ,
1578 1911 1873 1966 secundum

285 2006 417 2062 iliud
460 2005 601 2076 quod
651 2005 860 2078 Moyses
888 2007 939 2060 in
971 2005 1164 2060 Genesi
1192 2003 1436 2071 scripsit,
1473 2003 1557 2057 Et-
1587 2004 1704 2076 fecit
1737 2003 1873 2057 Dens

285 2099 460 2151 mnia
487 2113 506 2151 :
529 2106 577 2151 et
605 2113 719 2151 ecce
741 2095 871 2151 bona
911 2096 1060 2150 valde
1081 2093 1233 2167 (Gen.
1263 2111 1300 2153 ι.
1331 2096 1389 2151 3|
1407 2096 1446 2165 );
1481 2111 1585 2148 non
1613 2095 1876 2164 signiﬁca-

283 2193 514 2256 tiones,
548 2189 837 2245 secundum
888 2204 1020 2259 quas
1050 2188 1190 2242 Deus
1227 2202 1324 2257 per
1365 2187 1610 2242 eumdem
1659 2187 1872 2260 Moysen

281 2283 351 2338 ab
391 2281 682 2336 immundis
709 2279 901 2334 munda
933 2279 1187 2333 discrevit
1215 2277 1398 2348 (Leuit.
1428 2280 1506 2348 χι)
1537 2296 1548 2330 :
1579 2277 1720 2333 unde
1748 2279 1868 2349 quia

283 2373 444 2426 multa
466 2381 522 2426 et
549 2370 885 2425 mullis-locis
906 2372 1016 2438 jam
1059 2368 1289 2424 diximus
1310 2411 1326 2435 ,
1358 2385 1499 2423 nunc
1525 2369 1757 2423 breviter
1780 2369 1874 2423 ad-

283 2462 557 2518 monuisse
607 2461 898 2516 suﬂ’eccrit.
932 2459 1162 2514 Proinde
1206 2460 1324 2514 illos
1362 2460 1452 2529 qui
1495 2459 1603 2529 jam
1633 2469 1871 2529 tempore

282 2557 624 2614 revelationis
649 2556 780 2611 Novi
805 2555 1130 2611 Testamenti
1153 2597 1167 2618 ,
1194 2555 1368 2610 adhuc
1399 2555 1515 2609 illas
1541 2555 1761 2608 umbras
1784 2554 1868 2608 fu-

284 2658 522 2704 turorum
555 2649 626 2702 ita
654 2647 1030 2703 custodiendas
1055 2656 1302 2716 putarent
1329 2688 1341 2709 .
1393 2654 1462 2700 ut:
1478 2646 1596 2702 sine
1623 2647 1700 2701 iis-
1729 2646 1871 2702 ch-

284 2749 358 2795 tes
386 2740 642 2805 salutem,
674 2756 793 2810 qua:
817 2738 1111 2793 inChristo
1137 2746 1236 2802 est,
1273 2737 1547 2807 percipere
1579 2753 1870 2808 nonlpossc

287 2831 667 2887 contenderent
687 2873 703 2895 ,
736 2831 1044 2885 immundos
1067 2829 1194 2885 dicit
1233 2829 1539 2898 Apostolus,
1573 2829 1714 2898 quod
1747 2844 1868 2885 car-

283 2923 467 2978 naliter
496 2933 786 2992 saperent;
813 2921 1136 2977 et‘inﬁdeles
1155 2962 1170 2987 ,
1213 2919 1354 2990 quod
1389 2929 1597 2990 tempus
1625 2921 1809 2991 gratiae
1838 2937 1868 2975 a

284 3013 431 3081 chis
462 3022 707 3082 tempore
736 3027 840 3066 nou
886 3011 1274 3065 discernerent.
1336 3009 1540 3077 Quibus
1582 3010 1702 3066 ideo
1742 3010 1871 3065 dicit

285 3102 407 3156 nihil
458 3102 902 3165 esse-mundum,
950 3103 1072 3171 quia
1096 3101 1239 3156 etiis
1265 3116 1385 3171 qua:
1423 3100 1782 3172 respuebant,
1813 3111 1869 3158 et

342 3236 360 3268 ί
393 3234 586 3298 Aliquot
599 3242 730 3294 Mss“
755 3240 800 3284 et
823 3232 1020 3284 echinis.
1081 3277 1088 3286 .

1397 422 1597 479 LIBER
1635 422 2046 478 TRICESDIUS
2081 419 2455 480 SECUNDUS.

3459 425 3564 483 tas

1981 539 2044 593 iis
2071 555 2188 610 qua:
2226 539 2505 596 sumebant
2526 582 2540 606 ,
2569 551 2886 596 nonsmetc
2915 557 3014 595 nec
3053 544 3194 610 jnste
3227 543 3507 596 utubantnr
3540 560 3555 596 :

1980 631 2117 686 sicut
2165 647 2353 688 omnes
2403 632 2617 704 quidem
2670 633 2945 697 inﬁdeles,
2995 632 3090 687 sed
3141 635 3528 704 vosxpraecipue
3544 674 3574 702 ,.

1981 723 2288 787 Manichzci,
2320 723 2510 792 quibus
2533 725 2753 777 omnino
2780 723 2910 778 nihil
2939 733 3022 780 est
3050 723 3328 784 mundum.
3379 724 3572 795 Neque

1981 815 2122 868 eiiim
2151 814 2300 868 cibus
2331 814 2443 883 ipse
2471 829 2626 884 quem
2653 815 2865 870 sumitis
2887 857 2903 883 ,
2945 817 3188 886 quamvis
3216 832 3338 872 eum
3368 832 3580 888 magnav

1981 903 2254 974 diligentia
2279 904 2487 974 quasia
2512 906 2710 960 carnis-
2730 907 3047 976 contagione
3065 907 3324 977 separetis
3343 949 3358 975 ,
3403 924 3578 962 mnn-r

1980 995 2081 1050 dus
2105 1004 2189 1050 est
2215 996 2366 1050 vobis
2386 1037 2402 1061 ,
2433 1012 2590 1066 quem
2618 1010 2858 1053 creatum
2890 1000 2990 1054 nisi
3021 1015 3051 1053 a
3087 999 3303 1055 diabolo
3352 1015 3455 1054 non
3485 1001 3582 1055 di--

1981 1087 2121 1142 citis.
2177 1086 2231 1140 In
2261 1086 2349 1141 illo
2376 1087 2536 1141 etiam
2567 1086 2724 1143 deum
2755 1099 2988 1145 vestrum
3019 1089 3236 1160 ligatum
3265 1099 3422 1158 atque
3449 1092 3568 1160 pol.-

1980 1179 2148 1234 lutum
2179 1195 2274 1233 vos
2318 1180 2529 1235 edendo
2575 1195 2800 1252 purgare
2852 1182 3166 1252 perhibetis.
3228 1185 3330 1238 Vos
3375 1184 3568 1238 saltem

1981 1270 2131 1326 vobis
2158 1271 2338 1325 mundi
2372 1270 2686 1326 videremini
2707 1314 2721 1337 ,
2755 1289 2980 1342 quorum
3013 1275 3286 1329 ventrilms
3331 1285 3572 1330 meretur

1982 1361 2070 1416 ille
2100 1363 2334 1432 purgari.
2366 1361 2471 1416 Sed
2501 1370 2555 1417 et
2581 1373 2778 1418 vestra
2801 1378 3026 1434 corpora
3055 1376 3298 1420 naturam
3329 1375 3384 1420 ct
3408 1365 3579 1435 opilir

1979 1452 2118 1506 cium
2148 1453 2322 1522 gentis
2351 1452 2686 1508 tenebrarum
2714 1469 2833 1510 esse
2854 1455 3173 1511 contenditis
3195 1497 3212 1522 ,
3243 1457 3452 1511 animas
3469 1471 3535 1510 an
3551 1485 3572 1499 ο

1981 1551 2086 1596 tem
2118 1551 2320 1596 vestras
2350 1542 2480 1610 ipsis
2507 1543 2682 1598 adhuc
2704 1546 3016 1613 corporibus
3061 1545 3380 1615 inquinatas.
3427 1545 3568 1614 Quid

1980 1648 2108 1702 ergo
2134 1632 2288 1687 vobis
2314 1641 2395 1688 est
2420 1634 2671 1688 mundum
2693 1635 2716 1688 ?
2742 1634 2856 1689 Non
2897 1652 3016 1704 quae
3041 1636 3250 1689 sumitis
3268 1678 3282 1700 ,
3331 1651 3434 1690 non
3462 1652 3570 1707 quo

1981 1723 2192 1778 mittitis
2221 1739 2283 1778 ea
2333 1739 2452 1793 qua:
2478 1724 2724 1790 sumitis,
2781 1741 2888 1779 non
2939 1741 3032 1781 vos
3063 1726 3162 1795 ipsi
3217 1727 3306 1794 qni
3356 1737 3570 1796 stnupta

1983 1816 2236 1885 purgatis.
2268 1816 2472 1872 Videtis
2497 1832 2626 1888 ergo
2673 1827 2892 1887 propter
2918 1834 3054 1888 quos
3101 1827 3226 1872 tunc
3257 1819 3412 1873 istam
3438 1833 3570 1873 sen-

1985 1911 2205 1964 tentiam
2259 1909 2394 1964 dixit
2444 1911 2779 1978 Apostolus:
2821 1910 2981 1965 talem
3016 1919 3192 1966 tamen
3242 1911 3407 1975 dixit,
3451 1927 3572 1980 qum

1979 2016 2167 2056 omnes
2194 2001 2436 2056 inﬁdeles
2459 2011 2515 2056 et
2541 2001 2844 2058 immundos
2873 2011 3114 2067 teneret,
3161 2001 3254 2058 sed
3296 2018 3413 2057 vos
3437 2017 3572 2072 prte-

1977 2092 2517 2161 cipne'maximbque-
2551 2092 2914 2148 convinceret.
2969 2092 3155 2146 Omnia
3195 2109 3340 2162 ergo
3377 2094 3571 2146 munda

1977 2185 2218 2248 mundis,
2248 2184 2542 2240 secundum
2570 2196 2812 2240 naturam
2843 2187 2895 2240 in
2927 2201 3027 2254 qna
3058 2194 3234 2240 creata
3262 2196 3387 2239 sunt
3414 2202 3428 2238 :
3462 2199 3590 2241 ιιι-πη

1979 2276 2356 2329 ιιιιηρηέοηιιιίει
2385 2276 2677 2331 secundum
2706 2276 3147 2347 signiﬁcationem
3181 2276 3376 2331 munda
3399 2277 3570 2344 primo

1977 2369 2172 2436 populo
2221 2367 2572 2424 Judmorum:
2619 2384 2720 2425 nee
2773 2369 2924 2424 nobis
2971 2370 3184 2434 olunia,
3238 2371 3318 2422 vel
3353 2376 3584 2439 propter-

1975 2457 2199 2511 salutem
2227 2459 2498 2529 corporis,
2535 2460 2616 2514 vel
2650 2469 2865 2529 propter
2885 2459 3325 2513 consuetmlincm
3377 2461 3571 2513 huma-

1975 2565 2058 2603 na:
2086 2551 2388 2617 Societatis,
2435 2561 2556 2619 apta
2587 2560 2712 2608 sunt
2737 2569 2753 2617 ;
2782 2552 2874 2608 sed
2929 2569 3048 2605 cum
3080 2569 3176 2607 sua
3222 2552 3414 2622 cuique
3442 2551 3568 2607 red«

1973 2641 2172 2695 duntur
2195 2652 2248 2698 et
2273 2643 2567 2698 naturalem
2609 2645 2850 2700 ordinem
2879 2654 3094 2699 servant
3115 2686 3132 2712 ,
3181 2647 3350 2699 omnia
3374 2645 3584 2700 munda‘

1974 2742 2099 2788 sunt
2146 2735 2386 2799 mundis;
2432 2737 2706 2791 immundis
2731 2747 2898 2791 autem
2924 2747 2972 2791 et
3016 2736 3341 2806 inﬁdelibus,
3381 2737 3586 2806 quales

1975 2828 2240 2898 prmcipue
2271 2843 2366 2883 vos
2409 2829 2538 2885 estis
2559 2872 2575 2896 ,
2606 2830 2736 2884 nihil
2776 2839 2848 2885 est
2899 2830 3165 2883 mundum.
3224 2829 3427 2884 Caetera
3455 2829 3587 2898 janta

1973 2918 2135 2973 verba
2184 2920 2425 2989 Apostoli
2455 2937 2575 2992 qua:
2599 2934 2895 2992 sequuntur
2915 2962 2930 2987 ,
2963 2937 3063 2976 vos
3091 2922 3192 2992 ips:
3247 2923 3397 2977 vobis
3419 2922 3570 2978 saiuo

1975 3010 2143 3065 briter
2167 3011 2448 3079 diceretis,
2480 3015 2524 3068 si
2553 3015 2897 3069 cauteriatam
2921 3022 3153 3068 vestram
3187 3015 3592 3070 conscientiam‘

1975 3103 2170 3156 sanari.
2183 3104 2694 3176 velletis..Sequitur
2719 3106 2860 3162 enim
2892 3123 2904 3159 :
2938 3106 3044 3162 Sed
3092 3107 3287 3178 polluta
3313 3116 3430 3161 sunt
3475 3120 3588 3161 eo»

1976 3208 2086 3245 rum
2113 3202 2177 3248 αι
2190 3211 2330 3250 mens
2353 3205 2399 3250 et
2418 3197 2741 3251 conscientia.

291 3337 3564 3363 .—_—.__———_—.—_—_—__—_______________________________

687 3412 1167 3520 LIBER
1261 3415 2234 3530 TRIGESIMUS
2307 3424 3136 3535 SECUNDUS;

349 3658 582 3716 CAPUT
620 3657 906 3715 PRIMUM.
951 3688 1021 3700 —-
1047 3657 1308 3713 Futsrus
1340 3659 1517 3715 dixit“:
1573 3661 1630 3717 Si
1676 3664 1874 3734 accipis

288 3753 662 3822 Evangelium,
709 3749 929 3806 credere
969 3751 1146 3804 omnia
1195 3751 1396 3813 debes,
1450 3769 1569 3822 quae
1599 3753 1651 3807 in
1681 3755 1870 3810 eodem

287 3845 474 3914 scripta
496 3850 645 3898 sunt.
674 3841 809 3910 Quid
835 3842 977 3896 enim
1005 3851 1059 3895 tu
1080 3882 1095 3904 ,
1130 3842 1249 3910 quia
1273 3841 1658 3914 Vctus‘accipis
1688 3845 1875 3901 Testa-

287 3945 518 3991 mentum
544 3975 560 4000 ,
595 3934 862 3988 idcircone
912 3933 1088 3987 credis
1113 3935 1291 3986 omnia
1325 3935 1520 4002 passim
1552 3952 1670 4006 quze
1696 3937 1747 3992 in
1779 3953 1873 3991 eo-

285 4025 396 4079 dem
417 4025 620 4094 scripta
647 4023 814 4077 sunt?
855 4023 1058 4092 Nempe
1081 4023 1224 4078 solas
1250 4022 1482 4078 indidem
1522 4036 1874 4096 excerpentcs

289 4115 593 4184 prophetias
614 4129 733 4185 qua:
760 4129 936 4184 regem
957 4113 1156 4168 ludatis
1175 4123 1456 4169 venturum
1480 4117 1872 4187 signiﬁcabant,

289 4207 401 4276 quia
435 4207 614 4277 ipsum
663 4206 860 4275 putatis
907 4219 1027 4260 esse
1051 4204 1275 4271 Iesum;
1330 4218 1383 4260 et
1413 4222 1577 4277 pauca
1630 4210 1874 4279 quaedam

288 4299 580 4370 disciplina!
605 4298 1070 4369 oivilisprzeeepta
1098 4300 1438 4366 communia,
1492 4309 1550 4354 ut
1575 4310 1695 4366 est,
1755 4301 1877 4356 Non

287 4391 476 4444 occides
500 4429 518 4455 ,
567 4388 691 4443 Non
716 4389 1050 4443 machaberis
1069 4387 1262 4460 (Exod.
1293 4403 1382 4452 xx,
1414 4392 1500 4456 05,
1530 4391 1654 4462 vi):
1682 4405 1874 4450 ca‘tera

292 4480 733 4551 printer-mittitis,
779 4490 832 4535 et
877 4481 1356 4536 arbitramini-esse
1385 4499 1493 4537 non
1519 4484 1694 4538 minus
1716 4495 1877 4555 atque

286 4573 469 4628 eadem
500 4571 851 4644 qutePanlus
878 4571 1078 4642 putavit
1127 4583 1366 4627 stercora
1399 4571 1653 4645 (Philipp.
1684 4592 1759 4640 Ill,
1793 4577 1872 4645 8).

289 4665 577 4736 Quidergo
603 4665 938 4735 peregrinum
991 4665 1127 4729 hoc,
1156 4674 1248 4718 aut
1291 4666 1415 4734 quid
1446 4667 1638 4721 mirum
1686 4677 1800 4733 est,
1831 4669 1874 4722 si

290 4766 339 4809 et
356 4770 453 4826 ego
481 4756 552 4810 de
575 4753 1101 4810 TestamentoNovo
1114 4755 1396 4824 purissima
1425 4771 1650 4826 quaeque
1678 4757 1865 4829 legens

294 4857 348 4900 ct-
365 4865 500 4902 mea:
543 4848 703 4902 saluti
755 4848 1160 4913 convenientia,
1211 4863 1274 4903 ea
1303 4851 1653 4918 pnetermitto
1680 4867 1798 4920 qua:
1845 4867 1875 4905 a

297 4939 477 4994 vestris
508 4938 820 5008 majoribus.
854 4938 1064 4992 indn'cta
1114 4936 1404 5006 fallaciter,
1459 4950 1513 4995 et
1543 4941 1873 5012 majestatem

299 5031 460 5099 ipsius
480 5041 536 5087 et
561 5031 782 5100 gratiam
815 5029 1169 5085 damnarant?

361 5122 588 5177 CAPUT
629 5120 692 5175 ll.
723 5152 793 5161 —
823 5122 901 5176 An
957 5121 1000 5174 si
1057 5121 1227 5176 Patris
1276 5121 1673 5177 Testamentum
1721 5123 1896 5179 habet'

299 5213 458 5284 aliqua
506 5214 560 5267 in
589 5214 779 5283 quibus
809 5227 998 5282 parum
1025 5211 1218 5266 debeat
1264 5212 1431 5265 audiri
1484 5213 1694 5282 (Patris
1735 5214 1877 5269 enim

253 5303 256 5312 ’
301 5321 411 5360 esse
458 5307 623 5361 vultis
673 5303 948 5361 Iudaicam
981 5306 1188 5375 legem.
1238 5304 1390 5370 cujus
1435 5305 1677 5360 novimus
1720 5322 1878 5376 quam

304 5400 453 5452 multa
492 5398 647 5453 vobis
696 5399 1011 5462 horrorem,
1079 5413 1236 5466 quam
1283 5397 1447 5450 nutlta
1496 5397 1753 5466 pudorem
1800 5391 1880 5452 fa-

301 5489 464 5551 ciant,
510 5497 572 5542 ut
599 5497 853 5558 quantmn
886 5487 951 5541 ad
982 5487 1217 5540 animum
1245 5485 1558 5556 jamdudum
1589 5487 1686 5556 ipsi
1734 5489 1880 5557 judi-

301 5579 543 5634 caveritis
586 5593 705 5632 eam
764 5591 867 5631 non
899 5592 1019 5632 esse
1066 5577 1324 5631 sinceram
1350 5617 1365 5642 ,
1399 5578 1641 5646 quamvis
1693 5580 1882 5648 partim

307 5669 453 5726 Pater
480 5672 596 5740 ipse
617 5712 633 5735 ,
663 5679 722 5724 ut
749 5669 964 5725 creditis
983 5710 998 5736 ,
1026 5669 1189 5741 digito
1216 5685 1314 5724 suo
1339 5685 1454 5724 eam
1485 5670 1658 5734 vobis,
1690 5673 1881 5742 partim

305 5762 505 5835 Moyses
532 5764 835 5833 scripserit,
869 5762 1036 5816 ﬁdelis
1074 5771 1127 5817 et
1153 5760 1401 5836 integer).
1435 5762 1604 5818 solius
1633 5763 1754 5820 Filii
1782 5780 1882 5834 pu-

308 5860 426 5914 tatis
470 5859 869 5914 Testamentum
921 5873 1025 5912 non
1077 5857 1310 5928 potuisse
1355 5858 1659 5928 corrnnqi',
1706 5859 1877 5914 solum

1981 3684 2089 3725 non
2132 3669 2331 3726 habere
2377 3669 2578 3741 aliquid
2620 3670 2763 3742 quod
2794 3671 2846 3728 in
2888 3685 2950 3729 se
2996 3671 3192 3728 debeat
3239 3673 3567 3744 improbari?

1980 3763 2276 3831 prmsertim
2307 3763 2473 3832 quod
2497 3777 2596 3819 nec
2620 3763 2688 3818 ab
2729 3762 2846 3834 ipso
2884 3765 3142 3835 scriptum
3173 3773 3416 3832 constat,
3466 3764 3568 3822 nec

1979 3853 2046 3908 ab
2074 3853 2190 3922 ejus
2217 3852 2518 3922 Apostolis,
2547 3853 2640 3909 sed
2669 3853 2830 3925 longo
2856 3866 2977 3924 post
3003 3864 3263 3924 tempore,
3286 3871 3315 3911 a
3344 3856 3568 3926 quibus-

1978 3941 2100 3995 dam
2127 3943 2312 3997 incerti
2346 3942 2578 3998 nominis
2607 3943 2734 3998 viris
2752 3985 2767 4010 ,
2800 3945 2890 4014 qui
2914 3960 2983 4000 ne
3013 3945 3112 4000 sibi
3141 3961 3248 4001 non
3277 3945 3568 4001 haberetur

1980 4031 2112 4087 ﬁdes
2138 4073 2154 4098 ,
2187 4032 2543 4087 scribentibus
2563 4048 2682 4103 quae
2710 4035 3017 4101 nescirent,
3064 4035 3255 4106 partim
3285 4027 3592 4105 Apostolo;

1979 4140 2098 4178 rum
2127 4125 2341 4180 nomina
2368 4166 2383 4190 ,
2413 4126 2607 4195 partim
2653 4141 2842 4182 eorum
2867 4128 2958 4198 qui
2980 4128 3266 4198 Apostolos
3287 4127 3456 4184 secuti
3484 4130 3566 4184 vi-

1978 4217 2269 4281 derentur,
2303 4219 2621 4288 scriptorum
2665 4233 2883 4274 suorum
2932 4219 3196 4276 frontibus
3222 4219 3565 4288 indiderunt,

1979 4317 2351 4363 asseverantes
2370 4307 2663 4363 secundum
2694 4323 2788 4364 eos
2812 4325 2872 4364 se
2895 4310 3174 4380 scripsisse
3203 4326 3321 4381 qua:
3341 4311 3569 4380 scripse-

1981 4398 2106 4452 rint.
2137 4399 2256 4464 Quo
2283 4399 2450 4470 magis
2476 4399 2604 4453 mihi
2635 4398 2884 4455 videntur
2907 4401 3100 4470 iniuria
3147 4402 3293 4472 gravi
3323 4401 3568 4476 all'ecisse

1980 4488 2274 4558 discipulos
2297 4488 2497 4542 Christi
2531 4507 2544 4544 :
2576 4489 2698 4558 quia
2728 4505 2849 4559 qum
2899 4490 3111 4545 dissona
3137 4491 3296 4547 iidem
3327 4501 3382 4547 et
3410 4508 3569 4563 repu-

1979 4581 2192 4651 gnantia
2223 4579 2322 4634 sibi
2375 4580 2708 4645 scriberent,
2759 4595 2820 4634 ea
2851 4579 3114 4636 referrent
3165 4582 3230 4636 ad
3281 4582 3464 4652 ipsos,
3514 4591 3570 4637 ct

1979 4669 2270 4726 secundum
2310 4685 2404 4726 eos
2433 4670 2808 4728 haec-scribere
2834 4687 2894 4727 se
2918 4675 3298 4742 proﬁterentur
3319 4674 3569 4745 Evange-

1982 4761 2050 4814 lia
2072 4801 2088 4826 ,
2121 4777 2237 4830 qua:
2282 4762 2442 4816 tantis
2467 4761 2574 4816 sint
2605 4761 2798 4817 referta
2819 4763 3094 4818 erroribus
3115 4805 3130 4828 ,
3162 4766 3320 4819 tantis
3350 4773 3568 4821 contra-

1983 4853 2260 4926 rietatibus
2311 4853 2676 4908 narrationum
2729 4854 2887 4908 simul
2918 4869 2982 4909 ac
3027 4856 3450 4918 sententiarum,
3510 4864 3570 4909 ut

1982 4961 2083 4999 nec
2102 4944 2202 4998 sibi
2235 4958 2452 5014 prorsus
2474 4985 2490 5011 ,
2525 4960 2623 4999 nec
2651 4945 2790 5000 inter
2816 4961 2874 4999 se
2900 4945 3011 5015 ipsa
3040 4946 3377 5000 conveniant.
3427 4945 3566 5013 Quid

1982 5051 2111 5104 ergo
2137 5036 2279 5091 aliud
2311 5046 2427 5103 est,
2480 5053 2636 5105 quam
2686 5037 3002 5093 calumniari
3029 5037 3238 5102 bonos,
3286 5045 3341 5091 et
3365 5036 3566 5093 Christi

1983 5127 2365 5196 discipulorum
2414 5129 2734 5184 concordem
2765 5139 2962 5185 cretum
2995 5129 3046 5184 in
3077 5131 3279 5184 crimen
3306 5129 3570 5185 devocare

1983 5219 2308 5274 discordias?
2351 5219 2630 5290 Quaaquia
2661 5236 2757 5275 nos
2784 5221 3057 5291 legentes,
3097 5219 3571 5277 anin‘iadvertinius

1984 5310 2162 5366 cordis
2189 5311 2378 5364 obtutu
2428 5311 2748 5374 stmissimo,
2799 5311 3163 5381 mquissimum
3212 5311 3567 5381 indicavimus

1985 5403 2200 5458 utilibus
2229 5403 2463 5473 acceptis
2485 5419 2548 5457 ex
2582 5402 2796 5466 iisdem,
2851 5402 2902 5458 id
2949 5413 3060 5470 est,
3093 5403 3158 5458 iis
3187 5419 3306 5474 qua:
3331 5415 3386 5462 et
3411 5406 3570 5463 ﬁdem

1987 5504 2220 5549 nostram
2247 5494 2510 5549 aediﬁcent
2533 5535 2550 5560 ,
2592 5504 2644 5548 et
2675 5494 2868 5548 Christi
2903 5495 3121 5551 Domini
3141 5506 3299 5568 atque
3325 5499 3441 5569 cjus
3469 5500 3571 5554 Pa-

1987 5586 2082 5639 tris
2101 5585 2477 5655 omnipotentis
2505 5585 2597 5639 Dei
2632 5595 2924 5655 propagent
2950 5587 3172 5657 gloriam
3197 5632 3214 5657 ,
3261 5601 3453 5647 ca‘tera
3480 5607 3568 5648 rc-

1989 5679 2244 5750 pudiare,
2289 5695 2408 5750 qua:
2436 5693 2535 5735 nec
2563 5678 2799 5749 ipsorum
2830 5681 3127 5751 majestati,
3173 5699 3271 5740 nec
3302 5683 3420 5739 ﬁdei
3471 5691 3601 5738 uo-‘

1988 5778 2112 5825 strae
2138 5771 2476 5823 conveniant.

2058 5858 2282 5917 CAPUT
2309 5859 2396 5914 lli.
2409 5889 2477 5900 -—
2495 5858 2724 5917 Proinde
2744 5876 2846 5919 nec
2868 5877 2984 5930 vos,
3005 5872 3058 5919 ut
3081 5863 3260 5922 dicere
3279 5879 3569 5938 coeperam,
3597 5877 3600 5882 '
