4028 6502
437 407 543 466 ιθο

436 524 505 578 de
528 523 868 580 Testamento
894 525 1089 580 Vetere
1120 524 1574 579 circumeisionem
1612 522 1828 576 creditis
1865 520 2007 573 acci—

434 615 682 681 piendam
722 615 1042 681 carnaliter,
1083 614 1325 685 quamvis
1363 613 1432 666 ita
1470 613 1538 666 sit
1566 613 1817 681 scriptum
1845 609 2011 684 (Gen.

438 723 558 773 xvu,
595 708 782 778 9-H);
831 724 1005 779 neque
1041 708 1140 761 sub
1181 707 1290 760 otio
1329 720 1392 759 ac
1419 706 1694 759 vacatione
1732 702 2011 759 colendum

430 802 731 868 sabbatum,
759 803 1000 871 quamvis
1030 802 1097 855 ita
1129 800 1330 869 legatur
1359 796 1553 870 (Exod.
1587 813 1729 857 xxxi,
1754 797 1880 866 13);
1920 794 2015 849 sed

432 910 534 950 nec
571 894 881 957 sacrificiis,
928 903 984 946 ut
1026 891 1193 962 Moysi
1222 890 1446 953 videtur,
1481 898 1536 943 et
1564 886 2016 943 immolationibus

431 986 747 1057 placandum
783 987 947 1041 Deum
971 985 1153 1053 (Leuit.
1177 982 1219 1054 ι)
1238 1001 1251 1037 :
1270 983 1364 1039 sed
1390 982 1504 1036 haec
1531 980 1745 1051 quidem
1768 988 1825 1032 ut
1843 978 2014 1033 aliena

434 1093 652 1146 prorsus
678 1087 733 1132 et
760 1078 941 1146 procul
970 1091 1000 1131 a
1031 1078 1133 1132 ritu
1160 1076 1450 1131 christiano
1469 1074 1661 1145 posita,
1689 1087 1752 1127 ac
1778 1072 1920 1125 nulla
1949 1086 2014 1125 ex

434 1181 585 1239 parte
633 1169 922 1239 probabilia
960 1170 1375 1240 contempsistis.
1424 1166 1641 1235 Qzedam
1670 1179 1798 1219 vero
1826 1178 2013 1217 eorum

431 1261 592 1313 etiam
613 1259 865 1314 divisistis
886 1260 937 1313 in
954 1260 1080 1326 duo,
1100 1271 1154 1315 et
1174 1261 1363 1330 partim
1384 1259 1594 1329 quidem
1613 1255 2011 1325 amplectimini,

432 1350 623 1419 partim
652 1364 778 1405 vero
801 1351 1050 1420 respuitis
1080 1369 1092 1403 :
1126 1360 1184 1404 ut
1210 1350 1409 1404 Pascha
1435 1390 1449 1413 ,
1486 1348 1626 1419 quod
1657 1356 1738 1402 est
1762 1357 1816 1399 et
1841 1346 2014 1414 ipsum

431 1440 475 1493 Τ
479 1439 760 1495 estamenti
791 1439 995 1495 Veteris
1033 1439 1365 1494 anniversale
1390 1454 1597 1493 sacrum
1618 1480 1633 1502 ,
1660 1436 1813 1505 cujus
1840 1435 1892 1488 in
1921 1448 2013 1489 ce—

434 1531 730 1586 lebratione
758 1548 879 1587 eum
907 1532 976 1586 sit
1003 1532 1258 1601 scriptum
1289 1531 1469 1595 vobis,
1493 1546 1595 1583 non
1621 1528 1792 1582 solum
1820 1540 2013 1596 agnum

427 1634 666 1678 mactare
691 1624 951 1679 edendum
979 1625 1077 1677 sub
1098 1635 1272 1689 nocte,
1295 1622 1387 1677 sed
1418 1622 1576 1676 etiam
1601 1620 1790 1675 diebus
1809 1625 2013 1686 septem

428 1715 699 1769 abstinere
727 1714 1007 1781 fermento,
1030 1724 1084 1769 et
1106 1729 1230 1768 esse
1258 1721 1537 1768 contentos
1569 1723 1757 1781 azymo
1784 1723 1901 1761 cum
1932 1705 2013 1775 pi-

433 1806 616 1861 cridiis
660 1806 867 1877 (Exod.
902 1809 1041 1876 xu);
1092 1822 1186 1861 vos
1231 1806 1429 1861 Pascha
1475 1802 1685 1873 quidem
1724 1798 2013 1863 assumitis,

434 1898 835 1965 praetermittitis
864 1914 991 1952 vero
1022 1898 1178 1952 ritum
1209 1898 1351 1951 illum
1391 1912 1453 1949 ac
1494 1909 1729 1956 morem,
1758 1908 1863 1962 quo
1888 1905 2014 1945 cau-

434 2002 545 2042 tum
585 1998 669 2044 est
712 1989 848 2042 idem
890 1989 1085 2041 debere
1129 1988 1347 2041 servari.
1398 1986 1526 2040 ltem
1569 1995 1772 2053 septem
1811 1983 2015 2035 dierum

436 2081 814 2145 hebdomadas,
841 2081 889 2134 id
918 2092 1017 2143 est,
1045 2081 1413 2145 Pentecostcn,
1447 2094 1600 2149 quam
1627 2075 1848 2149 perinde
1872 2074 2017 2143 Moy-

432 2190 517 2227 ses
546 2184 693 2227 certo
722 2175 949 2243 quodam
989 2174 1366 2229 sacrificiorum
1407 2185 1460 2227 et
1493 2187 1686 2242 genere
1710 2178 1767 2225 et
1794 2183 2018 2223 numero

435 2266 772 2321 imbuendam
819 2277 1003 2321 censet
1044 2267 1241 2338 (Leuit.
1276 2284 1398 2321 χχιιι
1424 2270 1463 2335 ),
1493 2282 1586 2319 vos
1630 2283 1778 2335 a-que
1818 2260 2012 2325 colitis;

433 2359 524 2410 sed
570 2358 815 2412 damnata
844 2368 1005 2427 parte
1046 2359 1179 2427 ejus,
1216 2359 1265 2412 id
1305 2368 1406 2423 est,
1447 2360 1768 2416 liuttionihus
1800 2364 1927 2433 ipsis
1965 2374 2017 2419 cl

434 2450 727 2510 sacrificiis,
769 2450 889 2519 quia
934 2450 1047 2503 hsce
1094 2466 1212 2503 cum
1255 2449 1541 2504 christiana
1590 2450 1694 2506 fide
1736 2469 1839 2507 non
1890 2471 2017 2510 con-

430 2550 643 2607 gruunt.
690 2541 766 2596 De
805 2541 1054 2594 mandato
1081 2558 1206 2594 vero
1230 2542 1530 2597 abstinendi
1556 2558 1585 2596 a
1614 2544 1747 2599 cibis
1774 2561 2017 2602 commu-

434 2632 588 2686 nibus
615 2634 782 2687 visum
817 2634 965 2687 vobis
984 2644 1061 2688 est
1091 2644 1144 2687 et
1170 2633 1513 2688 vehementer
1536 2635 1796 2690 creditum
1817 2679 1830 2700 ,
1874 2652 2017 2691 mor-

433 2725 590 2779 ticina
634 2725 846 2794 quidem
874 2735 927 2778 et
953 2725 1220 2779 immolata
1252 2739 1372 2779 esse
1402 2742 1530 2780 sane
1572 2725 1839 2782 immunda
1868 2729 2013 2799 (Act.

431 2831 520 2877 xv,
547 2814 653 2881 9.9)
687 2833 701 2865 :
732 2815 799 2869 de
827 2816 1038 2883 porcina
1066 2830 1192 2869 vero
1217 2815 1354 2869 idem
1376 2816 1595 2870 credere
1625 2818 1886 2884 noluistis,
1918 2835 2017 2874 nec

432 2905 500 2959 de
526 2905 707 2973 lepore
735 2916 826 2958 aut
850 2905 1120 2959 hcrinacio
1140 2945 1153 2965 ,
1186 2920 1357 2972 neque
1385 2905 1450 2959 de
1481 2907 1655 2959 mullis
1683 2915 1738 2961 et
1765 2908 2016 2977 lolligini-

432 2995 552 3058 bus,
572 2996 885 3064 caeterisque
904 3011 1021 3063 qua:
1038 2995 1186 3049 vobis
1211 3010 1434 3065 sapuere
1455 2996 1737 3064 generibus
1757 2998 1977 3067 piscium
1998 3015 2013 3062 ;

431 3087 675 3153 quamvis
700 3087 887 3141 eadem
919 3086 1127 3157 Moyses
1153 3086 1326 3139 omnia
1356 3086 1624 3141 immunda
1647 3103 1765 3142 esse
1793 3098 2015 3144 testetur

432 3177 613 3245 (Leuit.
650 3178 747 3245 xi).

502 3267 729 3323 tIAPUT
771 3268 856 3322 lV.
883 3297 954 3308 ——
986 3268 1071 3321 Illa
1098 3282 1226 3321 vero
1246 3269 1355 3335 jam
1386 3284 1453 3322 ne
1479 3268 1661 3322 audire
1686 3267 1897 3337 quidem
1921 3285 2015 3324 vos

430 3360 567 3415 velle
591 3360 751 3414 credo
782 3375 847 3413 ex
877 3358 1218 3413 Testamento
1244 3357 1458 3424 Vetere,
1485 3358 1677 3414 nedum
1709 3359 2012 3426 admittere,

429 3449 480 3503 id
512 3458 614 3513 est,
648 3463 863 3505 soceros
883 3449 1117 3504 dormire
1136 3465 1256 3503 cum
1279 3450 1516 3512 nuribus,
1550 3460 1795 3520 tanquam
1819 3450 2012 3513 Judas;

430 3550 607 3609 patres
635 3556 753 3594 cum
783 3541 1020 3603 filiabus,
1055 3550 1300 3609 tanquam
1347 3540 1514 3603 Loth;
1560 3540 1856 3610 Prophetas
1892 3558 2013 3596 cum

428 3630 883 3694 Ibrnicatricihus,
918 3640 1165 3699 tanquam
1194 3630 1329 3686 Osee
1355 3649 1366 3684 :
1392 3632 1612 3686 maritos
1642 3647 1865 3687 uxorum
1894 3648 2015 3686 sua-

427 3739 543 3777 rum
573 3733 755 3778 noetcs
788 3722 1113 3777 amatoribus
1140 3723 1401 3788 vendere,
1434 3734 1680 3792 tanquam
1708 3724 2009 3789 Abraham;

430 3812 636 3868 duabus
664 3815 929 3883 germanis
972 3814 1245 3869 sororibus
1276 3830 1439 3868 unum
1479 3814 1689 3869 misceri
1727 3816 1970 3869 maritmn
1994 3859 2009 3883 ,

430 3915 679 3974 tanquam
701 3905 893 3969 .lacob;
924 3913 1160 3961 rectores
1190 3906 1398 3976 populi.
1425 3915 1479 3960 et
1508 3922 1640 3974 quos
1663 3909 1891 3961 maxime
1919 3924 2013 3961 en—

428 3995 581 4050 theos
610 3995 797 4049 credas
818 4036 833 4057 ,
861 3996 1090 4051 millenis
1119 4004 1173 4050 et
1196 3996 1436 4051 centenis
1465 3995 1684 4050 volutari
1718 4012 1836 4049 cum
1869 4012 2014 4050 scor-

433 4087 533 4153 tis,
573 4098 819 4155 tanquam
855 4088 1016 4140 David
1045 4096 1100 4141 et.
1140 4087 1421 4152 Salomon;
1449 4088 1696 4142 autillud
1723 4089 1845 4143 item
1870 4091 2011 4159 quod

434 4177 550 4245 lege
576 4177 756 4230 uxoria
783 4187 992 4230 cautum
1025 4177 1075 4229 in
1108 4175 1524 4231 Deuteronomio
1547 4186 1648 4241 est,
1671 4178 1866 4233 debere
1884 4195 2014 4233 uxo-

428 4284 541 4333 rem
570 4267 801 4322 defuncti
832 4267 1026 4332 fratris,
1050 4268 1092 4321 si
1123 4266 1261 4323 idem
1293 4269 1409 4322 sine
1436 4267 1557 4321 filiis
1580 4269 1791 4337 obierit,
1821 4286 2005 4338 super-

429 4360 538 4414 stiti
568 4358 716 4414 fratri
747 4359 946 4414 nubere
970 4399 985 4423 ,
1020 4370 1075 4413 et
1113 4358 1359 4413 etnndem
1385 4358 1624 4413 sobolem
1650 4375 1716 4414 ex
1745 4360 1929 4414 eadem
1959 4362 2009 4416 in

430 4450 607 4503 locum
644 4450 901 4503 suscitare
944 4448 1121 4503 fratris
1151 4466 1164 4502 :
1193 4448 1333 4518 quod
1362 4448 1537 4502 facere
1564 4449 1609 4502 si
1636 4449 1866 4504 noluerit
1892 4452 1970 4504 vir
1993 4492 2007 4516 ,

425 4540 621 4594 debere
664 4539 1025 4594 mulierculam
1059 4539 1198 4609 apud
1234 4539 1461 4611 majores
1496 4550 1621 4594 natu
1650 4540 1917 4610 deponere
1946 4541 2012 4596 de

427 4629 528 4685 hac
559 4616 829 4697 impietate
853 4630 1061 4701 cognati
1089 4630 1169 4684 sui
1200 4630 1469 4700 querelam
1489 4671 1505 4697 ,
1536 4640 1593 4685 ut
1631 4632 1789 4686 iidem
1832 4648 2009 4687 accer-

424 4726 584 4778 situm
610 4740 731 4779 eum
758 4723 998 4779 censoria
1021 4723 1276 4793 gravitate
1292 4732 1601 4788 coerceant;
1630 4724 1717 4792 qui
1746 4725 1788 4776 si
1823 4739 2012 4793 perne-

423 4817 661 4886 gaverit,
690 4817 826 4886 apud
864 4831 957 4871 eos
992 4831 1098 4870 non
1129 4815 1265 4869 ferat
1290 4815 1523 4885 impune,
1554 4814 1645 4869 sed
1679 4816 2011 4869 excalceatus

426 4910 604 4963 dextri
632 4910 780 4978 pedis
807 4909 1187 4975 calceamento,
1210 4924 1241 4962 a
1264 4909 1512 4978 praedicta
1538 4909 1759 4964 muliere
1776 4909 2009 4963 czcdatur

426 5002 478 5054 in
512 5000 699 5055 faciem
724 5042 737 5064 ,
775 5010 827 5054 et
852 5012 1146 5071 consputus
1172 5016 1234 5055 ac
1260 5000 1569 5055 maledictus
1594 5002 1826 5068 recedat,
1857 5002 2007 5056 habi-

426 5100 577 5146 turus
622 5092 724 5146 hoc
762 5091 1105 5162 opprobrium
1126 5090 1515 5159 sempiternum
1548 5092 1601 5145 in
1629 5093 1879 5161 progenie
1914 5108 2005 5145 sua

426 5184 449 5254 (
472 5181 623 5237 Deut.
651 5199 785 5251 xxv,
809 5183 939 5238 5-10
960 5182 998 5252 ).
1050 5182 1174 5237 llzec
1199 5183 1359 5253 igitur
1385 5192 1545 5252 atque
1574 5185 1674 5239 alia
1708 5185 2007 5253 hujusmodi

425 5282 551 5327 sunt
576 5272 902 5327 Testameuti
929 5272 1132 5327 Veteris
1174 5282 1227 5326 et
1270 5272 1521 5342 exempla
1550 5282 1604 5327 et
1626 5271 1743 5343 jura
1777 5292 1788 5326 :
1818 5290 1935 5343 quae
1962 5274 2005 5328 si

423 5367 563 5421 bona
590 5375 733 5429 sunt,
766 5382 862 5420 cur
891 5382 994 5421 non
1023 5364 1337 5420 imitamini?
1374 5364 1419 5419 si
1448 5365 1585 5420 mala
1606 5406 1621 5428 ,
1650 5380 1746 5419 cur
1776 5382 1880 5420 non
1909 5366 2005 5418 da-

425 5457 621 5512 mnatis
645 5467 939 5525 auctorem,
969 5456 1021 5512 id
1051 5466 1154 5522 est,
1176 5456 1575 5511 Testamentum
1603 5458 1774 5526 ipsum
1806 5457 2008 5511 Vetus?

430 5552 535 5604 Aut
562 5548 608 5603 si
632 5548 761 5605 falsa
789 5550 901 5604 lure
922 5548 993 5615 ei,
1023 5559 1270 5619 tanquam
1300 5562 1397 5603 nos
1434 5548 1502 5604 de
1522 5547 1670 5603 Novo
1698 5547 1967 5602 credimus
1989 5589 2001 5613 ,

425 5643 586 5697 etiam
617 5658 710 5696 vos
742 5641 935 5710 putatis
958 5642 1173 5705 inserta,
1209 5655 1363 5710 pares
1387 5655 1514 5711 ergo
1542 5655 1745 5695 sumus.
1772 5641 2006 5695 Desinite

425 5732 528 5789 iam
573 5734 791 5801 proinde
818 5731 865 5786 id
897 5748 924 5784 a
954 5732 1105 5786 nobis
1130 5733 1340 5802 exigere
1373 5733 1422 5785 in
1453 5732 1791 5788 Testamento
1819 5732 1962 5788 Novo
1986 5774 1999 5799 ,

423 5831 561 5895 quod
592 5843 682 5877 vos
708 5842 809 5879 non
836 5823 1060 5878 servatis
1089 5826 1139 5876 in
1173 5824 1380 5878 Vetere.

1265 410 1531 465 CONTRA
1574 405 1894 467 FAUSTUM
1934 402 2382 466 ΜᾹΝΙΩΙΙᾹΞΠΜ.
2422 407 2479 463 S.
2521 407 2883 465 AUCUSTINI

3605 412 3714 465 500

2190 520 2412 577 CAPUT
2453 522 2516 576 V.
2567 553 2638 563 —
2681 524 2937 595 Equidem
2986 540 3086 595 ego
3137 534 3389 596 quantum
3431 525 3705 588 arbi'rur,

2120 620 2378 678 quatenus
2406 612 2457 666 id
2480 613 2587 682 jam
2630 630 2944 683 persuasum
2982 631 3101 671 esse
3132 617 3402 681 voluistis,
3438 625 3494 669 ut
3528 616 3598 669 sit
3636 633 3709 670 ex

2123 700 2231 755 Deo
2250 704 2408 757 etiam
2430 703 2828 760 Testamentum
2849 706 3030 774 Vetus,
3048 708 3379 762 commodius
3400 710 3527 762 satis
3546 719 3714 778 atque

2120 793 2421 847 excusatius
2448 795 2597 849 vobis
2625 808 2741 863 est,
2780 814 2883 850 non
2911 799 3247 853 servantibus
3274 798 3390 868 ejus
3415 799 3663 852 mandata
3692 841 3709 862 ,

2121 882 2166 936 si
2193 882 2459 940 fateamini
2503 887 2804 957 incongruis
2848 904 2968 944 esse
3009 890 3398 959 adjectionibus
3426 892 3706 954 vitiatum,

2120 990 2275 1043 quam
2319 976 2361 1030 si
2404 978 2711 1031 inviolatum
2744 980 2881 1034 idem
2913 982 3177 1046 Spernatis
3219 990 3273 1035 et
3315 982 3708 1050 incorruptum.

2121 1067 2349 1122 Proinde
2372 1069 2507 1125 hanc
2531 1071 2597 1125 de
2621 1072 2769 1125 vobis
2791 1088 2890 1143 ego
2919 1075 3234 1128 sententiam
3266 1074 3425 1128 habui
3452 1090 3669 1143 semper
3692 1114 3710 1140 ,

2119 1169 2173 1214 et
2212 1159 2396 1223 habeo,
2430 1163 2637 1229 quoties
2661 1165 2915 1232 quaeritur
2935 1180 3031 1219 cur
3058 1166 3477 1234 prtevaricemini
3510 1166 3709 1219 Testa-

2119 1252 2282 1304 meuti
2314 1251 2519 1305 Veteris
2548 1253 2693 1322 jussa
2714 1295 2730 1319 ,
2771 1255 2911 1323 quod
2942 1255 3057 1324 ejus
3080 1266 3170 1309 aut
3199 1267 3254 1309 ut
3284 1258 3551 1325 sapientes
3575 1270 3714 1310 con-

2121 1340 2353 1395 temnitis
2380 1341 2526 1406 falsa,
2557 1353 2649 1397 aut
2672 1353 2729 1397 ut
2748 1354 3090 1401 contumaces
3110 1356 3163 1401 et
3184 1347 3414 1401 iudevoti
3442 1348 3711 1416 negligitis

2119 1447 2263 1486 vera.
2308 1433 2523 1488 Interim
2559 1435 2677 1503 quia
2712 1450 2796 1488 me
2828 1436 2893 1489 ad
2919 1437 3184 1492 credenda
3215 1440 3393 1491 omnia
3422 1455 3540 1508 quze
3570 1439 3708 1492 Novi

2119 1518 2441 1577 Testamenti
2478 1528 2833 1581 monumentis
2862 1527 3058 1582 inserta
3085 1540 3231 1596 sunt,
3262 1531 3429 1600 cogis,
3457 1532 3499 1584 si
3530 1532 3708 1600 ipsum

2119 1614 2404 1683 accipiam;
2437 1618 2575 1671 scias
2595 1626 2650 1671 et
2672 1626 2743 1683 te,
2767 1629 3021 1688 quantum
3047 1622 3111 1674 ad
3133 1624 3392 1689 animum,
3412 1624 3571 1677 multa
3597 1639 3710 1678 non

2120 1705 2359 1769 credere,
2406 1722 2524 1773 qua:
2568 1708 2617 1760 in
2670 1708 2855 1763 Vetere
2893 1712 2998 1764 sint
3040 1711 3412 1775 Testamento,
3459 1716 3711 1782 quamvis

2121 1796 2293 1863 ipsum
2326 1805 2374 1849 te
2403 1795 2699 1865 profitearis
2736 1802 2995 1867 accipere.
3034 1802 3215 1872 Neque
3248 1805 3388 1857 enim
3416 1816 3467 1858 et
3494 1806 3620 1859 illud
3650 1805 3711 1860 in

2120 1888 2377 1941 confessis
2406 1902 2471 1940 ex
2499 1887 2687 1942 eodem
2713 1889 2875 1943 habes
2904 1899 2955 1943 el
2979 1893 3318 1947 credihilibus
3343 1934 3356 1954 ,
3387 1910 3506 1948 esse
3540 1896 3715 1949 male-

2120 1980 2544 2035 dictumomnem
2571 1983 2661 2052 qui
2696 1983 3231 2054 pependeritinligno
3255 1986 3429 2059 (Deut.
3449 2003 3555 2053 XXI,
3584 1988 3709 2056 23);

2120 2072 2241 2141 quia
2269 2073 2319 2127 id
2343 2075 2522 2142 utique
2542 2076 2797 2143 pertineat
2824 2086 2876 2130 et
2905 2077 2970 2130 ad
2998 2077 3177 2132 Jesum
3205 2098 3218 2133 :
3241 2088 3330 2133 aut
3350 2095 3470 2133 eum
3492 2096 3715 2149 quoque

2122 2166 2173 2218 iu
2207 2167 2500 2223 maledictis
2528 2167 2751 2233 haberi,
2799 2173 2887 2240 qui
2931 2188 3033 2224 non
3077 2174 3410 2226 suscitaverit
3437 2190 3619 2247 semen
3654 2175 3713 2228 in

2124 2258 2316 2324 Israel;
2345 2261 2466 2327 quia
2500 2261 2549 2314 id
2573 2262 2803 2331 virgines
2823 2278 3031 2332 quoque
3053 2279 3241 2319 omnes
3261 2264 3709 2333 comprehendat,

2120 2360 2173 2402 et
2204 2365 2398 2418 pueros
2439 2351 2530 2405 Dei
2564 2367 2579 2404 :
2609 2362 2693 2404 aut
2725 2351 2962 2405 funditus
2994 2352 3325 2407 interiturum
3368 2369 3487 2408 eum
3518 2356 3585 2408 de
3610 2370 3714 2423 ge-

2123 2456 2248 2494 nere
2278 2456 2391 2503 suo,
2424 2442 2510 2509 qui
2543 2456 2643 2495 ιιοιι
2674 2443 2831 2496 fuerit
2851 2460 3064 2497 carnem
3093 2445 3335 2514 prmputii
3361 2448 3715 2502 circumcisus

2123 2528 2275 2599 (Gen.
2304 2547 2359 2584 xx
2378 2548 2434 2594 n,
2464 2534 2587 2596 14);
2618 2534 2737 2602 quia
2768 2533 2866 2587 hoc
2894 2551 3104 2604 quoque
3124 2536 3190 2588 ad
3209 2552 3421 2590 omnem
3446 2537 3719 2606 pertineat

2121 2621 2465 2675 christianum
2499 2641 2511 2676 :
2545 2637 2635 2677 aut
2676 2624 2933 2692 lapidibus
2976 2626 3419 2697 exstinguendum
3453 2645 3575 2682 eunt
3618 2630 3716 2698 qui

2121 2713 2338 2766 Solverit
2380 2714 2656 2767 sabbatum
2685 2713 2884 2785 (Num.
2920 2733 3005 2780 xv,
3032 2714 3135 2789 35)
3165 2736 3179 2771 :
3212 2726 3306 2772 aut
3344 2736 3448 2772 nun
3486 2734 3717 2788 parcen-

2122 2800 2244 2854 dum
2274 2802 2320 2855 ei
2349 2803 2437 2871 qui
2471 2820 2629 2857 untnn
2656 2805 2927 2874 quodlibet
2964 2806 3293 2862 Tcstamenti
3322 2809 3524 2863 Veteris
3550 2826 3713 2864 man-

2121 2893 2301 2946 datum
2344 2896 2565 2963 ruperit.
2613 2896 2741 2962 Quze
2770 2898 2946 2951 omnia
2981 2899 3025 2951 si
3058 2906 3111 2951 tu
3142 2900 3360 2965 credas,
3391 2899 3718 2969 firmumque

2125 2986 2323 3039 habeas
2346 2988 2467 3055 quia
2494 2988 2597 3041 sint
2629 2988 2816 3042 eadem
2844 3005 2872 3041 a
2900 2990 3007 3044 Deo
3037 2990 3280 3045 mandata
3308 3034 3323 3058 ,
3351 2993 3477 3045 mihi
3504 2993 3672 3047 crede
3693 3035 3711 3057 ,

2124 3091 2313 3129 manus
2335 3078 2480 3145 prior
2510 3078 2779 3147 injecisses
2804 3080 2855 3133 in
2882 3080 3149 3135 Christum
3174 3100 3186 3144 ;
3222 3099 3320 3137 nec
3346 3101 3484 3138 nunc
3511 3088 3715 3141 irasce-

2123 3169 2256 3221 reris
2284 3169 2485 3223 Judzeis
2512 3212 2524 3233 ,
2563 3172 2649 3239 qui
2692 3172 2830 3226 lnmc
2879 3175 3079 3230 animis
3098 3190 3160 3230 ac
3186 3176 3382 3230 viribus
3416 3182 3713 3246 persecuti,

2122 3258 2211 3313 Dei
2239 3261 2316 3312 sui
2347 3260 2589 3314 mandata
2619 3263 2955 3331 complerint.

2192 3350 2420 3406 CAPUT
2449 3352 2534 3406 Vl.
2558 3384 2623 3393 ——
2651 3354 2908 3423 Equidem
2940 3357 3077 3411 haud
3107 3359 3292 3427 ignoro
3319 3361 3444 3428 quin
3474 3376 3569 3415 vos
3592 3361 3715 3416 hme

2120 3456 2222 3493 non
2270 3443 2508 3497 atnlealis
2546 3444 2723 3499 dicere
2762 3447 2909 3506 falsa.
2944 3448 3036 3501 sed
3078 3452 3200 3518 quia
3241 3452 3346 3504 sint
3385 3452 3570 3506 cadent
3610 3470 3714 3523 pro

2120 3541 2356 3600 tcmpore
2400 3542 2525 3587 tunc
2569 3536 2813 3588 mandata
2862 3537 3060 3591 Judaeis
3106 3554 3271 3608 usque
3312 3541 3375 3593 ad
3419 3543 3712 3599 adventum

2118 3624 2320 3679 scilicet
2339 3624 2463 3680 Jesu
2489 3643 2506 3679 :
2536 3627 2623 3695 qui
2653 3629 2903 3697 quoniam
2924 3632 3129 3685 venerit
3150 3632 3218 3687 ab
3240 3634 3424 3687 eodem
3454 3651 3713 3703 praenun-

2120 3719 2297 3779 tiatus,
2325 3729 2381 3770 ut
2409 3718 2583 3781 vultis,
2618 3718 2808 3773 Vetere
2834 3720 3196 3788 Testamento,
3222 3725 3334 3793 ipse
3354 3727 3462 3793 jam
3488 3727 3713 3795 doceat,

2117 3807 2240 3874 quid
2268 3809 2631 3879 accipiendum
2670 3810 2820 3863 nohis
2846 3827 2911 3865 ex
2939 3812 3128 3866 eodem
3158 3817 3265 3878 sit,
3294 3822 3350 3867 et
3377 3815 3501 3883 quid
3536 3817 3713 3870 relin-

2117 3899 2407 3966 quendum.
2458 3900 2563 3954 Sed
2602 3917 2667 3954 an
2712 3902 2985 3970 prephctre
3010 3903 3192 3958 Jesnm
3222 3908 3625 3975 prtesagiverint
3654 3913 3671 3941 ¹
3692 3954 3710 3973 ,

2120 4001 2298 4058 postea
2322 3992 2620 4047 videbimus
2650 4011 2663 4047 :
2694 3994 2906 4048 interim
2937 3995 3001 4049 ad
3036 3995 3150 4050 haec
3189 4013 3274 4051 me
3318 4014 3455 4052 llllllc
3478 4015 3713 4068 respon-

2117 4081 2247 4135 dere
2281 4092 2512 4151 oportet,
2540 4084 2661 4152 quia
2699 4085 2743 4137 si
2787 4077 2941 4139 Jesus
2982 4101 3076 4154 per
3108 4087 3507 4142 Testamentum
3542 4089 3714 4145 Vetus

2116 4175 2492 4240 annuntiatns,
2542 4190 2682 4229 nunc
2736 4175 2991 4243 dijudicat
3035 4186 3089 4232 et
3131 4180 3466 4248 carminat',
3518 4181 3713 4237 docet-

2117 4279 2219 4331 que
2271 4280 2431 4332 pauca
2479 4266 2594 4331 ejus
2641 4267 2945 4334 accipienda
2991 4283 3146 4333 esse,
3199 4271 3523 4338 repudianda
3570 4288 3712 4329 vero

2118 4356 2538 4424 quamplurima;
2587 4366 2643 4412 et
2683 4358 2836 4412 nobis
2878 4359 3180 4415 Paracletus
3220 4377 3291 4416 ex
3330 4362 3477 4417 Novo
3514 4364 3711 4420 Testa-

2119 4457 2295 4501 mento
2322 4448 2612 4514 promissus
2635 4450 2850 4517 perinde
2880 4450 3071 4517 docet,
3100 4453 3225 4523 quid
3249 4456 3492 4525 accipere
3515 4472 3581 4511 ex
3608 4474 3712 4514 eo-

2115 4537 2235 4593 dem
2276 4538 2585 4603 debeamus,
2634 4551 2687 4593 ct
2720 4541 2844 4610 quid
2886 4544 3199 4612 repudiare;
3232 4546 3300 4601 de
3323 4563 3428 4617 quo
3454 4549 3591 4603 ultro
3614 4550 3715 4605 Je-

2115 4646 2204 4683 sus
2224 4671 2238 4694 ,
2270 4646 2389 4684 eum
2421 4647 2542 4686 eum
2582 4633 2943 4700 promitteret,
2975 4634 3103 4688 dicit
3142 4635 3193 4690 in
3232 4637 3550 4709 Evangelia,
3579 4639 3716 4711 Ipse

2117 4738 2200 4773 ros
2222 4722 2421 4776 inducet
2447 4723 2499 4775 in
2528 4740 2726 4777 omnem
2752 4726 3026 4790 veritatem,
3055 4736 3104 4781 et
3128 4728 3237 4797 ipse
3261 4730 3397 4784 vobis
3423 4736 3678 4786 annumin
3694 4766 3712 4777 ο

2115 4813 2181 4867 bit
2207 4813 2395 4876 omnia,
2421 4822 2467 4866 et
2495 4816 2899 4868 conamemorabit
2936 4832 3023 4871 vos
3066 4817 3247 4888 (Joan.
3280 4837 3387 4883 xvt,
3422 4823 3532 4889 15).
3562 4824 3711 4891 Qua-

2116 4915 2331 4973 propter
2380 4906 2536 4960 liceat
2587 4907 2912 4962 tantumdem
2962 4912 3215 4966 et'nobis
3261 4914 3312 4967 in
3358 4914 3713 4971 Testamento

2113 4996 2262 5050 Novo
2295 5012 2388 5064 per
2414 4998 2762 5062 Paraeletum,
2789 5011 3043 5063 quantum
3073 5002 3222 5056 vobis
3250 5004 3301 5056 in
3326 5004 3516 5061 Vetere
3543 5008 3711 5063 licere

2114 5087 2393 5141 ostenditis
2440 5102 2536 5156 per
2574 5088 2748 5143 Jesutr
2822 5090 2924 5145 nisi
2956 5089 3096 5146 forte
3127 5093 3295 5161 pluris
3322 5096 3470 5151 vobis
3512 5098 3710 5153 Testa-

2116 5192 2351 5236 mentum
2371 5180 2581 5235 videtur
2602 5181 2717 5235 Filii
2768 5181 2856 5235 ille
2879 5194 3033 5249 quam
3057 5184 3249 5251 Patris,
3273 5188 3317 5240 si
3343 5189 3501 5243 modo
3530 5190 3710 5247 Patris

2114 5283 2217 5337 est,
2246 5283 2303 5327 ut
2330 5288 2449 5326 cum
2481 5288 2549 5326 ex
2577 5272 2669 5325 illo
2697 5276 3054 5340 reprobentur
3078 5284 3184 5330 tam
3208 5282 3369 5333 multa
3391 5321 3404 5343 ,
3436 5280 3591 5349 hujus
3616 5299 3713 5337 so-

2114 5365 2218 5419 lius
2253 5364 2382 5419 nihil
2411 5378 2516 5417 non
2544 5362 2736 5417 debeat
2758 5366 3071 5432 approbari;
3102 5371 3397 5435 przesertim
3428 5373 3569 5440 quod
3602 5391 3713 5429 nec

2111 5472 2142 5511 a
2172 5456 2385 5513 Christo
2408 5455 2666 5526 scriptum
2694 5465 2903 5510 constat
2927 5497 2942 5522 ,
2985 5466 3042 5511 ut
3079 5457 3331 5527 diximus,
3364 5478 3462 5517 nec
3490 5465 3559 5517 ab
3588 5467 3714 5534 ejus

2114 5546 2402 5618 Apostolis.

2184 5636 2417 5693 CAPUT
2450 5635 2559 5691 Vll.
2587 5666 2656 5677 —
2681 5637 3015 5707 Quapropter
3037 5681 3052 5705 ,
3082 5650 3140 5695 ut
3162 5656 3258 5695 vos
3284 5658 3347 5697 ex
3376 5641 3568 5699 Vetere
3595 5644 3716 5701 Te-

2178 5773 2193 5801 ¹
2234 5778 2330 5819 Am.
2358 5776 2431 5818 Er.
2456 5778 2513 5835 et_
2532 5777 2656 5828 Mss,
2676 5771 3067 5835 prqesagnverint.

2178 5836 2196 5863 ²
2231 5844 2352 5893 Αιη.,
2374 5831 2612 5883 terminat.
2639 5831 2979 5893 Quidamvttssq
3004 5835 3300 5885 detersrtirtut.
