  <div class='ocr_page' id='page_1' title='image "/cluster/home/n/w/nwhite01/storage/ocr_20150623/42/hvd.32044015471493/256.png"; bbox 0 0 4052 6450; ppageno 0'>
   <div class='ocr_carea' id='block_1_1' title="bbox 255 385 352 439">
    <p class='ocr_par' dir='ltr' id='par_1_1' title="bbox 255 385 352 439">
     <span class='ocr_line' id='line_1_1' title="bbox 255 385 352 439; baseline -0.021 0"><span class='ocrx_word' id='word_1_1' title='bbox 255 385 352 439; x_wconf 72' lang='lat'><strong>50!</strong></span> 
     </span>
    </p>
   </div>
   <div class='ocr_carea' id='block_1_2' title="bbox 253 490 1840 562">
    <p class='ocr_par' dir='ltr' id='par_1_2' title="bbox 253 490 1840 562">
     <span class='ocr_line' id='line_1_2' title="bbox 253 490 1840 562; baseline -0.006 -13"><span class='ocrx_word' id='word_1_2' title='bbox 253 501 521 549; x_wconf 80' lang='lat' dir='ltr'><strong>stamento</strong></span> <span class='ocrx_word' id='word_1_3' title='bbox 544 493 688 547; x_wconf 88' lang='lat' dir='ltr'><strong>solas</strong></span> <span class='ocrx_word' id='word_1_4' title='bbox 718 491 996 546; x_wconf 78' lang='lat' dir='ltr'><strong>admittitis</strong></span> <span class='ocrx_word' id='word_1_5' title='bbox 1026 490 1331 562; x_wconf 64' lang='lat' dir='ltr'><strong>proiihetias</strong></span> <span class='ocrx_word' id='word_1_6' title='bbox 1357 532 1369 554; x_wconf 91' lang='lat'><strong>,</strong></span> <span class='ocrx_word' id='word_1_7' title='bbox 1401 501 1454 544; x_wconf 88' lang='lat' dir='ltr'><strong>et</strong></span> <span class='ocrx_word' id='word_1_8' title='bbox 1483 492 1570 545; x_wconf 89' lang='lat' dir='ltr'><strong>illa</strong></span> <span class='ocrx_word' id='word_1_9' title='bbox 1602 507 1719 557; x_wconf 68' lang='lat' dir='ltr'><strong>quae</strong></span> <span class='ocrx_word' id='word_1_10' title='bbox 1751 503 1840 542; x_wconf 87' lang='lat' dir='ltr'><strong>sn-</strong></span> 
     </span>
    </p>
   </div>
   <div class='ocr_carea' id='block_1_3' title="bbox 255 581 1839 655">
    <p class='ocr_par' dir='ltr' id='par_1_3' title="bbox 255 581 1839 655">
     <span class='ocr_line' id='line_1_3' title="bbox 255 581 1839 655; baseline -0.003 -18"><span class='ocrx_word' id='word_1_11' title='bbox 255 586 435 655; x_wconf 78' lang='lat' dir='ltr'><strong>perius</strong></span> <span class='ocrx_word' id='word_1_12' title='bbox 455 583 702 648; x_wconf 76' lang='lat' dir='ltr'><strong>diximus,</strong></span> <span class='ocrx_word' id='word_1_13' title='bbox 730 583 902 637; x_wconf 80' lang='lat' dir='ltr'><strong>civilia</strong></span> <span class='ocrx_word' id='word_1_14' title='bbox 924 594 1079 653; x_wconf 89' lang='lat' dir='ltr'><strong>atque</strong></span> <span class='ocrx_word' id='word_1_15' title='bbox 1103 581 1168 636; x_wconf 86' lang='lat' dir='ltr'><strong>ad</strong></span> <span class='ocrx_word' id='word_1_16' title='bbox 1191 582 1525 652; x_wconf 88' lang='lat' dir='ltr'><strong>disciplinam</strong></span> <span class='ocrx_word' id='word_1_17' title='bbox 1547 583 1668 634; x_wconf 75' lang='lat' dir='ltr'><strong>vita:</strong></span> <span class='ocrx_word' id='word_1_18' title='bbox 1689 595 1839 634; x_wconf 92' lang='lat' dir='ltr'><strong>com-</strong></span> 
     </span>
    </p>
   </div>
   <div class='ocr_carea' id='block_1_4' title="bbox 252 671 1839 745">
    <p class='ocr_par' dir='ltr' id='par_1_4' title="bbox 252 671 1839 745">
     <span class='ocr_line' id='line_1_4' title="bbox 252 671 1839 745; baseline -0.004 -15"><span class='ocrx_word' id='word_1_19' title='bbox 252 677 428 730; x_wconf 81' lang='lat' dir='ltr'><strong>munis</strong></span> <span class='ocrx_word' id='word_1_20' title='bbox 457 676 771 745; x_wconf 82' lang='lat' dir='ltr'><strong>pertinentia</strong></span> <span class='ocrx_word' id='word_1_21' title='bbox 809 683 1100 743; x_wconf 72' lang='lat' dir='ltr'><strong>pnecepta;</strong></span> <span class='ocrx_word' id='word_1_22' title='bbox 1149 672 1522 741; x_wconf 77' lang='lat' dir='ltr'><strong>supersedistis</strong></span> <span class='ocrx_word' id='word_1_23' title='bbox 1549 687 1675 727; x_wconf 81' lang='lat' dir='ltr'><strong>vem</strong></span> <span class='ocrx_word' id='word_1_24' title='bbox 1699 671 1839 738; x_wconf 84' lang='lat' dir='ltr'><strong>peri-</strong></span> 
     </span>
    </p>
   </div>
   <div class='ocr_carea' id='block_1_5' title="bbox 253 763 1838 827">
    <p class='ocr_par' dir='ltr' id='par_1_5' title="bbox 253 763 1838 827">
     <span class='ocr_line' id='line_1_5' title="bbox 253 763 1838 827; baseline -0.004 -9"><span class='ocrx_word' id='word_1_25' title='bbox 253 777 455 827; x_wconf 90' lang='lat' dir='ltr'><strong>tomen,</strong></span> <span class='ocrx_word' id='word_1_26' title='bbox 491 773 546 819; x_wconf 90' lang='lat' dir='ltr'><strong>et</strong></span> <span class='ocrx_word' id='word_1_27' title='bbox 592 764 873 827; x_wconf 84' lang='lat' dir='ltr'><strong>sacriﬁcia,</strong></span> <span class='ocrx_word' id='word_1_28' title='bbox 907 773 960 817; x_wconf 92' lang='lat' dir='ltr'><strong>et</strong></span> <span class='ocrx_word' id='word_1_29' title='bbox 997 765 1269 818; x_wconf 89' lang='lat' dir='ltr'><strong>sabbatum</strong></span> <span class='ocrx_word' id='word_1_30' title='bbox 1321 772 1374 818; x_wconf 89' lang='lat' dir='ltr'><strong>et</strong></span> <span class='ocrx_word' id='word_1_31' title='bbox 1414 763 1838 817; x_wconf 83' lang='lat' dir='ltr'><strong>observationem</strong></span> 
     </span>
    </p>
   </div>
   <div class='ocr_carea' id='block_1_6' title="bbox 250 853 1840 927">
    <p class='ocr_par' dir='ltr' id='par_1_6' title="bbox 250 853 1840 927">
     <span class='ocr_line' id='line_1_6' title="bbox 250 853 1840 927; baseline -0.002 -18"><span class='ocrx_word' id='word_1_32' title='bbox 250 859 369 924; x_wconf 85' lang='lat' dir='ltr'><strong>ejus</strong></span> <span class='ocrx_word' id='word_1_33' title='bbox 392 898 408 919; x_wconf 95' lang='lat'><strong>,</strong></span> <span class='ocrx_word' id='word_1_34' title='bbox 451 867 502 910; x_wconf 90' lang='lat' dir='ltr'><strong>et</strong></span> <span class='ocrx_word' id='word_1_35' title='bbox 546 871 728 927; x_wconf 82' lang='lat' dir='ltr'><strong>azyma</strong></span> <span class='ocrx_word' id='word_1_36' title='bbox 762 874 776 909; x_wconf 90' lang='lat'><strong>:</strong></span> <span class='ocrx_word' id='word_1_37' title='bbox 807 855 931 927; x_wconf 89' lang='lat' dir='ltr'><strong>quid</strong></span> <span class='ocrx_word' id='word_1_38' title='bbox 959 855 1026 909; x_wconf 91' lang='lat' dir='ltr'><strong>ab</strong></span> <span class='ocrx_word' id='word_1_39' title='bbox 1055 871 1112 909; x_wconf 91' lang='lat' dir='ltr'><strong>re</strong></span> <span class='ocrx_word' id='word_1_40' title='bbox 1145 865 1227 910; x_wconf 90' lang='lat' dir='ltr'><strong>est</strong></span> <span class='ocrx_word' id='word_1_41' title='bbox 1251 897 1265 920; x_wconf 96' lang='lat'><strong>,</strong></span> <span class='ocrx_word' id='word_1_42' title='bbox 1294 854 1338 908; x_wconf 91' lang='lat' dir='ltr'><strong>si</strong></span> <span class='ocrx_word' id='word_1_43' title='bbox 1361 865 1414 909; x_wconf 90' lang='lat' dir='ltr'><strong>et</strong></span> <span class='ocrx_word' id='word_1_44' title='bbox 1439 870 1536 908; x_wconf 85' lang='lat' dir='ltr'><strong>nos</strong></span> <span class='ocrx_word' id='word_1_45' title='bbox 1565 853 1631 907; x_wconf 92' lang='lat' dir='ltr'><strong>de</strong></span> <span class='ocrx_word' id='word_1_46' title='bbox 1658 853 1840 907; x_wconf 81' lang='lat' dir='ltr'><strong>Testa—</strong></span> 
     </span>
    </p>
   </div>
   <div class='ocr_carea' id='block_1_7' title="bbox 253 945 1844 1015">
    <p class='ocr_par' dir='ltr' id='par_1_7' title="bbox 253 945 1844 1015">
     <span class='ocr_line' id='line_1_7' title="bbox 253 945 1844 1015; baseline -0.001 -15"><span class='ocrx_word' id='word_1_47' title='bbox 253 955 437 1001; x_wconf 88' lang='lat' dir='ltr'><strong>mento</strong></span> <span class='ocrx_word' id='word_1_48' title='bbox 474 945 621 1000; x_wconf 85' lang='lat' dir='ltr'><strong>Novo</strong></span> <span class='ocrx_word' id='word_1_49' title='bbox 657 945 769 1000; x_wconf 87' lang='lat' dir='ltr'><strong>sola</strong></span> <span class='ocrx_word' id='word_1_50' title='bbox 809 947 1131 1015; x_wconf 85' lang='lat' dir='ltr'><strong>accipientes</strong></span> <span class='ocrx_word' id='word_1_51' title='bbox 1160 962 1373 1015; x_wconf 80' lang='lat' dir='ltr'><strong>eaqna:</strong></span> <span class='ocrx_word' id='word_1_52' title='bbox 1405 945 1470 999; x_wconf 57' lang='lat' dir='ltr'><strong>inn</strong></span> <span class='ocrx_word' id='word_1_53' title='bbox 1496 946 1749 999; x_wconf 85' lang='lat' dir='ltr'><strong>honorem</strong></span> <span class='ocrx_word' id='word_1_54' title='bbox 1789 951 1844 998; x_wconf 89' lang='lat' dir='ltr'><strong>et</strong></span> 
     </span>
    </p>
   </div>
   <div class='ocr_carea' id='block_1_8' title="bbox 251 1036 1838 1107">
    <p class='ocr_par' dir='ltr' id='par_1_8' title="bbox 251 1036 1838 1107">
     <span class='ocr_line' id='line_1_8' title="bbox 251 1036 1838 1107; baseline -0.001 -15"><span class='ocrx_word' id='word_1_55' title='bbox 251 1037 465 1092; x_wconf 84' lang='lat' dir='ltr'><strong>laudem</strong></span> <span class='ocrx_word' id='word_1_56' title='bbox 491 1037 608 1092; x_wconf 83' lang='lat' dir='ltr'><strong>Filii</strong></span> <span class='ocrx_word' id='word_1_57' title='bbox 633 1039 928 1107; x_wconf 89' lang='lat' dir='ltr'><strong>majestatis</strong></span> <span class='ocrx_word' id='word_1_58' title='bbox 951 1037 1266 1105; x_wconf 71' lang='lat' dir='ltr'><strong>velab-ipso</strong></span> <span class='ocrx_word' id='word_1_59' title='bbox 1294 1038 1430 1091; x_wconf 91' lang='lat' dir='ltr'><strong>dicta</strong></span> <span class='ocrx_word' id='word_1_60' title='bbox 1457 1036 1838 1106; x_wconf 80' lang='lat' dir='ltr'><strong>comperimus,</strong></span> 
     </span>
    </p>
   </div>
   <div class='ocr_carea' id='block_1_9' title="bbox 251 1129 1838 1200">
    <p class='ocr_par' dir='ltr' id='par_1_9' title="bbox 251 1129 1838 1200">
     <span class='ocr_line' id='line_1_9' title="bbox 251 1129 1838 1200; baseline -0.001 -16"><span class='ocrx_word' id='word_1_61' title='bbox 251 1131 336 1184; x_wconf 77' lang='lat' dir='ltr'><strong>vel</strong></span> <span class='ocrx_word' id='word_1_62' title='bbox 361 1130 430 1184; x_wconf 92' lang='lat' dir='ltr'><strong>ab</strong></span> <span class='ocrx_word' id='word_1_63' title='bbox 459 1130 573 1199; x_wconf 87' lang='lat' dir='ltr'><strong>ejus</strong></span> <span class='ocrx_word' id='word_1_64' title='bbox 598 1131 885 1197; x_wconf 83' lang='lat' dir='ltr'><strong>Apostolis,</strong></span> <span class='ocrx_word' id='word_1_65' title='bbox 920 1129 1165 1200; x_wconf 77' lang='lat' dir='ltr'><strong>scdjam.</strong></span> <span class='ocrx_word' id='word_1_66' title='bbox 1191 1129 1435 1200; x_wconf 77' lang='lat' dir='ltr'><strong>perfectis</strong></span> <span class='ocrx_word' id='word_1_67' title='bbox 1475 1144 1538 1184; x_wconf 90' lang='lat' dir='ltr'><strong>ac</strong></span> <span class='ocrx_word' id='word_1_68' title='bbox 1577 1129 1838 1192; x_wconf 90' lang='lat' dir='ltr'><strong>ﬁdelibus,</strong></span> 
     </span>
    </p>
   </div>
   <div class='ocr_carea' id='block_1_10' title="bbox 252 1218 1842 1292">
    <p class='ocr_par' dir='ltr' id='par_1_10' title="bbox 252 1218 1842 1292">
     <span class='ocr_line' id='line_1_10' title="bbox 252 1218 1842 1292; baseline 0.003 -20"><span class='ocrx_word' id='word_1_69' title='bbox 252 1218 705 1274; x_wconf 81' lang='lat' dir='ltr'><strong>dissimulavimus</strong></span> <span class='ocrx_word' id='word_1_70' title='bbox 742 1230 932 1276; x_wconf 86' lang='lat' dir='ltr'><strong>ca-tera</strong></span> <span class='ocrx_word' id='word_1_71' title='bbox 954 1238 1119 1291; x_wconf 77' lang='lat' dir='ltr'><strong>,.qu:e</strong></span> <span class='ocrx_word' id='word_1_72' title='bbox 1160 1231 1253 1275; x_wconf 88' lang='lat' dir='ltr'><strong>aut</strong></span> <span class='ocrx_word' id='word_1_73' title='bbox 1289 1221 1600 1292; x_wconf 90' lang='lat' dir='ltr'><strong>simpliciter</strong></span> <span class='ocrx_word' id='word_1_74' title='bbox 1631 1230 1754 1276; x_wconf 87' lang='lat' dir='ltr'><strong>tunc</strong></span> <span class='ocrx_word' id='word_1_75' title='bbox 1788 1229 1842 1276; x_wconf 90' lang='lat' dir='ltr'><strong>et</strong></span> 
     </span>
    </p>
   </div>
   <div class='ocr_carea' id='block_1_11' title="bbox 252 1312 1836 1384">
    <p class='ocr_par' dir='ltr' id='par_1_11' title="bbox 252 1312 1836 1384">
     <span class='ocr_line' id='line_1_11' title="bbox 252 1312 1836 1384; baseline 0.002 -20"><span class='ocrx_word' id='word_1_76' title='bbox 252 1312 564 1382; x_wconf 82' lang='lat' dir='ltr'><strong>iguoranter</strong></span> <span class='ocrx_word' id='word_1_77' title='bbox 587 1328 616 1366; x_wconf 88' lang='lat' dir='ltr'><strong>a</strong></span> <span class='ocrx_word' id='word_1_78' title='bbox 645 1312 863 1367; x_wconf 86' lang='lat' dir='ltr'><strong>rudibus</strong></span> <span class='ocrx_word' id='word_1_79' title='bbox 891 1314 1166 1380; x_wconf 76' lang='lat' dir='ltr'><strong>dieta,.aut</strong></span> <span class='ocrx_word' id='word_1_80' title='bbox 1192 1314 1405 1384; x_wconf 87' lang='lat' dir='ltr'><strong>oblique</strong></span> <span class='ocrx_word' id='word_1_81' title='bbox 1435 1324 1487 1368; x_wconf 88' lang='lat' dir='ltr'><strong>et</strong></span> <span class='ocrx_word' id='word_1_82' title='bbox 1516 1315 1743 1382; x_wconf 86' lang='lat' dir='ltr'><strong>maligne</strong></span> <span class='ocrx_word' id='word_1_83' title='bbox 1768 1313 1836 1367; x_wconf 87' lang='lat' dir='ltr'><strong>ab</strong></span> 
     </span>
    </p>
   </div>
   <div class='ocr_carea' id='block_1_12' title="bbox 252 1401 1842 1474">
    <p class='ocr_par' dir='ltr' id='par_1_12' title="bbox 252 1401 1842 1474">
     <span class='ocr_line' id='line_1_12' title="bbox 252 1401 1842 1474; baseline 0.001 -20"><span class='ocrx_word' id='word_1_84' title='bbox 252 1401 482 1455; x_wconf 83' lang='lat' dir='ltr'><strong>inimicis</strong></span> <span class='ocrx_word' id='word_1_85' title='bbox 503 1401 730 1471; x_wconf 85' lang='lat' dir='ltr'><strong>objecta,</strong></span> <span class='ocrx_word' id='word_1_86' title='bbox 757 1411 848 1456; x_wconf 92' lang='lat' dir='ltr'><strong>aut</strong></span> <span class='ocrx_word' id='word_1_87' title='bbox 874 1403 1236 1473; x_wconf 86' lang='lat' dir='ltr'><strong>imprudenter</strong></span> <span class='ocrx_word' id='word_1_88' title='bbox 1262 1419 1291 1457; x_wconf 94' lang='lat' dir='ltr'><strong>a</strong></span> <span class='ocrx_word' id='word_1_89' title='bbox 1321 1404 1667 1474; x_wconf 88' lang='lat' dir='ltr'><strong>scriptoribus</strong></span> <span class='ocrx_word' id='word_1_90' title='bbox 1695 1401 1842 1456; x_wconf 90' lang='lat' dir='ltr'><strong>aflir-</strong></span> 
     </span>
    </p>
   </div>
   <div class='ocr_carea' id='block_1_13' title="bbox 253 1494 1840 1563">
    <p class='ocr_par' dir='ltr' id='par_1_13' title="bbox 253 1494 1840 1563">
     <span class='ocr_line' id='line_1_13' title="bbox 253 1494 1840 1563; baseline 0.002 -18"><span class='ocrx_word' id='word_1_91' title='bbox 253 1503 396 1545; x_wconf 88' lang='lat' dir='ltr'><strong>mata</strong></span> <span class='ocrx_word' id='word_1_92' title='bbox 421 1501 564 1555; x_wconf 88' lang='lat' dir='ltr'><strong>sunt,</strong></span> <span class='ocrx_word' id='word_1_93' title='bbox 596 1501 652 1548; x_wconf 89' lang='lat' dir='ltr'><strong>et</strong></span> <span class='ocrx_word' id='word_1_94' title='bbox 679 1495 903 1563; x_wconf 86' lang='lat' dir='ltr'><strong>posteris</strong></span> <span class='ocrx_word' id='word_1_95' title='bbox 929 1495 1160 1549; x_wconf 86' lang='lat' dir='ltr'><strong>tradita?</strong></span> <span class='ocrx_word' id='word_1_96' title='bbox 1184 1495 1304 1549; x_wconf 92' lang='lat' dir='ltr'><strong>dico</strong></span> <span class='ocrx_word' id='word_1_97' title='bbox 1333 1503 1508 1549; x_wconf 88' lang='lat' dir='ltr'><strong>autem</strong></span> <span class='ocrx_word' id='word_1_98' title='bbox 1539 1494 1640 1549; x_wconf 88' lang='lat' dir='ltr'><strong>ltoe</strong></span> <span class='ocrx_word' id='word_1_99' title='bbox 1670 1496 1840 1563; x_wconf 82' lang='lat' dir='ltr'><strong>ipsum</strong></span> 
     </span>
    </p>
   </div>
   <div class='ocr_carea' id='block_1_14' title="bbox 253 1570 1844 1656">
    <p class='ocr_par' dir='ltr' id='par_1_14' title="bbox 253 1570 1844 1656">
     <span class='ocr_line' id='line_1_14' title="bbox 253 1570 1844 1656; baseline 0.003 -20"><span class='ocrx_word' id='word_1_100' title='bbox 253 1570 436 1638; x_wconf 64' lang='lat' dir='ltr'><strong>initum</strong></span> <span class='ocrx_word' id='word_1_101' title='bbox 475 1599 540 1638; x_wconf 80' lang='lat' dir='ltr'><strong>ex</strong></span> <span class='ocrx_word' id='word_1_102' title='bbox 580 1585 773 1639; x_wconf 88' lang='lat' dir='ltr'><strong>femina</strong></span> <span class='ocrx_word' id='word_1_103' title='bbox 795 1587 1024 1656; x_wconf 85' lang='lat' dir='ltr'><strong>turpiter</strong></span> <span class='ocrx_word' id='word_1_104' title='bbox 1044 1629 1056 1650; x_wconf 97' lang='lat'><strong>,</strong></span> <span class='ocrx_word' id='word_1_105' title='bbox 1085 1588 1456 1642; x_wconf 85' lang='lat' dir='ltr'><strong>circumcisum</strong></span> <span class='ocrx_word' id='word_1_106' title='bbox 1486 1585 1722 1654; x_wconf 87' lang='lat' dir='ltr'><strong>Judaice,</strong></span> <span class='ocrx_word' id='word_1_107' title='bbox 1754 1602 1844 1640; x_wconf 87' lang='lat' dir='ltr'><strong>sa-</strong></span> 
     </span>
    </p>
   </div>
   <div class='ocr_carea' id='block_1_15' title="bbox 253 1677 1842 1748">
    <p class='ocr_par' dir='ltr' id='par_1_15' title="bbox 253 1677 1842 1748">
     <span class='ocr_line' id='line_1_15' title="bbox 253 1677 1842 1748; baseline 0.001 -17"><span class='ocrx_word' id='word_1_108' title='bbox 253 1677 524 1732; x_wconf 89' lang='lat' dir='ltr'><strong>criﬁcasse</strong></span> <span class='ocrx_word' id='word_1_109' title='bbox 549 1678 848 1745; x_wconf 85' lang='lat' dir='ltr'><strong>Geutiliter,</strong></span> <span class='ocrx_word' id='word_1_110' title='bbox 873 1680 1190 1748; x_wconf 81' lang='lat' dir='ltr'><strong>baptizatum</strong></span> <span class='ocrx_word' id='word_1_111' title='bbox 1223 1679 1514 1746; x_wconf 84' lang='lat' dir='ltr'><strong>humiliter,</strong></span> <span class='ocrx_word' id='word_1_112' title='bbox 1537 1679 1842 1734; x_wconf 91' lang='lat' dir='ltr'><strong>circumdu-</strong></span> 
     </span>
    </p>
   </div>
   <div class='ocr_carea' id='block_1_16' title="bbox 252 1769 1840 1841">
    <p class='ocr_par' dir='ltr' id='par_1_16' title="bbox 252 1769 1840 1841">
     <span class='ocr_line' id='line_1_16' title="bbox 252 1769 1840 1841; baseline 0.002 -20"><span class='ocrx_word' id='word_1_113' title='bbox 252 1780 395 1822; x_wconf 68' lang='lat' dir='ltr'><strong>ctum</strong></span> <span class='ocrx_word' id='word_1_114' title='bbox 421 1783 452 1822; x_wconf 91' lang='lat' dir='ltr'><strong>a</strong></span> <span class='ocrx_word' id='word_1_115' title='bbox 471 1769 694 1823; x_wconf 60' lang='lat' dir='ltr'><strong>«diabolo</strong></span> <span class='ocrx_word' id='word_1_116' title='bbox 721 1787 814 1840; x_wconf 91' lang='lat' dir='ltr'><strong>per</strong></span> <span class='ocrx_word' id='word_1_117' title='bbox 838 1771 1070 1836; x_wconf 87' lang='lat' dir='ltr'><strong>deserta,</strong></span> <span class='ocrx_word' id='word_1_118' title='bbox 1098 1781 1153 1826; x_wconf 89' lang='lat' dir='ltr'><strong>et</strong></span> <span class='ocrx_word' id='word_1_119' title='bbox 1190 1771 1259 1825; x_wconf 91' lang='lat' dir='ltr'><strong>ab</strong></span> <span class='ocrx_word' id='word_1_120' title='bbox 1293 1787 1358 1827; x_wconf 90' lang='lat' dir='ltr'><strong>eo</strong></span> <span class='ocrx_word' id='word_1_121' title='bbox 1401 1781 1656 1826; x_wconf 83' lang='lat' dir='ltr'><strong>tentatum</strong></span> <span class='ocrx_word' id='word_1_122' title='bbox 1683 1787 1840 1841; x_wconf 88' lang='lat' dir='ltr'><strong>quam</strong></span> 
     </span>
    </p>
   </div>
   <div class='ocr_carea' id='block_1_17' title="bbox 255 1860 1840 1933">
    <p class='ocr_par' dir='ltr' id='par_1_17' title="bbox 255 1860 1840 1933">
     <span class='ocr_line' id='line_1_17' title="bbox 255 1860 1840 1933; baseline 0.003 -21"><span class='ocrx_word' id='word_1_123' title='bbox 255 1860 574 1915; x_wconf 86' lang='lat' dir='ltr'><strong>miserrime.</strong></span> <span class='ocrx_word' id='word_1_124' title='bbox 621 1861 713 1917; x_wconf 81' lang='lat' dir='ltr'><strong>ﬂls</strong></span> <span class='ocrx_word' id='word_1_125' title='bbox 752 1863 910 1932; x_wconf 82' lang='lat' dir='ltr'><strong>igitur</strong></span> <span class='ocrx_word' id='word_1_126' title='bbox 935 1864 1170 1932; x_wconf 76' lang='lat' dir='ltr'><strong>exceptis</strong></span> <span class='ocrx_word' id='word_1_127' title='bbox 1189 1904 1204 1926; x_wconf 92' lang='lat'><strong>,</strong></span> <span class='ocrx_word' id='word_1_128' title='bbox 1233 1873 1287 1918; x_wconf 90' lang='lat' dir='ltr'><strong>et</strong></span> <span class='ocrx_word' id='word_1_129' title='bbox 1319 1864 1362 1917; x_wconf 89' lang='lat' dir='ltr'><strong>si</strong></span> <span class='ocrx_word' id='word_1_130' title='bbox 1390 1863 1514 1933; x_wconf 82' lang='lat' dir='ltr'><strong>quid</strong></span> <span class='ocrx_word' id='word_1_131' title='bbox 1541 1863 1588 1917; x_wconf 87' lang='lat' dir='ltr'><strong>ei</strong></span> <span class='ocrx_word' id='word_1_132' title='bbox 1616 1863 1680 1917; x_wconf 88' lang='lat' dir='ltr'><strong>ab</strong></span> <span class='ocrx_word' id='word_1_133' title='bbox 1707 1861 1840 1917; x_wconf 87' lang='lat' dir='ltr'><strong>seri—</strong></span> 
     </span>
    </p>
   </div>
   <div class='ocr_carea' id='block_1_18' title="bbox 253 1951 1842 2018">
    <p class='ocr_par' dir='ltr' id='par_1_18' title="bbox 253 1951 1842 2018">
     <span class='ocr_line' id='line_1_18' title="bbox 253 1951 1842 2018; baseline 0.003 -16"><span class='ocrx_word' id='word_1_134' title='bbox 253 1953 496 2018; x_wconf 80' lang='lat' dir='ltr'><strong>ptoribus</strong></span> <span class='ocrx_word' id='word_1_135' title='bbox 517 1967 585 2006; x_wconf 77' lang='lat' dir='ltr'><strong>cx</strong></span> <span class='ocrx_word' id='word_1_136' title='bbox 607 1951 946 2006; x_wconf 84' lang='lat' dir='ltr'><strong>Testamento</strong></span> <span class='ocrx_word' id='word_1_137' title='bbox 971 1952 1160 2008; x_wconf 84' lang='lat' dir='ltr'><strong>Vetere</strong></span> <span class='ocrx_word' id='word_1_138' title='bbox 1189 1953 1317 2008; x_wconf 87' lang='lat' dir='ltr'><strong>falsa</strong></span> <span class='ocrx_word' id='word_1_139' title='bbox 1344 1953 1443 2007; x_wconf 89' lang='lat' dir='ltr'><strong>sub</strong></span> <span class='ocrx_word' id='word_1_140' title='bbox 1472 1952 1842 2008; x_wconf 75' lang='lat' dir='ltr'><strong>testificatione</strong></span> 
     </span>
    </p>
   </div>
   <div class='ocr_carea' id='block_1_19' title="bbox 254 2042 1843 2114">
    <p class='ocr_par' dir='ltr' id='par_1_19' title="bbox 254 2042 1843 2114">
     <span class='ocr_line' id='line_1_19' title="bbox 254 2042 1843 2114; baseline 0.003 -21"><span class='ocrx_word' id='word_1_141' title='bbox 254 2042 508 2109; x_wconf 79' lang='lat' dir='ltr'><strong>injectum</strong></span> <span class='ocrx_word' id='word_1_142' title='bbox 536 2052 655 2107; x_wconf 88' lang='lat' dir='ltr'><strong>est,</strong></span> <span class='ocrx_word' id='word_1_143' title='bbox 695 2043 964 2098; x_wconf 84' lang='lat' dir='ltr'><strong>credimus</strong></span> <span class='ocrx_word' id='word_1_144' title='bbox 989 2054 1202 2111; x_wconf 72' lang='lat' dir='ltr'><strong>czetera,</strong></span> <span class='ocrx_word' id='word_1_145' title='bbox 1240 2045 1504 2114; x_wconf 74' lang='lat' dir='ltr'><strong>prznciptte</strong></span> <span class='ocrx_word' id='word_1_146' title='bbox 1531 2045 1701 2098; x_wconf 89' lang='lat' dir='ltr'><strong>crucis</strong></span> <span class='ocrx_word' id='word_1_147' title='bbox 1728 2045 1843 2111; x_wconf 88' lang='lat' dir='ltr'><strong>ejus</strong></span> 
     </span>
    </p>
   </div>
   <div class='ocr_carea' id='block_1_20' title="bbox 257 2133 1847 2204">
    <p class='ocr_par' dir='ltr' id='par_1_20' title="bbox 257 2133 1847 2204">
     <span class='ocr_line' id='line_1_20' title="bbox 257 2133 1847 2204; baseline 0.003 -22"><span class='ocrx_word' id='word_1_148' title='bbox 257 2133 536 2201; x_wconf 74' lang='lat' dir='ltr'><strong>mysticam</strong></span> <span class='ocrx_word' id='word_1_149' title='bbox 570 2133 839 2198; x_wconf 86' lang='lat' dir='ltr'><strong>lixionem,</strong></span> <span class='ocrx_word' id='word_1_150' title='bbox 866 2150 968 2204; x_wconf 92' lang='lat' dir='ltr'><strong>qua</strong></span> <span class='ocrx_word' id='word_1_151' title='bbox 991 2146 1186 2189; x_wconf 73' lang='lat' dir='ltr'><strong>nostra:</strong></span> <span class='ocrx_word' id='word_1_152' title='bbox 1205 2137 1396 2189; x_wconf 68' lang='lat' dir='ltr'><strong>animm</strong></span> <span class='ocrx_word' id='word_1_153' title='bbox 1419 2135 1678 2204; x_wconf 87' lang='lat' dir='ltr'><strong>passionis</strong></span> <span class='ocrx_word' id='word_1_154' title='bbox 1702 2149 1847 2188; x_wconf 85' lang='lat' dir='ltr'><strong>mon—</strong></span> 
     </span>
    </p>
   </div>
   <div class='ocr_carea' id='block_1_21' title="bbox 255 2226 1841 2297">
    <p class='ocr_par' dir='ltr' id='par_1_21' title="bbox 255 2226 1841 2297">
     <span class='ocr_line' id='line_1_21' title="bbox 255 2226 1841 2297; baseline 0 -21"><span class='ocrx_word' id='word_1_155' title='bbox 255 2234 491 2278; x_wconf 87' lang='lat' dir='ltr'><strong>strantur</strong></span> <span class='ocrx_word' id='word_1_156' title='bbox 517 2227 766 2292; x_wconf 82' lang='lat' dir='ltr'><strong>vulnera;</strong></span> <span class='ocrx_word' id='word_1_157' title='bbox 801 2237 907 2280; x_wconf 91' lang='lat' dir='ltr'><strong>tum</strong></span> <span class='ocrx_word' id='word_1_158' title='bbox 939 2237 1200 2297; x_wconf 67' lang='lat' dir='ltr'><strong>praecepta</strong></span> <span class='ocrx_word' id='word_1_159' title='bbox 1248 2227 1495 2280; x_wconf 86' lang='lat' dir='ltr'><strong>salutaria</strong></span> <span class='ocrx_word' id='word_1_160' title='bbox 1538 2226 1688 2296; x_wconf 83' lang='lat' dir='ltr'><strong>ejus,</strong></span> <span class='ocrx_word' id='word_1_161' title='bbox 1734 2237 1841 2279; x_wconf 91' lang='lat' dir='ltr'><strong>tum</strong></span> 
     </span>
    </p>
   </div>
   <div class='ocr_carea' id='block_1_22' title="bbox 256 2316 1843 2388">
    <p class='ocr_par' dir='ltr' id='par_1_22' title="bbox 256 2316 1843 2388">
     <span class='ocr_line' id='line_1_22' title="bbox 256 2316 1843 2388; baseline 0.003 -22"><span class='ocrx_word' id='word_1_162' title='bbox 256 2316 576 2382; x_wconf 84' lang='lat' dir='ltr'><strong>parabolas,</strong></span> <span class='ocrx_word' id='word_1_163' title='bbox 643 2327 997 2388; x_wconf 85' lang='lat' dir='ltr'><strong>cunctumque</strong></span> <span class='ocrx_word' id='word_1_164' title='bbox 1053 2334 1353 2372; x_wconf 87' lang='lat' dir='ltr'><strong>sermonem</strong></span> <span class='ocrx_word' id='word_1_165' title='bbox 1411 2319 1696 2379; x_wconf 88' lang='lat' dir='ltr'><strong>deiﬁcum,</strong></span> <span class='ocrx_word' id='word_1_166' title='bbox 1755 2318 1843 2387; x_wconf 85' lang='lat' dir='ltr'><strong>qui</strong></span> 
     </span>
    </p>
   </div>
   <div class='ocr_carea' id='block_1_23' title="bbox 256 2407 1842 2478">
    <p class='ocr_par' dir='ltr' id='par_1_23' title="bbox 256 2407 1842 2478">
     <span class='ocr_line' id='line_1_23' title="bbox 256 2407 1842 2478; baseline 0.001 -20"><span class='ocrx_word' id='word_1_167' title='bbox 256 2407 484 2460; x_wconf 76' lang='lat' dir='ltr'><strong>maxime</strong></span> <span class='ocrx_word' id='word_1_168' title='bbox 520 2407 744 2462; x_wconf 86' lang='lat' dir='ltr'><strong>duarum</strong></span> <span class='ocrx_word' id='word_1_169' title='bbox 784 2409 1070 2478; x_wconf 73' lang='lat' dir='ltr'><strong>praeferens</strong></span> <span class='ocrx_word' id='word_1_170' title='bbox 1100 2417 1406 2463; x_wconf 83' lang='lat' dir='ltr'><strong>naturarum</strong></span> <span class='ocrx_word' id='word_1_171' title='bbox 1431 2409 1842 2475; x_wconf 86' lang='lat' dir='ltr'><strong>discretionem,</strong></span> 
     </span>
    </p>
   </div>
   <div class='ocr_carea' id='block_1_24' title="bbox 257 2497 1843 2573">
    <p class='ocr_par' dir='ltr' id='par_1_24' title="bbox 257 2497 1843 2573">
     <span class='ocr_line' id='line_1_24' title="bbox 257 2497 1843 2573; baseline 0.003 -23"><span class='ocrx_word' id='word_1_172' title='bbox 257 2497 420 2566; x_wconf 82' lang='lat' dir='ltr'><strong>ipsius</strong></span> <span class='ocrx_word' id='word_1_173' title='bbox 467 2516 592 2555; x_wconf 86' lang='lat' dir='ltr'><strong>esse</strong></span> <span class='ocrx_word' id='word_1_174' title='bbox 631 2517 735 2555; x_wconf 91' lang='lat' dir='ltr'><strong>non</strong></span> <span class='ocrx_word' id='word_1_175' title='bbox 776 2504 918 2557; x_wconf 87' lang='lat' dir='ltr'><strong>venit</strong></span> <span class='ocrx_word' id='word_1_176' title='bbox 957 2503 1011 2556; x_wconf 89' lang='lat' dir='ltr'><strong>in</strong></span> <span class='ocrx_word' id='word_1_177' title='bbox 1047 2503 1284 2572; x_wconf 84' lang='lat' dir='ltr'><strong>dubium.</strong></span> <span class='ocrx_word' id='word_1_178' title='bbox 1315 2499 1451 2556; x_wconf 83' lang='lat' dir='ltr'><strong>Nihil</strong></span> <span class='ocrx_word' id='word_1_179' title='bbox 1481 2519 1606 2573; x_wconf 79' lang='lat' dir='ltr'><strong>ergo</strong></span> <span class='ocrx_word' id='word_1_180' title='bbox 1633 2514 1714 2556; x_wconf 89' lang='lat' dir='ltr'><strong>est</strong></span> <span class='ocrx_word' id='word_1_181' title='bbox 1734 2502 1843 2571; x_wconf 90' lang='lat' dir='ltr'><strong>jam</strong></span> 
     </span>
    </p>
   </div>
   <div class='ocr_carea' id='block_1_25' title="bbox 255 2592 1844 2661">
    <p class='ocr_par' dir='ltr' id='par_1_25' title="bbox 255 2592 1844 2661">
     <span class='ocr_line' id='line_1_25' title="bbox 255 2592 1844 2661; baseline 0.002 -19"><span class='ocrx_word' id='word_1_182' title='bbox 255 2601 349 2642; x_wconf 81' lang='lat' dir='ltr'><strong>our</strong></span> <span class='ocrx_word' id='word_1_183' title='bbox 373 2605 458 2642; x_wconf 91' lang='lat' dir='ltr'><strong>me</strong></span> <span class='ocrx_word' id='word_1_184' title='bbox 484 2592 662 2644; x_wconf 73' lang='lat' dir='ltr'><strong>tnttttia</strong></span> <span class='ocrx_word' id='word_1_185' title='bbox 694 2593 912 2646; x_wconf 87' lang='lat' dir='ltr'><strong>credere</strong></span> <span class='ocrx_word' id='word_1_186' title='bbox 950 2595 1223 2648; x_wconf 80' lang='lat' dir='ltr'><strong>existimes</strong></span> <span class='ocrx_word' id='word_1_187' title='bbox 1253 2594 1447 2648; x_wconf 90' lang='lat' dir='ltr'><strong>debere</strong></span> <span class='ocrx_word' id='word_1_188' title='bbox 1468 2635 1480 2654; x_wconf 94' lang='lat'><strong>,</strong></span> <span class='ocrx_word' id='word_1_189' title='bbox 1522 2610 1640 2661; x_wconf 78' lang='lat' dir='ltr'><strong>qua:</strong></span> <span class='ocrx_word' id='word_1_190' title='bbox 1670 2595 1844 2646; x_wconf 69' lang='lat' dir='ltr'><strong>cttllll-</strong></span> 
     </span>
    </p>
   </div>
   <div class='ocr_carea' id='block_1_26' title="bbox 256 2679 1843 2752">
    <p class='ocr_par' dir='ltr' id='par_1_26' title="bbox 256 2679 1843 2752">
     <span class='ocr_line' id='line_1_26' title="bbox 256 2679 1843 2752; baseline 0.006 -23"><span class='ocrx_word' id='word_1_191' title='bbox 256 2688 380 2730; x_wconf 88' lang='lat' dir='ltr'><strong>nent</strong></span> <span class='ocrx_word' id='word_1_192' title='bbox 408 2679 733 2750; x_wconf 74' lang='lat' dir='ltr'><strong>Evangelia;</strong></span> <span class='ocrx_word' id='word_1_193' title='bbox 765 2698 886 2737; x_wconf 91' lang='lat' dir='ltr'><strong>cum</strong></span> <span class='ocrx_word' id='word_1_194' title='bbox 918 2693 968 2738; x_wconf 89' lang='lat' dir='ltr'><strong>tu</strong></span> <span class='ocrx_word' id='word_1_195' title='bbox 991 2725 1005 2746; x_wconf 97' lang='lat'><strong>,</strong></span> <span class='ocrx_word' id='word_1_196' title='bbox 1038 2693 1091 2737; x_wconf 93' lang='lat' dir='ltr'><strong>ut</strong></span> <span class='ocrx_word' id='word_1_197' title='bbox 1120 2700 1278 2752; x_wconf 81' lang='lat' dir='ltr'><strong>supra</strong></span> <span class='ocrx_word' id='word_1_198' title='bbox 1308 2695 1578 2738; x_wconf 73' lang='lat' dir='ltr'><strong>ostensum</strong></span> <span class='ocrx_word' id='word_1_199' title='bbox 1609 2696 1710 2749; x_wconf 92' lang='lat' dir='ltr'><strong>est,</strong></span> <span class='ocrx_word' id='word_1_200' title='bbox 1739 2684 1843 2738; x_wconf 83' lang='lat' dir='ltr'><strong>&#39;l‘e-</strong></span> 
     </span>
    </p>
   </div>
   <div class='ocr_carea' id='block_1_27' title="bbox 255 2771 1844 2844">
    <p class='ocr_par' dir='ltr' id='par_1_27' title="bbox 255 2771 1844 2844">
     <span class='ocr_line' id='line_1_27' title="bbox 255 2771 1844 2844; baseline 0.004 -24"><span class='ocrx_word' id='word_1_201' title='bbox 255 2771 500 2823; x_wconf 83' lang='lat' dir='ltr'><strong>stamenti</strong></span> <span class='ocrx_word' id='word_1_202' title='bbox 534 2771 737 2826; x_wconf 82' lang='lat' dir='ltr'><strong>Veteris</strong></span> <span class='ocrx_word' id='word_1_203' title='bbox 763 2788 1070 2842; x_wconf 87' lang='lat' dir='ltr'><strong>supremum</strong></span> <span class='ocrx_word' id='word_1_204' title='bbox 1102 2775 1359 2844; x_wconf 75' lang='lat' dir='ltr'><strong>liquorem</strong></span> <span class='ocrx_word' id='word_1_205' title='bbox 1391 2775 1478 2827; x_wconf 76' lang='lat' dir='ltr'><strong>vix</strong></span> <span class='ocrx_word' id='word_1_206' title='bbox 1511 2777 1758 2838; x_wconf 89' lang='lat' dir='ltr'><strong>summis,</strong></span> <span class='ocrx_word' id='word_1_207' title='bbox 1789 2783 1844 2828; x_wconf 89' lang='lat' dir='ltr'><strong>ut</strong></span> 
     </span>
    </p>
   </div>
   <div class='ocr_carea' id='block_1_28' title="bbox 256 2860 888 2933">
    <p class='ocr_par' dir='ltr' id='par_1_28' title="bbox 256 2860 888 2933">
     <span class='ocr_line' id='line_1_28' title="bbox 256 2860 888 2933; baseline 0.008 -22"><span class='ocrx_word' id='word_1_208' title='bbox 256 2860 418 2923; x_wconf 87' lang='lat' dir='ltr'><strong>aiunt,</strong></span> <span class='ocrx_word' id='word_1_209' title='bbox 451 2860 618 2915; x_wconf 83' lang='lat' dir='ltr'><strong>labris</strong></span> <span class='ocrx_word' id='word_1_210' title='bbox 643 2863 888 2933; x_wconf 83' lang='lat' dir='ltr'><strong>attingas.</strong></span> 
     </span>
    </p>
   </div>
   <div class='ocr_carea' id='block_1_29' title="bbox 325 2953 1846 3027">
    <p class='ocr_par' dir='ltr' id='par_1_29' title="bbox 325 2953 1846 3027">
     <span class='ocr_line' id='line_1_29' title="bbox 325 2953 1846 3027; baseline 0.004 -21"><span class='ocrx_word' id='word_1_211' title='bbox 325 2954 430 3006; x_wconf 81' lang='lat' dir='ltr'><strong>CAI</strong></span> <span class='ocrx_word' id='word_1_212' title='bbox 460 2953 553 3008; x_wconf 89' lang='lat' dir='ltr'><strong>UT</strong></span> <span class='ocrx_word' id='word_1_213' title='bbox 597 2954 730 3009; x_wconf 72' lang='lat' dir='ltr'><strong>\‘lll.</strong></span> <span class='ocrx_word' id='word_1_214' title='bbox 756 2985 826 2996; x_wconf 89' lang='lat'><strong>--</strong></span> <span class='ocrx_word' id='word_1_215' title='bbox 854 2959 1190 3013; x_wconf 78' lang='lat' dir='ltr'><strong>Aususrtmts</strong></span> <span class='ocrx_word' id='word_1_216' title='bbox 1217 2957 1487 3027; x_wconf 64' lang='lat' dir='ltr'><strong>respondit</strong></span> <span class='ocrx_word' id='word_1_217' title='bbox 1521 2957 1664 3012; x_wconf 86' lang='lat' dir='ltr'><strong>:Nos</strong></span> <span class='ocrx_word' id='word_1_218' title='bbox 1688 2957 1846 3012; x_wconf 90' lang='lat' dir='ltr'><strong>Vete-</strong></span> 
     </span>
    </p>
   </div>
   <div class='ocr_carea' id='block_1_30' title="bbox 260 3048 1844 3122">
    <p class='ocr_par' dir='ltr' id='par_1_30' title="bbox 260 3048 1844 3122">
     <span class='ocr_line' id='line_1_30' title="bbox 260 3048 1844 3122; baseline 0.003 -22"><span class='ocrx_word' id='word_1_219' title='bbox 260 3048 332 3101; x_wconf 82' lang='lat' dir='ltr'><strong>ris</strong></span> <span class='ocrx_word' id='word_1_220' title='bbox 356 3049 683 3106; x_wconf 82' lang='lat' dir='ltr'><strong>Testamenti</strong></span> <span class='ocrx_word' id='word_1_221' title='bbox 706 3052 1005 3122; x_wconf 89' lang='lat' dir='ltr'><strong>Scripturas</strong></span> <span class='ocrx_word' id='word_1_222' title='bbox 1030 3070 1235 3117; x_wconf 72' lang='lat' dir='ltr'><strong>taliaes,</strong></span> <span class='ocrx_word' id='word_1_223' title='bbox 1259 3063 1311 3107; x_wconf 89' lang='lat' dir='ltr'><strong>ut</strong></span> <span class='ocrx_word' id='word_1_224' title='bbox 1339 3054 1554 3122; x_wconf 87' lang='lat' dir='ltr'><strong>dignum</strong></span> <span class='ocrx_word' id='word_1_225' title='bbox 1571 3063 1671 3117; x_wconf 90' lang='lat' dir='ltr'><strong>est,</strong></span> <span class='ocrx_word' id='word_1_226' title='bbox 1693 3064 1844 3106; x_wconf 85' lang='lat' dir='ltr'><strong>veras</strong></span> 
     </span>
    </p>
   </div>
   <div class='ocr_carea' id='block_1_31' title="bbox 259 3138 1840 3213">
    <p class='ocr_par' dir='ltr' id='par_1_31' title="bbox 259 3138 1840 3213">
     <span class='ocr_line' id='line_1_31' title="bbox 259 3138 1840 3213; baseline 0.004 -25"><span class='ocrx_word' id='word_1_227' title='bbox 259 3138 564 3209; x_wconf 70' lang='lat' dir='ltr'><strong>divitiasque</strong></span> <span class='ocrx_word' id='word_1_228' title='bbox 593 3142 867 3196; x_wconf 89' lang='lat' dir='ltr'><strong>laudamus</strong></span> <span class='ocrx_word' id='word_1_229' title='bbox 888 3162 900 3196; x_wconf 90' lang='lat'><strong>:</strong></span> <span class='ocrx_word' id='word_1_230' title='bbox 921 3159 1014 3196; x_wconf 84' lang='lat' dir='ltr'><strong>vos</strong></span> <span class='ocrx_word' id='word_1_231' title='bbox 1034 3143 1333 3213; x_wconf 86' lang='lat' dir='ltr'><strong>Scripturas</strong></span> <span class='ocrx_word' id='word_1_232' title='bbox 1360 3143 1487 3197; x_wconf 81' lang='lat' dir='ltr'><strong>Novi</strong></span> <span class='ocrx_word' id='word_1_233' title='bbox 1516 3142 1840 3198; x_wconf 77' lang='lat' dir='ltr'><strong>Testamenti</strong></span> 
     </span>
    </p>
   </div>
   <div class='ocr_carea' id='block_1_32' title="bbox 262 3233 1843 3304">
    <p class='ocr_par' dir='ltr' id='par_1_32' title="bbox 262 3233 1843 3304">
     <span class='ocr_line' id='line_1_32' title="bbox 262 3233 1843 3304; baseline 0.004 -22"><span class='ocrx_word' id='word_1_234' title='bbox 262 3242 504 3300; x_wconf 70' lang='lat' dir='ltr'><strong>utiquam</strong></span> <span class='ocrx_word' id='word_1_235' title='bbox 539 3233 752 3288; x_wconf 87' lang='lat' dir='ltr'><strong>falsatas</strong></span> <span class='ocrx_word' id='word_1_236' title='bbox 788 3244 1170 3304; x_wconf 87' lang='lat' dir='ltr'><strong>corruptasque</strong></span> <span class='ocrx_word' id='word_1_237' title='bbox 1205 3237 1477 3304; x_wconf 75' lang='lat' dir='ltr'><strong>pulsatis‘.</strong></span> <span class='ocrx_word' id='word_1_238' title='bbox 1512 3235 1616 3289; x_wconf 86' lang='lat' dir='ltr'><strong>Nos</strong></span> <span class='ocrx_word' id='word_1_239' title='bbox 1639 3251 1698 3288; x_wconf 90' lang='lat' dir='ltr'><strong>ea</strong></span> <span class='ocrx_word' id='word_1_240' title='bbox 1726 3251 1843 3304; x_wconf 78' lang='lat' dir='ltr'><strong>qua:</strong></span> 
     </span>
    </p>
   </div>
   <div class='ocr_carea' id='block_1_33' title="bbox 263 3327 1838 3391">
    <p class='ocr_par' dir='ltr' id='par_1_33' title="bbox 263 3327 1838 3391">
     <span class='ocr_line' id='line_1_33' title="bbox 263 3327 1838 3391; baseline 0.003 -13"><span class='ocrx_word' id='word_1_241' title='bbox 263 3341 394 3380; x_wconf 89' lang='lat' dir='ltr'><strong>nunc</strong></span> <span class='ocrx_word' id='word_1_242' title='bbox 417 3327 486 3381; x_wconf 89' lang='lat' dir='ltr'><strong>de</strong></span> <span class='ocrx_word' id='word_1_243' title='bbox 519 3327 692 3382; x_wconf 82' lang='lat' dir='ltr'><strong>Libris</strong></span> <span class='ocrx_word' id='word_1_244' title='bbox 715 3328 1043 3383; x_wconf 86' lang='lat' dir='ltr'><strong>&#39;l‘estamenti</strong></span> <span class='ocrx_word' id='word_1_245' title='bbox 1078 3330 1280 3383; x_wconf 73' lang='lat' dir='ltr'><strong>Veteris</strong></span> <span class='ocrx_word' id='word_1_246' title='bbox 1321 3344 1424 3382; x_wconf 90' lang='lat' dir='ltr'><strong>non</strong></span> <span class='ocrx_word' id='word_1_247' title='bbox 1460 3329 1803 3382; x_wconf 80' lang='lat' dir='ltr'><strong>observamus</strong></span> <span class='ocrx_word' id='word_1_248' title='bbox 1825 3369 1838 3391; x_wconf 91' lang='lat'><strong>,</strong></span> 
     </span>
    </p>
   </div>
   <div class='ocr_carea' id='block_1_34' title="bbox 261 3418 1844 3489">
    <p class='ocr_par' dir='ltr' id='par_1_34' title="bbox 261 3418 1844 3489">
     <span class='ocr_line' id='line_1_34' title="bbox 261 3418 1844 3489; baseline 0.003 -21"><span class='ocrx_word' id='word_1_249' title='bbox 261 3429 610 3486; x_wconf 87' lang='lat' dir='ltr'><strong>congruenter</strong></span> <span class='ocrx_word' id='word_1_250' title='bbox 633 3431 805 3473; x_wconf 89' lang='lat' dir='ltr'><strong>tamen</strong></span> <span class='ocrx_word' id='word_1_251' title='bbox 829 3421 920 3473; x_wconf 90' lang='lat' dir='ltr'><strong>illo</strong></span> <span class='ocrx_word' id='word_1_252' title='bbox 939 3430 1236 3489; x_wconf 76' lang='lat' dir='ltr'><strong>temporeat</strong></span> <span class='ocrx_word' id='word_1_253' title='bbox 1265 3437 1349 3489; x_wconf 83' lang='lat' dir='ltr'><strong>pte</strong></span> <span class='ocrx_word' id='word_1_254' title='bbox 1372 3419 1438 3472; x_wconf 87' lang='lat' dir='ltr'><strong>illi</strong></span> <span class='ocrx_word' id='word_1_255' title='bbox 1469 3420 1660 3489; x_wconf 88' lang='lat' dir='ltr'><strong>popttlo</strong></span> <span class='ocrx_word' id='word_1_256' title='bbox 1681 3418 1844 3473; x_wconf 80' lang='lat' dir='ltr'><strong>fuisse</strong></span> 
     </span>
    </p>
   </div>
   <div class='ocr_carea' id='block_1_35' title="bbox 264 3512 1834 3581">
    <p class='ocr_par' dir='ltr' id='par_1_35' title="bbox 264 3512 1834 3581">
     <span class='ocr_line' id='line_1_35' title="bbox 264 3512 1834 3581; baseline 0.002 -20"><span class='ocrx_word' id='word_1_257' title='bbox 264 3520 543 3579; x_wconf 75' lang='lat' dir='ltr'><strong>pnecepta,</strong></span> <span class='ocrx_word' id='word_1_258' title='bbox 569 3512 824 3581; x_wconf 86' lang='lat' dir='ltr'><strong>nobisque</strong></span> <span class='ocrx_word' id='word_1_259' title='bbox 853 3513 902 3566; x_wconf 89' lang='lat' dir='ltr'><strong>itt</strong></span> <span class='ocrx_word' id='word_1_260' title='bbox 931 3513 1008 3565; x_wconf 89' lang='lat' dir='ltr'><strong>eis</strong></span> <span class='ocrx_word' id='word_1_261' title='bbox 1035 3514 1159 3580; x_wconf 81' lang='lat' dir='ltr'><strong>ipsis</strong></span> <span class='ocrx_word' id='word_1_262' title='bbox 1189 3527 1306 3581; x_wconf 73' lang='lat' dir='ltr'><strong>quze</strong></span> <span class='ocrx_word' id='word_1_263' title='bbox 1335 3529 1435 3564; x_wconf 87' lang='lat' dir='ltr'><strong>non</strong></span> <span class='ocrx_word' id='word_1_264' title='bbox 1467 3514 1834 3575; x_wconf 81' lang='lat' dir='ltr'><strong>observamus,</strong></span> 
     </span>
    </p>
   </div>
   <div class='ocr_carea' id='block_1_36' title="bbox 263 3601 1838 3672">
    <p class='ocr_par' dir='ltr' id='par_1_36' title="bbox 263 3601 1838 3672">
     <span class='ocr_line' id='line_1_36' title="bbox 263 3601 1838 3672; baseline 0 -20"><span class='ocrx_word' id='word_1_265' title='bbox 263 3601 546 3670; x_wconf 86' lang='lat' dir='ltr'><strong>signiﬁcata</strong></span> <span class='ocrx_word' id='word_1_266' title='bbox 577 3619 695 3670; x_wconf 80' lang='lat' dir='ltr'><strong>qua:</strong></span> <span class='ocrx_word' id='word_1_267' title='bbox 723 3603 1076 3672; x_wconf 75' lang='lat' dir='ltr'><strong>intelligamus</strong></span> <span class='ocrx_word' id='word_1_268' title='bbox 1097 3615 1148 3657; x_wconf 88' lang='lat' dir='ltr'><strong>et</strong></span> <span class='ocrx_word' id='word_1_269' title='bbox 1170 3603 1515 3672; x_wconf 88' lang='lat' dir='ltr'><strong>spiritualiter</strong></span> <span class='ocrx_word' id='word_1_270' title='bbox 1541 3612 1838 3659; x_wconf 76' lang='lat' dir='ltr'><strong>teneamus,</strong></span> 
     </span>
    </p>
   </div>
   <div class='ocr_carea' id='block_1_37' title="bbox 264 3694 1844 3763">
    <p class='ocr_par' dir='ltr' id='par_1_37' title="bbox 264 3694 1844 3763">
     <span class='ocr_line' id='line_1_37' title="bbox 264 3694 1844 3763; baseline 0.004 -23"><span class='ocrx_word' id='word_1_271' title='bbox 264 3710 359 3746; x_wconf 84' lang='lat' dir='ltr'><strong>mm</strong></span> <span class='ocrx_word' id='word_1_272' title='bbox 387 3694 560 3746; x_wconf 83' lang='lat' dir='ltr'><strong>Solum</strong></span> <span class='ocrx_word' id='word_1_273' title='bbox 592 3695 837 3760; x_wconf 88' lang='lat' dir='ltr'><strong>dicimus,</strong></span> <span class='ocrx_word' id='word_1_274' title='bbox 867 3694 959 3749; x_wconf 89' lang='lat' dir='ltr'><strong>sed</strong></span> <span class='ocrx_word' id='word_1_275' title='bbox 988 3694 1040 3748; x_wconf 91' lang='lat' dir='ltr'><strong>in</strong></span> <span class='ocrx_word' id='word_1_276' title='bbox 1065 3695 1370 3763; x_wconf 86' lang='lat' dir='ltr'><strong>apostolicis</strong></span> <span class='ocrx_word' id='word_1_277' title='bbox 1398 3711 1605 3762; x_wconf 89' lang='lat' dir='ltr'><strong>quoque</strong></span> <span class='ocrx_word' id='word_1_278' title='bbox 1633 3694 1844 3747; x_wconf 76' lang='lat' dir='ltr'><strong>Litteris</strong></span> 
     </span>
    </p>
   </div>
   <div class='ocr_carea' id='block_1_38' title="bbox 264 3785 1844 3854">
    <p class='ocr_par' dir='ltr' id='par_1_38' title="bbox 264 3785 1844 3854">
     <span class='ocr_line' id='line_1_38' title="bbox 264 3785 1844 3854; baseline 0.001 -19"><span class='ocrx_word' id='word_1_279' title='bbox 264 3785 589 3840; x_wconf 65' lang='lat' dir='ltr'><strong>ostendimus</strong></span> <span class='ocrx_word' id='word_1_280' title='bbox 615 3797 666 3840; x_wconf 89' lang='lat' dir='ltr'><strong>et</strong></span> <span class='ocrx_word' id='word_1_281' title='bbox 692 3788 947 3842; x_wconf 84' lang='lat' dir='ltr'><strong>docemus</strong></span> <span class='ocrx_word' id='word_1_282' title='bbox 977 3805 988 3840; x_wconf 90' lang='lat'><strong>:</strong></span> <span class='ocrx_word' id='word_1_283' title='bbox 1024 3802 1117 3840; x_wconf 86' lang='lat' dir='ltr'><strong>vos</strong></span> <span class='ocrx_word' id='word_1_284' title='bbox 1136 3797 1313 3840; x_wconf 87' lang='lat' dir='ltr'><strong>autem</strong></span> <span class='ocrx_word' id='word_1_285' title='bbox 1345 3787 1521 3838; x_wconf 86' lang='lat' dir='ltr'><strong>omnia</strong></span> <span class='ocrx_word' id='word_1_286' title='bbox 1557 3801 1674 3854; x_wconf 79' lang='lat' dir='ltr'><strong>qua:</strong></span> <span class='ocrx_word' id='word_1_287' title='bbox 1705 3786 1754 3838; x_wconf 92' lang='lat' dir='ltr'><strong>in</strong></span> <span class='ocrx_word' id='word_1_288' title='bbox 1781 3785 1844 3838; x_wconf 88' lang='lat' dir='ltr'><strong>li-</strong></span> 
     </span>
    </p>
   </div>
   <div class='ocr_carea' id='block_1_39' title="bbox 265 3877 1845 3946">
    <p class='ocr_par' dir='ltr' id='par_1_39' title="bbox 265 3877 1845 3946">
     <span class='ocr_line' id='line_1_39' title="bbox 265 3877 1845 3946; baseline 0 -19"><span class='ocrx_word' id='word_1_289' title='bbox 265 3877 362 3928; x_wconf 76' lang='lat' dir='ltr'><strong>bris</strong></span> <span class='ocrx_word' id='word_1_290' title='bbox 392 3877 526 3930; x_wconf 79' lang='lat' dir='ltr'><strong>Novi</strong></span> <span class='ocrx_word' id='word_1_291' title='bbox 548 3877 875 3933; x_wconf 89' lang='lat' dir='ltr'><strong>Testamenti</strong></span> <span class='ocrx_word' id='word_1_292' title='bbox 903 3895 1006 3931; x_wconf 88' lang='lat' dir='ltr'><strong>non</strong></span> <span class='ocrx_word' id='word_1_293' title='bbox 1029 3879 1287 3946; x_wconf 71' lang='lat' dir='ltr'><strong>accipitis,</strong></span> <span class='ocrx_word' id='word_1_294' title='bbox 1310 3877 1528 3931; x_wconf 86' lang='lat' dir='ltr'><strong>omnino</strong></span> <span class='ocrx_word' id='word_1_295' title='bbox 1556 3878 1845 3944; x_wconf 86' lang='lat' dir='ltr'><strong>reprehen-</strong></span> 
     </span>
    </p>
   </div>
   <div class='ocr_carea' id='block_1_40' title="bbox 264 3966 1843 4037">
    <p class='ocr_par' dir='ltr' id='par_1_40' title="bbox 264 3966 1843 4037">
     <span class='ocr_line' id='line_1_40' title="bbox 264 3966 1843 4037; baseline 0.001 -20"><span class='ocrx_word' id='word_1_296' title='bbox 264 3969 413 4032; x_wconf 87' lang='lat' dir='ltr'><strong>ditis;</strong></span> <span class='ocrx_word' id='word_1_297' title='bbox 448 3983 548 4022; x_wconf 88' lang='lat' dir='ltr'><strong>nec</strong></span> <span class='ocrx_word' id='word_1_298' title='bbox 573 3985 603 4022; x_wconf 76' lang='grc' dir='ltr'>τι</span> <span class='ocrx_word' id='word_1_299' title='bbox 628 3969 877 4034; x_wconf 79' lang='lat' dir='ltr'><strong>Christo,</strong></span> <span class='ocrx_word' id='word_1_300' title='bbox 912 3983 1009 4023; x_wconf 87' lang='lat' dir='ltr'><strong>nee</strong></span> <span class='ocrx_word' id='word_1_301' title='bbox 1043 3969 1110 4021; x_wconf 86' lang='lat' dir='ltr'><strong>ab</strong></span> <span class='ocrx_word' id='word_1_302' title='bbox 1137 3968 1402 4037; x_wconf 66' lang='lat' dir='ltr'><strong>Apostolis</strong></span> <span class='ocrx_word' id='word_1_303' title='bbox 1443 3970 1558 4035; x_wconf 85' lang='lat' dir='ltr'><strong>ejus</strong></span> <span class='ocrx_word' id='word_1_304' title='bbox 1594 3967 1738 4020; x_wconf 72' lang='lat' dir='ltr'><strong>dicta&quot;</strong></span> <span class='ocrx_word' id='word_1_305' title='bbox 1761 3966 1843 4018; x_wconf 81' lang='lat' dir='ltr'><strong>vel</strong></span> 
     </span>
    </p>
   </div>
   <div class='ocr_carea' id='block_1_41' title="bbox 265 4059 1848 4130">
    <p class='ocr_par' dir='ltr' id='par_1_41' title="bbox 265 4059 1848 4130">
     <span class='ocr_line' id='line_1_41' title="bbox 265 4059 1848 4130; baseline 0.003 -20"><span class='ocrx_word' id='word_1_306' title='bbox 265 4061 570 4128; x_wconf 27' lang='lat' dir='ltr'><strong>untscripta,</strong></span> <span class='ocrx_word' id='word_1_307' title='bbox 611 4061 944 4113; x_wconf 31' lang='lat' dir='ltr'><strong>asseveratis.</strong></span> <span class='ocrx_word' id='word_1_308' title='bbox 993 4059 1193 4114; x_wconf 86' lang='lat' dir='ltr'><strong>Videtis</strong></span> <span class='ocrx_word' id='word_1_309' title='bbox 1237 4075 1364 4130; x_wconf 80' lang='lat' dir='ltr'><strong>ergo</strong></span> <span class='ocrx_word' id='word_1_310' title='bbox 1407 4069 1660 4128; x_wconf 83' lang='lat' dir='ltr'><strong>qu:uttunt</strong></span> <span class='ocrx_word' id='word_1_311' title='bbox 1710 4059 1848 4112; x_wconf 85' lang='lat' dir='ltr'><strong>inter</strong></span> 
     </span>
    </p>
   </div>
   <div class='ocr_carea' id='block_1_42' title="bbox 267 4150 1844 4222">
    <p class='ocr_par' dir='ltr' id='par_1_42' title="bbox 267 4150 1844 4222">
     <span class='ocr_line' id='line_1_42' title="bbox 267 4150 1844 4222; baseline 0 -20"><span class='ocrx_word' id='word_1_312' title='bbox 267 4168 352 4205; x_wconf 90' lang='lat' dir='ltr'><strong>nos</strong></span> <span class='ocrx_word' id='word_1_313' title='bbox 388 4163 442 4205; x_wconf 85' lang='lat' dir='ltr'><strong>et</strong></span> <span class='ocrx_word' id='word_1_314' title='bbox 482 4155 775 4222; x_wconf 70' lang='lat' dir='ltr'><strong>vos,,quod</strong></span> <span class='ocrx_word' id='word_1_315' title='bbox 815 4155 879 4208; x_wconf 88' lang='lat' dir='ltr'><strong>ad</strong></span> <span class='ocrx_word' id='word_1_316' title='bbox 926 4154 1062 4206; x_wconf 89' lang='lat' dir='ltr'><strong>hanc</strong></span> <span class='ocrx_word' id='word_1_317' title='bbox 1101 4169 1211 4207; x_wconf 90' lang='lat' dir='ltr'><strong>reut</strong></span> <span class='ocrx_word' id='word_1_318' title='bbox 1255 4154 1461 4215; x_wconf 78' lang='lat' dir='ltr'><strong>attinet,</strong></span> <span class='ocrx_word' id='word_1_319' title='bbox 1490 4151 1670 4206; x_wconf 90' lang='lat' dir='ltr'><strong>distet.</strong></span> <span class='ocrx_word' id='word_1_320' title='bbox 1715 4150 1844 4204; x_wconf 85' lang='lat' dir='ltr'><strong>Cum</strong></span> 
     </span>
    </p>
   </div>
   <div class='ocr_carea' id='block_1_43' title="bbox 267 4243 1848 4314">
    <p class='ocr_par' dir='ltr' id='par_1_43' title="bbox 267 4243 1848 4314">
     <span class='ocr_line' id='line_1_43' title="bbox 267 4243 1848 4314; baseline 0 -18"><span class='ocrx_word' id='word_1_321' title='bbox 267 4244 457 4313; x_wconf 80' lang='lat' dir='ltr'><strong>itaque-</strong></span> <span class='ocrx_word' id='word_1_322' title='bbox 479 4262 509 4296; x_wconf 95' lang='lat' dir='ltr'><strong>a</strong></span> <span class='ocrx_word' id='word_1_323' title='bbox 556 4246 706 4300; x_wconf 85' lang='lat' dir='ltr'><strong>vobis</strong></span> <span class='ocrx_word' id='word_1_324' title='bbox 748 4246 1004 4314; x_wconf 70' lang='lat' dir='ltr'><strong>qnmritur</strong></span> <span class='ocrx_word' id='word_1_325' title='bbox 1029 4287 1043 4310; x_wconf 96' lang='lat'><strong>,</strong></span> <span class='ocrx_word' id='word_1_326' title='bbox 1076 4261 1242 4312; x_wconf 83' lang='lat' dir='ltr'><strong>quare</strong></span> <span class='ocrx_word' id='word_1_327' title='bbox 1273 4261 1379 4298; x_wconf 88' lang='lat' dir='ltr'><strong>non</strong></span> <span class='ocrx_word' id='word_1_328' title='bbox 1410 4245 1584 4298; x_wconf 73' lang='lat' dir='ltr'><strong>inutilia</strong></span> <span class='ocrx_word' id='word_1_329' title='bbox 1617 4243 1848 4297; x_wconf 82' lang='lat' dir='ltr'><strong>inlibris</strong></span> 
     </span>
    </p>
   </div>
   <div class='ocr_carea' id='block_1_44' title="bbox 267 4337 1849 4408">
    <p class='ocr_par' dir='ltr' id='par_1_44' title="bbox 267 4337 1849 4408">
     <span class='ocr_line' id='line_1_44' title="bbox 267 4337 1849 4408; baseline 0.002 -19"><span class='ocrx_word' id='word_1_330' title='bbox 267 4337 387 4390; x_wconf 61' lang='lat' dir='ltr'><strong>Novi</strong></span> <span class='ocrx_word' id='word_1_331' title='bbox 414 4337 743 4392; x_wconf 86' lang='lat' dir='ltr'><strong>Testamenti</strong></span> <span class='ocrx_word' id='word_1_332' title='bbox 769 4338 1028 4407; x_wconf 85' lang='lat' dir='ltr'><strong>accipitis,</strong></span> <span class='ocrx_word' id='word_1_333' title='bbox 1061 4339 1152 4392; x_wconf 88' lang='lat' dir='ltr'><strong>sed</strong></span> <span class='ocrx_word' id='word_1_334' title='bbox 1184 4339 1234 4392; x_wconf 91' lang='lat' dir='ltr'><strong>itt</strong></span> <span class='ocrx_word' id='word_1_335' title='bbox 1264 4339 1341 4392; x_wconf 88' lang='lat' dir='ltr'><strong>eis</strong></span> <span class='ocrx_word' id='word_1_336' title='bbox 1379 4339 1547 4402; x_wconf 82' lang='lat' dir='ltr'><strong>libris,</strong></span> <span class='ocrx_word' id='word_1_337' title='bbox 1577 4339 1628 4391; x_wconf 89' lang='lat' dir='ltr'><strong>itt</strong></span> <span class='ocrx_word' id='word_1_338' title='bbox 1657 4338 1849 4408; x_wconf 84' lang='lat' dir='ltr'><strong>quibus</strong></span> 
     </span>
    </p>
   </div>
   <div class='ocr_carea' id='block_1_45' title="bbox 267 4429 1850 4498">
    <p class='ocr_par' dir='ltr' id='par_1_45' title="bbox 267 4429 1850 4498">
     <span class='ocr_line' id='line_1_45' title="bbox 267 4429 1850 4498; baseline 0.003 -20"><span class='ocrx_word' id='word_1_339' title='bbox 267 4429 566 4496; x_wconf 75' lang='lat' dir='ltr'><strong>approbatis</strong></span> <span class='ocrx_word' id='word_1_340' title='bbox 591 4430 786 4498; x_wconf 89' lang='lat' dir='ltr'><strong>aliqua,</strong></span> <span class='ocrx_word' id='word_1_341' title='bbox 816 4429 980 4483; x_wconf 89' lang='lat' dir='ltr'><strong>multa</strong></span> <span class='ocrx_word' id='word_1_342' title='bbox 1009 4431 1278 4497; x_wconf 75' lang='lat' dir='ltr'><strong>respuitis,</strong></span> <span class='ocrx_word' id='word_1_343' title='bbox 1312 4430 1731 4498; x_wconf 85' lang='lat' dir='ltr'><strong>reprehenditis,</strong></span> <span class='ocrx_word' id='word_1_344' title='bbox 1762 4445 1850 4483; x_wconf 88' lang='lat' dir='ltr'><strong>ac-</strong></span> 
     </span>
    </p>
   </div>
   <div class='ocr_carea' id='block_1_46' title="bbox 267 4521 1854 4590">
    <p class='ocr_par' dir='ltr' id='par_1_46' title="bbox 267 4521 1854 4590">
     <span class='ocr_line' id='line_1_46' title="bbox 267 4521 1854 4590; baseline -0.001 -19"><span class='ocrx_word' id='word_1_345' title='bbox 267 4523 484 4581; x_wconf 73' lang='lat' dir='ltr'><strong>cusatis,</strong></span> <span class='ocrx_word' id='word_1_346' title='bbox 515 4536 545 4573; x_wconf 88' lang='lat' dir='ltr'><strong>a</strong></span> <span class='ocrx_word' id='word_1_347' title='bbox 573 4521 977 4590; x_wconf 86' lang='lat' dir='ltr'><strong>corruptoribus</strong></span> <span class='ocrx_word' id='word_1_348' title='bbox 1005 4521 1198 4574; x_wconf 84' lang='lat' dir='ltr'><strong>inserta</strong></span> <span class='ocrx_word' id='word_1_349' title='bbox 1235 4534 1355 4574; x_wconf 88' lang='lat' dir='ltr'><strong>esse</strong></span> <span class='ocrx_word' id='word_1_350' title='bbox 1383 4521 1729 4584; x_wconf 88' lang='lat' dir='ltr'><strong>eontendiIis;</strong></span> <span class='ocrx_word' id='word_1_351' title='bbox 1760 4539 1854 4574; x_wconf 84' lang='lat' dir='ltr'><strong>no-</strong></span> 
     </span>
    </p>
   </div>
   <div class='ocr_carea' id='block_1_47' title="bbox 270 4611 1852 4680">
    <p class='ocr_par' dir='ltr' id='par_1_47' title="bbox 270 4611 1852 4680">
     <span class='ocr_line' id='line_1_47' title="bbox 270 4611 1852 4680; baseline 0.004 -20"><span class='ocrx_word' id='word_1_352' title='bbox 270 4612 348 4665; x_wconf 86' lang='lat' dir='ltr'><strong>lite</strong></span> <span class='ocrx_word' id='word_1_353' title='bbox 373 4612 423 4664; x_wconf 88' lang='lat' dir='ltr'><strong>in</strong></span> <span class='ocrx_word' id='word_1_354' title='bbox 453 4613 759 4680; x_wconf 77' lang='lat' dir='ltr'><strong>exemplum</strong></span> <span class='ocrx_word' id='word_1_355' title='bbox 787 4627 1061 4667; x_wconf 58' lang='lat' dir='ltr'><strong>assumere</strong></span> <span class='ocrx_word' id='word_1_356' title='bbox 1089 4611 1483 4666; x_wconf 87' lang='lat' dir='ltr'><strong>distinctionem</strong></span> <span class='ocrx_word' id='word_1_357' title='bbox 1508 4613 1625 4667; x_wconf 88' lang='lat' dir='ltr'><strong>ﬁdei</strong></span> <span class='ocrx_word' id='word_1_358' title='bbox 1653 4616 1730 4667; x_wconf 89' lang='lat' dir='ltr'><strong>vel</strong></span> <span class='ocrx_word' id='word_1_359' title='bbox 1757 4613 1852 4666; x_wconf 86' lang='lat' dir='ltr'><strong>ob-</strong></span> 
     </span>
    </p>
   </div>
   <div class='ocr_carea' id='block_1_48' title="bbox 269 4705 1855 4776">
    <p class='ocr_par' dir='ltr' id='par_1_48' title="bbox 269 4705 1855 4776">
     <span class='ocr_line' id='line_1_48' title="bbox 269 4705 1855 4776; baseline 0.004 -23"><span class='ocrx_word' id='word_1_360' title='bbox 269 4705 578 4758; x_wconf 72' lang='lat' dir='ltr'><strong>Servationis</strong></span> <span class='ocrx_word' id='word_1_361' title='bbox 611 4716 826 4770; x_wconf 73' lang='lat' dir='ltr'><strong>nostrte,</strong></span> <span class='ocrx_word' id='word_1_362' title='bbox 850 4705 944 4759; x_wconf 89' lang='lat' dir='ltr'><strong>sed</strong></span> <span class='ocrx_word' id='word_1_363' title='bbox 971 4706 1230 4760; x_wconf 86' lang='lat' dir='ltr'><strong>rationem</strong></span> <span class='ocrx_word' id='word_1_364' title='bbox 1264 4706 1470 4760; x_wconf 86' lang='lat' dir='ltr'><strong>reddite</strong></span> <span class='ocrx_word' id='word_1_365' title='bbox 1496 4707 1855 4776; x_wconf 67' lang='lat' dir='ltr'><strong>praesumptio-</strong></span> 
     </span>
    </p>
   </div>
   <div class='ocr_carea' id='block_1_49' title="bbox 270 4794 582 4850">
    <p class='ocr_par' dir='ltr' id='par_1_49' title="bbox 270 4794 582 4850">
     <span class='ocr_line' id='line_1_49' title="bbox 270 4794 582 4850; baseline 0.013 -4"><span class='ocrx_word' id='word_1_366' title='bbox 270 4794 341 4848; x_wconf 90' lang='lat' dir='ltr'><strong>nis</strong></span> <span class='ocrx_word' id='word_1_367' title='bbox 366 4803 582 4850; x_wconf 68' lang='lat' dir='ltr'><strong>vestrae.-</strong></span> 
     </span>
    </p>
   </div>
   <div class='ocr_carea' id='block_1_50' title="bbox 329 4887 1845 4960">
    <p class='ocr_par' dir='ltr' id='par_1_50' title="bbox 329 4887 1845 4960">
     <span class='ocr_line' id='line_1_50' title="bbox 329 4887 1845 4960; baseline 0.001 -18"><span class='ocrx_word' id='word_1_368' title='bbox 329 4889 560 4944; x_wconf 79' lang='lat' dir='ltr'><strong>CAI’UT</strong></span> <span class='ocrx_word' id='word_1_369' title='bbox 602 4887 692 4943; x_wconf 77' lang='lat' dir='ltr'><strong>IX.</strong></span> <span class='ocrx_word' id='word_1_370' title='bbox 712 4919 785 4929; x_wconf 92' lang='lat'><strong><em>—</em></strong></span> <span class='ocrx_word' id='word_1_371' title='bbox 805 4890 845 4942; x_wconf 78' lang='grc' dir='ltr'><strong>Α</strong></span> <span class='ocrx_word' id='word_1_372' title='bbox 878 4890 1031 4944; x_wconf 80' lang='lat' dir='ltr'><strong>nobis</strong></span> <span class='ocrx_word' id='word_1_373' title='bbox 1060 4891 1199 4944; x_wconf 87' lang='lat' dir='ltr'><strong>enim</strong></span> <span class='ocrx_word' id='word_1_374' title='bbox 1230 4891 1271 4943; x_wconf 91' lang='lat' dir='ltr'><strong>si</strong></span> <span class='ocrx_word' id='word_1_375' title='bbox 1302 4901 1587 4960; x_wconf 63' lang='lat' dir='ltr'><strong>quaeratur,</strong></span> <span class='ocrx_word' id='word_1_376' title='bbox 1617 4907 1711 4945; x_wconf 85' lang='lat' dir='ltr'><strong>cur</strong></span> <span class='ocrx_word' id='word_1_377' title='bbox 1743 4907 1845 4945; x_wconf 90' lang='lat' dir='ltr'><strong>non</strong></span> 
     </span>
    </p>
   </div>
   <div class='ocr_carea' id='block_1_51' title="bbox 271 4981 1854 5052">
    <p class='ocr_par' dir='ltr' id='par_1_51' title="bbox 271 4981 1854 5052">
     <span class='ocr_line' id='line_1_51' title="bbox 271 4981 1854 5052; baseline 0.003 -19"><span class='ocrx_word' id='word_1_378' title='bbox 271 4996 326 5033; x_wconf 90' lang='lat' dir='ltr'><strong>co</strong></span> <span class='ocrx_word' id='word_1_379' title='bbox 355 4983 457 5033; x_wconf 90' lang='lat' dir='ltr'><strong>ritu</strong></span> <span class='ocrx_word' id='word_1_380' title='bbox 485 4981 724 5034; x_wconf 87' lang='lat' dir='ltr'><strong>colamus</strong></span> <span class='ocrx_word' id='word_1_381' title='bbox 752 4981 914 5034; x_wconf 88' lang='lat' dir='ltr'><strong>Deum</strong></span> <span class='ocrx_word' id='word_1_382' title='bbox 937 5022 966 5045; x_wconf 78' lang='lat'><strong>,,</strong></span> <span class='ocrx_word' id='word_1_383' title='bbox 990 4997 1094 5051; x_wconf 91' lang='lat' dir='ltr'><strong>quo</strong></span> <span class='ocrx_word' id='word_1_384' title='bbox 1120 4982 1398 5035; x_wconf 88' lang='lat' dir='ltr'><strong>coluerunt</strong></span> <span class='ocrx_word' id='word_1_385' title='bbox 1427 4981 1630 5037; x_wconf 72' lang='lat' dir='ltr'><strong>llebrzci</strong></span> <span class='ocrx_word' id='word_1_386' title='bbox 1674 4993 1854 5052; x_wconf 88' lang='lat' dir='ltr'><strong>patres</strong></span> 
     </span>
    </p>
   </div>
   <div class='ocr_carea' id='block_1_52' title="bbox 274 5071 1856 5141">
    <p class='ocr_par' dir='ltr' id='par_1_52' title="bbox 274 5071 1856 5141">
     <span class='ocr_line' id='line_1_52' title="bbox 274 5071 1856 5141; baseline 0.003 -20"><span class='ocrx_word' id='word_1_387' title='bbox 274 5081 502 5139; x_wconf 76' lang='lat' dir='ltr'><strong>tempore</strong></span> <span class='ocrx_word' id='word_1_388' title='bbox 535 5071 746 5126; x_wconf 91' lang='lat' dir='ltr'><strong>Veteris</strong></span> <span class='ocrx_word' id='word_1_389' title='bbox 772 5073 1095 5128; x_wconf 87' lang='lat' dir='ltr'><strong>Testamenti</strong></span> <span class='ocrx_word' id='word_1_390' title='bbox 1128 5091 1138 5126; x_wconf 94' lang='lat'>:</span> <span class='ocrx_word' id='word_1_391' title='bbox 1169 5073 1569 5141; x_wconf 72' lang='lat' dir='ltr'><strong>reSpondemus,</strong></span> <span class='ocrx_word' id='word_1_392' title='bbox 1596 5074 1734 5126; x_wconf 88' lang='lat' dir='ltr'><strong>aliud</strong></span> <span class='ocrx_word' id='word_1_393' title='bbox 1761 5090 1856 5128; x_wconf 92' lang='lat' dir='ltr'><strong>no-</strong></span> 
     </span>
    </p>
   </div>
   <div class='ocr_carea' id='block_1_53' title="bbox 277 5165 1851 5234">
    <p class='ocr_par' dir='ltr' id='par_1_53' title="bbox 277 5165 1851 5234">
     <span class='ocr_line' id='line_1_53' title="bbox 277 5165 1851 5234; baseline 0.001 -19"><span class='ocrx_word' id='word_1_394' title='bbox 277 5165 349 5217; x_wconf 88' lang='lat' dir='ltr'><strong>bis</strong></span> <span class='ocrx_word' id='word_1_395' title='bbox 393 5165 565 5218; x_wconf 87' lang='lat' dir='ltr'><strong>Deum</strong></span> <span class='ocrx_word' id='word_1_396' title='bbox 609 5165 928 5234; x_wconf 57' lang='lat' dir='ltr'><strong>praecepisse</strong></span> <span class='ocrx_word' id='word_1_397' title='bbox 969 5179 1067 5234; x_wconf 89' lang='lat' dir='ltr'><strong>per</strong></span> <span class='ocrx_word' id='word_1_398' title='bbox 1111 5175 1286 5234; x_wconf 82' lang='lat' dir='ltr'><strong>patres</strong></span> <span class='ocrx_word' id='word_1_399' title='bbox 1322 5165 1450 5219; x_wconf 78' lang='lat' dir='ltr'><strong>Nmi</strong></span> <span class='ocrx_word' id='word_1_400' title='bbox 1491 5165 1851 5230; x_wconf 89' lang='lat' dir='ltr'><strong>Testamenti;</strong></span> 
     </span>
    </p>
   </div>
   <div class='ocr_carea' id='block_1_54' title="bbox 277 5255 1853 5324">
    <p class='ocr_par' dir='ltr' id='par_1_54' title="bbox 277 5255 1853 5324">
     <span class='ocr_line' id='line_1_54' title="bbox 277 5255 1853 5324; baseline 0.001 -18"><span class='ocrx_word' id='word_1_401' title='bbox 277 5272 436 5324; x_wconf 85' lang='lat' dir='ltr'><strong>neque</strong></span> <span class='ocrx_word' id='word_1_402' title='bbox 465 5256 566 5309; x_wconf 89' lang='lat' dir='ltr'><strong>hoc</strong></span> <span class='ocrx_word' id='word_1_403' title='bbox 587 5268 766 5310; x_wconf 91' lang='lat' dir='ltr'><strong>contra</strong></span> <span class='ocrx_word' id='word_1_404' title='bbox 801 5256 959 5310; x_wconf 89' lang='lat' dir='ltr'><strong>Vetus</strong></span> <span class='ocrx_word' id='word_1_405' title='bbox 979 5255 1377 5310; x_wconf 85' lang='lat' dir='ltr'><strong>Testamentum</strong></span> <span class='ocrx_word' id='word_1_406' title='bbox 1404 5297 1418 5322; x_wconf 92' lang='lat'><strong>,</strong></span> <span class='ocrx_word' id='word_1_407' title='bbox 1446 5273 1566 5309; x_wconf 88' lang='lat' dir='ltr'><strong>cunt</strong></span> <span class='ocrx_word' id='word_1_408' title='bbox 1595 5265 1649 5311; x_wconf 89' lang='lat' dir='ltr'><strong>et</strong></span> <span class='ocrx_word' id='word_1_409' title='bbox 1678 5257 1730 5309; x_wconf 93' lang='lat' dir='ltr'><strong>in</strong></span> <span class='ocrx_word' id='word_1_410' title='bbox 1761 5256 1853 5309; x_wconf 89' lang='lat' dir='ltr'><strong>illo</strong></span> 
     </span>
    </p>
   </div>
   <div class='ocr_carea' id='block_1_55' title="bbox 279 5346 1853 5416">
    <p class='ocr_par' dir='ltr' id='par_1_55' title="bbox 279 5346 1853 5416">
     <span class='ocr_line' id='line_1_55' title="bbox 279 5346 1853 5416; baseline 0.001 -18"><span class='ocrx_word' id='word_1_411' title='bbox 279 5346 322 5398; x_wconf 88' lang='lat' dir='ltr'><strong>id</strong></span> <span class='ocrx_word' id='word_1_412' title='bbox 359 5359 481 5400; x_wconf 89' lang='lat' dir='ltr'><strong>ante</strong></span> <span class='ocrx_word' id='word_1_413' title='bbox 522 5347 592 5401; x_wconf 90' lang='lat' dir='ltr'><strong>sit</strong></span> <span class='ocrx_word' id='word_1_414' title='bbox 635 5347 961 5416; x_wconf 67' lang='lat' dir='ltr'><strong>praedictum.</strong></span> <span class='ocrx_word' id='word_1_415' title='bbox 995 5347 1084 5401; x_wconf 91' lang='lat' dir='ltr'><strong>Sic</strong></span> <span class='ocrx_word' id='word_1_416' title='bbox 1112 5347 1251 5400; x_wconf 89' lang='lat' dir='ltr'><strong>enim</strong></span> <span class='ocrx_word' id='word_1_417' title='bbox 1282 5346 1383 5400; x_wconf 92' lang='lat' dir='ltr'><strong>hoc</strong></span> <span class='ocrx_word' id='word_1_418' title='bbox 1408 5347 1576 5416; x_wconf 90' lang='lat' dir='ltr'><strong>ipsum</strong></span> <span class='ocrx_word' id='word_1_419' title='bbox 1605 5362 1853 5414; x_wconf 79' lang='lat' dir='ltr'><strong>praenun-</strong></span> 
     </span>
    </p>
   </div>
   <div class='ocr_carea' id='block_1_56' title="bbox 280 5437 1854 5506">
    <p class='ocr_par' dir='ltr' id='par_1_56' title="bbox 280 5437 1854 5506">
     <span class='ocr_line' id='line_1_56' title="bbox 280 5437 1854 5506; baseline 0.002 -17"><span class='ocrx_word' id='word_1_420' title='bbox 280 5438 451 5490; x_wconf 86' lang='lat' dir='ltr'><strong>tiatum</strong></span> <span class='ocrx_word' id='word_1_421' title='bbox 491 5448 576 5491; x_wconf 87' lang='lat' dir='ltr'><strong>est</strong></span> <span class='ocrx_word' id='word_1_422' title='bbox 622 5453 717 5506; x_wconf 88' lang='lat' dir='ltr'><strong>per</strong></span> <span class='ocrx_word' id='word_1_423' title='bbox 761 5437 1109 5506; x_wconf 83' lang='lat' dir='ltr'><strong>prophetam:</strong></span> <span class='ocrx_word' id='word_1_424' title='bbox 1143 5437 1272 5491; x_wconf 84' lang='lat' dir='ltr'><strong>Ecce</strong></span> <span class='ocrx_word' id='word_1_425' title='bbox 1318 5439 1423 5491; x_wconf 84' lang='lat' dir='ltr'><strong>dies</strong></span> <span class='ocrx_word' id='word_1_426' title='bbox 1469 5439 1690 5504; x_wconf 82' lang='lat' dir='ltr'><strong>reuiunt,</strong></span> <span class='ocrx_word' id='word_1_427' title='bbox 1731 5437 1854 5492; x_wconf 83' lang='lat' dir='ltr'><strong>dicit</strong></span> 
     </span>
    </p>
   </div>
   <div class='ocr_carea' id='block_1_57' title="bbox 283 5526 1856 5599">
    <p class='ocr_par' dir='ltr' id='par_1_57' title="bbox 283 5526 1856 5599">
     <span class='ocr_line' id='line_1_57' title="bbox 283 5526 1856 5599; baseline 0.003 -21"><span class='ocrx_word' id='word_1_428' title='bbox 283 5526 516 5581; x_wconf 79' lang='lat' dir='ltr'><strong>Dominus</strong></span> <span class='ocrx_word' id='word_1_429' title='bbox 537 5571 552 5592; x_wconf 88' lang='lat'><strong>,</strong></span> <span class='ocrx_word' id='word_1_430' title='bbox 581 5539 626 5581; x_wconf 87' lang='lat' dir='ltr'><strong>et</strong></span> <span class='ocrx_word' id='word_1_431' title='bbox 657 5527 1012 5582; x_wconf 83' lang='lat' dir='ltr'><strong>ronsummaba</strong></span> <span class='ocrx_word' id='word_1_432' title='bbox 1038 5544 1188 5598; x_wconf 80' lang='lat' dir='ltr'><strong>super</strong></span> <span class='ocrx_word' id='word_1_433' title='bbox 1213 5530 1413 5581; x_wconf 84' lang='lat' dir='ltr'><strong>dontum</strong></span> <span class='ocrx_word' id='word_1_434' title='bbox 1436 5526 1602 5583; x_wconf 83' lang='lat' dir='ltr'><strong>Israel</strong></span> <span class='ocrx_word' id='word_1_435' title='bbox 1630 5541 1674 5583; x_wconf 87' lang='lat' dir='ltr'><strong>et</strong></span> <span class='ocrx_word' id='word_1_436' title='bbox 1704 5546 1856 5599; x_wconf 83' lang='lat' dir='ltr'><strong>super</strong></span> 
     </span>
    </p>
   </div>
   <div class='ocr_carea' id='block_1_58' title="bbox 280 5616 1858 5683">
    <p class='ocr_par' dir='ltr' id='par_1_58' title="bbox 280 5616 1858 5683">
     <span class='ocr_line' id='line_1_58' title="bbox 280 5616 1858 5683; baseline 0.004 -15"><span class='ocrx_word' id='word_1_437' title='bbox 280 5616 472 5670; x_wconf 81' lang='lat' dir='ltr'><strong>domum</strong></span> <span class='ocrx_word' id='word_1_438' title='bbox 500 5618 639 5672; x_wconf 83' lang='lat' dir='ltr'><strong>Juda</strong></span> <span class='ocrx_word' id='word_1_439' title='bbox 663 5618 1033 5672; x_wconf 82' lang='lat' dir='ltr'><strong>Testamentum</strong></span> <span class='ocrx_word' id='word_1_440' title='bbox 1063 5619 1296 5683; x_wconf 81' lang='lat' dir='ltr'><strong>Novum;</strong></span> <span class='ocrx_word' id='word_1_441' title='bbox 1328 5637 1425 5672; x_wconf 88' lang='lat' dir='ltr'><strong>non</strong></span> <span class='ocrx_word' id='word_1_442' title='bbox 1457 5622 1730 5674; x_wconf 85' lang='lat' dir='ltr'><strong>sectmdum</strong></span> <span class='ocrx_word' id='word_1_443' title='bbox 1762 5620 1858 5675; x_wconf 81' lang='lat' dir='ltr'><strong>Te-</strong></span> 
     </span>
    </p>
   </div>
   <div class='ocr_carea' id='block_1_59' title="bbox 283 5712 1855 5783">
    <p class='ocr_par' dir='ltr' id='par_1_59' title="bbox 283 5712 1855 5783">
     <span class='ocr_line' id='line_1_59' title="bbox 283 5712 1855 5783; baseline 0.004 -21"><span class='ocrx_word' id='word_1_444' title='bbox 283 5721 569 5763; x_wconf 70' lang='lat' dir='ltr'><strong>stamentum</strong></span> <span class='ocrx_word' id='word_1_445' title='bbox 605 5713 739 5780; x_wconf 80' lang='lat' dir='ltr'><strong>quod</strong></span> <span class='ocrx_word' id='word_1_446' title='bbox 765 5712 860 5780; x_wconf 76' lang='lat' dir='ltr'><strong>feci</strong></span> <span class='ocrx_word' id='word_1_447' title='bbox 891 5713 1112 5781; x_wconf 81' lang='lat' dir='ltr'><strong>patribus</strong></span> <span class='ocrx_word' id='word_1_448' title='bbox 1140 5730 1332 5776; x_wconf 86' lang='lat' dir='ltr'><strong>eorum,</strong></span> <span class='ocrx_word' id='word_1_449' title='bbox 1364 5715 1412 5764; x_wconf 85' lang='lat' dir='ltr'><strong>in</strong></span> <span class='ocrx_word' id='word_1_450' title='bbox 1445 5714 1524 5767; x_wconf 83' lang='lat' dir='ltr'><strong>die</strong></span> <span class='ocrx_word' id='word_1_451' title='bbox 1547 5731 1643 5781; x_wconf 82' lang='lat' dir='ltr'><strong>qua</strong></span> <span class='ocrx_word' id='word_1_452' title='bbox 1671 5731 1855 5783; x_wconf 77' lang='lat' dir='ltr'><strong>appre-</strong></span> 
     </span>
    </p>
   </div>
   <div class='ocr_carea' id='block_1_60' title="bbox 345 5845 988 5908">
    <p class='ocr_par' dir='ltr' id='par_1_60' title="bbox 345 5845 988 5908">
     <span class='ocr_line' id='line_1_60' title="bbox 345 5845 988 5908; baseline -0.003 -14"><span class='ocrx_word' id='word_1_453' title='bbox 345 5847 359 5876; x_wconf 74' lang='grc' dir='ltr'>ί</span> <span class='ocrx_word' id='word_1_454' title='bbox 393 5846 605 5895; x_wconf 59' lang='lat' dir='ltr'><strong>{Nonnulli</strong></span> <span class='ocrx_word' id='word_1_455' title='bbox 625 5852 714 5894; x_wconf 71' lang='lat' dir='ltr'><strong>n55</strong></span> <span class='ocrx_word' id='word_1_456' title='bbox 736 5882 750 5907; x_wconf 95' lang='lat'><strong>,</strong></span> <span class='ocrx_word' id='word_1_457' title='bbox 771 5845 988 5908; x_wconf 72' lang='lat' dir='ltr'><strong>culpam.</strong></span> 
     </span>
    </p>
   </div>
   <div class='ocr_carea' id='block_1_61' title="bbox 1353 371 2407 432">
    <p class='ocr_par' dir='ltr' id='par_1_61' title="bbox 1353 371 2407 432">
     <span class='ocr_line' id='line_1_61' title="bbox 1353 371 2407 432; baseline -0.006 0"><span class='ocrx_word' id='word_1_458' title='bbox 1353 377 1552 432; x_wconf 75' lang='lat' dir='ltr'><strong>LIBER</strong></span> <span class='ocrx_word' id='word_1_459' title='bbox 1591 371 1998 432; x_wconf 73' lang='lat' dir='ltr'><strong>&#39;I&#39;RIGESIMUS</strong></span> <span class='ocrx_word' id='word_1_460' title='bbox 2033 373 2407 430; x_wconf 84' lang='lat' dir='ltr'><strong>SECUNDUS.</strong></span> 
     </span>
    </p>
   </div>
   <div class='ocr_carea' id='block_1_62' title="bbox 3420 375 3522 431">
    <p class='ocr_par' dir='ltr' id='par_1_62' title="bbox 3420 375 3522 431">
     <span class='ocr_line' id='line_1_62' title="bbox 3420 375 3522 431; baseline -0.01 -1"><span class='ocrx_word' id='word_1_461' title='bbox 3420 375 3522 431; x_wconf 65' lang='lat'><strong>502</strong></span> 
     </span>
    </p>
   </div>
   <div class='ocr_carea' id='block_1_63' title="bbox 1944 487 3542 560">
    <p class='ocr_par' dir='ltr' id='par_1_63' title="bbox 1944 487 3542 560">
     <span class='ocr_line' id='line_1_63' title="bbox 1944 487 3542 560; baseline 0.003 -21"><span class='ocrx_word' id='word_1_462' title='bbox 1944 487 2093 539; x_wconf 80' lang='lat' dir='ltr'><strong>[tendi</strong></span> <span class='ocrx_word' id='word_1_463' title='bbox 2113 503 2317 541; x_wconf 85' lang='lat' dir='ltr'><strong>manum</strong></span> <span class='ocrx_word' id='word_1_464' title='bbox 2343 505 2512 541; x_wconf 86' lang='lat' dir='ltr'><strong>eorum</strong></span> <span class='ocrx_word' id='word_1_465' title='bbox 2534 530 2546 551; x_wconf 91' lang='lat'><strong>,</strong></span> <span class='ocrx_word' id='word_1_466' title='bbox 2591 495 2645 542; x_wconf 88' lang='lat' dir='ltr'><strong>ut</strong></span> <span class='ocrx_word' id='word_1_467' title='bbox 2683 489 2910 558; x_wconf 84' lang='lat' dir='ltr'><strong>ejicerem</strong></span> <span class='ocrx_word' id='word_1_468' title='bbox 2939 505 3021 542; x_wconf 85' lang='lat' dir='ltr'><strong>eos</strong></span> <span class='ocrx_word' id='word_1_469' title='bbox 3057 489 3120 542; x_wconf 84' lang='lat' dir='ltr'><strong>de</strong></span> <span class='ocrx_word' id='word_1_470' title='bbox 3149 498 3280 542; x_wconf 87' lang='lat' dir='ltr'><strong>terra</strong></span> <span class='ocrx_word' id='word_1_471' title='bbox 3308 488 3542 560; x_wconf 62' lang='lat' dir='ltr'><strong>Egypti-</strong></span> 
     </span>
    </p>
   </div>
   <div class='ocr_carea' id='block_1_64' title="bbox 1945 575 3529 648">
    <p class='ocr_par' dir='ltr' id='par_1_64' title="bbox 1945 575 3529 648">
     <span class='ocr_line' id='line_1_64' title="bbox 1945 575 3529 648; baseline 0.004 -19"><span class='ocrx_word' id='word_1_472' title='bbox 1945 575 2160 645; x_wconf 68' lang='grc' dir='ltr'><strong>(λετ-ειη.</strong></span> <span class='ocrx_word' id='word_1_473' title='bbox 2193 593 2350 643; x_wconf 70' lang='lat' dir='ltr'><strong>nrt,</strong></span> <span class='ocrx_word' id='word_1_474' title='bbox 2369 579 2457 641; x_wconf 77' lang='lat' dir='ltr'><strong>5t,</strong></span> <span class='ocrx_word' id='word_1_475' title='bbox 2482 579 2596 648; x_wconf 71' lang='lat'><strong>52).</strong></span> <span class='ocrx_word' id='word_1_476' title='bbox 2630 577 2770 634; x_wconf 83' lang='lat' dir='ltr'><strong>Ecce</strong></span> <span class='ocrx_word' id='word_1_477' title='bbox 2794 579 2915 648; x_wconf 88' lang='lat' dir='ltr'><strong>quia</strong></span> <span class='ocrx_word' id='word_1_478' title='bbox 2946 586 3001 632; x_wconf 90' lang='lat' dir='ltr'><strong>et</strong></span> <span class='ocrx_word' id='word_1_479' title='bbox 3031 579 3130 632; x_wconf 88' lang='lat' dir='ltr'><strong>hoc</strong></span> <span class='ocrx_word' id='word_1_480' title='bbox 3156 579 3529 648; x_wconf 86' lang='lat' dir='ltr'><strong>prophetatum</strong></span> 
     </span>
    </p>
   </div>
   <div class='ocr_carea' id='block_1_65' title="bbox 1943 669 3530 737">
    <p class='ocr_par' dir='ltr' id='par_1_65' title="bbox 1943 669 3530 737">
     <span class='ocr_line' id='line_1_65' title="bbox 1943 669 3530 737; baseline 0.004 -17"><span class='ocrx_word' id='word_1_481' title='bbox 1943 671 2044 731; x_wconf 84' lang='lat' dir='ltr'><strong>est,</strong></span> <span class='ocrx_word' id='word_1_482' title='bbox 2070 683 2172 721; x_wconf 92' lang='lat' dir='ltr'><strong>nou</strong></span> <span class='ocrx_word' id='word_1_483' title='bbox 2203 679 2664 737; x_wconf 86' lang='lat' dir='ltr'><strong>perseveraturum</strong></span> <span class='ocrx_word' id='word_1_484' title='bbox 2694 669 3364 734; x_wconf 86' lang='lat' dir='ltr'><strong>illudTestamentum,sed</strong></span> <span class='ocrx_word' id='word_1_485' title='bbox 3387 672 3530 726; x_wconf 59' lang='lat' dir='ltr'><strong>futuo</strong></span> 
     </span>
    </p>
   </div>
   <div class='ocr_carea' id='block_1_66' title="bbox 1944 757 3532 830">
    <p class='ocr_par' dir='ltr' id='par_1_66' title="bbox 1944 757 3532 830">
     <span class='ocr_line' id='line_1_66' title="bbox 1944 757 3532 830; baseline 0.005 -19"><span class='ocrx_word' id='word_1_486' title='bbox 1944 774 2061 811; x_wconf 89' lang='lat' dir='ltr'><strong>rum</strong></span> <span class='ocrx_word' id='word_1_487' title='bbox 2091 757 2317 813; x_wconf 87' lang='lat' dir='ltr'><strong>Novum.</strong></span> <span class='ocrx_word' id='word_1_488' title='bbox 2348 759 2446 814; x_wconf 86' lang='lat' dir='ltr'><strong>llic</strong></span> <span class='ocrx_word' id='word_1_489' title='bbox 2461 761 2503 813; x_wconf 92' lang='lat' dir='ltr'><strong>si</strong></span> <span class='ocrx_word' id='word_1_490' title='bbox 2520 759 2787 830; x_wconf 85' lang='lat' dir='ltr'><strong>objectqu</strong></span> <span class='ocrx_word' id='word_1_491' title='bbox 2811 758 2989 827; x_wconf 85' lang='lat' dir='ltr'><strong>fuerit,</strong></span> <span class='ocrx_word' id='word_1_492' title='bbox 3014 771 3117 815; x_wconf 89' lang='lat' dir='ltr'><strong>n0n</strong></span> <span class='ocrx_word' id='word_1_493' title='bbox 3139 769 3238 815; x_wconf 83' lang='lat' dir='ltr'><strong>nos</strong></span> <span class='ocrx_word' id='word_1_494' title='bbox 3265 765 3532 830; x_wconf 81' lang='lat' dir='ltr'><strong>pertinere</strong></span> 
     </span>
    </p>
   </div>
   <div class='ocr_carea' id='block_1_67' title="bbox 1943 847 3532 923">
    <p class='ocr_par' dir='ltr' id='par_1_67' title="bbox 1943 847 3532 923">
     <span class='ocr_line' id='line_1_67' title="bbox 1943 847 3532 923; baseline 0.004 -22"><span class='ocrx_word' id='word_1_495' title='bbox 1943 848 2008 902; x_wconf 93' lang='lat' dir='ltr'><strong>ad</strong></span> <span class='ocrx_word' id='word_1_496' title='bbox 2035 849 2250 904; x_wconf 91' lang='lat' dir='ltr'><strong>domum</strong></span> <span class='ocrx_word' id='word_1_497' title='bbox 2281 849 2442 905; x_wconf 88' lang='lat' dir='ltr'><strong>Israel</strong></span> <span class='ocrx_word' id='word_1_498' title='bbox 2481 859 2550 905; x_wconf 87' lang='lat' dir='ltr'><strong>et-</strong></span> <span class='ocrx_word' id='word_1_499' title='bbox 2571 852 2787 905; x_wconf 88' lang='lat' dir='ltr'><strong>domum</strong></span> <span class='ocrx_word' id='word_1_500' title='bbox 2817 847 2987 918; x_wconf 81' lang='lat' dir='ltr'><strong>Juda;</strong></span> <span class='ocrx_word' id='word_1_501' title='bbox 3025 866 3092 906; x_wconf 82' lang='lat' dir='ltr'><strong>ex</strong></span> <span class='ocrx_word' id='word_1_502' title='bbox 3125 851 3366 907; x_wconf 86' lang='lat' dir='ltr'><strong>doctrina</strong></span> <span class='ocrx_word' id='word_1_503' title='bbox 3400 868 3532 923; x_wconf 86' lang='lat' dir='ltr'><strong>apo-</strong></span> 
     </span>
    </p>
   </div>
   <div class='ocr_carea' id='block_1_68' title="bbox 1943 941 3550 1014">
    <p class='ocr_par' dir='ltr' id='par_1_68' title="bbox 1943 941 3550 1014">
     <span class='ocr_line' id='line_1_68' title="bbox 1943 941 3550 1014; baseline 0.002 -18"><span class='ocrx_word' id='word_1_504' title='bbox 1943 943 2126 996; x_wconf 90' lang='lat' dir='ltr'><strong>stolica</strong></span> <span class='ocrx_word' id='word_1_505' title='bbox 2156 957 2253 997; x_wconf 90' lang='lat' dir='ltr'><strong>nos</strong></span> <span class='ocrx_word' id='word_1_506' title='bbox 2278 941 2631 1006; x_wconf 76' lang='lat' dir='ltr'><strong>defendimus,</strong></span> <span class='ocrx_word' id='word_1_507' title='bbox 2654 945 2774 1014; x_wconf 87' lang='lat' dir='ltr'><strong>quia</strong></span> <span class='ocrx_word' id='word_1_508' title='bbox 2807 959 2986 1000; x_wconf 89' lang='lat' dir='ltr'><strong>semen</strong></span> <span class='ocrx_word' id='word_1_509' title='bbox 3012 945 3240 1000; x_wconf 64' lang='lat' dir='ltr'><strong>Abrahae</strong></span> <span class='ocrx_word' id='word_1_510' title='bbox 3259 944 3550 1001; x_wconf 78' lang='lat' dir='ltr'><strong>Christumi</strong></span> 
     </span>
    </p>
   </div>
   <div class='ocr_carea' id='block_1_69' title="bbox 1943 1033 3531 1107">
    <p class='ocr_par' dir='ltr' id='par_1_69' title="bbox 1943 1033 3531 1107">
     <span class='ocr_line' id='line_1_69' title="bbox 1943 1033 3531 1107; baseline 0.001 -18"><span class='ocrx_word' id='word_1_511' title='bbox 1943 1048 2062 1089; x_wconf 89' lang='lat' dir='ltr'><strong>esse</strong></span> <span class='ocrx_word' id='word_1_512' title='bbox 2091 1033 2248 1090; x_wconf 83' lang='lat' dir='ltr'><strong>docet</strong></span> <span class='ocrx_word' id='word_1_513' title='bbox 2276 1035 2562 1105; x_wconf 85' lang='lat' dir='ltr'><strong>Apostolus</strong></span> <span class='ocrx_word' id='word_1_514' title='bbox 2582 1075 2595 1099; x_wconf 87' lang='lat'><strong>,</strong></span> <span class='ocrx_word' id='word_1_515' title='bbox 2628 1036 2884 1107; x_wconf 89' lang='lat' dir='ltr'><strong>uobisque</strong></span> <span class='ocrx_word' id='word_1_516' title='bbox 2912 1037 2978 1091; x_wconf 89' lang='lat' dir='ltr'><strong>ad</strong></span> <span class='ocrx_word' id='word_1_517' title='bbox 3004 1051 3200 1106; x_wconf 90' lang='lat' dir='ltr'><strong>corpus</strong></span> <span class='ocrx_word' id='word_1_518' title='bbox 3225 1037 3340 1106; x_wconf 84' lang='lat' dir='ltr'><strong>ejus</strong></span> <span class='ocrx_word' id='word_1_519' title='bbox 3368 1038 3531 1107; x_wconf 89' lang='lat' dir='ltr'><strong>perti-</strong></span> 
     </span>
    </p>
   </div>
   <div class='ocr_carea' id='block_1_70' title="bbox 1944 1127 3530 1203">
    <p class='ocr_par' dir='ltr' id='par_1_70' title="bbox 1944 1127 3530 1203">
     <span class='ocr_line' id='line_1_70' title="bbox 1944 1127 3530 1203; baseline 0.003 -22"><span class='ocrx_word' id='word_1_520' title='bbox 1944 1127 2192 1183; x_wconf 88' lang='lat' dir='ltr'><strong>nentibus</strong></span> <span class='ocrx_word' id='word_1_521' title='bbox 2220 1128 2382 1192; x_wconf 90' lang='lat' dir='ltr'><strong>dicit,</strong></span> <span class='ocrx_word' id='word_1_522' title='bbox 2421 1127 2561 1199; x_wconf 87' lang='lat' dir='ltr'><strong>Ergo</strong></span> <span class='ocrx_word' id='word_1_523' title='bbox 2588 1129 2804 1184; x_wconf 72' lang='lat' dir='ltr'><strong>Abralue</strong></span> <span class='ocrx_word' id='word_1_524' title='bbox 2832 1145 2998 1184; x_wconf 82' lang='lat' dir='ltr'><strong>semen</strong></span> <span class='ocrx_word' id='word_1_525' title='bbox 3036 1131 3152 1185; x_wconf 81' lang='lat' dir='ltr'><strong>estis</strong></span> <span class='ocrx_word' id='word_1_526' title='bbox 3197 1129 3217 1203; x_wconf 90' lang='lat'><strong>(</strong></span> <span class='ocrx_word' id='word_1_527' title='bbox 3243 1130 3413 1185; x_wconf 84' lang='lat' dir='ltr'><strong>Galat.</strong></span> <span class='ocrx_word' id='word_1_528' title='bbox 3453 1148 3530 1195; x_wconf 90' lang='lat' dir='ltr'><strong>tu,</strong></span> 
     </span>
    </p>
   </div>
   <div class='ocr_carea' id='block_1_71' title="bbox 1942 1221 3526 1292">
    <p class='ocr_par' dir='ltr' id='par_1_71' title="bbox 1942 1221 3526 1292">
     <span class='ocr_line' id='line_1_71' title="bbox 1942 1221 3526 1292; baseline 0.001 -16"><span class='ocrx_word' id='word_1_529' title='bbox 1942 1221 2012 1276; x_wconf 77' lang='grc'>29</span> <span class='ocrx_word' id='word_1_530' title='bbox 2031 1221 2074 1291; x_wconf 91' lang='lat'><strong>-).</strong></span> <span class='ocrx_word' id='word_1_531' title='bbox 2110 1223 2275 1276; x_wconf 72' lang='lat' dir='ltr'><strong>Porro</strong></span> <span class='ocrx_word' id='word_1_532' title='bbox 2300 1223 2342 1276; x_wconf 89' lang='lat' dir='ltr'><strong>si</strong></span> <span class='ocrx_word' id='word_1_533' title='bbox 2371 1222 2651 1292; x_wconf 72' lang='lat' dir='ltr'><strong>qumsitum</strong></span> <span class='ocrx_word' id='word_1_534' title='bbox 2683 1238 2711 1276; x_wconf 91' lang='lat' dir='ltr'><strong>a</strong></span> <span class='ocrx_word' id='word_1_535' title='bbox 2741 1221 2896 1277; x_wconf 86' lang='lat' dir='ltr'><strong>nobis</strong></span> <span class='ocrx_word' id='word_1_536' title='bbox 2915 1221 3088 1288; x_wconf 88' lang='lat' dir='ltr'><strong>fuerit,</strong></span> <span class='ocrx_word' id='word_1_537' title='bbox 3130 1229 3226 1277; x_wconf 87' lang='lat' dir='ltr'><strong>eur</strong></span> <span class='ocrx_word' id='word_1_538' title='bbox 3254 1224 3394 1278; x_wconf 90' lang='lat' dir='ltr'><strong>illius</strong></span> <span class='ocrx_word' id='word_1_539' title='bbox 3421 1221 3526 1278; x_wconf 88' lang='lat' dir='ltr'><strong>Te-</strong></span> 
     </span>
    </p>
   </div>
   <div class='ocr_carea' id='block_1_72' title="bbox 1941 1312 3526 1383">
    <p class='ocr_par' dir='ltr' id='par_1_72' title="bbox 1941 1312 3526 1383">
     <span class='ocr_line' id='line_1_72' title="bbox 1941 1312 3526 1383; baseline -0.001 -16"><span class='ocrx_word' id='word_1_540' title='bbox 1941 1313 2190 1367; x_wconf 85' lang='lat' dir='ltr'><strong>stamenti</strong></span> <span class='ocrx_word' id='word_1_541' title='bbox 2247 1313 2616 1367; x_wconf 87' lang='lat' dir='ltr'><strong>auctoritatem</strong></span> <span class='ocrx_word' id='word_1_542' title='bbox 2667 1323 2974 1378; x_wconf 85' lang='lat' dir='ltr'><strong>teneamus,</strong></span> <span class='ocrx_word' id='word_1_543' title='bbox 3022 1314 3172 1383; x_wconf 90' lang='lat' dir='ltr'><strong>cujus</strong></span> <span class='ocrx_word' id='word_1_544' title='bbox 3213 1312 3370 1368; x_wconf 89' lang='lat' dir='ltr'><strong>ritum</strong></span> <span class='ocrx_word' id='word_1_545' title='bbox 3420 1327 3526 1368; x_wconf 90' lang='lat' dir='ltr'><strong>non</strong></span> 
     </span>
    </p>
   </div>
   <div class='ocr_carea' id='block_1_73' title="bbox 1943 1402 3530 1476">
    <p class='ocr_par' dir='ltr' id='par_1_73' title="bbox 1943 1402 3530 1476">
     <span class='ocr_line' id='line_1_73' title="bbox 1943 1402 3530 1476; baseline 0.003 -21"><span class='ocrx_word' id='word_1_546' title='bbox 1943 1402 2319 1468; x_wconf 88' lang='lat' dir='ltr'><strong>observamus;</strong></span> <span class='ocrx_word' id='word_1_547' title='bbox 2353 1415 2406 1458; x_wconf 90' lang='lat' dir='ltr'><strong>et</strong></span> <span class='ocrx_word' id='word_1_548' title='bbox 2431 1404 2494 1459; x_wconf 89' lang='lat' dir='ltr'><strong>ad</strong></span> <span class='ocrx_word' id='word_1_549' title='bbox 2521 1404 2620 1459; x_wconf 90' lang='lat' dir='ltr'><strong>hoc</strong></span> <span class='ocrx_word' id='word_1_550' title='bbox 2644 1421 2707 1460; x_wconf 84' lang='lat' dir='ltr'><strong>ex</strong></span> <span class='ocrx_word' id='word_1_551' title='bbox 2740 1405 2953 1460; x_wconf 88' lang='lat' dir='ltr'><strong>Litteris</strong></span> <span class='ocrx_word' id='word_1_552' title='bbox 2983 1406 3282 1476; x_wconf 89' lang='lat' dir='ltr'><strong>apostolicis</strong></span> <span class='ocrx_word' id='word_1_553' title='bbox 3309 1421 3530 1476; x_wconf 83' lang='lat' dir='ltr'><strong>respon-</strong></span> 
     </span>
    </p>
   </div>
   <div class='ocr_carea' id='block_1_74' title="bbox 1943 1492 3529 1567">
    <p class='ocr_par' dir='ltr' id='par_1_74' title="bbox 1943 1492 3529 1567">
     <span class='ocr_line' id='line_1_74' title="bbox 1943 1492 3529 1567; baseline 0.003 -21"><span class='ocrx_word' id='word_1_554' title='bbox 1943 1492 2169 1547; x_wconf 89' lang='lat' dir='ltr'><strong>demus:</strong></span> <span class='ocrx_word' id='word_1_555' title='bbox 2197 1495 2270 1547; x_wconf 88' lang='lat' dir='ltr'><strong>ait</strong></span> <span class='ocrx_word' id='word_1_556' title='bbox 2304 1495 2444 1549; x_wconf 89' lang='lat' dir='ltr'><strong>enim</strong></span> <span class='ocrx_word' id='word_1_557' title='bbox 2475 1497 2775 1566; x_wconf 84' lang='lat' dir='ltr'><strong>Apostolus,</strong></span> <span class='ocrx_word' id='word_1_558' title='bbox 2811 1493 2974 1549; x_wconf 86' lang='lat' dir='ltr'><strong>Nemo</strong></span> <span class='ocrx_word' id='word_1_559' title='bbox 3008 1512 3127 1564; x_wconf 83' lang='lat' dir='ltr'><strong>ergo</strong></span> <span class='ocrx_word' id='word_1_560' title='bbox 3151 1497 3447 1567; x_wconf 81' lang='lat' dir='ltr'><strong>uosjttdicet</strong></span> <span class='ocrx_word' id='word_1_561' title='bbox 3474 1497 3529 1551; x_wconf 83' lang='lat' dir='ltr'><strong>in</strong></span> 
     </span>
    </p>
   </div>
   <div class='ocr_carea' id='block_1_75' title="bbox 1943 1583 3530 1658">
    <p class='ocr_par' dir='ltr' id='par_1_75' title="bbox 1943 1583 3530 1658">
     <span class='ocr_line' id='line_1_75' title="bbox 1943 1583 3530 1658; baseline 0.003 -22"><span class='ocrx_word' id='word_1_562' title='bbox 1943 1583 2052 1638; x_wconf 86' lang='lat' dir='ltr'><strong>cibo</strong></span> <span class='ocrx_word' id='word_1_563' title='bbox 2093 1595 2138 1638; x_wconf 91' lang='lat' dir='ltr'><strong>et</strong></span> <span class='ocrx_word' id='word_1_564' title='bbox 2179 1596 2322 1654; x_wconf 85' lang='lat' dir='ltr'><strong>potu,</strong></span> <span class='ocrx_word' id='word_1_565' title='bbox 2345 1596 2432 1640; x_wconf 87' lang='lat' dir='ltr'><strong>aut</strong></span> <span class='ocrx_word' id='word_1_566' title='bbox 2473 1589 2523 1641; x_wconf 87' lang='lat' dir='ltr'><strong>in</strong></span> <span class='ocrx_word' id='word_1_567' title='bbox 2559 1600 2701 1658; x_wconf 87' lang='lat' dir='ltr'><strong>parte</strong></span> <span class='ocrx_word' id='word_1_568' title='bbox 2724 1588 2824 1640; x_wconf 86' lang='lat' dir='ltr'><strong>diei</strong></span> <span class='ocrx_word' id='word_1_569' title='bbox 2848 1587 2980 1656; x_wconf 69' lang='lat' dir='ltr'><strong>festi,</strong></span> <span class='ocrx_word' id='word_1_570' title='bbox 3006 1597 3092 1640; x_wconf 86' lang='lat' dir='ltr'><strong>aut</strong></span> <span class='ocrx_word' id='word_1_571' title='bbox 3122 1589 3409 1651; x_wconf 74' lang='lat' dir='ltr'><strong>neomenite,</strong></span> <span class='ocrx_word' id='word_1_572' title='bbox 3441 1597 3530 1641; x_wconf 89' lang='lat' dir='ltr'><strong>aut</strong></span> 
     </span>
    </p>
   </div>
   <div class='ocr_carea' id='block_1_76' title="bbox 1943 1674 3525 1749">
    <p class='ocr_par' dir='ltr' id='par_1_76' title="bbox 1943 1674 3525 1749">
     <span class='ocr_line' id='line_1_76' title="bbox 1943 1674 3525 1749; baseline 0.003 -20"><span class='ocrx_word' id='word_1_573' title='bbox 1943 1674 2280 1740; x_wconf 78' lang='lat' dir='ltr'><strong>sabbatorum,</strong></span> <span class='ocrx_word' id='word_1_574' title='bbox 2309 1678 2444 1744; x_wconf 80' lang='lat' dir='ltr'><strong>quod</strong></span> <span class='ocrx_word' id='word_1_575' title='bbox 2467 1686 2538 1731; x_wconf 81' lang='lat' dir='ltr'><strong>est</strong></span> <span class='ocrx_word' id='word_1_576' title='bbox 2568 1677 2743 1731; x_wconf 88' lang='lat' dir='ltr'><strong>umbra</strong></span> <span class='ocrx_word' id='word_1_577' title='bbox 2765 1681 3048 1748; x_wconf 80' lang='lat' dir='ltr'><strong>futurorum</strong></span> <span class='ocrx_word' id='word_1_578' title='bbox 3085 1677 3317 1749; x_wconf 84' lang='lat' dir='ltr'><strong>(Caloss.</strong></span> <span class='ocrx_word' id='word_1_579' title='bbox 3349 1695 3406 1745; x_wconf 90' lang='lat' dir='ltr'><strong>tt,</strong></span> <span class='ocrx_word' id='word_1_580' title='bbox 3437 1679 3525 1744; x_wconf 77' lang='grc'><strong>16,</strong></span> 
     </span>
    </p>
   </div>
   <div class='ocr_carea' id='block_1_77' title="bbox 1947 1767 3547 1839">
    <p class='ocr_par' dir='ltr' id='par_1_77' title="bbox 1947 1767 3547 1839">
     <span class='ocr_line' id='line_1_77' title="bbox 1947 1767 3547 1839; baseline 0.004 -21"><span class='ocrx_word' id='word_1_581' title='bbox 1947 1767 2010 1819; x_wconf 82' lang='lat' dir='ltr'><strong>l7</strong></span> <span class='ocrx_word' id='word_1_582' title='bbox 2034 1767 2072 1835; x_wconf 85' lang='lat'><strong>).</strong></span> <span class='ocrx_word' id='word_1_583' title='bbox 2109 1767 2181 1821; x_wconf 90' lang='lat' dir='ltr'><strong>Ita</strong></span> <span class='ocrx_word' id='word_1_584' title='bbox 2221 1768 2414 1838; x_wconf 86' lang='lat' dir='ltr'><strong>quippe</strong></span> <span class='ocrx_word' id='word_1_585' title='bbox 2440 1779 2494 1824; x_wconf 87' lang='lat' dir='ltr'><strong>et</strong></span> <span class='ocrx_word' id='word_1_586' title='bbox 2521 1785 2614 1823; x_wconf 88' lang='lat' dir='ltr'><strong>cur</strong></span> <span class='ocrx_word' id='word_1_587' title='bbox 2639 1785 2701 1823; x_wconf 89' lang='lat' dir='ltr'><strong>ea</strong></span> <span class='ocrx_word' id='word_1_588' title='bbox 2733 1769 2830 1838; x_wconf 87' lang='lat' dir='ltr'><strong>legi</strong></span> <span class='ocrx_word' id='word_1_589' title='bbox 2866 1779 3025 1839; x_wconf 91' lang='lat' dir='ltr'><strong>atque</strong></span> <span class='ocrx_word' id='word_1_590' title='bbox 3053 1771 3218 1838; x_wconf 88' lang='lat' dir='ltr'><strong>accipi</strong></span> <span class='ocrx_word' id='word_1_591' title='bbox 3247 1778 3547 1838; x_wconf 33' lang='lat' dir='ltr'><strong>Oporteatr</strong></span> 
     </span>
    </p>
   </div>
   <div class='ocr_carea' id='block_1_78' title="bbox 1944 1859 3527 1933">
    <p class='ocr_par' dir='ltr' id='par_1_78' title="bbox 1944 1859 3527 1933">
     <span class='ocr_line' id='line_1_78' title="bbox 1944 1859 3527 1933; baseline 0.004 -23"><span class='ocrx_word' id='word_1_592' title='bbox 1944 1859 2212 1924; x_wconf 83' lang='lat' dir='ltr'><strong>ostendit,</strong></span> <span class='ocrx_word' id='word_1_593' title='bbox 2256 1860 2304 1912; x_wconf 88' lang='lat' dir='ltr'><strong>id</strong></span> <span class='ocrx_word' id='word_1_594' title='bbox 2346 1870 2446 1923; x_wconf 63' lang='lat' dir='ltr'><strong>et,</strong></span> <span class='ocrx_word' id='word_1_595' title='bbox 2480 1876 2548 1914; x_wconf 88' lang='lat' dir='ltr'><strong>ne</strong></span> <span class='ocrx_word' id='word_1_596' title='bbox 2580 1861 2909 1930; x_wconf 86' lang='lat' dir='ltr'><strong>prophetiam</strong></span> <span class='ocrx_word' id='word_1_597' title='bbox 2941 1863 3336 1930; x_wconf 80' lang='lat' dir='ltr'><strong>cxstinguamus</strong></span> <span class='ocrx_word' id='word_1_598' title='bbox 3359 1903 3374 1928; x_wconf 94' lang='lat'><strong>,</strong></span> <span class='ocrx_word' id='word_1_599' title='bbox 3405 1863 3527 1933; x_wconf 90' lang='lat' dir='ltr'><strong>quia</strong></span> 
     </span>
    </p>
   </div>
   <div class='ocr_carea' id='block_1_79' title="bbox 1945 1948 3530 2018">
    <p class='ocr_par' dir='ltr' id='par_1_79' title="bbox 1945 1948 3530 2018">
     <span class='ocr_line' id='line_1_79' title="bbox 1945 1948 3530 2018; baseline 0.006 -18"><span class='ocrx_word' id='word_1_600' title='bbox 1945 1948 1996 2001; x_wconf 93' lang='lat' dir='ltr'><strong>in</strong></span> <span class='ocrx_word' id='word_1_601' title='bbox 2027 1950 2208 2004; x_wconf 87' lang='lat' dir='ltr'><strong>umhra</strong></span> <span class='ocrx_word' id='word_1_602' title='bbox 2237 1949 2370 2005; x_wconf 88' lang='lat' dir='ltr'><strong>facta</strong></span> <span class='ocrx_word' id='word_1_603' title='bbox 2398 1962 2521 2006; x_wconf 90' lang='lat' dir='ltr'><strong>sunt</strong></span> <span class='ocrx_word' id='word_1_604' title='bbox 2553 1952 2881 2018; x_wconf 78' lang='lat' dir='ltr'><strong>futurorum;</strong></span> <span class='ocrx_word' id='word_1_605' title='bbox 2910 1962 2962 2008; x_wconf 92' lang='lat' dir='ltr'><strong>et</strong></span> <span class='ocrx_word' id='word_1_606' title='bbox 2987 1967 3175 2009; x_wconf 78' lang='lat' dir='ltr'><strong>curare</strong></span> <span class='ocrx_word' id='word_1_607' title='bbox 3200 1969 3294 2007; x_wconf 86' lang='lat' dir='ltr'><strong>nos</strong></span> <span class='ocrx_word' id='word_1_608' title='bbox 3319 1969 3422 2007; x_wconf 89' lang='lat' dir='ltr'><strong>non</strong></span> <span class='ocrx_word' id='word_1_609' title='bbox 3443 1953 3530 2009; x_wconf 62' lang='lat' dir='ltr'><strong>deo</strong></span> 
     </span>
    </p>
   </div>
   <div class='ocr_carea' id='block_1_80' title="bbox 1946 2045 3530 2117">
    <p class='ocr_par' dir='ltr' id='par_1_80' title="bbox 1946 2045 3530 2117">
     <span class='ocr_line' id='line_1_80' title="bbox 1946 2045 3530 2117; baseline 0.003 -20"><span class='ocrx_word' id='word_1_610' title='bbox 1946 2045 2072 2099; x_wconf 88' lang='lat' dir='ltr'><strong>bere</strong></span> <span class='ocrx_word' id='word_1_611' title='bbox 2097 2061 2190 2100; x_wconf 89' lang='lat' dir='ltr'><strong>eos</strong></span> <span class='ocrx_word' id='word_1_612' title='bbox 2218 2047 2304 2116; x_wconf 88' lang='lat' dir='ltr'><strong>qui</strong></span> <span class='ocrx_word' id='word_1_613' title='bbox 2333 2048 2570 2103; x_wconf 83' lang='lat' dir='ltr'><strong>noshinc</strong></span> <span class='ocrx_word' id='word_1_614' title='bbox 2593 2047 2830 2117; x_wconf 87' lang='lat' dir='ltr'><strong>judicare</strong></span> <span class='ocrx_word' id='word_1_615' title='bbox 2859 2048 3139 2112; x_wconf 89' lang='lat' dir='ltr'><strong>voluerint,</strong></span> <span class='ocrx_word' id='word_1_616' title='bbox 3166 2047 3304 2117; x_wconf 91' lang='lat' dir='ltr'><strong>quod</strong></span> <span class='ocrx_word' id='word_1_617' title='bbox 3334 2051 3530 2116; x_wconf 56' lang='lat' dir='ltr'><strong>corpu.</strong></span> 
     </span>
    </p>
   </div>
   <div class='ocr_carea' id='block_1_81' title="bbox 1947 2136 3531 2207">
    <p class='ocr_par' dir='ltr' id='par_1_81' title="bbox 1947 2136 3531 2207">
     <span class='ocr_line' id='line_1_81' title="bbox 1947 2136 3531 2207; baseline 0.004 -21"><span class='ocrx_word' id='word_1_618' title='bbox 1947 2136 2126 2190; x_wconf 89' lang='lat' dir='ltr'><strong>raliter</strong></span> <span class='ocrx_word' id='word_1_619' title='bbox 2144 2136 2252 2206; x_wconf 90' lang='lat' dir='ltr'><strong>jam</strong></span> <span class='ocrx_word' id='word_1_620' title='bbox 2283 2154 2385 2191; x_wconf 90' lang='lat' dir='ltr'><strong>non</strong></span> <span class='ocrx_word' id='word_1_621' title='bbox 2419 2139 2768 2192; x_wconf 89' lang='lat' dir='ltr'><strong>observemus</strong></span> <span class='ocrx_word' id='word_1_622' title='bbox 2797 2155 2810 2192; x_wconf 91' lang='lat'><strong>:</strong></span> <span class='ocrx_word' id='word_1_623' title='bbox 2843 2139 2979 2193; x_wconf 88' lang='lat' dir='ltr'><strong>sicut</strong></span> <span class='ocrx_word' id='word_1_624' title='bbox 3007 2139 3130 2193; x_wconf 88' lang='lat' dir='ltr'><strong>ahbi</strong></span> <span class='ocrx_word' id='word_1_625' title='bbox 3156 2140 3258 2193; x_wconf 88' lang='lat' dir='ltr'><strong>tale</strong></span> <span class='ocrx_word' id='word_1_626' title='bbox 3279 2138 3531 2207; x_wconf 84' lang='lat' dir='ltr'><strong>quiddam</strong></span> 
     </span>
    </p>
   </div>
   <div class='ocr_carea' id='block_1_82' title="bbox 1945 2227 3530 2300">
    <p class='ocr_par' dir='ltr' id='par_1_82' title="bbox 1945 2227 3530 2300">
     <span class='ocr_line' id='line_1_82' title="bbox 1945 2227 3530 2300; baseline 0.002 -20"><span class='ocrx_word' id='word_1_627' title='bbox 1945 2227 2095 2292; x_wconf 79' lang='lat' dir='ltr'><strong>dixit,</strong></span> <span class='ocrx_word' id='word_1_628' title='bbox 2133 2227 2255 2282; x_wconf 73' lang='lat' dir='ltr'><strong>Hcce</strong></span> <span class='ocrx_word' id='word_1_629' title='bbox 2284 2230 2334 2282; x_wconf 88' lang='lat' dir='ltr'><strong>in</strong></span> <span class='ocrx_word' id='word_1_630' title='bbox 2365 2231 2528 2300; x_wconf 77' lang='lat' dir='ltr'><strong>figura</strong></span> <span class='ocrx_word' id='word_1_631' title='bbox 2551 2231 2898 2300; x_wconf 82' lang='lat' dir='ltr'><strong>contingebant</strong></span> <span class='ocrx_word' id='word_1_632' title='bbox 2925 2229 3060 2296; x_wconf 82' lang='lat' dir='ltr'><strong>illis;</strong></span> <span class='ocrx_word' id='word_1_633' title='bbox 3087 2231 3271 2300; x_wconf 81' lang='lat' dir='ltr'><strong>scriptu</strong></span> <span class='ocrx_word' id='word_1_634' title='bbox 3291 2235 3407 2284; x_wconf 76' lang='lat' dir='ltr'><strong>sunt</strong></span> <span class='ocrx_word' id='word_1_635' title='bbox 3431 2245 3530 2283; x_wconf 82' lang='lat' dir='ltr'><strong>au-</strong></span> 
     </span>
    </p>
   </div>
   <div class='ocr_carea' id='block_1_83' title="bbox 1946 2321 3532 2393">
    <p class='ocr_par' dir='ltr' id='par_1_83' title="bbox 1946 2321 3532 2393">
     <span class='ocr_line' id='line_1_83' title="bbox 1946 2321 3532 2393; baseline 0.002 -21"><span class='ocrx_word' id='word_1_636' title='bbox 1946 2329 2044 2373; x_wconf 85' lang='lat' dir='ltr'><strong>tem</strong></span> <span class='ocrx_word' id='word_1_637' title='bbox 2063 2331 2268 2389; x_wconf 77' lang='lat' dir='ltr'><strong>propter</strong></span> <span class='ocrx_word' id='word_1_638' title='bbox 2296 2324 2661 2391; x_wconf 80' lang='lat' dir='ltr'><strong>correptionem</strong></span> <span class='ocrx_word' id='word_1_639' title='bbox 2682 2333 2926 2388; x_wconf 83' lang='lat' dir='ltr'><strong>nostram,</strong></span> <span class='ocrx_word' id='word_1_640' title='bbox 2951 2322 3003 2376; x_wconf 85' lang='lat' dir='ltr'><strong>in</strong></span> <span class='ocrx_word' id='word_1_641' title='bbox 3023 2329 3146 2393; x_wconf 83' lang='lat' dir='ltr'><strong>quos</strong></span> <span class='ocrx_word' id='word_1_642' title='bbox 3172 2321 3532 2391; x_wconf 41' lang='lat' dir='ltr'><strong>[inis‘steculo-</strong></span> 
     </span>
    </p>
   </div>
   <div class='ocr_carea' id='block_1_84' title="bbox 1947 2409 3528 2484">
    <p class='ocr_par' dir='ltr' id='par_1_84' title="bbox 1947 2409 3528 2484">
     <span class='ocr_line' id='line_1_84' title="bbox 1947 2409 3528 2484; baseline 0.001 -20"><span class='ocrx_word' id='word_1_643' title='bbox 1947 2428 2059 2464; x_wconf 89' lang='lat' dir='ltr'><strong>rum</strong></span> <span class='ocrx_word' id='word_1_644' title='bbox 2084 2411 2276 2465; x_wconf 82' lang='lat' dir='ltr'><strong>obrenit</strong></span> <span class='ocrx_word' id='word_1_645' title='bbox 2301 2412 2342 2483; x_wconf 93' lang='grc' dir='ltr'><strong>(Ι</strong></span> <span class='ocrx_word' id='word_1_646' title='bbox 2368 2409 2485 2466; x_wconf 90' lang='lat' dir='ltr'><strong>Cor.</strong></span> <span class='ocrx_word' id='word_1_647' title='bbox 2511 2429 2567 2476; x_wconf 73' lang='grc' dir='ltr'><strong>ι,</strong></span> <span class='ocrx_word' id='word_1_648' title='bbox 2603 2409 2716 2484; x_wconf 81' lang='lat' dir='ltr'><strong>ll).</strong></span> <span class='ocrx_word' id='word_1_649' title='bbox 2743 2412 2874 2468; x_wconf 88' lang='lat' dir='ltr'><strong>Cum</strong></span> <span class='ocrx_word' id='word_1_650' title='bbox 2898 2429 3023 2484; x_wconf 83' lang='lat' dir='ltr'><strong>ergo</strong></span> <span class='ocrx_word' id='word_1_651' title='bbox 3047 2415 3150 2468; x_wconf 80' lang='lat' dir='ltr'><strong>tale</strong></span> <span class='ocrx_word' id='word_1_652' title='bbox 3178 2411 3376 2482; x_wconf 85' lang='lat' dir='ltr'><strong>aliquid</strong></span> <span class='ocrx_word' id='word_1_653' title='bbox 3397 2411 3528 2482; x_wconf 88' lang='lat' dir='ltr'><strong>legi-</strong></span> 
     </span>
    </p>
   </div>
   <div class='ocr_carea' id='block_1_85' title="bbox 1948 2503 3528 2575">
    <p class='ocr_par' dir='ltr' id='par_1_85' title="bbox 1948 2503 3528 2575">
     <span class='ocr_line' id='line_1_85' title="bbox 1948 2503 3528 2575; baseline 0.001 -19"><span class='ocrx_word' id='word_1_654' title='bbox 1948 2511 2032 2556; x_wconf 92' lang='lat' dir='ltr'><strong>tur</strong></span> <span class='ocrx_word' id='word_1_655' title='bbox 2061 2503 2111 2556; x_wconf 89' lang='lat' dir='ltr'><strong>in</strong></span> <span class='ocrx_word' id='word_1_656' title='bbox 2143 2503 2493 2559; x_wconf 82' lang='lat' dir='ltr'><strong>instrumento</strong></span> <span class='ocrx_word' id='word_1_657' title='bbox 2521 2505 2728 2561; x_wconf 83' lang='lat' dir='ltr'><strong>Veteris</strong></span> <span class='ocrx_word' id='word_1_658' title='bbox 2762 2505 3110 2569; x_wconf 79' lang='lat' dir='ltr'><strong>Testamenti,</strong></span> <span class='ocrx_word' id='word_1_659' title='bbox 3139 2505 3294 2575; x_wconf 88' lang='lat' dir='ltr'><strong>quale</strong></span> <span class='ocrx_word' id='word_1_660' title='bbox 3319 2519 3349 2574; x_wconf 79' lang='lat' dir='ltr'><strong>a</strong></span> <span class='ocrx_word' id='word_1_661' title='bbox 3373 2503 3528 2559; x_wconf 85' lang='lat' dir='ltr'><strong>nobis</strong></span> 
     </span>
    </p>
   </div>
   <div class='ocr_carea' id='block_1_86' title="bbox 1945 2593 3558 2664">
    <p class='ocr_par' dir='ltr' id='par_1_86' title="bbox 1945 2593 3558 2664">
     <span class='ocr_line' id='line_1_86' title="bbox 1945 2593 3558 2664; baseline 0.001 -18"><span class='ocrx_word' id='word_1_662' title='bbox 1945 2593 2213 2648; x_wconf 88' lang='lat' dir='ltr'><strong>observari</strong></span> <span class='ocrx_word' id='word_1_663' title='bbox 2243 2597 2324 2650; x_wconf 87' lang='lat' dir='ltr'><strong>vel</strong></span> <span class='ocrx_word' id='word_1_664' title='bbox 2341 2597 2548 2664; x_wconf 90' lang='lat' dir='ltr'><strong>jussmn</strong></span> <span class='ocrx_word' id='word_1_665' title='bbox 2579 2615 2680 2651; x_wconf 90' lang='lat' dir='ltr'><strong>non</strong></span> <span class='ocrx_word' id='word_1_666' title='bbox 2707 2610 2788 2652; x_wconf 87' lang='lat' dir='ltr'><strong>est</strong></span> <span class='ocrx_word' id='word_1_667' title='bbox 2811 2598 2861 2650; x_wconf 92' lang='lat' dir='ltr'><strong>in</strong></span> <span class='ocrx_word' id='word_1_668' title='bbox 2887 2597 3036 2651; x_wconf 88' lang='lat' dir='ltr'><strong>Novo</strong></span> <span class='ocrx_word' id='word_1_669' title='bbox 3057 2597 3417 2663; x_wconf 89' lang='lat' dir='ltr'><strong>Testamento,</strong></span> <span class='ocrx_word' id='word_1_670' title='bbox 3441 2597 3558 2651; x_wconf 62' lang='lat' dir='ltr'><strong>vela</strong></span> 
     </span>
    </p>
   </div>
   <div class='ocr_carea' id='block_1_87' title="bbox 1945 2684 3528 2758">
    <p class='ocr_par' dir='ltr' id='par_1_87' title="bbox 1945 2684 3528 2758">
     <span class='ocr_line' id='line_1_87' title="bbox 1945 2684 3528 2758; baseline 0.003 -21"><span class='ocrx_word' id='word_1_671' title='bbox 1945 2684 2104 2737; x_wconf 89' lang='lat' dir='ltr'><strong>etiam</strong></span> <span class='ocrx_word' id='word_1_672' title='bbox 2137 2685 2478 2753; x_wconf 87' lang='lat' dir='ltr'><strong>prohibitum,</strong></span> <span class='ocrx_word' id='word_1_673' title='bbox 2504 2688 2626 2757; x_wconf 91' lang='lat' dir='ltr'><strong>quid</strong></span> <span class='ocrx_word' id='word_1_674' title='bbox 2651 2687 2912 2757; x_wconf 81' lang='lat' dir='ltr'><strong>signiﬁcet</strong></span> <span class='ocrx_word' id='word_1_675' title='bbox 2931 2685 3272 2758; x_wconf 68' lang='lat' dir='ltr'><strong>quazrendum</strong></span> <span class='ocrx_word' id='word_1_676' title='bbox 3295 2698 3397 2753; x_wconf 89' lang='lat' dir='ltr'><strong>est,</strong></span> <span class='ocrx_word' id='word_1_677' title='bbox 3420 2704 3528 2742; x_wconf 92' lang='lat' dir='ltr'><strong>non</strong></span> 
     </span>
    </p>
   </div>
   <div class='ocr_carea' id='block_1_88' title="bbox 1946 2776 3530 2850">
    <p class='ocr_par' dir='ltr' id='par_1_88' title="bbox 1946 2776 3530 2850">
     <span class='ocr_line' id='line_1_88' title="bbox 1946 2776 3530 2850; baseline 0.004 -22"><span class='ocrx_word' id='word_1_678' title='bbox 1946 2776 2471 2845; x_wconf 88' lang='lat' dir='ltr'><strong>reprehendendum;</strong></span> <span class='ocrx_word' id='word_1_679' title='bbox 2503 2781 2623 2850; x_wconf 87' lang='lat' dir='ltr'><strong>quia</strong></span> <span class='ocrx_word' id='word_1_680' title='bbox 2649 2796 2714 2835; x_wconf 89' lang='lat' dir='ltr'><strong>eo</strong></span> <span class='ocrx_word' id='word_1_681' title='bbox 2745 2779 2858 2850; x_wconf 87' lang='lat' dir='ltr'><strong>ipso</strong></span> <span class='ocrx_word' id='word_1_682' title='bbox 2883 2797 2987 2848; x_wconf 92' lang='lat' dir='ltr'><strong>quo</strong></span> <span class='ocrx_word' id='word_1_683' title='bbox 3010 2779 3118 2849; x_wconf 82' lang='lat' dir='ltr'><strong>jam</strong></span> <span class='ocrx_word' id='word_1_684' title='bbox 3147 2794 3251 2834; x_wconf 91' lang='lat' dir='ltr'><strong>non</strong></span> <span class='ocrx_word' id='word_1_685' title='bbox 3277 2780 3530 2835; x_wconf 86' lang='lat' dir='ltr'><strong>observa-</strong></span> 
     </span>
    </p>
   </div>
   <div class='ocr_carea' id='block_1_89' title="bbox 1947 2869 3532 2940">
    <p class='ocr_par' dir='ltr' id='par_1_89' title="bbox 1947 2869 3532 2940">
     <span class='ocr_line' id='line_1_89' title="bbox 1947 2869 3532 2940; baseline 0.004 -20"><span class='ocrx_word' id='word_1_686' title='bbox 1947 2876 2064 2931; x_wconf 90' lang='lat' dir='ltr'><strong>tur,</strong></span> <span class='ocrx_word' id='word_1_687' title='bbox 2103 2884 2206 2922; x_wconf 90' lang='lat' dir='ltr'><strong>non</strong></span> <span class='ocrx_word' id='word_1_688' title='bbox 2239 2869 2580 2934; x_wconf 85' lang='lat' dir='ltr'><strong>damnatum,</strong></span> <span class='ocrx_word' id='word_1_689' title='bbox 2623 2871 2713 2924; x_wconf 79' lang='lat' dir='ltr'><strong>sed</strong></span> <span class='ocrx_word' id='word_1_690' title='bbox 2755 2871 3026 2940; x_wconf 81' lang='lat' dir='ltr'><strong>impletum</strong></span> <span class='ocrx_word' id='word_1_691' title='bbox 3072 2870 3364 2940; x_wconf 85' lang='lat' dir='ltr'><strong>probatur:</strong></span> <span class='ocrx_word' id='word_1_692' title='bbox 3391 2869 3532 2927; x_wconf 85' lang='lat' dir='ltr'><strong>unde</strong></span> 
     </span>
    </p>
   </div>
   <div class='ocr_carea' id='block_1_90' title="bbox 1947 2961 2794 3032">
    <p class='ocr_par' dir='ltr' id='par_1_90' title="bbox 1947 2961 2794 3032">
     <span class='ocr_line' id='line_1_90' title="bbox 1947 2961 2794 3032; baseline 0.002 -19"><span class='ocrx_word' id='word_1_693' title='bbox 1947 2961 2128 3023; x_wconf 87' lang='lat' dir='ltr'><strong>multa,</strong></span> <span class='ocrx_word' id='word_1_694' title='bbox 2158 2971 2211 3015; x_wconf 88' lang='lat' dir='ltr'><strong>et</strong></span> <span class='ocrx_word' id='word_1_695' title='bbox 2243 2977 2385 3032; x_wconf 66' lang='lat' dir='ltr'><strong>sa‘pe</strong></span> <span class='ocrx_word' id='word_1_696' title='bbox 2405 2962 2514 3030; x_wconf 87' lang='lat' dir='ltr'><strong>jatu</strong></span> <span class='ocrx_word' id='word_1_697' title='bbox 2544 2963 2794 3017; x_wconf 67' lang='lat' dir='ltr'><strong>diximus.</strong></span> 
     </span>
    </p>
   </div>
   <div class='ocr_carea' id='block_1_91' title="bbox 2016 3052 3529 3125">
    <p class='ocr_par' dir='ltr' id='par_1_91' title="bbox 2016 3052 3529 3125">
     <span class='ocr_line' id='line_1_91' title="bbox 2016 3052 3529 3125; baseline 0.002 -19"><span class='ocrx_word' id='word_1_698' title='bbox 2016 3052 2240 3108; x_wconf 75' lang='lat' dir='ltr'><strong>CAPUT</strong></span> <span class='ocrx_word' id='word_1_699' title='bbox 2267 3053 2334 3107; x_wconf 80' lang='grc' dir='ltr'><strong>Χ.</strong></span> <span class='ocrx_word' id='word_1_700' title='bbox 2356 3085 2426 3094; x_wconf 87' lang='grc'><strong><em>-</em></strong></span> <span class='ocrx_word' id='word_1_701' title='bbox 2445 3054 2594 3107; x_wconf 83' lang='lat' dir='ltr'><strong>Velut</strong></span> <span class='ocrx_word' id='word_1_702' title='bbox 2628 3056 2726 3108; x_wconf 89' lang='lat' dir='ltr'><strong>hoc</strong></span> <span class='ocrx_word' id='word_1_703' title='bbox 2755 3056 2921 3124; x_wconf 52' lang='lat' dir='ltr'><strong>ipsum</strong></span> <span class='ocrx_word' id='word_1_704' title='bbox 2953 3053 3094 3125; x_wconf 87' lang='lat' dir='ltr'><strong>quod</strong></span> <span class='ocrx_word' id='word_1_705' title='bbox 3127 3056 3284 3111; x_wconf 91' lang='lat' dir='ltr'><strong>modo</strong></span> <span class='ocrx_word' id='word_1_706' title='bbox 3313 3070 3417 3110; x_wconf 91' lang='lat' dir='ltr'><strong>non</strong></span> <span class='ocrx_word' id='word_1_707' title='bbox 3446 3055 3529 3110; x_wconf 92' lang='lat' dir='ltr'><strong>in-</strong></span> 
     </span>
    </p>
   </div>
   <div class='ocr_carea' id='block_1_92' title="bbox 1949 3144 3531 3218">
    <p class='ocr_par' dir='ltr' id='par_1_92' title="bbox 1949 3144 3531 3218">
     <span class='ocr_line' id='line_1_92' title="bbox 1949 3144 3531 3218; baseline 0.003 -21"><span class='ocrx_word' id='word_1_708' title='bbox 1949 3144 2192 3214; x_wconf 87' lang='lat' dir='ltr'><strong>telligens</strong></span> <span class='ocrx_word' id='word_1_709' title='bbox 2231 3145 2458 3199; x_wconf 74' lang='lat' dir='ltr'><strong>Famtus</strong></span> <span class='ocrx_word' id='word_1_710' title='bbox 2503 3147 2762 3200; x_wconf 65' lang='lat' dir='ltr'><strong>tttandatis</strong></span> <span class='ocrx_word' id='word_1_711' title='bbox 2810 3149 3013 3202; x_wconf 75' lang='lat' dir='ltr'><strong>Veteris</strong></span> <span class='ocrx_word' id='word_1_712' title='bbox 3059 3148 3383 3204; x_wconf 84' lang='lat' dir='ltr'><strong>TeStamcnti</strong></span> <span class='ocrx_word' id='word_1_713' title='bbox 3436 3163 3531 3218; x_wconf 88' lang='lat' dir='ltr'><strong>pro</strong></span> 
     </span>
    </p>
   </div>
   <div class='ocr_carea' id='block_1_93' title="bbox 1946 3239 3532 3307">
    <p class='ocr_par' dir='ltr' id='par_1_93' title="bbox 1946 3239 3532 3307">
     <span class='ocr_line' id='line_1_93' title="bbox 1946 3239 3532 3307; baseline 0.001 -15"><span class='ocrx_word' id='word_1_714' title='bbox 1946 3239 2167 3293; x_wconf 89' lang='lat' dir='ltr'><strong>crimine</strong></span> <span class='ocrx_word' id='word_1_715' title='bbox 2205 3239 2436 3305; x_wconf 80' lang='lat' dir='ltr'><strong>objeeit,</strong></span> <span class='ocrx_word' id='word_1_716' title='bbox 2481 3239 2619 3307; x_wconf 88' lang='lat' dir='ltr'><strong>quod</strong></span> <span class='ocrx_word' id='word_1_717' title='bbox 2667 3255 2882 3294; x_wconf 82' lang='lat' dir='ltr'><strong>uxorem</strong></span> <span class='ocrx_word' id='word_1_718' title='bbox 2934 3239 3113 3295; x_wconf 89' lang='lat' dir='ltr'><strong>fratris</strong></span> <span class='ocrx_word' id='word_1_719' title='bbox 3145 3241 3209 3295; x_wconf 89' lang='lat' dir='ltr'><strong>ad</strong></span> <span class='ocrx_word' id='word_1_720' title='bbox 3242 3241 3342 3297; x_wconf 92' lang='lat' dir='ltr'><strong>hoc</strong></span> <span class='ocrx_word' id='word_1_721' title='bbox 3369 3241 3532 3296; x_wconf 83' lang='lat' dir='ltr'><strong>frater</strong></span> 
     </span>
    </p>
   </div>
   <div class='ocr_carea' id='block_1_94' title="bbox 1941 3329 3532 3397">
    <p class='ocr_par' dir='ltr' id='par_1_94' title="bbox 1941 3329 3532 3397">
     <span class='ocr_line' id='line_1_94' title="bbox 1941 3329 3532 3397; baseline 0.003 -18"><span class='ocrx_word' id='word_1_722' title='bbox 1941 3329 2120 3397; x_wconf 72' lang='lat' dir='ltr'><strong>jnsats</strong></span> <span class='ocrx_word' id='word_1_723' title='bbox 2148 3337 2227 3383; x_wconf 69' lang='lat' dir='ltr'><strong>est</strong></span> <span class='ocrx_word' id='word_1_724' title='bbox 2253 3330 2467 3392; x_wconf 78' lang='lat' dir='ltr'><strong>ducere,</strong></span> <span class='ocrx_word' id='word_1_725' title='bbox 2499 3342 2553 3382; x_wconf 88' lang='lat' dir='ltr'><strong>ut</strong></span> <span class='ocrx_word' id='word_1_726' title='bbox 2585 3343 2686 3382; x_wconf 88' lang='grc' dir='ltr'><strong>ιιοι</strong></span> <span class='ocrx_word' id='word_1_727' title='bbox 2719 3330 2839 3393; x_wconf 88' lang='lat' dir='ltr'><strong>sibi,</strong></span> <span class='ocrx_word' id='word_1_728' title='bbox 2871 3331 2962 3384; x_wconf 88' lang='lat' dir='ltr'><strong>sed</strong></span> <span class='ocrx_word' id='word_1_729' title='bbox 2995 3331 3068 3384; x_wconf 91' lang='lat' dir='ltr'><strong>illi</strong></span> <span class='ocrx_word' id='word_1_730' title='bbox 3094 3332 3330 3386; x_wconf 86' lang='lat' dir='ltr'><strong>sobolem</strong></span> <span class='ocrx_word' id='word_1_731' title='bbox 3361 3332 3532 3384; x_wconf 88' lang='lat' dir='ltr'><strong>susci-</strong></span> 
     </span>
    </p>
   </div>
   <div class='ocr_carea' id='block_1_95' title="bbox 1949 3412 3524 3491">
    <p class='ocr_par' dir='ltr' id='par_1_95' title="bbox 1949 3412 3524 3491">
     <span class='ocr_line' id='line_1_95' title="bbox 1949 3412 3524 3491; baseline 0.001 -18"><span class='ocrx_word' id='word_1_732' title='bbox 1949 3432 2099 3482; x_wconf 87' lang='lat' dir='ltr'><strong>taret.</strong></span> <span class='ocrx_word' id='word_1_733' title='bbox 2125 3423 2342 3491; x_wconf 76' lang='lat' dir='ltr'><strong>ejusque</strong></span> <span class='ocrx_word' id='word_1_734' title='bbox 2370 3433 2582 3476; x_wconf 83' lang='lat' dir='ltr'><strong>vocaret</strong></span> <span class='ocrx_word' id='word_1_735' title='bbox 2609 3424 2842 3485; x_wconf 89' lang='lat' dir='ltr'><strong>nomine,</strong></span> <span class='ocrx_word' id='word_1_736' title='bbox 2873 3423 3010 3490; x_wconf 91' lang='lat' dir='ltr'><strong>quod</strong></span> <span class='ocrx_word' id='word_1_737' title='bbox 3043 3424 3165 3478; x_wconf 91' lang='lat' dir='ltr'><strong>inde</strong></span> <span class='ocrx_word' id='word_1_738' title='bbox 3195 3412 3524 3478; x_wconf 75' lang='lat' dir='ltr'><strong>nasceretur‘</strong></span> 
     </span>
    </p>
   </div>
   <div class='ocr_carea' id='block_1_96' title="bbox 1946 3511 3524 3583">
    <p class='ocr_par' dir='ltr' id='par_1_96' title="bbox 1946 3511 3524 3583">
     <span class='ocr_line' id='line_1_96' title="bbox 1946 3511 3524 3583; baseline 0.001 -21"><span class='ocrx_word' id='word_1_739' title='bbox 1946 3511 2119 3579; x_wconf 84' lang='lat' dir='ltr'><strong>(Deut.</strong></span> <span class='ocrx_word' id='word_1_740' title='bbox 2156 3528 2279 3577; x_wconf 78' lang='lat' dir='ltr'><strong>xxv,</strong></span> <span class='ocrx_word' id='word_1_741' title='bbox 2313 3512 2503 3583; x_wconf 76' lang='lat' dir='ltr'><strong>5-l0);</strong></span> <span class='ocrx_word' id='word_1_742' title='bbox 2533 3513 2657 3582; x_wconf 88' lang='lat' dir='ltr'><strong>qttid</strong></span> <span class='ocrx_word' id='word_1_743' title='bbox 2684 3512 2825 3565; x_wconf 90' lang='lat' dir='ltr'><strong>aliud</strong></span> <span class='ocrx_word' id='word_1_744' title='bbox 2857 3513 2906 3565; x_wconf 92' lang='lat' dir='ltr'><strong>in</strong></span> <span class='ocrx_word' id='word_1_745' title='bbox 2937 3512 3098 3581; x_wconf 85' lang='lat' dir='ltr'><strong>ﬁgura</strong></span> <span class='ocrx_word' id='word_1_746' title='bbox 3133 3520 3524 3581; x_wconf 81' lang='lat' dir='ltr'><strong>pra-monstrat,</strong></span> 
     </span>
    </p>
   </div>
   <div class='ocr_carea' id='block_1_97' title="bbox 1949 3601 3531 3672">
    <p class='ocr_par' dir='ltr' id='par_1_97' title="bbox 1949 3601 3531 3672">
     <span class='ocr_line' id='line_1_97' title="bbox 1949 3601 3531 3672; baseline 0 -18"><span class='ocrx_word' id='word_1_747' title='bbox 1949 3603 2048 3655; x_wconf 80' lang='lat' dir='ltr'><strong>nisi</strong></span> <span class='ocrx_word' id='word_1_748' title='bbox 2077 3605 2196 3671; x_wconf 91' lang='lat' dir='ltr'><strong>quia</strong></span> <span class='ocrx_word' id='word_1_749' title='bbox 2244 3604 2606 3671; x_wconf 75' lang='lat' dir='ltr'><strong>unusquisque</strong></span> <span class='ocrx_word' id='word_1_750' title='bbox 2635 3602 2904 3672; x_wconf 74' lang='lat' dir='ltr'><strong>Evangelii</strong></span> <span class='ocrx_word' id='word_1_751' title='bbox 2934 3601 3244 3670; x_wconf 72' lang='lat' dir='ltr'><strong>praedicator</strong></span> <span class='ocrx_word' id='word_1_752' title='bbox 3274 3603 3340 3654; x_wconf 90' lang='lat' dir='ltr'><strong>ita</strong></span> <span class='ocrx_word' id='word_1_753' title='bbox 3371 3601 3531 3655; x_wconf 78' lang='lat' dir='ltr'><strong>debet</strong></span> 
     </span>
    </p>
   </div>
   <div class='ocr_carea' id='block_1_98' title="bbox 1950 3690 3527 3757">
    <p class='ocr_par' dir='ltr' id='par_1_98' title="bbox 1950 3690 3527 3757">
     <span class='ocr_line' id='line_1_98' title="bbox 1950 3690 3527 3757; baseline -0.003 -11"><span class='ocrx_word' id='word_1_754' title='bbox 1950 3694 1998 3746; x_wconf 90' lang='lat' dir='ltr'><strong>in</strong></span> <span class='ocrx_word' id='word_1_755' title='bbox 2021 3694 2250 3747; x_wconf 69' lang='lat' dir='ltr'><strong>Ecclesia</strong></span> <span class='ocrx_word' id='word_1_756' title='bbox 2272 3693 2532 3757; x_wconf 82' lang='lat' dir='ltr'><strong>laborare,</strong></span> <span class='ocrx_word' id='word_1_757' title='bbox 2554 3701 2610 3746; x_wconf 92' lang='lat' dir='ltr'><strong>ut</strong></span> <span class='ocrx_word' id='word_1_758' title='bbox 2625 3693 2875 3747; x_wconf 89' lang='lat' dir='ltr'><strong>defuncto</strong></span> <span class='ocrx_word' id='word_1_759' title='bbox 2893 3692 3060 3756; x_wconf 88' lang='lat' dir='ltr'><strong>fratri,</strong></span> <span class='ocrx_word' id='word_1_760' title='bbox 3081 3691 3181 3746; x_wconf 92' lang='lat' dir='ltr'><strong>hoc</strong></span> <span class='ocrx_word' id='word_1_761' title='bbox 3202 3690 3527 3752; x_wconf 88' lang='lat' dir='ltr'><strong>cstChristo,</strong></span> 
     </span>
    </p>
   </div>
   <div class='ocr_carea' id='block_1_99' title="bbox 1947 3781 3527 3854">
    <p class='ocr_par' dir='ltr' id='par_1_99' title="bbox 1947 3781 3527 3854">
     <span class='ocr_line' id='line_1_99' title="bbox 1947 3781 3527 3854; baseline -0.002 -16"><span class='ocrx_word' id='word_1_762' title='bbox 1947 3785 2165 3839; x_wconf 84' lang='lat' dir='ltr'><strong>suscitet</strong></span> <span class='ocrx_word' id='word_1_763' title='bbox 2196 3799 2377 3838; x_wconf 91' lang='lat' dir='ltr'><strong>semen</strong></span> <span class='ocrx_word' id='word_1_764' title='bbox 2403 3826 2418 3848; x_wconf 97' lang='lat'><strong>,</strong></span> <span class='ocrx_word' id='word_1_765' title='bbox 2469 3784 2557 3853; x_wconf 90' lang='lat' dir='ltr'><strong>qui</strong></span> <span class='ocrx_word' id='word_1_766' title='bbox 2588 3800 2688 3854; x_wconf 88' lang='lat' dir='ltr'><strong>pro</strong></span> <span class='ocrx_word' id='word_1_767' title='bbox 2719 3785 2871 3837; x_wconf 91' lang='lat' dir='ltr'><strong>nobis</strong></span> <span class='ocrx_word' id='word_1_768' title='bbox 2902 3791 3139 3837; x_wconf 90' lang='lat' dir='ltr'><strong>mortuus</strong></span> <span class='ocrx_word' id='word_1_769' title='bbox 3165 3791 3274 3847; x_wconf 89' lang='lat' dir='ltr'><strong>est;</strong></span> <span class='ocrx_word' id='word_1_770' title='bbox 3305 3782 3360 3836; x_wconf 84' lang='lat' dir='ltr'><strong>et</strong></span> <span class='ocrx_word' id='word_1_771' title='bbox 3385 3781 3527 3851; x_wconf 91' lang='lat' dir='ltr'><strong>quod</strong></span> 
     </span>
    </p>
   </div>
   <div class='ocr_carea' id='block_1_100' title="bbox 1946 3873 3530 3952">
    <p class='ocr_par' dir='ltr' id='par_1_100' title="bbox 1946 3873 3530 3952">
     <span class='ocr_line' id='line_1_100' title="bbox 1946 3873 3530 3952; baseline -0.003 -20"><span class='ocrx_word' id='word_1_772' title='bbox 1946 3876 2256 3932; x_wconf 72' lang='lat' dir='ltr'><strong>Sttscilalttm</strong></span> <span class='ocrx_word' id='word_1_773' title='bbox 2283 3876 2461 3952; x_wconf 80' lang='lat' dir='ltr'><strong>fuerit,</strong></span> <span class='ocrx_word' id='word_1_774' title='bbox 2497 3875 2613 3944; x_wconf 85' lang='lat' dir='ltr'><strong>ejus</strong></span> <span class='ocrx_word' id='word_1_775' title='bbox 2640 3889 2835 3929; x_wconf 90' lang='lat' dir='ltr'><strong>nomen</strong></span> <span class='ocrx_word' id='word_1_776' title='bbox 2871 3873 3136 3943; x_wconf 86' lang='lat' dir='ltr'><strong>accipiat?</strong></span> <span class='ocrx_word' id='word_1_777' title='bbox 3169 3873 3404 3941; x_wconf 88' lang='lat' dir='ltr'><strong>Denique</strong></span> <span class='ocrx_word' id='word_1_778' title='bbox 3428 3873 3530 3927; x_wconf 92' lang='lat' dir='ltr'><strong>hoc</strong></span> 
     </span>
    </p>
   </div>
   <div class='ocr_carea' id='block_1_101' title="bbox 1949 3967 3523 4038">
    <p class='ocr_par' dir='ltr' id='par_1_101' title="bbox 1949 3967 3523 4038">
     <span class='ocr_line' id='line_1_101' title="bbox 1949 3967 3523 4038; baseline -0.001 -16"><span class='ocrx_word' id='word_1_779' title='bbox 1949 3970 2172 4038; x_wconf 79' lang='lat' dir='ltr'><strong>impleas</strong></span> <span class='ocrx_word' id='word_1_780' title='bbox 2203 3969 2483 4038; x_wconf 72' lang='lat' dir='ltr'><strong>Apostolus</strong></span> <span class='ocrx_word' id='word_1_781' title='bbox 2507 4011 2523 4035; x_wconf 93' lang='lat'><strong>,</strong></span> <span class='ocrx_word' id='word_1_782' title='bbox 2567 3985 2670 4022; x_wconf 88' lang='lat' dir='ltr'><strong>non</strong></span> <span class='ocrx_word' id='word_1_783' title='bbox 2706 3969 2812 4038; x_wconf 88' lang='lat' dir='ltr'><strong>jam</strong></span> <span class='ocrx_word' id='word_1_784' title='bbox 2847 3969 3136 4024; x_wconf 81' lang='lat' dir='ltr'><strong>carnaliter</strong></span> <span class='ocrx_word' id='word_1_785' title='bbox 3165 3969 3216 4022; x_wconf 91' lang='lat' dir='ltr'><strong>in</strong></span> <span class='ocrx_word' id='word_1_786' title='bbox 3252 3967 3523 4036; x_wconf 64' lang='lat' dir='ltr'><strong>praimissa</strong></span> 
     </span>
    </p>
   </div>
   <div class='ocr_carea' id='block_1_102' title="bbox 1947 4057 3528 4129">
    <p class='ocr_par' dir='ltr' id='par_1_102' title="bbox 1947 4057 3528 4129">
     <span class='ocr_line' id='line_1_102' title="bbox 1947 4057 3528 4129; baseline 0.001 -16"><span class='ocrx_word' id='word_1_787' title='bbox 1947 4060 2366 4128; x_wconf 84' lang='lat' dir='ltr'><strong>significatione,</strong></span> <span class='ocrx_word' id='word_1_788' title='bbox 2399 4060 2492 4113; x_wconf 89' lang='lat' dir='ltr'><strong>sed</strong></span> <span class='ocrx_word' id='word_1_789' title='bbox 2525 4059 2873 4129; x_wconf 77' lang='lat' dir='ltr'><strong>Spiritualiter</strong></span> <span class='ocrx_word' id='word_1_790' title='bbox 2901 4059 2950 4112; x_wconf 91' lang='lat' dir='ltr'><strong>in</strong></span> <span class='ocrx_word' id='word_1_791' title='bbox 2981 4057 3242 4126; x_wconf 76' lang='lat' dir='ltr'><strong>conzpleta</strong></span> <span class='ocrx_word' id='word_1_792' title='bbox 3275 4059 3528 4125; x_wconf 88' lang='lat' dir='ltr'><strong>veritate,</strong></span> 
     </span>
    </p>
   </div>
   <div class='ocr_carea' id='block_1_103' title="bbox 1947 4150 3534 4220">
    <p class='ocr_par' dir='ltr' id='par_1_103' title="bbox 1947 4150 3534 4220">
     <span class='ocr_line' id='line_1_103' title="bbox 1947 4150 3534 4220; baseline 0.001 -17"><span class='ocrx_word' id='word_1_793' title='bbox 1947 4167 2082 4220; x_wconf 88' lang='lat' dir='ltr'><strong>quos</strong></span> <span class='ocrx_word' id='word_1_794' title='bbox 2127 4151 2176 4204; x_wconf 93' lang='lat' dir='ltr'><strong>in</strong></span> <span class='ocrx_word' id='word_1_795' title='bbox 2223 4152 2435 4205; x_wconf 84' lang='lat' dir='ltr'><strong>Christo</strong></span> <span class='ocrx_word' id='word_1_796' title='bbox 2475 4150 2600 4205; x_wconf 81' lang='lat' dir='ltr'><strong>Jesu</strong></span> <span class='ocrx_word' id='word_1_797' title='bbox 2649 4165 2742 4218; x_wconf 89' lang='lat' dir='ltr'><strong>per</strong></span> <span class='ocrx_word' id='word_1_798' title='bbox 2786 4150 3132 4220; x_wconf 83' lang='lat' dir='ltr'><strong>Evangelium</strong></span> <span class='ocrx_word' id='word_1_799' title='bbox 3181 4165 3240 4204; x_wconf 85' lang='lat' dir='ltr'><strong>se</strong></span> <span class='ocrx_word' id='word_1_800' title='bbox 3285 4150 3534 4219; x_wconf 78' lang='lat' dir='ltr'><strong>genuisse</strong></span> 
     </span>
    </p>
   </div>
   <div class='ocr_carea' id='block_1_104' title="bbox 1949 4243 3537 4314">
    <p class='ocr_par' dir='ltr' id='par_1_104' title="bbox 1949 4243 3537 4314">
     <span class='ocr_line' id='line_1_104' title="bbox 1949 4243 3537 4314; baseline -0.001 -15"><span class='ocrx_word' id='word_1_801' title='bbox 1949 4254 2334 4300; x_wconf 87' lang='lat' dir='ltr'><strong>commemorat</strong></span> <span class='ocrx_word' id='word_1_802' title='bbox 2363 4245 2379 4314; x_wconf 91' lang='lat'><strong>(</strong></span> <span class='ocrx_word' id='word_1_803' title='bbox 2407 4245 2423 4298; x_wconf 92' lang='lat' dir='ltr'><strong>l</strong></span> <span class='ocrx_word' id='word_1_804' title='bbox 2453 4243 2570 4298; x_wconf 82' lang='lat' dir='ltr'><strong>Cor.</strong></span> <span class='ocrx_word' id='word_1_805' title='bbox 2615 4259 2699 4310; x_wconf 84' lang='lat' dir='ltr'><strong>tv,</strong></span> <span class='ocrx_word' id='word_1_806' title='bbox 2742 4243 2830 4314; x_wconf 79' lang='grc'><strong>15)</strong></span> <span class='ocrx_word' id='word_1_807' title='bbox 2850 4286 2863 4308; x_wconf 89' lang='grc'><strong>,</strong></span> <span class='ocrx_word' id='word_1_808' title='bbox 2909 4253 3189 4298; x_wconf 89' lang='lat' dir='ltr'><strong>succenset</strong></span> <span class='ocrx_word' id='word_1_809' title='bbox 3216 4243 3295 4296; x_wconf 91' lang='lat' dir='ltr'><strong>eis</strong></span> <span class='ocrx_word' id='word_1_810' title='bbox 3314 4285 3328 4307; x_wconf 96' lang='lat'><strong>,</strong></span> <span class='ocrx_word' id='word_1_811' title='bbox 3360 4251 3414 4297; x_wconf 91' lang='lat' dir='ltr'><strong>et</strong></span> <span class='ocrx_word' id='word_1_812' title='bbox 3443 4257 3537 4297; x_wconf 88' lang='lat' dir='ltr'><strong>eos</strong></span> 
     </span>
    </p>
   </div>
   <div class='ocr_carea' id='block_1_105' title="bbox 1953 4331 3538 4406">
    <p class='ocr_par' dir='ltr' id='par_1_105' title="bbox 1953 4331 3538 4406">
     <span class='ocr_line' id='line_1_105' title="bbox 1953 4331 3538 4406; baseline -0.004 -16"><span class='ocrx_word' id='word_1_813' title='bbox 1953 4337 2232 4404; x_wconf 78' lang='lat' dir='ltr'><strong>inerepaus</strong></span> <span class='ocrx_word' id='word_1_814' title='bbox 2278 4337 2533 4406; x_wconf 87' lang='lat' dir='ltr'><strong>corrigit,</strong></span> <span class='ocrx_word' id='word_1_815' title='bbox 2585 4334 2824 4388; x_wconf 87' lang='lat' dir='ltr'><strong>volentes</strong></span> <span class='ocrx_word' id='word_1_816' title='bbox 2873 4348 2991 4388; x_wconf 90' lang='lat' dir='ltr'><strong>esse</strong></span> <span class='ocrx_word' id='word_1_817' title='bbox 3042 4332 3185 4387; x_wconf 83' lang='lat' dir='ltr'><strong>Pauli</strong></span> <span class='ocrx_word' id='word_1_818' title='bbox 3222 4350 3234 4385; x_wconf 84' lang='lat'><strong>:</strong></span> <span class='ocrx_word' id='word_1_819' title='bbox 3272 4331 3538 4402; x_wconf 79' lang='lat' dir='ltr'><strong>Numquid</strong></span> 
     </span>
    </p>
   </div>
   <div class='ocr_carea' id='block_1_106' title="bbox 1960 4425 3538 4496">
    <p class='ocr_par' dir='ltr' id='par_1_106' title="bbox 1960 4425 3538 4496">
     <span class='ocr_line' id='line_1_106' title="bbox 1960 4425 3538 4496; baseline -0.001 -15"><span class='ocrx_word' id='word_1_820' title='bbox 1960 4428 2168 4488; x_wconf 82' lang='lat' dir='ltr'><strong>Paulus,</strong></span> <span class='ocrx_word' id='word_1_821' title='bbox 2199 4427 2386 4496; x_wconf 87' lang='lat' dir='ltr'><strong>inquit,</strong></span> <span class='ocrx_word' id='word_1_822' title='bbox 2415 4444 2508 4494; x_wconf 85' lang='lat' dir='ltr'><strong>pro</strong></span> <span class='ocrx_word' id='word_1_823' title='bbox 2536 4428 2670 4480; x_wconf 82' lang='lat' dir='ltr'><strong>vobis</strong></span> <span class='ocrx_word' id='word_1_824' title='bbox 2698 4427 2968 4492; x_wconf 68' lang='lat' dir='ltr'><strong>cruciﬁxus</strong></span> <span class='ocrx_word' id='word_1_825' title='bbox 2993 4427 3108 4479; x_wconf 76' lang='lat' dir='ltr'><strong>est?</strong></span> <span class='ocrx_word' id='word_1_826' title='bbox 3136 4435 3224 4478; x_wconf 87' lang='lat' dir='ltr'><strong>aut</strong></span> <span class='ocrx_word' id='word_1_827' title='bbox 3253 4425 3304 4477; x_wconf 85' lang='lat' dir='ltr'><strong>in</strong></span> <span class='ocrx_word' id='word_1_828' title='bbox 3333 4426 3538 4480; x_wconf 82' lang='lat' dir='ltr'><strong>nomine</strong></span> 
     </span>
    </p>
   </div>
   <div class='ocr_carea' id='block_1_107' title="bbox 1959 4515 3530 4587">
    <p class='ocr_par' dir='ltr' id='par_1_107' title="bbox 1959 4515 3530 4587">
     <span class='ocr_line' id='line_1_107' title="bbox 1959 4515 3530 4587; baseline 0.001 -17"><span class='ocrx_word' id='word_1_829' title='bbox 1959 4518 2108 4571; x_wconf 83' lang='lat' dir='ltr'><strong>Pauli</strong></span> <span class='ocrx_word' id='word_1_830' title='bbox 2139 4518 2376 4587; x_wconf 80' lang='lat' dir='ltr'><strong>baptizati</strong></span> <span class='ocrx_word' id='word_1_831' title='bbox 2401 4515 2726 4582; x_wconf 82' lang='lat' dir='ltr'><strong>estis(lbid.,</strong></span> <span class='ocrx_word' id='word_1_832' title='bbox 2761 4533 2818 4578; x_wconf 87' lang='grc' dir='ltr'><strong>ιι,</strong></span> <span class='ocrx_word' id='word_1_833' title='bbox 2851 4517 2972 4585; x_wconf 72' lang='lat' dir='ltr'><strong>l3)?</strong></span> <span class='ocrx_word' id='word_1_834' title='bbox 2999 4517 3268 4585; x_wconf 84' lang='lat' dir='ltr'><strong>Tanquam</strong></span> <span class='ocrx_word' id='word_1_835' title='bbox 3299 4517 3498 4571; x_wconf 88' lang='lat' dir='ltr'><strong>diceret</strong></span> <span class='ocrx_word' id='word_1_836' title='bbox 3517 4558 3530 4582; x_wconf 94' lang='lat'><strong>,</strong></span> 
     </span>
    </p>
   </div>
   <div class='ocr_carea' id='block_1_108' title="bbox 1959 4607 3536 4678">
    <p class='ocr_par' dir='ltr' id='par_1_108' title="bbox 1959 4607 3536 4678">
     <span class='ocr_line' id='line_1_108' title="bbox 1959 4607 3536 4678; baseline 0 -16"><span class='ocrx_word' id='word_1_837' title='bbox 1959 4611 2212 4664; x_wconf 80' lang='lat' dir='ltr'><strong>Defuncto</strong></span> <span class='ocrx_word' id='word_1_838' title='bbox 2252 4609 2396 4662; x_wconf 91' lang='lat' dir='ltr'><strong>fratri</strong></span> <span class='ocrx_word' id='word_1_839' title='bbox 2429 4624 2523 4662; x_wconf 89' lang='lat' dir='ltr'><strong>vos</strong></span> <span class='ocrx_word' id='word_1_840' title='bbox 2551 4609 2744 4678; x_wconf 85' lang='lat' dir='ltr'><strong>genui,</strong></span> <span class='ocrx_word' id='word_1_841' title='bbox 2781 4607 3068 4662; x_wconf 79' lang='lat' dir='ltr'><strong>Christiani</strong></span> <span class='ocrx_word' id='word_1_842' title='bbox 3102 4609 3360 4662; x_wconf 87' lang='lat' dir='ltr'><strong>vocantini</strong></span> <span class='ocrx_word' id='word_1_843' title='bbox 3383 4651 3396 4673; x_wconf 87' lang='lat'><strong>,</strong></span> <span class='ocrx_word' id='word_1_844' title='bbox 3431 4623 3536 4662; x_wconf 89' lang='lat' dir='ltr'><strong>non</strong></span> 
     </span>
    </p>
   </div>
   <div class='ocr_carea' id='block_1_109' title="bbox 1960 4699 3538 4768">
    <p class='ocr_par' dir='ltr' id='par_1_109' title="bbox 1960 4699 3538 4768">
     <span class='ocr_line' id='line_1_109' title="bbox 1960 4699 3538 4768; baseline -0.001 -16"><span class='ocrx_word' id='word_1_845' title='bbox 1960 4699 2214 4753; x_wconf 85' lang='lat' dir='ltr'><strong>l’auliaui.</strong></span> <span class='ocrx_word' id='word_1_846' title='bbox 2253 4701 2318 4752; x_wconf 78' lang='lat' dir='ltr'><strong>At</strong></span> <span class='ocrx_word' id='word_1_847' title='bbox 2346 4713 2473 4753; x_wconf 84' lang='lat' dir='ltr'><strong>vero</strong></span> <span class='ocrx_word' id='word_1_848' title='bbox 2495 4700 2583 4768; x_wconf 88' lang='lat' dir='ltr'><strong>qui</strong></span> <span class='ocrx_word' id='word_1_849' title='bbox 2608 4699 2809 4753; x_wconf 83' lang='lat' dir='ltr'><strong>electus</strong></span> <span class='ocrx_word' id='word_1_850' title='bbox 2830 4700 2898 4752; x_wconf 89' lang='lat' dir='ltr'><strong>ab</strong></span> <span class='ocrx_word' id='word_1_851' title='bbox 2921 4699 3156 4753; x_wconf 87' lang='lat' dir='ltr'><strong>Ecclesia</strong></span> <span class='ocrx_word' id='word_1_852' title='bbox 3186 4699 3538 4752; x_wconf 87' lang='lat' dir='ltr'><strong>ministerium</strong></span> 
     </span>
    </p>
   </div>
   <div class='ocr_carea' id='block_1_110' title="bbox 1957 4789 3541 4861">
    <p class='ocr_par' dir='ltr' id='par_1_110' title="bbox 1957 4789 3541 4861">
     <span class='ocr_line' id='line_1_110' title="bbox 1957 4789 3541 4861; baseline -0.003 -15"><span class='ocrx_word' id='word_1_853' title='bbox 1957 4792 2348 4861; x_wconf 86' lang='lat' dir='ltr'><strong>evangelizandi</strong></span> <span class='ocrx_word' id='word_1_854' title='bbox 2396 4791 2632 4846; x_wconf 90' lang='lat' dir='ltr'><strong>renuerit</strong></span> <span class='ocrx_word' id='word_1_855' title='bbox 2655 4832 2669 4851; x_wconf 88' lang='lat'><strong>,</strong></span> <span class='ocrx_word' id='word_1_856' title='bbox 2712 4791 2780 4844; x_wconf 94' lang='lat' dir='ltr'><strong>ab</strong></span> <span class='ocrx_word' id='word_1_857' title='bbox 2823 4791 2934 4860; x_wconf 87' lang='lat' dir='ltr'><strong>ipsa</strong></span> <span class='ocrx_word' id='word_1_858' title='bbox 2967 4791 3200 4845; x_wconf 84' lang='lat' dir='ltr'><strong>Ecclesia</strong></span> <span class='ocrx_word' id='word_1_859' title='bbox 3235 4791 3426 4844; x_wconf 90' lang='lat' dir='ltr'><strong>merito</strong></span> <span class='ocrx_word' id='word_1_860' title='bbox 3455 4789 3541 4842; x_wconf 80' lang='lat' dir='ltr'><strong>di-</strong></span> 
     </span>
    </p>
   </div>
   <div class='ocr_carea' id='block_1_111' title="bbox 1956 4879 3532 4952">
    <p class='ocr_par' dir='ltr' id='par_1_111' title="bbox 1956 4879 3532 4952">
     <span class='ocr_line' id='line_1_111' title="bbox 1956 4879 3532 4952; baseline -0.003 -16"><span class='ocrx_word' id='word_1_861' title='bbox 1956 4900 2167 4952; x_wconf 87' lang='lat' dir='ltr'><strong>gneque</strong></span> <span class='ocrx_word' id='word_1_862' title='bbox 2207 4883 2584 4937; x_wconf 85' lang='lat' dir='ltr'><strong>contemnitur.</strong></span> <span class='ocrx_word' id='word_1_863' title='bbox 2631 4881 2742 4935; x_wconf 92' lang='lat' dir='ltr'><strong>lloc</strong></span> <span class='ocrx_word' id='word_1_864' title='bbox 2770 4889 2853 4936; x_wconf 87' lang='lat' dir='ltr'><strong>est</strong></span> <span class='ocrx_word' id='word_1_865' title='bbox 2882 4882 3024 4935; x_wconf 89' lang='lat' dir='ltr'><strong>enim</strong></span> <span class='ocrx_word' id='word_1_866' title='bbox 3053 4880 3192 4949; x_wconf 91' lang='lat' dir='ltr'><strong>quod</strong></span> <span class='ocrx_word' id='word_1_867' title='bbox 3235 4879 3286 4932; x_wconf 89' lang='lat' dir='ltr'><strong>in</strong></span> <span class='ocrx_word' id='word_1_868' title='bbox 3316 4879 3432 4947; x_wconf 86' lang='lat' dir='ltr'><strong>ejus</strong></span> <span class='ocrx_word' id='word_1_869' title='bbox 3461 4879 3532 4931; x_wconf 84' lang='lat' dir='ltr'><strong>fa-</strong></span> 
     </span>
    </p>
   </div>
   <div class='ocr_carea' id='block_1_112' title="bbox 1957 4968 3544 5041">
    <p class='ocr_par' dir='ltr' id='par_1_112' title="bbox 1957 4968 3544 5041">
     <span class='ocr_line' id='line_1_112' title="bbox 1957 4968 3544 5041; baseline -0.004 -13"><span class='ocrx_word' id='word_1_870' title='bbox 1957 4976 2091 5028; x_wconf 87' lang='lat' dir='ltr'><strong>ciem</strong></span> <span class='ocrx_word' id='word_1_871' title='bbox 2134 4973 2350 5041; x_wconf 86' lang='lat' dir='ltr'><strong>jnbetur</strong></span> <span class='ocrx_word' id='word_1_872' title='bbox 2390 4987 2682 5041; x_wconf 81' lang='lat' dir='ltr'><strong>exspuere,</strong></span> <span class='ocrx_word' id='word_1_873' title='bbox 2731 4987 2835 5024; x_wconf 89' lang='lat' dir='ltr'><strong>non</strong></span> <span class='ocrx_word' id='word_1_874' title='bbox 2879 4986 3006 5025; x_wconf 89' lang='lat' dir='ltr'><strong>sane</strong></span> <span class='ocrx_word' id='word_1_875' title='bbox 3045 4971 3161 5024; x_wconf 86' lang='lat' dir='ltr'><strong>sine</strong></span> <span class='ocrx_word' id='word_1_876' title='bbox 3205 4970 3356 5038; x_wconf 84' lang='lat' dir='ltr'><strong>signo</strong></span> <span class='ocrx_word' id='word_1_877' title='bbox 3387 4968 3544 5037; x_wconf 88' lang='lat' dir='ltr'><strong>hujus</strong></span> 
     </span>
    </p>
   </div>
   <div class='ocr_carea' id='block_1_113' title="bbox 1957 5061 3544 5133">
    <p class='ocr_par' dir='ltr' id='par_1_113' title="bbox 1957 5061 3544 5133">
     <span class='ocr_line' id='line_1_113' title="bbox 1957 5061 3544 5133; baseline -0.004 -15"><span class='ocrx_word' id='word_1_878' title='bbox 1957 5063 2226 5133; x_wconf 85' lang='lat' dir='ltr'><strong>Opprohrii</strong></span> <span class='ocrx_word' id='word_1_879' title='bbox 2258 5105 2273 5128; x_wconf 97' lang='lat'><strong>,</strong></span> <span class='ocrx_word' id='word_1_880' title='bbox 2321 5072 2380 5116; x_wconf 87' lang='grc' dir='ltr'><strong>ιιι</strong></span> <span class='ocrx_word' id='word_1_881' title='bbox 2421 5063 2785 5117; x_wconf 89' lang='lat' dir='ltr'><strong>calceameuto</strong></span> <span class='ocrx_word' id='word_1_882' title='bbox 2815 5061 2962 5130; x_wconf 90' lang='lat' dir='ltr'><strong>pedis</strong></span> <span class='ocrx_word' id='word_1_883' title='bbox 2990 5062 3144 5114; x_wconf 80' lang='lat' dir='ltr'><strong>unius</strong></span> <span class='ocrx_word' id='word_1_884' title='bbox 3173 5070 3427 5121; x_wconf 86' lang='lat' dir='ltr'><strong>exuatur,</strong></span> <span class='ocrx_word' id='word_1_885' title='bbox 3475 5075 3544 5112; x_wconf 85' lang='lat' dir='ltr'><strong>ne</strong></span> 
     </span>
    </p>
   </div>
   <div class='ocr_carea' id='block_1_114' title="bbox 1957 5149 3549 5222">
    <p class='ocr_par' dir='ltr' id='par_1_114' title="bbox 1957 5149 3549 5222">
     <span class='ocr_line' id='line_1_114' title="bbox 1957 5149 3549 5222; baseline -0.002 -15"><span class='ocrx_word' id='word_1_886' title='bbox 1957 5155 2028 5207; x_wconf 89' lang='lat' dir='ltr'><strong>sit</strong></span> <span class='ocrx_word' id='word_1_887' title='bbox 2071 5155 2120 5207; x_wconf 90' lang='lat' dir='ltr'><strong>in</strong></span> <span class='ocrx_word' id='word_1_888' title='bbox 2164 5169 2348 5206; x_wconf 89' lang='lat' dir='ltr'><strong>eorum</strong></span> <span class='ocrx_word' id='word_1_889' title='bbox 2393 5162 2567 5218; x_wconf 90' lang='lat' dir='ltr'><strong>sorte,</strong></span> <span class='ocrx_word' id='word_1_890' title='bbox 2613 5154 2804 5222; x_wconf 85' lang='lat' dir='ltr'><strong>quibus</strong></span> <span class='ocrx_word' id='word_1_891' title='bbox 2849 5153 2962 5220; x_wconf 87' lang='lat' dir='ltr'><strong>ipse</strong></span> <span class='ocrx_word' id='word_1_892' title='bbox 3009 5151 3292 5221; x_wconf 82' lang='lat' dir='ltr'><strong>Apostolus</strong></span> <span class='ocrx_word' id='word_1_893' title='bbox 3334 5151 3441 5215; x_wconf 87' lang='lat' dir='ltr'><strong>ait,</strong></span> <span class='ocrx_word' id='word_1_894' title='bbox 3476 5149 3549 5205; x_wconf 81' lang='lat' dir='ltr'><strong>Et</strong></span> 
     </span>
    </p>
   </div>
   <div class='ocr_carea' id='block_1_115' title="bbox 1959 5240 3540 5320">
    <p class='ocr_par' dir='ltr' id='par_1_115' title="bbox 1959 5240 3540 5320">
     <span class='ocr_line' id='line_1_115' title="bbox 1959 5240 3540 5320; baseline -0.001 -22"><span class='ocrx_word' id='word_1_895' title='bbox 1959 5246 2166 5298; x_wconf 80' lang='lat' dir='ltr'><strong>calceoli</strong></span> <span class='ocrx_word' id='word_1_896' title='bbox 2192 5248 2342 5315; x_wconf 81' lang='lat' dir='ltr'><strong>pedes</strong></span> <span class='ocrx_word' id='word_1_897' title='bbox 2354 5247 2410 5299; x_wconf 85' lang='lat' dir='ltr'><strong>in</strong></span> <span class='ocrx_word' id='word_1_898' title='bbox 2431 5247 2852 5320; x_wconf 82' lang='lat' dir='ltr'><strong>prwparationem</strong></span> <span class='ocrx_word' id='word_1_899' title='bbox 2874 5243 3136 5314; x_wconf 79' lang='lat' dir='ltr'><strong>Evangelii</strong></span> <span class='ocrx_word' id='word_1_900' title='bbox 3158 5244 3296 5312; x_wconf 80' lang='lat' dir='ltr'><strong>pacis</strong></span> <span class='ocrx_word' id='word_1_901' title='bbox 3321 5240 3540 5313; x_wconf 81' lang='lat' dir='ltr'><strong>(Ephes.</strong></span> 
     </span>
    </p>
   </div>
   <div class='ocr_carea' id='block_1_116' title="bbox 1957 5334 3554 5406">
    <p class='ocr_par' dir='ltr' id='par_1_116' title="bbox 1957 5334 3554 5406">
     <span class='ocr_line' id='line_1_116' title="bbox 1957 5334 3554 5406; baseline -0.001 -18"><span class='ocrx_word' id='word_1_902' title='bbox 1957 5351 2007 5388; x_wconf 85' lang='lat' dir='ltr'><strong>vt</strong></span> <span class='ocrx_word' id='word_1_903' title='bbox 2030 5378 2043 5395; x_wconf 91' lang='lat'><strong>,</strong></span> <span class='ocrx_word' id='word_1_904' title='bbox 2084 5335 2174 5406; x_wconf 77' lang='grc'><strong>15)</strong></span> <span class='ocrx_word' id='word_1_905' title='bbox 2201 5354 2212 5388; x_wconf 96' lang='lat'>:</span> <span class='ocrx_word' id='word_1_906' title='bbox 2239 5344 2293 5392; x_wconf 89' lang='lat' dir='ltr'><strong>et</strong></span> <span class='ocrx_word' id='word_1_907' title='bbox 2336 5337 2410 5391; x_wconf 82' lang='lat' dir='ltr'><strong>de</strong></span> <span class='ocrx_word' id='word_1_908' title='bbox 2429 5337 2621 5406; x_wconf 89' lang='lat' dir='ltr'><strong>quibus</strong></span> <span class='ocrx_word' id='word_1_909' title='bbox 2645 5344 3027 5390; x_wconf 88' lang='lat' dir='ltr'><strong>commemorat</strong></span> <span class='ocrx_word' id='word_1_910' title='bbox 3054 5334 3345 5403; x_wconf 84' lang='lat' dir='ltr'><strong>preplteta‘,</strong></span> <span class='ocrx_word' id='word_1_911' title='bbox 3378 5335 3554 5399; x_wconf 72' lang='lat' dir='ltr'><strong>Quam‘</strong></span> 
     </span>
    </p>
   </div>
   <div class='ocr_carea' id='block_1_117' title="bbox 1958 5427 3542 5499">
    <p class='ocr_par' dir='ltr' id='par_1_117' title="bbox 1958 5427 3542 5499">
     <span class='ocr_line' id='line_1_117' title="bbox 1958 5427 3542 5499; baseline -0.002 -17"><span class='ocrx_word' id='word_1_912' title='bbox 1958 5430 2168 5497; x_wconf 80' lang='lat' dir='ltr'><strong>speciosi</strong></span> <span class='ocrx_word' id='word_1_913' title='bbox 2195 5428 2342 5498; x_wconf 82' lang='lat' dir='ltr'><strong>pedes</strong></span> <span class='ocrx_word' id='word_1_914' title='bbox 2368 5444 2538 5482; x_wconf 81' lang='lat' dir='ltr'><strong>eorum</strong></span> <span class='ocrx_word' id='word_1_915' title='bbox 2562 5428 2647 5499; x_wconf 86' lang='lat' dir='ltr'><strong>qui</strong></span> <span class='ocrx_word' id='word_1_916' title='bbox 2671 5427 2972 5480; x_wconf 72' lang='lat' dir='ltr'><strong>aununtiaut</strong></span> <span class='ocrx_word' id='word_1_917' title='bbox 3003 5433 3198 5496; x_wconf 76' lang='lat' dir='ltr'><strong>pacem,</strong></span> <span class='ocrx_word' id='word_1_918' title='bbox 3223 5427 3308 5496; x_wconf 83' lang='lat' dir='ltr'><strong>qui</strong></span> <span class='ocrx_word' id='word_1_919' title='bbox 3317 5433 3542 5479; x_wconf 72' lang='lat' dir='ltr'><strong>&#39;a‘nuu‘n-</strong></span> 
     </span>
    </p>
   </div>
   <div class='ocr_carea' id='block_1_118' title="bbox 1959 5520 3542 5592">
    <p class='ocr_par' dir='ltr' id='par_1_118' title="bbox 1959 5520 3542 5592">
     <span class='ocr_line' id='line_1_118' title="bbox 1959 5520 3542 5592; baseline -0.001 -18"><span class='ocrx_word' id='word_1_920' title='bbox 1959 5524 2083 5575; x_wconf 82' lang='lat' dir='ltr'><strong>tiam</strong></span> <span class='ocrx_word' id='word_1_921' title='bbox 2133 5521 2261 5575; x_wconf 83' lang='lat' dir='ltr'><strong>bona</strong></span> <span class='ocrx_word' id='word_1_922' title='bbox 2308 5520 2461 5592; x_wconf 77' lang='lat' dir='ltr'><strong>(lsai.</strong></span> <span class='ocrx_word' id='word_1_923' title='bbox 2509 5537 2597 5585; x_wconf 85' lang='lat' dir='ltr'><strong>LII,</strong></span> <span class='ocrx_word' id='word_1_924' title='bbox 2640 5520 2698 5589; x_wconf 86' lang='lat'><strong>7)</strong></span> <span class='ocrx_word' id='word_1_925' title='bbox 2728 5524 2740 5572; x_wconf 77' lang='grc' dir='ltr'><strong>ι</strong></span> <span class='ocrx_word' id='word_1_926' title='bbox 2773 5521 2871 5584; x_wconf 79' lang='lat' dir='ltr'><strong>Qui</strong></span> <span class='ocrx_word' id='word_1_927' title='bbox 2903 5520 3043 5572; x_wconf 90' lang='lat' dir='ltr'><strong>enim</strong></span> <span class='ocrx_word' id='word_1_928' title='bbox 3076 5521 3153 5574; x_wconf 92' lang='lat' dir='ltr'><strong>sic</strong></span> <span class='ocrx_word' id='word_1_929' title='bbox 3182 5521 3542 5590; x_wconf 80' lang='lat' dir='ltr'><strong>evangelicam</strong></span> 
     </span>
    </p>
   </div>
   <div class='ocr_carea' id='block_1_119' title="bbox 1963 5602 3544 5681">
    <p class='ocr_par' dir='ltr' id='par_1_119' title="bbox 1963 5602 3544 5681">
     <span class='ocr_line' id='line_1_119' title="bbox 1963 5602 3544 5681; baseline -0.002 -12"><span class='ocrx_word' id='word_1_930' title='bbox 1963 5616 2120 5670; x_wconf 85' lang='lat' dir='ltr'><strong>ﬁdem</strong></span> <span class='ocrx_word' id='word_1_931' title='bbox 2149 5624 2324 5677; x_wconf 87' lang='lat' dir='ltr'><strong>tenet,</strong></span> <span class='ocrx_word' id='word_1_932' title='bbox 2372 5621 2510 5666; x_wconf 87' lang='lat' dir='ltr'><strong>ut-.et</strong></span> <span class='ocrx_word' id='word_1_933' title='bbox 2552 5602 2651 5666; x_wconf 88' lang='lat' dir='ltr'><strong>sibi</strong></span> <span class='ocrx_word' id='word_1_934' title='bbox 2687 5612 2888 5680; x_wconf 88' lang='lat' dir='ltr'><strong>prosit,</strong></span> <span class='ocrx_word' id='word_1_935' title='bbox 2922 5622 2976 5665; x_wconf 83' lang='lat' dir='ltr'><strong>et</strong></span> <span class='ocrx_word' id='word_1_936' title='bbox 3008 5613 3261 5669; x_wconf 76' lang='lat' dir='ltr'><strong>Ecclesize</strong></span> <span class='ocrx_word' id='word_1_937' title='bbox 3291 5611 3544 5681; x_wconf 85' lang='lat' dir='ltr'><strong>prodesse</strong></span> 
     </span>
    </p>
   </div>
   <div class='ocr_carea' id='block_1_120' title="bbox 1964 5705 3542 5777">
    <p class='ocr_par' dir='ltr' id='par_1_120' title="bbox 1964 5705 3542 5777">
     <span class='ocr_line' id='line_1_120' title="bbox 1964 5705 3542 5777; baseline 0.001 -17"><span class='ocrx_word' id='word_1_938' title='bbox 1964 5724 2068 5761; x_wconf 85' lang='lat' dir='ltr'><strong>non</strong></span> <span class='ocrx_word' id='word_1_939' title='bbox 2099 5718 2306 5771; x_wconf 87' lang='lat' dir='ltr'><strong>renuat,</strong></span> <span class='ocrx_word' id='word_1_940' title='bbox 2340 5707 2473 5760; x_wconf 88' lang='lat' dir='ltr'><strong>bene</strong></span> <span class='ocrx_word' id='word_1_941' title='bbox 2506 5705 2812 5775; x_wconf 88' lang='lat' dir='ltr'><strong>intelligitur</strong></span> <span class='ocrx_word' id='word_1_942' title='bbox 2840 5718 3065 5777; x_wconf 88' lang='lat' dir='ltr'><strong>utroque</strong></span> <span class='ocrx_word' id='word_1_943' title='bbox 3091 5707 3226 5776; x_wconf 89' lang='lat' dir='ltr'><strong>pede</strong></span> <span class='ocrx_word' id='word_1_944' title='bbox 3255 5707 3542 5763; x_wconf 81' lang='lat' dir='ltr'><strong>calceatus.</strong></span> 
     </span>
    </p>
   </div>
   <div class='ocr_carea' id='block_1_121' title="bbox 2029 5841 3200 5905">
    <p class='ocr_par' dir='ltr' id='par_1_121' title="bbox 2029 5841 3200 5905">
     <span class='ocr_line' id='line_1_121' title="bbox 2029 5841 3200 5905; baseline -0.002 -13"><span class='ocrx_word' id='word_1_945' title='bbox 2029 5850 2042 5876; x_wconf 74' lang='grc' dir='ltr'><strong>ι</strong></span> <span class='ocrx_word' id='word_1_946' title='bbox 2082 5853 2177 5892; x_wconf 70' lang='lat' dir='ltr'><strong>Am.</strong></span> <span class='ocrx_word' id='word_1_947' title='bbox 2207 5850 2276 5890; x_wconf 77' lang='lat' dir='ltr'><strong>Er.</strong></span> <span class='ocrx_word' id='word_1_948' title='bbox 2308 5849 2356 5891; x_wconf 71' lang='lat' dir='ltr'><strong>ct</strong></span> <span class='ocrx_word' id='word_1_949' title='bbox 2381 5849 2504 5902; x_wconf 68' lang='lat' dir='ltr'><strong>Mss,</strong></span> <span class='ocrx_word' id='word_1_950' title='bbox 2530 5845 2653 5905; x_wconf 79' lang='lat' dir='ltr'><strong>quod</strong></span> <span class='ocrx_word' id='word_1_951' title='bbox 2670 5841 2884 5891; x_wconf 79' lang='lat' dir='ltr'><strong>indidem</strong></span> <span class='ocrx_word' id='word_1_952' title='bbox 2909 5849 3200 5891; x_wconf 77' lang='lat' dir='ltr'><strong>nasceretur.</strong></span> 
     </span>
    </p>
   </div>
  </div>
