4028 6452
445 331 557 386 505

440 445 549 515 ραι,
570 451 749 499 autem
778 440 877 497 sibi
906 448 1089 512 putat,
1134 440 1255 511 quia
1283 436 1509 496 credidit
1531 478 1546 502 ,
1590 436 1719 491 satis
1744 449 1864 491 esse
1889 448 2026 490 con~

440 538 672 604 sultum,
710 550 891 591 curam
928 549 1058 590 vero
1104 531 1477 588 luerandorum
1523 528 1716 599 refugit
1759 528 2023 593 aliorum,

438 628 744 686 disealceati
775 626 916 682 illius
942 640 1046 680 non
1080 626 1361 694 figuratum
1390 620 1729 691 signiﬁcabit,
1762 619 1856 673 sed
1885 619 1937 673 in
1964 631 2024 673 se

439 720 716 790 impletum
744 718 975 788 portabit
1002 714 1371 785 opprobrium.

508 809 734 867 CAPUT
758 808 848 864 XI.
867 806 1108 876 —Quid,
1131 805 1273 877 quod
1299 814 1353 860 et
1377 803 1576 859 Pascha
1604 818 1631 857 a
1660 802 1815 858 nobis
1840 800 2025 870 objicit

434 902 718 965 celebrari,
750 916 849 956 nec
876 898 1018 970 quod
1050 899 1121 952 ita
1153 906 1209 952 ut
1232 895 1399 951 Judaei
1423 894 1753 950 celebramus
1779 892 2018 957 insultat,

434 1012 555 1051 cum
586 1010 738 1050 ovem
766 994 931 1063 magis
957 1005 1056 1045 nos
1077 990 1367 1045 habeamus
1391 989 1443 1043 in
1467 1004 1527 1044 re
1550 986 1824 1059 praesentis
1846 985 2020 1040 Evan-

431 1088 555 1155 gelii
577 1128 592 1152 ,
624 1101 727 1139 non
760 1084 810 1138 iu
848 1082 1034 1136 umbra
1078 1082 1238 1135 futuri
1258 1122 1273 1144 ,
1306 1079 1526 1149 ejusque
1549 1077 1870 1131 occisionem
1896 1089 2017 1129 cum

434 1176 699 1246 quotidie,
733 1183 842 1227 tum
870 1171 1101 1226 maxime
1126 1168 1487 1224 anniversaria
1517 1166 1878 1230 solemnitate,
1910 1180 2015 1218 non

434 1275 711 1319 venturam
740 1262 1144 1333 prtesignemus,
1174 1260 1268 1314 sed
1293 1258 1481 1312 factam
1504 1255 2020 1313 commemoremus?

433 1354 557 1410 Ideo
599 1369 729 1409 sane
764 1352 881 1408 dies
916 1350 1138 1407 Pascha:
1177 1349 1528 1404 solemnitatis
1559 1360 1754 1401 nostra:
1781 1346 1848 1400 ad
1878 1347 2018 1400 diem

430 1445 807 1501 celebrationis
860 1443 1169 1498 umbratica:
1221 1440 1526 1496 .ludtL-orum
1583 1455 1689 1493 non
1741 1438 2014 1504 occurrit,

432 1546 490 1591 ut
514 1546 565 1591 et
591 1535 914 1590 dominicum
942 1533 1101 1599 diem,
1126 1547 1233 1603 quo
1254 1530 1499 1585 Christus
1520 1528 1837 1592 resurrexit,
1869 1541 2019 1581 com-

433 1633 806 1701 plecteremur.
832 1629 1030 1698 Azyma
1067 1640 1224 1690 vero,
1269 1624 1356 1693 qui
1387 1632 1545 1677 recta:
1579 1620 1699 1676 ﬁdei
1728 1617 2016 1674 Christiani

432 1732 585 1788 sunt,
618 1736 723 1775 non
755 1720 806 1773 in
835 1720 1094 1774 fermento
1132 1716 1327 1771 veteris
1356 1715 1508 1779 vitm,
1536 1713 1638 1767 hoc
1663 1721 1744 1767 est
1767 1710 2014 1774 malitiae,

430 1812 527 1868 sed
564 1814 616 1866 in
651 1812 816 1883 ipsius
854 1810 975 1865 ﬁdei
1017 1810 1239 1863 veritate
1279 1816 1333 1862 et
1371 1807 1675 1861 sinceritate
1713 1804 2019 1859 custodiunt

432 1904 478 1977 (ι
501 1902 620 1959 Cor.
661 1918 730 1966 v,
761 1903 837 1973 8)
866 1919 878 1955 :
904 1917 1007 1955 non
1058 1909 1260 1969 septem
1304 1898 1526 1963 diebus,
1572 1896 1664 1950 sed
1693 1895 1839 1950 onmi
1893 1894 2013 1961 die;

429 1996 573 2069 quod
600 1994 950 2067 signiﬁcatum
980 2001 1063 2048 est
1089 2006 1314 2047 numero
1330 1991 1540 2045 dierum
1560 1989 1881 2059 septenario,
1910 2002 2016 2056 quo

426 2091 666 2160 quotidie
690 2090 864 2144 omnis
894 2088 1125 2141 volvitur
1151 2086 1289 2139 dies.
1319 2084 1471 2150 Quod
1508 2093 1560 2137 et
1599 2082 1643 2136 si
1686 2080 2013 2150 aliquantum

430 2184 751 2247 laboriosum
791 2190 875 2237 est
915 2182 967 2235 in
1012 2179 1113 2234 hoc
1153 2177 1384 2242 ειεοιιιο,
1429 2176 1679 2247 quoniam
1709 2180 1931 2243 angusta
1962 2180 2017 2225 et

428 2284 574 2331 arcta
617 2274 699 2330 via
739 2281 822 2329 est
861 2288 981 2343 quae
1021 2272 1164 2326 ducit
1192 2270 1258 2324 ad
1289 2271 1450 2324 vitam
1493 2267 1704 2341 (Matth.
1737 2282 1840 2332 vn,
1886 2266 2013 2336 13);

429 2379 635 2419 merces
664 2373 841 2421 tamen
884 2374 1029 2417 certa
1057 2371 1300 2416 servatur
1328 2378 1343 2415 :
1371 2376 1491 2414 nam
1534 2359 1650 2429 ipse
1676 2358 1824 2413 labor
1848 2357 2013 2427 signi-

428 2456 617 2510 licatus
646 2465 730 2510 est
773 2455 876 2509 illis
907 2453 1141 2525 picridiis
1162 2493 1179 2519 ,
1212 2451 1353 2522 quod
1379 2451 1705 2522 aliquantum
1734 2450 2015 2504 subamara

426 2549 554 2603 sint.

497 2638 724 2695 CAPUT
764 2638 877 2694 XII.
907 2668 979 2679 -—
1008 2638 1358 2694 Pentecosten
1383 2636 1543 2692 etiam
1564 2677 1580 2702 ,
1611 2634 1662 2689 id
1690 2643 1773 2690 est
1792 2675 1807 2700 ,
1836 2649 1866 2688 a
1894 2650 2017 2704 pas-

432 2733 583 2786 sione
605 2742 658 2788 et
689 2731 1083 2787 resurrectione
1110 2730 1318 2785 Domini
1348 2730 1843 2799 quinquagesimum
1870 2728 2012 2783 diem

424 2822 782 2887 celebramus,
811 2836 917 2891 quo
942 2821 1095 2875 nobis
1119 2829 1361 2876 sanctum
1380 2820 1634 2889 Spiritum
1664 2820 2011 2889 paracletum,

423 2930 584 2985 quem
614 2915 933 2985 promiserat
953 2956 968 2975 .
998 2914 1141 2967 misit
1172 2914 1306 2985 (Act.
1336 2928 1394 2977 ιι,
1426 2912 1547 2981 ιιι)
1572 2929 1584 2964 :
1608 2911 1749 2982 quod
1778 2909 2011 2965 futurum

427 3008 587 3060 etiam
630 3021 725 3076 per
751 3004 1055 3060 Juda-ornm
1101 3002 1301 3058 Pascha
1341 3000 1690 3072 signiﬁcatum
1731 3011 1847 3067 est,
1889 3016 2009 3056 eum

426 3098 865 3167 quinquagesimo
899 3095 985 3149 die
1031 3103 1148 3164 post
1193 3092 1608 3148 celebrationem
1634 3092 1750 3146 ovis
1777 3092 1967 3146 occisa:
1991 3134 2007 3157 ,

429 3187 637 3261 Moyses
679 3186 844 3256 digito
879 3186 973 3239 Dei
1012 3186 1261 3254 scriptam
1290 3184 1463 3253 legem
1492 3184 1695 3253 accepit
1735 3184 1788 3239 in
1831 3192 2011 3239 monte

429 3279 625 3353 (Exod.
676 3277 965 3350 ιικοχιιι).
1009 3279 1191 3349 Legite
1237 3277 1617 3347 Evangelium,
1655 3285 1711 3331 et
1751 3276 2011 3332 advertite

430 3372 500 3426 ibi
535 3370 789 3442 Spiritum
831 3379 1073 3425 sanctum
1116 3368 1438 3439 appellatum
1468 3368 1687 3438 digitum
1723 3368 1815 3423 Dei
1854 3367 2009 3438 (Luc.

426 3480 504 3529 ιι,
530 3464 647 3535 20).
679 3464 748 3518 Ea
773 3463 969 3534 quippe
997 3461 1358 3517 anniversarie
1379 3460 1432 3514 in
1464 3460 1702 3515 Ecclesia
1731 3460 2011 3513 celebran-

427 3565 546 3618 tttr,
593 3568 715 3624 quae
758 3553 1034 3624 insigniter
1077 3550 1389 3607 excellentia
1440 3551 1603 3606 certis
1644 3550 1833 3605 diebus
1874 3550 2009 3605 facta

426 3656 586 3714 sunt;
618 3658 677 3702 ut
702 3662 888 3701 eorum
913 3644 1269 3699 necessariam
1298 3643 1672 3713 salubremque
1698 3644 2009 3697 memoriam

429 3737 687 3791 festivitas
710 3735 1081 3790 concelebrata
1109 3732 1392 3789 custodiat.
1422 3733 1476 3789 Si
1505 3733 1667 3788 vultis
1697 3748 1824 3802 ergo
1852 3747 2010 3786 nosse

426 3842 594 3898 quare
619 3825 953 3880 celebramus
984 3824 1184 3880 Pascha
1213 3841 1226 3877 :
1252 3824 1374 3894 quia
1406 3832 1530 3879 tunc
1570 3838 1666 3893 pro
1710 3823 1863 3877 nobis
1908 3824 2002 3876 im-

429 3919 659 3971 molatus
685 3927 767 3972 est
792 3915 1054 3971 Christus.
1086 3916 1143 3972 Si
1184 3916 1345 3970 vultis
1371 3930 1527 3970 nosse
1553 3926 1720 3985 quare
1749 3930 1853 3968 non
1883 3915 2009 3969 illud

428 4011 531 4065 ritu
571 4009 793 4077 Judaico
831 4010 1160 4065 celebremus
1185 4027 1197 4063 :
1221 4009 1341 4078 quia
1374 4009 1459 4063 illa
1506 4017 1622 4062 erat
1663 4009 1867 4064 venturi
1900 4010 2011 4063 veri

426 4102 817 4173 przeﬁguratio,
848 4100 962 4156 bzec
987 4100 1238 4170 completi
1267 4101 1736 4164 commemoratio;
1771 4100 2010 4157 futurum

423 4204 603 4250 autem
632 4205 685 4249 et
714 4194 1042 4264 praeteritum
1078 4207 1178 4246 nec
1206 4191 1337 4262 ipsis
1380 4191 1556 4247 verbis
1593 4193 1791 4247 nostris
1821 4194 2008 4247 eodem

426 4286 590 4343 modo
619 4287 958 4349 enuntiatur;
990 4284 1129 4339 unde
1153 4284 1263 4355 jam
1294 4285 1421 4339 satis
1460 4285 1513 4339 in
1540 4287 1641 4340 hoc
1663 4299 1824 4354 opere
1851 4286 2008 4339 locuti

422 4397 631 4437 sumus.

494 4471 725 4528 CAPUT
755 4471 890 4526 Xlll.
914 4502 981 4511 —
1000 4470 1054 4526 Si
1084 4480 1261 4526 autem
1301 4478 1358 4525 et
1384 4470 1485 4524 hoe
1512 4470 1780 4541 quaeritis,
1819 4486 1915 4524 cur
1943 4486 2005 4523 ex

423 4564 674 4619 omnibus
702 4564 856 4629 cibis,
888 4562 1132 4632 aquibus
1159 4562 1208 4615 in
1243 4561 1427 4615 umbra
1458 4560 1752 4615 futurorum
1784 4560 2009 4630 populus

422 4665 508 4712 est
536 4656 625 4711 ille
656 4654 954 4725 prohibitus
977 4694 992 4719 ,
1020 4668 1120 4707 nos
1148 4652 1432 4707 morticine
1455 4661 1509 4707 et
1534 4651 1869 4705 immolatitio
1902 4668 2004 4705 non

417 4749 688 4805 vescimur
711 4766 721 4795 τ
742 4757 797 4802 et
823 4748 923 4801 hoc
944 4746 1141 4804 audite.
1169 4754 1223 4801 et
1243 4745 1524 4800 calumniis
1542 4745 1793 4799 vanitatis
1820 4760 2004 4797 verum

421 4841 710 4912 aliquando
736 4838 1052 4911 pra‘ponite.
1084 4836 1195 4892 Cur
1230 4839 1373 4893 enim
1406 4852 1508 4891 non
1540 4837 1789 4906 expediat
1816 4837 2008 4891 immo-

420 4934 590 4988 latitio
635 4933 775 4987 vesci
804 4931 1109 4987 Christiano
1130 4970 1143 4994 ,
1186 4929 1475 4997 Apostolus
1513 4927 1641 4982 dicit
1671 4945 1684 4982 :
1714 4926 1851 4982 Nolo
1885 4945 2003 4995 vos,

420 5025 626 5095 inquit,
668 5025 829 5077 socios
876 5022 989 5089 ﬁeri
1032 5020 1412 5074 damoniorwn.
1446 5018 1628 5088 Neque
1664 5018 1806 5073 enim
1836 5019 2007 5089 ipsam

420 5116 836 5171 immolationem
867 5112 1244 5185 reprehendit,
1295 5127 1453 5183 quam
1500 5110 1764 5166 faciebant
1793 5122 2004 5181 patres,

420 5206 825 5277 pra-ﬁgurantes
851 5205 1164 5276 sanguinem
1189 5202 1468 5267 sacriﬁcii,
1506 5218 1612 5272 quo
1640 5219 1735 5257 nos
1761 5204 2005 5260 Christus

419 5299 647 5354 redemit
670 5316 685 5352 :
711 5297 817 5354 Sed
842 5313 956 5369 quae
983 5296 1246 5350 immolant
1274 5292 1476 5361 Gentes,
1500 5294 1783 5358 dtemom'is,
1810 5295 2002 5367 inquit,

418 5391 716 5456 inmolant,
767 5400 813 5444 et
860 5406 963 5444 non
1012 5387 1139 5444 Deo.
1172 5385 1374 5443 Deinde
1414 5385 1609 5456 adjecit
1654 5387 1796 5458 quod
1845 5387 1952 5442 dixi
1988 5405 2002 5442 :

422 5481 561 5537 Nolo
598 5496 684 5536 eos
709 5484 868 5535 socios
898 5481 1009 5550 ﬁeri
1038 5480 1404 5535 dwmom'orttm
1433 5479 1453 5551 (
1476 5478 1491 5531 I
1516 5478 1615 5533 Cor
1638 5495 1672 5533 x
1690 5521 1703 5545 ,
1730 5478 1848 5549 20).
1871 5479 2003 5534 Nam

420 5574 462 5627 si
509 5582 694 5626 natura
742 5572 853 5642 ipsa
895 5571 1242 5626 immolatitize
1285 5570 1460 5625 carnis
1500 5578 1640 5623 esset
1688 5570 2003 5637 immunda,

423 5664 605 5734 utique
652 5672 705 5718 et
752 5662 1075 5716 nescientem
1120 5661 1527 5715 contaminaret.
1559 5659 1741 5731 Neque
1771 5661 1910 5715 enim
1941 5677 2005 5716 eo

424 5760 597 5813 minus
627 5759 735 5827 ipsa
765 5765 925 5823 esset,
956 5772 1060 5825 quo
1091 5756 1264 5809 minus
1291 5756 1355 5810 ab
1393 5755 1593 5811 sciente
1634 5754 2001 5824 acciperetur:

1274 322 1545 379 CONTRA
1585 319 1907 377 FAUSTUM
1943 313 2394 383 “ANICHIEUM,
2432 315 2489 373 S.
2528 316 2890 375 Αυϐυετικι

2137 430 2232 485 sed
2275 441 2493 501 propter
2521 434 2932 499 conscientiam,
2957 448 3025 501 ne
3054 432 3385 491 dmmonibus
3407 441 3717 492 communi-

2133 535 2286 578 casse
2337 522 2599 577 videatur.
2654 524 2991 580 Morticinum
3049 537 3225 581 autem
3281 537 3407 597 puto
3453 528 3595 597 quod
3648 530 3719 585 ad

2131 626 2308 667 escam
2339 628 2469 668 usus
2496 614 2769 670 hominum
2798 632 2905 671 non
2931 616 3146 671 admisit
3170 659 3185 683 ,
3215 633 3281 673 eo
3309 619 3448 689 quod
3479 637 3586 675 non
3617 637 3717 677 oc-

2130 705 2399 774 cisorum,
2445 707 2539 762 sed
2578 717 2910 764 mortuorum
2958 710 3262 764 animalium
3316 711 3558 766 morbida
3588 728 3721 769 caro

2129 806 2232 863 est,
2264 814 2365 853 nec
2394 808 2515 869 apta
2541 798 2609 855 ad
2635 801 2859 856 salutem
2894 802 3160 871 corporis,
3184 803 3333 871 cujus
3358 820 3516 858 causa
3540 808 3720 861 smni-

2131 903 2249 942 mus
2276 889 2606 944 alimentum.
2648 890 2780 946 Nam
2817 892 2959 962 quod
2997 891 3426 967 degeﬁ'undendo
3453 896 3722 967 sanguine

2127 979 2360 1050 antiquis
2390 982 2442 1035 in
2476 982 2640 1050 ﬁgura
2680 996 3005 1052 pra-ceptum
3048 964 3166 1049 est,
3197 984 3250 1039 id
3290 994 3409 1049 est,
3453 964 3577 1056 ipsi:
3603 987 3722 1045 Noe

2130 1080 2249 1140 post
2273 1072 2529 1127 diluvium
2562 1071 2716 1142 (Gen.
2742 1090 2814 1138 ιι,
2839 1076 2916 1146 6),
2945 1075 3084 1145 quod
3108 1075 3216 1147 jam
3238 1076 3362 1150 quid
3388 1079 3721 1149 signiﬁcaret

2127 1165 2477 1230 ostendinms,
2509 1167 2749 1238 plerique
2787 1168 3087 1239 intelligunt
3111 1169 3244 1240 (Act.
3295 1186 3384 1234 xv,
3419 1170 3535 1241 29).
3566 1171 3632 1227 Et
3662 1173 3718 1229 in

2126 1256 2347 1311 Actibus
2372 1253 2750 1327 Apostolorum
2798 1259 2899 1314 hoc
2945 1259 3061 1330 lege
3080 1260 3095 1291 ¹
3124 1269 3445 1331 praeceptum
3476 1262 3544 1315 ab
3570 1263 3719 1332 Apo-

2123 1348 2278 1403 stolis
2302 1391 2318 1415 ,
2350 1358 2407 1403 ut
2437 1350 2769 1407 abstinerent
2797 1350 2997 1407 Gentes
3037 1361 3238 1405 tantum
3265 1366 3296 1406 a
3325 1351 3716 1421 fornicatione,

2125 1451 2179 1497 et
2204 1444 2272 1497 ab
2300 1443 2584 1498 immolatis
2604 1486 2619 1510 ,
2648 1452 2703 1499 ct
2728 1459 2759 1498 a
2788 1445 3075 1514 sanguine;
3108 1443 3161 1499 id
3199 1453 3305 1513 est,
3328 1461 3395 1499 ne
3421 1446 3716 1515 quidquam

2122 1534 2346 1590 ederent
2395 1535 2614 1601 carnis,
2661 1536 2815 1606 cujus
2862 1536 3081 1608 sanguis
3136 1551 3246 1591 non
3291 1546 3437 1592 esset
3484 1536 3716 1594 eﬂ'usus.

2124 1624 2278 1690 Quod
2303 1626 2391 1680 alii
2420 1642 2524 1682 non
2556 1628 2635 1681 sic
2661 1627 2997 1697 intelligunt,
3027 1627 3119 1682 sed
3147 1643 3176 1681 a
3206 1629 3462 1699 sanguine
3502 1644 3717 1699 praece-

2123 1726 2269 1786 ptum
2299 1732 2421 1772 esse
2448 1717 2842 1782 abstinendum,
2889 1735 2957 1774 ne
2984 1719 3105 1789 quis
3130 1719 3414 1775 bontieidio
3439 1737 3497 1776 se
3521 1730 3716 1776 conta-

2122 1808 2309 1862 minet.
2341 1808 2452 1862 Hoc
2474 1824 2615 1864 nunc
2635 1810 2901 1864 discutere
2924 1809 3138 1881 longum
3162 1820 3274 1873 est.
3302 1821 3359 1866 et
3385 1826 3492 1865 non
3522 1827 3719 1867 neces-

2120 1899 2317 1954 sarium
2353 1917 2366 1955 :
2399 1900 2521 1970 quia
2570 1909 2625 1956 et
2663 1900 2709 1955 si
2751 1901 2852 1955 hoc
2892 1910 3017 1956 tunc
3047 1901 3288 1971 Apostoli
3319 1912 3715 1973 praeceperunt,

2119 1998 2177 2045 ιιι
2220 1992 2288 2046 ab
2335 1991 2648 2046 animalium
2698 1993 2957 2063 sanguine
3004 1994 3337 2049 abstinerent
3386 1994 3717 2061 Christiani,

2122 2098 2188 2137 ne
2234 2082 2536 2153 prmfocatis
2584 2085 2834 2140 carnibus
2878 2095 3254 2154 vescerentur,
3304 2086 3529 2157 elegisse
3577 2087 3715 2141 mihi

2121 2173 2369 2228 videntur
2413 2190 2509 2245 pro
2554 2184 2796 2246 tempore
2843 2192 2959 2231 rem
3003 2177 3231 2242 facilem,
3278 2186 3333 2232 et
3375 2194 3717 2249 nequaquam

2120 2266 2526 2320 observantibus
2553 2282 2863 2334 onerosam,
2895 2268 2946 2322 in
2974 2284 3075 2338 qua
3108 2283 3229 2322 eum
3259 2268 3515 2323 lsraelitis
3543 2271 3717 2325 etiam

2120 2356 2342 2421 Gentes,
2376 2368 2594 2428 propter
2630 2360 2940 2430 angularem
2974 2359 3119 2413 illum
3150 2360 3377 2429 lapidem
3404 2361 3539 2414 duos
3566 2362 3617 2415 in
3651 2379 3716 2416 se

2119 2447 2437 2501 condentem
2470 2446 2689 2517 (Ep/tea.
2739 2464 2798 2515 tt,
2847 2447 3061 2521 "-22),
3107 2450 3307 2518 aliquid
3353 2452 3715 2506 communiter

2119 2541 2497 2605 observarent;
2544 2540 2701 2595 simul
2744 2552 2799 2595 et
2841 2539 3328 2606 admonerentur',
3364 2542 3416 2596 in
3444 2543 3555 2613 ipsa
3580 2560 3714 2598 arca

2120 2631 2252 2697 Noe,
2298 2634 2512 2703 quando
2560 2632 2698 2687 Deus
2745 2632 2847 2687 hoc
2891 2633 3073 2703 jussit,
3123 2632 3417 2688 Ecclesiam
3466 2636 3716 2689 omnium

2120 2724 2353 2792 gentium
2401 2724 2562 2777 fuisse
2595 2724 2910 2794 ﬁguratam,
2949 2725 3108 2795 cujus
3131 2723 3254 2779 facti
3299 2725 3571 2795 prophetia
3592 2727 3717 2796 jam

2120 2812 2378 2868 Gentibus
2420 2814 2486 2868 ad
2533 2814 2691 2870 ﬁdem
2737 2815 3119 2870 accedentibus
3159 2816 3445 2885 incipiebat
3474 2818 3715 2887 impleri.

2120 2903 2418 2962 Transacto
2443 2922 2571 2962 vero
2599 2908 2689 2961 illo
2730 2916 2973 2977 tempore
2997 2949 3014 2975 ,
3056 2923 3163 2979 quo
3207 2909 3281 2963 illi
3308 2907 3414 2963 duo
3440 2912 3711 2980 parietes,

2120 3012 2257 3051 unus
2285 3012 2349 3051 ex
2377 2998 2815 3058 circumcisione.
2847 3000 2983 3054 alter
3010 3015 3077 3055 ex
3105 3001 3366 3071 prtrputio
3394 3001 3712 3071 venientes,

2118 3089 2365 3157 quamvis
2405 3089 2457 3143 in
2513 3090 2751 3160 angulari
2809 3090 2982 3160 lapide
3029 3090 3455 3156 coneordarcut,
3510 3103 3709 3149 tamen

2121 3179 2235 3234 suis
2263 3179 2580 3249 quibusdam
2610 3181 3025 3251 proprietatibus
3049 3181 3349 3237 distinctius
3374 3183 3713 3252 enunebant,

2119 3284 2182 3324 ac
2226 3269 2313 3323 ubi
2344 3269 2585 3324 Ecclesia
2609 3269 2859 3326 Gentium
2889 3272 3011 3325 talis
3036 3270 3218 3326 ell‘eeta
3265 3281 3385 3335 est,
3436 3281 3494 3326 ut
3540 3274 3591 3327 in
3641 3290 3713 3330 ea

2122 3362 2295 3415 nullus
2350 3361 2588 3416 Israelita
2638 3362 2868 3416 carnalis
2923 3370 3217 3432 appareat;
3274 3363 3393 3434 quis
3441 3364 3545 3432 jam
3600 3363 3717 3420 hoc

2119 3454 2457 3509 Christianus
2482 3455 2751 3518 observat,
2786 3464 2843 3510 ιιι
2890 3455 3075 3510 turdos
3121 3457 3204 3510 vel
3250 3457 3562 3510 tuimttiores
3586 3460 3711 3511 avi-

2116 3544 2265 3600 culas
2313 3560 2419 3600 non
2450 3547 2693 3615 attingat,
2726 3546 2824 3600 nisi
2856 3562 3083 3615 quarum
3112 3547 3330 3617 sanguis
3356 3547 3555 3603 effosus
3580 3558 3669 3602 est
3693 3590 3711 3612 ,

2116 3647 2207 3690 aut
2236 3637 2470 3709 leporem
2501 3652 2607 3690 non
2638 3636 2794 3704 edat,
2821 3637 2866 3689 si
2895 3653 3056 3691 manu
3086 3653 3113 3689 a
3145 3640 3352 3692 cervice
3381 3653 3673 3705 percussus
3692 3680 3715 3703 ,

2119 3730 2265 3783 nullo
2290 3737 2512 3783 cruento
2540 3731 2757 3783 vulnere
2783 3730 2991 3783 occisus
3030 3728 3148 3784 est’
3175 3729 3239 3783 Et
3265 3728 3355 3799 qui
3390 3728 3522 3782 forte
3549 3731 3714 3799 pauci

2117 3820 2289 3874 adhuc
2319 3828 2539 3890 turgere
2569 3819 2681 3893 ista.
2700 3818 2986 3873 formidant
3011 3859 3026 3883 ,
3071 3834 3101 3871 a
3133 3820 3343 3873 caeteris
3375 3820 3709 3874 irridentur:

2118 3912 2186 3966 ita
2238 3912 2476 3966 omnium
2518 3913 2725 3966 animos
2774 3912 2827 3966 in
2872 3911 2970 3966 bac
2999 3928 3057 3966 re
3099 3911 3269 3966 tenuit
3308 3912 3393 3966 illa
3436 3915 3715 3968 sententia

2118 4005 2375 4071 veritatis,
2410 4003 2531 4060 Non
2559 4005 2694 4076 quod
2720 4007 2877 4058 intrat
2909 4005 2962 4058 in
3006 4022 3061 4059 os
3084 4016 3297 4059 vestrum
3319 4047 3334 4071 ,
3360 4022 3446 4059 vos
3472 4006 3713 4077 coinqui-

2117 4106 2225 4160 nat,
2255 4096 2344 4150 sed
2369 4098 2505 4166 quod
2532 4097 2635 4151 exit
2668 4096 2877 4169 (Matth.
2905 4112 3006 4165 xv,
3035 4097 3159 4167 ll);
3191 4097 3387 4151 nullam
3413 4097 3515 4152 cibi
3546 4109 3709 4153 natu-

2117 4204 2252 4255 ram,
2282 4204 2439 4259 quam
2463 4190 2691 4243 societas
2711 4187 2940 4243 admittit
2968 4189 3220 4255 humana,
3248 4189 3341 4245 sed
3368 4206 3485 4260 qua:
3507 4189 3711 4261 iniqui-

2118 4290 2198 4336 tas
2217 4282 2501 4335 committit
2529 4290 2762 4351 peccata,
2793 4280 3176 4337 condemnans.

2185 4371 2412 4427 CAPUT
2435 4371 2573 4427 XIV.
2592 4372 2792 4427 —Jam
2820 4389 2948 4427 vero
2975 4372 3041 4428 de
3070 4373 3406 4442 antiquorum
3436 4374 3616 4440 factis,
3652 4388 3711 4431 et

2114 4478 2234 4532 qua:
2281 4463 2456 4518 stultis
2499 4473 2657 4534 atque
2702 4464 2982 4519 ineruditis
3006 4464 3253 4519 videntur
3279 4475 3524 4534 peccata,
3570 4467 3709 4522 dum

2115 4569 2220 4606 non
2247 4564 2391 4619 sunt,
2419 4563 2471 4608 et
2501 4572 2616 4623 qua:
2644 4570 2769 4609 vere
2796 4562 3012 4624 peccata
3041 4565 3187 4619 sunt,
3212 4572 3367 4625 quam
3395 4557 3463 4611 ob
3482 4572 3709 4614 causam

2115 4649 2411 4716 conscripta
2439 4646 2585 4711 sint,
2616 4655 2824 4702 servata
2851 4646 3123 4718 magisque
3153 4648 3525 4703 commendata
3555 4648 3710 4704 Scri-

2116 4750 2285 4808 ptura:
2335 4739 2499 4808 ipsius
2541 4739 2905 4802 veneratione,
2954 4739 3237 4793 sufﬁcienti
3288 4740 3398 4807 jam
3448 4754 3709 4797 sermone

2114 4832 2525 4884 monstravimus
2556 4847 2569 4883 :
2598 4844 2805 4883 necnon
2834 4829 2902 4885 de
2928 4829 3213 4885 maledicto
3239 4830 3357 4899 ejus
3382 4832 3468 4901 qui
3501 4832 3707 4900 pcttdet

2116 4921 2167 4976 in
2200 4922 2362 4991 ligno,
2390 4931 2446 4976 et
2470 4925 2587 4989 ejus
2608 4923 2696 4993 qui
2724 4937 2828 4977 non
2856 4922 3196 4977 suscitaverit
3220 4938 3403 4977 semen
3432 4922 3481 4976 in
3510 4923 3705 4991 Israel,

2108 5013 2217 5084 jam
2248 5012 2474 5082 primmn
2520 5028 2617 5068 suo
2662 5013 2780 5068 loco
2822 5014 3196 5082 respondimus
3219 5055 3234 5078 ,
3281 5030 3402 5069 cum
3436 5014 3548 5069 lucc
3572 5026 3703 5074 ante

2113 5106 2436 5161 dilueremus
2448 5106 2652 5174 objecta
2670 5104 2888 5177 (Supra,
2919 5106 3008 5159 lib.
3033 5104 3127 5175 22)
3149 5113 3233 5159 :et
3255 5120 3471 5174 prorsus
3494 5110 3705 5173 omnia,

2114 5197 2227 5251 sive
2279 5197 2346 5250 de
2395 5196 2585 5266 quibus
2630 5197 2936 5267 singillatim
2980 5196 3088 5265 jam
3139 5196 3495 5251 anterioribus
3542 5197 3707 5268 hujus

2112 5288 2289 5358 operis
2334 5288 2572 5356 partibus
2618 5287 3000 5352 disseruimus,
3040 5286 3155 5341 sive
3199 5302 3317 5357 qua?
3347 5288 3399 5342 in
3432 5287 3565 5352 isto,
3612 5290 3708 5344 cui

2111 5380 2527 5449 respondemus,
2576 5394 2827 5433 sermone
2871 5395 2968 5433 suo
3009 5377 3235 5433 Faustus
3264 5381 3453 5433 similia
3486 5382 3708 5449 posuit,

2112 5488 2214 5527 una
2248 5471 2550 5527 ﬁrmissima
2581 5472 2824 5526 veritatis
2868 5472 3075 5525 ratione
3118 5470 3491 5539 defendimus,
3538 5488 3710 5542 quam

2110 5565 2177 5621 de
2202 5574 2503 5620 sanctarum
2550 5563 2944 5635 Scripturarnm
2986 5565 3300 5620 auctoritate
3339 5566 3712 5637 percepimus.

2174 5701 2189 5731 ί
2227 5706 2275 5747 ιιι
2298 5707 2426 5758 uss,
2453 5696 2560 5762 logi.

2175 5765 2195 5793 ²
2230 5772 2328 5810 λιιι.
2352 5768 2426 5810 Er.
2454 5760 2750 5823 et'plerique
2767 5766 2897 5821 Mss,
2921 5760 3230 5811 admatwrcut

3609 324 3720 381 504
3814 407 3839 414 ﬂ
