4052 6448
212 374 318 433 505

211 492 574 559 Quaecumque
601 485 798 557 scripta
827 494 952 541 sunt
975 484 1031 540 in
1057 482 1164 539 illis
1190 482 1340 537 libris
1371 481 1581 538 Veteris
1606 480 1796 536 Testa-

212 580 399 644 ntenti,
429 579 611 634 omnia
651 576 932 633 verissime
957 584 1117 647 atque
1157 573 1446 630 utilissime
1474 588 1570 644 pro
1596 583 1794 626 atterna

210 672 314 725 vita
339 671 541 739 scripta
566 682 686 724 esse
711 666 990 722 laudamus
1013 707 1028 731 ,
1056 664 1371 735 accipimus,
1395 663 1793 734 approbamus:

208 761 303 818 sed
342 776 462 831 qua:
501 761 557 815 in
601 759 684 813 his
728 756 977 813 mandata
1004 758 1021 789 ¹
1059 756 1325 827 corporali
1351 755 1663 826 operatione
1688 769 1792 808 non

208 853 579 917 observamus,
605 858 661 905 et
683 848 980 905 rectissime
1005 855 1133 903 tunc
1156 846 1405 901 mandata
1426 845 1791 915 intelligimus,

209 953 261 998 et
289 941 507 996 umbras
552 938 850 995 futurorum
893 953 1012 995 esse
1047 938 1367 1005 didicimus,
1409 945 1465 991 et
1510 950 1652 990 nunc
1681 933 1791 1006 jam

208 1033 417 1103 impleri
462 1032 853 1103 cognoscimus.
892 1032 972 1087 Ac
1009 1046 1105 1101 per
1146 1031 1249 1085 hoc
1285 1029 1524 1101 quisquis
1548 1029 1637 1084 illa
1666 1037 1793 1084 tunc

206 1126 365 1181 etiam
391 1120 557 1196 opera
575 1166 590 1190 ,
621 1125 775 1195 quae”
802 1122 869 1179 ad
895 1122 1302 1194 signiﬁcandum
1330 1123 1412 1194 agi
1434 1122 1789 1193 jubebantur,

206 1233 313 1273 non
338 1216 695 1282 observabat,
726 1231 911 1287 uenas
935 1215 1189 1272 divinitus
1216 1216 1532 1272 constitutas
1559 1215 1793 1272 rectissi-

206 1325 295 1365 mo
319 1309 521 1379 judicio
546 1308 901 1380 persolvebat,
928 1307 1066 1364 sicut
1088 1322 1230 1363 nunc
1254 1306 1299 1363 si
1320 1307 1439 1378 quis
1457 1315 1789 1361 sacramenta

206 1400 338 1456 Novi
367 1400 697 1456 Testamenti
725 1415 822 1470 pro
850 1398 1105 1470 temporis
1130 1397 1336 1453 ratione
1359 1397 1605 1452 distincta
1634 1397 1792 1453 fuerit

206 1509 366 1549 ausus
409 1492 669 1564 sacrilega
718 1492 1019 1548 temeritate
1062 1490 1284 1545 violare.
1333 1488 1791 1558 Quemadmodum

206 1587 347 1641 enim
395 1595 524 1640 tunc
562 1584 692 1655 justi
733 1584 867 1650 viri,
909 1584 999 1655 qui
1036 1598 1132 1654 pro
1160 1582 1263 1637 illis
1306 1582 1654 1638 sacramentis
1692 1597 1792 1637 nec

206 1689 431 1734 tnortem
459 1686 878 1743 recusaverunt,
904 1676 1025 1747 jure
1055 1676 1365 1741 laudantur;
1395 1676 1465 1730 ita
1494 1691 1636 1730 nunc
1692 1690 1793 1745 pro

207 1770 320 1825 istis
346 1778 611 1840 martyres
637 1767 828 1823 sancti.
858 1768 923 1822 Et
956 1767 1093 1821 sicut
1119 1782 1262 1836 :eger
1293 1781 1399 1820 non
1428 1766 1586 1820 debet
1606 1780 1789 1835 repre-

207 1859 444 1915 hendere
472 1857 841 1914 medicinalem
883 1857 1214 1922 doctrinam,
1258 1859 1303 1911 si
1343 1856 1485 1912 aliud
1528 1857 1599 1911 illi
1633 1857 1791 1913 hodie

207 1952 552 2023 praaceperit,
596 1950 739 2006 aliud
766 1965 919 2018 cras,
969 1949 1260 2020 prohibens
1286 1950 1446 2005 etiam
1490 1951 1629 2022 quod
1667 1960 1791 2007 ante

206 2053 568 2114 przeeeperat;
596 2044 673 2098 sic
700 2042 843 2098 enim
872 2057 932 2097 se
960 2040 1119 2097 habet
1154 2041 1376 2096 sanandi
1406 2040 1521 2112 ejus
1549 2042 1792 2113 corporis

208 2135 344 2188 ratio
370 2153 384 2189 :
410 2135 479 2188 ita
509 2148 679 2204 genus
707 2133 997 2189 humanum
1037 2132 1105 2188 ab
1135 2132 1300 2188 Adam
1332 2148 1500 2203 usque
1536 2133 1589 2188 in
1630 2133 1789 2188 linem

206 2224 385 2279 saeculi
414 2265 431 2289 ,
462 2223 714 2293 quamdiu
740 2238 936 2293 corpus
968 2222 1109 2293 quod
1132 2222 1509 2292 corrumpitur,
1539 2231 1791 2294 aggravat

203 2317 435 2370 animam
470 2315 625 2387 (Sap.
654 2331 736 2381 ιι,
768 2314 893 2385 l5),
933 2329 1133 2384 aegrum
1163 2324 1321 2383 atque
1362 2313 1598 2368 saucium
1619 2354 1635 2379 ,
1680 2329 1787 2368 non

203 2407 361 2462 debet
384 2406 623 2461 divinam
668 2404 1062 2474 reprehendere
1103 2403 1452 2467 medicinam,
1499 2403 1543 2457 si
1588 2402 1639 2457 in
1666 2402 1789 2473 qui-

204 2500 427 2555 busdam
475 2499 580 2554 hoc
623 2497 800 2561 idem,
850 2496 903 2551 in
929 2494 1242 2566 quibusdam
1286 2510 1415 2549 vero
1440 2494 1583 2549 aliud
1613 2495 1782 2563 prius,

203 2592 342 2647 aliud
370 2592 658 2661 posterius,
689 2588 1077 2645 observandum
1108 2602 1228 2643 esse
1257 2587 1529 2658 praecipit;
1559 2602 1788 2657 praeser-

203 2688 299 2740 tim
328 2684 453 2755 quia
482 2700 544 2739 se
571 2682 713 2737 aliud
752 2690 1135 2752 prmeeptnram
1160 2693 1282 2735 esse
1312 2677 1574 2748 promisit.

267 2776 499 2832 CAPUT
540 2774 654 2830 XV.
685 2804 754 2815 —
793 2773 944 2828 Nulla
973 2788 1102 2843 ergo
1129 2770 1455 2840 comparatio
1485 2781 1598 2836 est,
1629 2785 1787 2839 qnam

204 2852 430 2924 Faustus
458 2866 735 2932 obtendit,
768 2866 836 2920 ita
872 2864 1027 2919 vobis
1062 2863 1385 2917 Paracletum
1415 2877 1479 2917 ex
1508 2861 1655 2916 Novo
1682 2860 1789 2916 Te-

202 2972 466 3017 stamento
508 2959 649 3030 quod
695 2958 922 3013 credatis
963 2956 1221 3025 elegisse,
1253 2965 1308 3009 et
1348 2954 1487 3024 quod
1531 2954 1791 3024 respuatis

202 3052 685 3115 demonstravisse,
735 3065 855 3104 cum
905 3050 1019 3118 ipse
1061 3048 1207 3101 Novo
1250 3046 1592 3101 Testamento
1634 3045 1792 3101 fuerit

205 3146 587 3217 prophetatus;
615 3143 752 3198 sicut
779 3142 931 3196 nobis
951 3141 1191 3196 Christus
1218 3139 1341 3194 fecit
1363 3155 1429 3193 ex
1452 3138 1661 3203 Vetere,
1684 3153 1791 3208 quo

204 3240 449 3295 similiter
486 3238 835 3310 prophetatus
863 3243 965 3290 est.
995 3234 1107 3289 Hoc
1135 3234 1276 3288 enim
1311 3234 1487 3301 aliqua
1516 3232 1790 3288 verisimili

204 3332 407 3388 ratione
451 3331 748 3394 diceretur,
793 3328 836 3381 si
882 3336 1025 3381 esset
1054 3324 1252 3395 aliquid
1285 3326 1335 3380 in
1368 3324 1573 3380 Veteris
1599 3324 1790 3379 Testa-

204 3422 365 3477 menti
411 3420 591 3483 libris,
633 3418 773 3488 quod
806 3432 902 3471 nos
929 3416 1231 3471 diceremus
1261 3430 1363 3471 non
1395 3423 1539 3471 recte
1566 3406 1788 3479 dictum,

206 3532 303 3571 non
343 3514 603 3569 divinitus
634 3514 840 3582 jussum
862 3551 877 3575 ,
923 3524 1028 3563 non
1060 3508 1319 3563 veraciter
1346 3508 1622 3578 scriptum.
1650 3506 1792 3563 Nihil

207 3609 393 3663 horum
426 3607 653 3661 dicimus
683 3623 696 3659 :
726 3604 819 3659 sed
849 3603 1137 3672 accipimus
1163 3601 1340 3655 omnia
1362 3641 1376 3664 ,
1405 3601 1516 3655 sive
1544 3616 1661 3670 qua:
1691 3599 1791 3653 oh-

207 3716 509 3765 servamus,
550 3708 608 3753 ut
645 3708 790 3753 recte
827 3696 1100 3758 vivamus;
1143 3694 1254 3750 sive
1298 3710 1417 3762 qua:
1462 3708 1565 3746 non
1608 3693 1792 3746 obser-

207 3809 410 3857 vannus,
450 3800 509 3844 ttt
538 3800 713 3843 tamen
754 3796 809 3842 et
851 3789 961 3857 ipsa
1004 3796 1129 3841 tunc
1170 3786 1221 3840 in
1259 3784 1532 3855 prophetia
1569 3784 1711 3853 jussa
1739 3793 1793 3839 et

208 3885 485 3939 observata
518 3897 657 3936 nunc
680 3881 789 3948 jam
814 3879 1066 3948 compleri
1097 3877 1388 3931 videamus.
1418 3875 1612 3930 Deinde
1635 3875 1795 3929 Para-

207 3977 397 4031 cletum
426 3975 564 4028 sicut
590 3972 908 4042 promissum
938 3970 1160 4040 legimus
1191 3968 1242 4022 in
1274 3968 1338 4021 iis
1362 3968 1541 4034 libris,
1569 3982 1792 4037 quorum

209 4081 307 4122 non
348 4065 533 4120 omnia
562 4064 721 4130 vultis
747 4062 1023 4132 accipere;
1055 4061 1124 4115 ita
1156 4069 1210 4115 et
1238 4060 1455 4113 missum
1487 4058 1711 4129 legimus
1738 4059 1792 4113 in

210 4172 272 4214 eo
296 4157 457 4220 libro,
488 4171 647 4226 quem
677 4153 949 4207 nominare
976 4151 1133 4206 etiam
1160 4149 1472 4206 formidatis.
1498 4148 1552 4203 In
1576 4148 1795 4203 Actibus

211 4249 401 4321 quippe
423 4245 825 4317 Apostolorum,
853 4244 988 4299 sicut
1012 4253 1067 4298 et
1088 4258 1231 4312 sape
1255 4250 1310 4297 et
1334 4240 1490 4310 paulo
1508 4249 1630 4295 ante
1650 4256 1798 4294 com-

214 4340 527 4403 memoravi,
550 4337 884 4409 apertissime
910 4335 1102 4405 legitur
1128 4336 1319 4389 missus
1343 4333 1431 4388 die
1456 4332 1797 4387 Pentecostes

213 4432 436 4502 Spiritus
472 4438 721 4491 sanctus,
770 4427 858 4494 qui
896 4425 1055 4481 etiam
1095 4426 1261 4494 opere
1294 4423 1648 4477 manifestas-it
1681 4422 1799 4489 quis

213 4536 367 4583 esset.
399 4524 623 4593 Linguis
648 4522 788 4575 enim
812 4519 1060 4574 omnibus
1085 4515 1244 4571 locuti
1268 4526 1407 4579 sunt,
1436 4516 1523 4585 qui
1550 4532 1671 4569 eum
1696 4514 1802 4583 pri-

215 4620 367 4672 mitus
405 4623 730 4684 acceperunt
762 4611 894 4684 (Act.
925 4609 983 4683 ιι)
1012 4626 1026 4663 :
1058 4617 1115 4663 ut
1150 4608 1252 4663 hoc
1287 4609 1445 4663 etiam
1484 4609 1637 4677 signo
1677 4624 1801 4676 pro-

217 4712 448 4765 mitteret
480 4710 535 4761 in
564 4705 754 4775 linguis
779 4702 1044 4768 omnibus,
1068 4700 1166 4756 hoc
1188 4709 1289 4763 est,
1320 4698 1371 4754 in
1400 4688 1645 4753 omnibus
1671 4715 1802 4768 gen-

220 4802 351 4854 tibus
386 4799 623 4855 futuram
650 4794 969 4857 Ecclesiam,
1011 4807 1130 4862 quae
1161 4790 1305 4846 illum
1339 4790 1475 4846 sicut
1507 4789 1717 4845 Patrem
1747 4797 1804 4845 et

222 4895 405 4949 Filium
439 4889 718 4947 verissime
750 4886 1083 4958 praulicaret.

287 4983 513 5042 CAPUT
541 4981 683 5039 XVI.
706 5010 776 5025 -
802 4977 908 5033 Vos
933 4992 1060 5047 ergo
1083 4976 1190 5045 jam
1217 4974 1376 5029 dicite
1399 4988 1563 5044 quare
1587 4987 1691 5028 non
1717 4987 1805 5028 ac-

220 5078 424 5147 cipiatis
452 5080 633 5128 omnia
663 5087 725 5126 ex
758 5070 908 5124 libris
934 5067 1064 5122 Novi
1091 5066 1450 5130 Testamenti;
1482 5073 1657 5118 utrum
1683 5064 1803 5134 quia

224 5186 326 5226 non
355 5176 482 5223 sunt
508 5162 886 5235 Apostolorum
914 5158 1144 5222 Christi,
1173 5173 1238 5210 an
1278 5157 1397 5225 quia
1436 5155 1579 5225 pravi
1609 5155 1805 5225 aliquid

224 5262 518 5316 docuerunt
558 5251 799 5323 Apostoli
837 5250 1053 5305 Christi.
1106 5246 1484 5313 Respondelis,
1528 5245 1661 5314 Quia
1700 5262 1805 5300 non

224 5361 347 5408 sunt
370 5347 748 5420 Apostolorum
778 5342 994 5399 Christi.
1026 5340 1156 5395 Nam
1197 5338 1286 5393 illa
1322 5353 1423 5393 vox
1450 5337 1613 5394 altera
1640 5338 1807 5408 Paga-

226 5464 413 5503 norum
442 5454 544 5509 est,
569 5443 659 5514 qui
685 5440 867 5496 dicunt
886 5436 1171 5507 Apostolus
1191 5433 1384 5488 Christi
1413 5449 1517 5487 non
1545 5441 1685 5487 recta
1714 5433 1811 5487 do-

227 5540 419 5593 cuisse.
446 5538 553 5591 Vos
576 5549 704 5604 ergo
733 5531 857 5603 quid
883 5528 1057 5584 dicitis
1077 5569 1092 5593 ,
1122 5525 1260 5580 unde
1283 5524 1558 5579 ostenditis
1576 5522 1813 5594 Scriptu-

230 5645 319 5685 ras
348 5630 465 5683 illas
505 5644 609 5683 non
640 5626 708 5681 ab
736 5621 1007 5695 Apostolis
1035 5619 1398 5675 ministratus?
1437 5618 1810 5690 Respondetis,

300 5786 315 5815 ι
351 5784 499 5831 Fditio
523 5789 649 5837 liov.,
678 5780 908 5830 mandata
929 5782 1222 5827 stmtJtmns
1247 5782 1392 5826 recte

301 5848 322 5877 ³
354 5846 517 5895 t‘lures
539 5852 667 5905 Mss,
692 5844 834 5895 etiam
855 5853 1016 5905 opere,
1036 5851 1145 5904 quo.

1340 366 1541 424 LIBER
1576 360 1986 423 TRIGESIMUS
2023 364 2396 425 SECUNDUS.

1903 480 2036 557 Quia
2067 484 2225 537 multa
2257 491 2382 539 sunt
2408 485 2461 540 in
2491 486 2570 541 eis
2606 493 2660 543 et
2692 486 2833 544 inter
2870 503 2931 544 se
2968 498 3024 546 et
3060 491 3163 548 sibi
3200 503 3486 551 contraria.

1901 575 2129 629 Omnino
2172 575 2509 634 falsissimum
2554 587 2669 643 est;
2715 595 2811 636 vos
2856 597 2959 637 non
3004 583 3314 657 intelligitis.
3354 587 3486 643 Nam

1900 668 2152 751 quidquid
2195 670 2301 725 tale
2344 672 2561 741 protulit
2590 671 2849 739 Faustus,
2890 675 3031 746 quod
3063 677 3211 733 vobis
3240 680 3309 733 ita
3340 679 3489 736 vide-

1899 769 2081 825 retur,
2109 760 2180 815 ita
2211 776 2316 815 non
2343 777 2462 817 esse
2489 772 2837 820 monstratum
2867 777 2950 823 est
2976 783 2990 820 :
3018 778 3073 823 et
3099 770 3352 841 quidquid
3384 772 3489 828 tale

1898 866 1928 905 a
1954 853 2103 908 vobis
2131 853 2390 923 prolatum
2429 853 2620 921 fuerit,
2651 857 2753 913 hoc
2780 858 3108 915 docebimus.
3140 861 3267 928 Quis
3307 872 3485 918 autem

1898 943 2065 1010 ferat,
2092 945 2347 1001 lectorem
2378 947 2459 1003 vel
2488 948 2814 1019 auditorem,
2842 952 3167 1025 Scripturam
3195 965 3354 1012 tanta:
3387 972 3486 1012 au-

1897 1038 2154 1093 ctoritatis
2179 1038 2385 1096 facilius
2408 1056 2565 1111 quam
2596 1043 2780 1098 vitium
2815 1059 2926 1100 sure
2962 1046 3254 1114 tarditatis,
3287 1049 3488 1107 audere

1895 1130 2146 1200 culpare?
2168 1131 2250 1187 An
2271 1130 2374 1188 hoc
2393 1132 2568 1189 dicitis
2587 1148 2682 1188 vos
2703 1133 3031 1193 Paracletum
3052 1139 3317 1208 docuisse,
3340 1140 3487 1198 Scri-

1894 1230 2079 1291 pturas
2120 1223 2249 1279 istas
2286 1226 2663 1295 Apostolorum
2706 1242 2810 1282 non
2853 1243 3003 1297 esse,
3045 1232 3138 1286 sed
3169 1232 3267 1287 sub
3297 1248 3483 1290 eorum

1896 1315 2200 1372 nominibus
2226 1316 2295 1372 ab
2320 1317 2437 1373 aliis
2465 1332 2587 1373 esse
2615 1321 2980 1390 conscriptas?
3015 1322 3125 1378 lloc
3166 1325 3350 1380 saltem
3382 1327 3483 1381 do-

1895 1416 2044 1469 cete,
2076 1408 2235 1464 istum
2267 1410 2438 1479 ipsum
2469 1409 2801 1468 Paracletum
2839 1428 2990 1481 esse,
3021 1430 3052 1470 a
3080 1432 3187 1487 quo
3223 1417 3484 1475 didicistis

1896 1500 2011 1555 hzec
2039 1502 2410 1572 Apostolorum
2442 1519 2547 1559 non
2574 1519 2713 1561 esse.
2744 1509 2829 1560 An
2855 1506 3043 1563 dicetis
3062 1550 3078 1575 ,
3119 1509 3292 1579 Ipsum
3323 1511 3481 1566 Chri-

1893 1603 2008 1647 stus
2038 1595 2308 1663 promisit,
2341 1603 2397 1651 et
2424 1596 2604 1651 misit?
2628 1596 3003 1668 Respondetur
3029 1601 3178 1657 vobis
3198 1642 3213 1666 ,
3252 1601 3481 1658 Omnino

1897 1683 2054 1738 istum
2074 1684 2315 1739 Christus
2336 1702 2433 1741 nec
2452 1688 2717 1757 promisit,
2741 1705 2841 1744 nec
2861 1690 3032 1755 misit;
3057 1700 3112 1745 et
3134 1692 3291 1746 simul
3311 1704 3482 1749 osten-

1894 1775 2055 1841 ditur,
2086 1776 2297 1846 quando
2326 1778 2529 1833 miserit
2557 1795 2713 1850 quem
2741 1782 3001 1850 promisit.
3028 1781 3181 1851 Quod
3207 1799 3335 1855 ergo
3357 1801 3481 1841 eum

1894 1864 2137 1922 Christus
2164 1868 2401 1935 miserit,
2433 1869 2535 1926 hoc
2564 1870 2802 1941 probate.
2838 1871 2986 1927 Unde
3018 1873 3256 1929 asseritis
3293 1890 3480 1944 perso-

1894 1972 2018 2013 nam
2058 1959 2219 2014 vestri
2258 1961 2489 2016 auctoris
2507 2001 2524 2028 ,
2553 1961 2641 2017 vel
2670 1962 2844 2032 potius
2872 1962 3209 2033 deceptoris?
3234 1966 3480 2037 Respon-

1893 2048 2032 2105 detis
2051 2090 2065 2113 ,
2092 2066 2157 2106 ex
2188 2049 2476 2123 Evangelia
2502 2068 2597 2107 vos
2624 2053 2873 2124 probare.
2917 2054 2996 2109 Ex
3023 2072 3130 2125 quo
3155 2056 3482 2129 Evangelia?

1894 2140 2045 2209 Quod
2076 2158 2180 2196 non
2209 2151 2375 2197 totum
2401 2144 2661 2214 accipitis,
2690 2145 2831 2214 quod
2863 2145 3103 2200 falsatum
3129 2162 3248 2203 esse
3274 2163 3369 2205 vos
3392 2149 3478 2204 di-

1893 2231 2030 2286 citis.
2062 2233 2192 2299 Quis
2220 2249 2346 2303 crgo
2375 2242 2563 2289 testem
2589 2249 2743 2289 suum
2777 2235 2923 2303 prius
2950 2235 3061 2301 ipse
3086 2236 3225 2291 dicat
3254 2236 3479 2295 falsitate

1886 2339 2010 2383 esse
2052 2334 2379 2395 corruptum,
2422 2331 2477 2378 et
2518 2331 2644 2378 tunc
2679 2321 2935 2393 producat
2966 2321 3035 2376 ad
3070 2321 3469 2376 testimonium?

1890 2417 1948 2474 Si
1990 2416 2130 2472 enim
2169 2415 2311 2486 quod
2338 2413 2498 2470 vultis
2524 2414 2574 2469 ei
2600 2413 2891 2479 credimus,
2922 2423 2977 2469 et
3003 2413 3144 2483 quod
3176 2428 3280 2467 non
3313 2412 3469 2466 vultis

1891 2508 1940 2563 ei
1968 2522 2072 2561 non
2098 2506 2384 2570 credimus,
2410 2507 2520 2575 jam
2544 2521 2650 2560 non
2687 2504 2782 2568 illi,
2806 2505 2900 2561 sed
2922 2504 3072 2560 vobis
3097 2504 3385 2560 credimus.
3408 2504 3468 2560 Si

1890 2608 2067 2653 autem
2095 2598 2246 2653 vobis
2285 2597 2507 2653 credere
2538 2598 2814 2663 vellemus,
2854 2606 3044 2653 testem
3091 2614 3121 2653 a
3166 2597 3316 2652 vobis
3362 2612 3469 2651 non

1892 2692 2247 2761 exigeremus.
2280 2691 2482 2745 Deinde
2527 2691 2822 2760 paracletus
2864 2690 3096 2758 Spiritus
3137 2699 3351 2745 sanctus
3393 2689 3474 2744 sic

1893 2794 1972 2837 est
1998 2781 2311 2852 promissus,
2335 2793 2392 2836 ut
2410 2782 2696 2845 diceretur,
2726 2780 2846 2852 Ipse
2871 2799 2957 2835 vos
2974 2781 3175 2834 inducet
3194 2781 3245 2834 in
3276 2794 3475 2834 omnem

1896 2874 2154 2927 veritatem
2178 2872 2357 2943 (Joan.
2378 2889 2489 2939 xvi,
2516 2874 2635 2943 13):
2656 2872 2928 2943 quomodo
2952 2887 3046 2926 vos
3072 2864 3251 2926 autem
3279 2870 3368 2925 ille
3392 2871 3476 2923 in-

1898 2963 2047 3018 ducet
2073 2964 2128 3017 in
2154 2952 2432 3031 veritatem,
2462 2965 2549 3035 qui
2575 2979 2671 3020 vos
2694 2963 2851 3019 docet
2870 2963 3145 3019 Christum
3176 2978 3297 3019 esse
3330 2961 3478 3016 falla-

1897 3053 2051 3109 cem?
2075 3053 2189 3109 Huc
2210 3054 2436 3121 accedit,
2468 3056 2558 3125 qui
2596 3055 2642 3109 si
2679 3054 2858 3110 omnia
2883 3070 3002 3125 qua:
3034 3055 3102 3109 de
3125 3054 3478 3125 promissione

1897 3147 2155 3203 Paracleti
2182 3147 2233 3202 in
2261 3146 2545 3218 Evangelio
2569 3148 2836 3220 leguntur,
2864 3151 2987 3206 talia
3011 3164 3131 3205 esse
3151 3148 3484 3203 demonstra-

1894 3240 2047 3306 retis,
2074 3248 2260 3294 utnon
2286 3239 2505 3294 omnino
2528 3240 2627 3295 nisi
2657 3240 2723 3295 de
2749 3240 3042 3296 Manichaeo
3066 3248 3245 3296 vestro
3268 3246 3487 3309 possent

1896 3331 2154 3403 intelligi,
2180 3332 2319 3387 sicut
2343 3329 2695 3386 ostenduntur
2723 3332 2774 3385 in
2806 3331 3085 3401 Pr0phetis
3109 3346 3170 3386 ea
3199 3344 3318 3386 esse
3344 3327 3486 3384 dicta

1896 3423 1965 3479 de
1983 3422 2213 3487 Christo,
2238 3436 2356 3491 quae
2379 3421 2429 3474 in
2451 3420 2612 3475 alium
2631 3419 2823 3477 cadere
2848 3421 3066 3476 omnino
3091 3435 3196 3474 non
3221 3416 3483 3489 possint';

1899 3523 2075 3569 tamen
2102 3525 2225 3567 cum
2249 3526 2309 3565 ea
2337 3510 2403 3565 de
2424 3509 2489 3565 iis
2508 3510 2777 3566 codicibus
2799 3509 3131 3582 proferretis,
3157 3523 3291 3578 quos
3311 3506 3487 3562 dicitis

1899 3604 2209 3671 infalsatos,
2240 3600 2345 3657 hoe
2372 3603 2545 3673 ipsum
2582 3600 2690 3657 illic
2730 3600 2919 3656 falsum
2950 3610 3004 3656 et
3030 3615 3059 3654 a
3089 3595 3489 3668 corruptoribus

1900 3696 2191 3765 majoribus
2212 3694 2403 3749 vestris
2426 3692 2719 3747 immissum
2742 3707 2862 3748 esse
2881 3691 3198 3754 diceremus,
3218 3687 3358 3759 quod
3381 3686 3489 3741 illic

1900 3789 1967 3843 de
1991 3785 2283 3843 Manichmo
2311 3786 2389 3840 sic
2418 3785 2674 3855 scriptum
2704 3784 2982 3853 legeretis,
3010 3792 3068 3837 ut
3092 3782 3160 3837 de
3186 3781 3290 3835 alio
3329 3779 3487 3835 intel-

1900 3881 2062 3951 ligere
2090 3895 2193 3933 non
2224 3893 2502 3949 possemus
2532 3894 2546 3931 :
2574 3876 2697 3947 quid
2728 3874 2996 3940 faceretis,
3020 3874 3182 3929 dicite
3208 3871 3358 3936 mihi,
3388 3870 3489 3925 nisi

1899 3971 2232 4037 clamaretis,
2265 3970 2411 4025 nullo
2440 3967 2600 4023 modo
2634 3982 2729 4022 vos
2756 3968 2990 4037 potuisse
3029 3963 3222 4018 falsare
3254 3962 3488 4026 codices,

1900 4064 1990 4135 qui
2028 4064 2137 4134 jam
2182 4064 2237 4117 in
2274 4061 2518 4115 Inauihus
2557 4067 2738 4114 essent
2765 4057 3000 4112 ontnium
3026 4050 3491 4111 Christianorum?

1901 4144 2036 4222 Quia
2063 4169 2185 4208 mox
2216 4162 2274 4207 ut
2300 4153 2475 4208 facere
2500 4149 2819 4220 cmpissetis,
2847 4146 3195 4203 vetustiorum
3222 4142 3493 4212 exempla-

1902 4249 2041 4304 rium
2063 4244 2285 4302 veritate
2303 4241 2775 4300 convinceremini.
2797 4239 2911 4306 Qua
2932 4238 3091 4308 igitur
3108 4252 3268 4292 causa
3291 4252 3320 4289 a
3340 4235 3493 4291 vobis

1903 4337 2172 4408 corrumpi
2195 4351 2299 4392 non
2322 4343 2558 4406 possent,
2590 4333 2687 4388 hac
2711 4346 2871 4388 causa
2896 4346 2925 4383 a
2949 4330 3161 4384 nemine
3185 4336 3490 4399 potuerunt.

1904 4429 2154 4500 Quisquis
2195 4427 2338 4483 enim
2383 4425 2486 4482 hoc
2532 4424 2773 4496 primitus
2810 4437 2970 4476 ausus
2998 4428 3173 4483 esset,
3207 4417 3495 4471 multorum

1905 4521 2150 4576 codicum
2180 4518 2530 4573 vetustiorum
2559 4515 2842 4571 collatione
2880 4511 3243 4567 confutarctur
3274 4528 3286 4564 :
3321 4509 3489 4563 niaxi-

1906 4626 2017 4678 me,
2046 4610 2167 4681 quia
2195 4625 2300 4663 non
2326 4624 2427 4663 una
2457 4608 2657 4677 lingua,
2683 4604 2778 4659 sed
2807 4603 2987 4658 mttltis
3014 4603 3197 4657 eadem
3223 4603 3494 4671 Scriptura

1907 4703 2289 4757 contineretur.
2308 4699 2438 4753 Nam
2460 4699 2617 4753 etiam
2642 4712 2780 4750 nunc
2801 4693 3067 4749 nonnullae
3090 4694 3329 4747 codicum
3356 4709 3497 4746 tuen-

1907 4795 2191 4861 dositates,
2223 4793 2307 4848 vel
2336 4792 2404 4848 de
2430 4789 2844 4860 antiquioribus,
2874 4789 2957 4844 vel
2995 4788 3064 4844 de
3093 4789 3270 4857 lingua
3299 4803 3497 4855 pra-ee-

1909 4889 2069 4944 dente
2094 4885 2465 4943 cmendantur.
2493 4882 2565 4938 ita
2591 4897 2722 4953 ergo
2745 4890 2835 4936 aut
2862 4879 3108 4951 eogimini
3138 4893 3352 4933 veraces
3378 4878 3497 4929 illus

1910 4982 2123 5036 Codices
2164 4976 2408 5035 confiteri
2430 5017 2444 5040 ,
2476 4984 2531 5031 et
2558 4974 2810 5028 continuo
2841 4979 3089 5027 evertunt
3133 4967 3375 5022 haeresim
3411 4984 3498 5015 w-

1911 5084 2109 5137 stram;
2139 5078 2229 5124 aut
2254 5069 2298 5123 si
2328 5067 2544 5121 fallaces
2565 5079 2659 5119 eos
2682 5063 2941 5128 dixeritis,
2970 5076 3153 5115 eorum
3182 5057 3498 5112 auctoritate

1915 5165 2243 5222 Paracletum
2296 5177 2401 5217 non
2448 5158 2691 5231 poteritis
2732 5171 3003 5221 asserere,
3043 5162 3098 5207 et
3137 5166 3229 5204 vos
3258 5151 3497 5205 evertitis

1915 5256 2159 5313 haeresim
2190 5263 2442 5310 vestram.

1984 5348 2208 5405 CAPUT
2239 5345 2401 5403 XVII.
2426 5377 2496 5386 —
2517 5344 2628 5398 lluc
2648 5339 2876 5405 accedit,
2902 5336 3023 5409 quia
3048 5351 3108 5391 ca
3132 5335 3268 5389 dicta
3296 5342 3412 5387 sunt
3442 5332 3495 5386 in

1916 5441 2270 5513 promissione
2298 5437 2554 5493 Parai-Ieti
2576 5476 2589 5491 .
2620 5443 2671 5487 ut
2700 5430 3039 5485 tiariiehaenm
3071 5436 3187 5498 post
3227 5437 3330 5480 tam
3364 5427 3498 5479 ιιιιιῐ-

1919 5548 2001 5592 tos
2028 5548 2197 5590 annos
2227 5532 2552 5587 venientem.
2591 5526 2657 5578 ah
2697 5524 2795 5576 ista
2826 5521 3124 5590 suspicione
3156 5533 3371 5590 prorsus
3399 5533 3494 5571 t-x«

1917 5629 2150 5684 cludant.
2179 5626 2313 5694 Quia
2340 5622 2481 5677 enim
2512 5624 2632 5688 post
2664 5615 3110 5671 resurrectionem
3151 5623 3199 5668 et
3233 5611 3493 5667 ascensio-

1922 5739 2044 5782 nem
2074 5717 2280 5778 Domini
2308 5716 2561 5777 continno
2582 5726 2836 5774 venturus
2869 5718 2980 5765 erat
3007 5707 3232 5777 Spiritus
3261 5715 3497 5764 satzczus,

1990 5830 2003 5858 ¹
2033 5833 2163 5895 Apud
2182 5838 2254 5881 Er.
2280 5830 2424 5895 Lugd.
2454 5838 2572 5883 \‘cn.
2598 5840 2728 5891 L0\.,
2750 5834 2960 5891 possunt.
3026 5830 3080 5870 M-
