4052 6446
484 319 582 372 507

483 427 817 499 apertissime
844 426 1042 482 dictum
1079 434 1160 480 est
1188 441 1218 480 a
1245 424 1448 480 Joanne
1475 441 1488 476 :
1519 423 1742 492 Spiritus
1769 421 1901 474 enim
1932 436 2061 472 non-

484 518 606 574 dum
630 530 732 574 erat
763 530 938 586 datus,
969 518 1087 589 quia
1111 516 1263 572 Iesus
1301 516 1523 569 nandum
1553 517 1718 585 [uerat
1756 513 2063 578 ctariﬁcatus

488 613 664 684 (Joan.
695 628 768 665 vn
788 652 802 674 ,
831 610 946 681 59).
975 609 1028 665 Si
1060 610 1172 663 lucc
1198 610 1373 677 itaque
1409 620 1570 661 causa
1608 613 1722 659 erat
1751 613 1809 657 ιιι
1836 619 1938 657 non
1970 602 2063 655 da-

485 715 651 770 retur,
679 703 800 774 quia
828 701 1060 756 nondum
1086 697 1199 755 erat
1222 697 1540 752 clariﬁcatns
1558 696 1732 762 Iesus,
1763 693 1945 766 procul
1969 693 2068 747 du-

486 797 574 852 bio
601 793 886 850 clariiicato
909 793 1056 858 Jesu,
1080 791 1190 862 jam
1220 804 1376 846 causa
1403 797 1519 844 erat
1543 797 1600 843 ut
1625 785 1800 842 statim
1828 785 2063 840 daretur.

487 888 616 942 Nam
646 897 701 942 et
727 886 1073 956 Cataphrygze
1101 899 1158 937 se
1185 883 1503 953 promissum
1534 881 1862 936 Paraeletum
1887 896 2068 934 susce-

489 982 632 1050 pisse
654 979 923 1044 dixerunt,
951 987 1007 1032 et
1034 975 1156 1030 hinc
1182 991 1212 1030 a
1241 974 1344 1030 lide
1369 973 1626 1029 catholica
1651 973 1954 1038 deviarunt,
1978 986 2067 1025 co-

488 1082 678 1128 nantes
705 1070 990 1141 prohibere
1018 1067 1165 1140 quod
1188 1068 1380 1123 Paulus
1415 1066 1705 1131 concessit,
1734 1075 1788 1120 et
1813 1063 2068 1120 danmare

486 1161 749 1218 secundas
777 1162 988 1230 nuptias
1023 1176 1154 1230 quas
1193 1160 1280 1214 ille
1309 1158 1582 1230 permisit;
1627 1157 1726 1211 sub
1768 1156 1850 1209 his
1895 1155 2068 1210 verbis

487 1254 797 1310 insidiantes
817 1295 831 1318 ,
860 1254 981 1324 quia
1011 1253 1266 1323 scriptum
1295 1262 1378 1306 cst
1404 1250 1471 1306 de
1499 1250 1772 1305 Paracleto
1791 1290 1806 1316 ,
1835 1247 1956 1318 Ipse
1983 1263 2068 1301 vos

488 1345 687 1399 inducet
712 1346 763 1399 in
791 1362 986 1398 onmem
1022 1345 1278 1398 veritatem
1305 1359 1324 1396 :
1349 1343 1499 1413 quasi
1530 1341 1774 1396 videlicet
1811 1358 1914 1395 non
1949 1357 2069 1395 om-

490 1455 612 1492 nem
651 1438 924 1491 veritatem
966 1435 1165 1491 Paulus
1192 1445 1247 1489 et
1273 1435 1450 1490 cmteri
1478 1435 1713 1503 Apostoli
1744 1435 2067 1498 docuissent,

490 1543 554 1582 ac
585 1529 757 1583 locum
785 1527 1237 1598 Catapbrygarum
1267 1525 1540 1579 Paraclcto
1577 1533 1958 1579 reservassent.
1991 1525 2070 1578 Ad

490 1615 594 1673 huc
619 1631 669 1674 et
696 1620 821 1674 illud
849 1627 1142 1683 traxerunt,
1172 1618 1312 1688 quod
1335 1617 1524 1671 Paulus
1552 1617 1646 1680 ait,
1674 1617 1756 1670 Ea:
1782 1627 1923 1686 parte
1941 1617 2088 1670 enim-

492 1711 690 1773 scimus,
712 1719 757 1764 et
773 1727 835 1763 ea:
852 1719 995 1780 parte
1015 1708 1402 1780 prophetamus;
1421 1725 1534 1760 cum
1551 1716 1716 1760 autem
1737 1707 1920 1759 venerit
1939 1706 2073 1777 quod

493 1804 768 1871 perfectum
792 1810 883 1858 est.
911 1799 1047 1867 quod
1065 1815 1128 1852 ea:
1151 1809 1290 1867 parte
1309 1807 1379 1852 est
1399 1798 1718 1851 evacuabitur
1745 1796 1787 1868 (ιΙ
1808 1795 1925 1851 Cor.
1951 1813 2085 1864 xm,

495 1891 549 1951 9.
579 1889 666 1958 l0)
697 1909 710 1943 :
739 1898 795 1944 ut
819 1891 1019 1944 scilicet
1045 1905 1110 1944 ex
1137 1901 1284 1960 parte
1310 1890 1485 1944 sciens
1509 1899 1562 1943 et
1589 1890 1909 1959 prophetans
1933 1890 2082 1959 Apo-

494 1980 662 2036 stolus
703 1982 932 2049 dixerit,
966 1983 1114 2048 Quod
1150 1983 1253 2037 vult
1291 1986 1478 2054 faciat;
1509 1999 1609 2036 non
1644 1990 1812 2051 peccat
1847 1983 1892 2034 si
1920 1983 2077 2034 nubat

497 2071 609 2142 (Id.
635 2089 726 2140 vn,
751 2073 840 2146 56)
864 2090 878 2138 ;
905 2081 960 2129 et
979 2074 1098 2127 ideo
1120 2074 1406 2143 perfectum
1432 2072 1685 2126 Paracleti
1711 2073 1951 2143 Phrygia:
1974 2071 2075 2126 hoc

495 2165 850 2220 evacuaver-it.
884 2165 964 2219 Ad
995 2165 1109 2220 haec
1128 2182 1246 2221 cum
1271 2165 1348 2219 eis
1374 2165 1568 2219 dictum
1596 2163 1775 2230 fuerit,
1805 2165 1943 2234 quod
1969 2167 2078 2220 sint

496 2254 756 2309 Ecclesia:
784 2265 928 2310 tanto
968 2267 1091 2311 ante
1133 2258 1406 2326 promissa:
1451 2267 1504 2312 et
1547 2266 1657 2312 toto
1702 2258 1830 2312 orbe
1871 2257 2074 2312 dill‘usa:

493 2345 806 2401 auctoritate
834 2345 1102 2412 damnati;
1137 2349 1480 2418 respondent,
1510 2349 1634 2402 hinc
1658 2351 1816 2402 etiam
1845 2349 1895 2402 in
1922 2365 1980 2403 se
2008 2349 2072 2403 il-

493 2433 584 2489 lud
627 2451 746 2491 esse
783 2438 1136 2506 completum,
1171 2437 1312 2508 quod
1340 2439 1405 2494 de
1436 2437 1709 2493 Paracleto
1737 2439 1933 2494 dictum
1970 2449 2072 2506 est,

493 2524 640 2592 quod
678 2527 903 2582 mundus
948 2543 1068 2581 eum
1113 2528 1353 2598 accipere
1395 2544 1498 2583 non
1540 2538 1731 2599 potest.
1763 2528 1950 2584 Nonne
1977 2531 2074 2583 ista

492 2623 636 2694 sunt,
665 2633 781 2686 quae
805 2618 963 2672 etiam
991 2633 1086 2671 vos
1111 2617 1288 2672 dicere
1316 2618 1517 2684 soletis,
1545 2617 1667 2688 Ipse
1691 2636 1782 2673 vos
1798 2617 1998 2673 inducet
2023 2620 2076 2674 in

493 2722 689 2759 onmem
718 2707 1008 2772 veritatem;
1044 2718 1125 2770 et,
1153 2707 1277 2762 Cum
1308 2709 1490 2762 venerit
1519 2709 1653 2777 quod
1679 2712 1953 2781 perfectum
1979 2721 2070 2774 est,

493 2797 630 2863 quod
653 2813 715 2851 ea:
737 2807 879 2865 parte
903 2808 974 2851 est
993 2799 1346 2862 evacuabitur;
1370 2806 1439 2862 et,
1470 2797 1695 2854 Mundus
1718 2817 1830 2854 cum
1851 2801 2078 2869 accipere

495 2901 593 2938 non
627 2895 790 2956 potest
828 2885 1004 2956 (Ioan.
1034 2904 1146 2950 XIV,
1182 2889 1296 2958 t7),
1325 2889 1393 2942 de
1419 2897 1600 2942 vestro
1627 2889 1918 2944 Manicbzeo
1955 2906 2074 2946 esse

493 2975 842 3044 praedictum?
871 2977 939 3031 Et
966 2993 1083 3047 quae
1124 2979 1334 3032 tandem
1383 2981 1576 3049 poterit
1616 2979 1836 3034 haeresis
1878 2981 2072 3035 exoriri

495 3065 595 3120 sub
619 3066 875 3121 Paracleti
902 3069 1135 3133 nomine,
1163 3083 1279 3137 quae
1307 3085 1412 3122 non
1439 3069 1552 3122 bzcc
1575 3069 1752 3124 omnia
1776 3070 2078 3124 verisimili-

495 3165 577 3211 ter
605 3157 705 3212 sibi
733 3156 923 3212 audeat
949 3159 1236 3227 coaptare‘t
1262 3157 1526 3229 Numquid
1553 3159 1692 3212 enim
1724 3166 1806 3214 est
1831 3159 2080 3226 barrcsis,

492 3261 612 3316 quae
644 3263 749 3302 non
777 3249 1049 3304 veritatem
1080 3266 1138 3304 se
1165 3251 1429 3313 nominet,
1461 3259 1513 3304 et
1538 3259 1736 3320 quanto
1769 3260 1852 3306 est
1887 3265 2075 3321 super-

495 3338 642 3403 bior,
677 3346 822 3393 tanto
852 3341 1020 3410 magis
1044 3356 1105 3394 se
1125 3341 1281 3394 etiam
1313 3337 1597 3408 perfectam
1621 3342 1855 3396 nominet
1875 3343 2072 3396 verita-

493 3439 634 3493 tem;
664 3438 722 3483 nt
749 3438 801 3485 et
828 3429 878 3483 in
905 3446 1116 3484 omnem
1148 3431 1423 3485 veritatem
1447 3445 1505 3485 se
1528 3431 1838 3500 polliceatur
1856 3433 2076 3490 induce-

493 3536 551 3575 re
570 3563 585 3585 ,
614 3531 666 3575 et
691 3521 982 3577 doctrinam
1011 3524 1384 3592 Apostdlorum
1413 3537 1510 3578 suo
1535 3525 1698 3578 errori
1729 3527 2067 3592 contrariam,

491 3615 641 3683 quasi
674 3629 766 3682 per
796 3615 937 3668 illam
968 3615 1173 3669 venerit
1201 3614 1342 3684 quod
1369 3614 1658 3683 perlectum
1686 3624 1786 3681 est,
1817 3630 2073 3672 evacuare
2109 3629 2112 3633 ‘

491 3706 755 3759 conetur?
783 3705 849 3760 Et
874 3707 1123 3776 quoniam
1155 3716 1299 3761 tenet
1324 3706 1581 3772 Ecclesia,
1610 3708 1748 3778 quod
1781 3709 2072 3764 vehemen-

493 3795 596 3848 tius
620 3795 902 3864 Apostolus
931 3796 1342 3863 commendavit,
1375 3797 1435 3850 Si
1458 3797 1567 3868 quis
1595 3799 1727 3853 vobis
1756 3801 2073 3869 euangeliza-

491 3887 613 3938 t'erit
643 3896 973 3956 praeterquam
1001 3888 1138 3958 quod
1161 3889 1422 3958 accepistis
1442 3929 1457 3953 ,
1487 3890 1755 3943 anathema
1785 3893 1846 3943 sit
1874 3889 2069 3960 (Galat.

490 3990 542 4041 I,
569 3975 662 4045 9);
690 3989 808 4029 eum
833 3978 1054 4045 cmperit
1079 3978 1219 4031 aliud
1247 3979 1564 4032 annuntians
1588 3979 1655 4032 ab
1678 3980 1922 4035 universo
1943 3982 2073 4037 orbe

490 4066 820 4121 anatltemari
842 4109 856 4129 ,
885 4069 1136 4122 continuo
1164 4069 1330 4130 dicat,
1364 4069 1477 4123 Iloc
1512 4078 1593 4123 cst
1635 4070 1775 4139 quod
1817 4071 2071 4142 scriptum

489 4167 594 4222 est,
628 4157 852 4211 Mundus
881 4175 991 4211 eum
1017 4159 1243 4227 accipere
1271 4176 1370 4212 non
1400 4161 1598 4229 potest?

559 4247 787 4304 CAPUT
816 4247 998 4302 XVIII.
1017 4278 1089 4288 -—
1113 4247 1261 4304 Unde
1281 4264 1407 4319 ergo
1428 4250 1652 4319 probare
1675 4251 1912 4321 poteritis
1931 4253 2071 4323 quod

488 4353 519 4393 a
550 4338 700 4392 vobis
727 4339 957 4408 exigitur
977 4381 991 4404 ,
1020 4323 1350 4394 Paracletum
1387 4355 1505 4396 esse
1544 4342 1688 4396 illum
1726 4358 1754 4396 a
1786 4358 1893 4414 quo
1929 4343 2070 4398 didi-

486 4428 636 4481 cistis
661 4428 799 4498 quod
829 4430 1130 4499 evangelica
1158 4431 1353 4500 scripta
1381 4448 1485 4486 non
1513 4441 1636 4486 sunt
1661 4434 2078 4504 Apostolorum?

487 4518 925 4590 Quandoquidem
967 4521 1134 4576 etiam
1160 4539 1259 4577 nos
1289 4525 1576 4594 probamus
1608 4541 1712 4580 non
1751 4541 1874 4582 esse
1906 4527 2070 4582 Para-

485 4611 682 4665 cletmn
727 4612 980 4680 Spiritum
1025 4623 1294 4678 sanctum,
1344 4615 1446 4671 nisi
1485 4617 1575 4686 qui
1613 4615 1739 4672 Jesu
1781 4617 2072 4674 clarilicato

488 4717 608 4754 mox
642 4703 806 4756 venit.
839 4701 964 4758 Ideo
1000 4705 1142 4759 cnim
1173 4706 1394 4759 nandum
1431 4717 1538 4760 erat
1573 4706 1750 4773 datus,
1791 4709 1908 4778 quia
1936 4727 2068 4763 non-

485 4795 606 4845 dum
632 4793 785 4848 Iesus
811 4795 974 4866 fuerat
1003 4795 1330 4865 clariﬁcntus.
1366 4797 1660 4852 Probamus
1696 4798 1854 4854 etiam
1895 4801 2067 4870 ipsum

487 4884 736 4941 inducere
766 4886 818 4941 in
856 4903 1069 4943 omnem
1105 4891 1381 4944 veritatem
1413 4907 1428 4942 :
1460 4891 1580 4960 quia
1611 4906 1719 4945 non
1756 4892 1982 4947 intratur
2013 4897 2064 4949 in

483 4977 757 5046 veritatem
802 4979 901 5032 nisi
942 4994 1036 5049 per
1072 4980 1418 5044 cbaritatem;
1459 4968 1686 5038 'cltaritas
1730 4995 1905 5040 autem
1947 4985 2062 5052 Dei,

483 5068 672 5135 ili/fusa
699 5081 790 5135 est,
820 5073 893 5125 ait
919 5073 1226 5138 Apostolus,
1253 5073 1305 5126 in
1325 5075 1558 5129 cordibus
1582 5077 1764 5131 nostris
1789 5093 1878 5147 per
1899 5078 2067 5150 Spiri-

483 5170 586 5212 tum
615 5171 842 5215 sanctum
869 5163 953 5231 qui
978 5164 1126 5216 datus
1149 5172 1219 5217 est
1245 5165 1385 5220 nobis
1414 5164 1586 5238 (Rom.
1611 5181 1666 5233 ν,
1692 5167 1770 5238 5).
1799 5169 2066 5226 Doccmns

483 5253 640 5306 etiam
664 5269 768 5307 non
793 5253 991 5309 dixisse
1013 5255 1253 5317 Paulum,
1278 5256 1400 5310 Cum
1422 5260 1608 5313 venerit
1630 5259 1766 5327 quod
1791 5263 2065 5334 perfectum

481 5352 586 5409 est,
638 5345 738 5399 tisi
766 5345 834 5402 de
865 5345 1188 5416 perfectione
1219 5347 1303 5400 illa
1333 5365 1451 5419 qua:
1481 5348 1532 5403 in
1568 5353 1905 5420 perceptione
1945 5355 2064 5409 vita:

480 5441 694 5488 aeterna:
722 5435 893 5490 futura
919 5443 1022 5492 est.
1058 5439 1169 5493 lloc
1196 5440 1336 5492 enim
1377 5455 1496 5493 cum
1539 5441 1875 5510 loqueretur,
1914 5441 2065 5498 Vide-

478 5541 589 5578 mus
615 5527 768 5591 enim,
795 5527 983 5598 inquit,
1011 5545 1146 5584 nunc
1170 5546 1260 5600 per
1282 5533 1538 5601 speculum
1563 5533 1615 5586 in
1635 5534 1916 5605 wnigmate,
1943 5547 2063 5590 tunc

477 5627 643 5670 autem
675 5620 805 5694 [acie
831 5622 899 5672 ad
928 5622 1108 5692 faciem
1139 5621 1180 5694 (I
1208 5621 1324 5676 Cor.
1352 5639 1474 5688 xm,
1511 5623 1604 5688 I0,
1635 5625 1744 5695 1:2).
1773 5625 1866 5680 llic
1892 5639 2055 5695 certe,

475 5713 575 5766 nisi
608 5727 787 5782 npr-ite
817 5710 1047 5769 insanire
1077 5713 1376 5784 volueritis,
1407 5715 1694 5772 fatebimini
1722 5734 1824 5774 non
1853 5733 1948 5777 vos
1978 5722 2058 5776 vi-

1293 313 1564 370 CONTRA
1606 309 1930 366 FAUSTUM
1970 307 2418 368 M.\N|CIIIEU.\I.
2459 310 2516 363 S.
2562 309 2924 367 AUGUSTINI

3641 310 3752 367 508

2171 419 2298 473 dere
2340 422 2502 475 Deum
2545 422 2677 477 facie
2721 423 2784 476 ad
2826 422 3032 478 faciem.
3072 421 3186 476 Non
3229 438 3356 494 ergo
3387 424 3453 478 ad
3482 439 3580 480 vos
3605 423 3753 480 venit

2170 509 2296 564 illud
2323 511 2464 582 quod
2494 511 2786 582 perfectum
2813 521 2914 566 est.
2945 511 3056 567 Iloc
3084 513 3226 567 enim
3257 512 3416 567 modo
3442 514 3594 583 plane
3619 513 3752 584 quid

2169 600 2236 655 de
2279 601 2380 657 hac
2422 619 2480 658 re
2523 604 2776 668 senserit,
2807 605 2935 657 satis
2971 603 3258 672 Apostolus
3295 604 3576 674 explicavit
3605 624 3619 659 :
3651 622 3756 661 nec

2173 689 2400 747 futurum
2433 703 2514 748 est
2541 692 2643 748 hoc
2671 693 2868 749 sanctis
2889 693 3035 761 ,nisi
3061 709 3180 749 cum
3207 693 3402 750 factum
3431 696 3586 750 fuerit
3608 695 3761 766 quod

2172 783 2329 837 etiam
2364 783 2598 838 Joannes
2638 778 2800 850 dicit,
2829 783 2954 838 Filii
2982 784 3075 838 Dei
3098 801 3270 838 sumus
3290 827 3305 853 ,
3337 794 3383 839 et
3408 787 3630 840 nondum
3659 803 3758 858 apo

2172 873 2342 941 paruit
2363 872 2484 942 quid
2508 873 2732 942 erimus;
2755 875 2942 928 scimus
2966 885 3131 927 autem
3158 875 3272 946 quia
3297 892 3412 928 cum
3438 878 3755 946 apparuerit,

2171 963 2359 1017 similes
2400 965 2446 1017 ei
2484 965 2698 1031 erimus,
2743 967 2981 1034 quoniam
3023 965 3296 1020 videbimus
3337 984 3449 1020 eum
3491 967 3638 1021 sicuti
3680 977 3760 1022 est

2178 1053 2218 1124 (Ι
2244 1051 2399 1107 .Ioau.
2430 1071 2520 1122 ιιι,
2551 1055 2642 1127 2);
2685 1065 2810 1112 tunc
2844 1056 3208 1112 iutroducente
3239 1058 3289 1112 in
3319 1073 3534 1112 omnem
3560 1059 3763 1113 verita-

2177 1149 2282 1201 tem
2323 1147 2522 1217 Spiritu
2565 1159 2778 1218 sancto,
2819 1149 2970 1220 cujus
3016 1165 3157 1204 nunc
3201 1152 3390 1222 pignus
3431 1153 3759 1223 accepimus.

2175 1239 2326 1307 Quod
2373 1249 2549 1295 autem
2593 1241 2791 1294 dictum
2838 1249 2952 1306 est,
2987 1241 3213 1296 Mundus
3250 1245 3363 1296 eum
3401 1242 3628 1313 accipere
3653 1261 3765 1297 non

2175 1339 2353 1400 potest,
2384 1329 2451 1384 de
2474 1330 2537 1383 iis
2563 1332 2745 1400 utique
2767 1331 2964 1385 dictum
2992 1341 3093 1399 est,
3124 1333 3211 1403 qui
3239 1322 3412 1388 selent
3438 1334 3490 1387 in
3517 1333 3763 1405 Scriptu-

2177 1422 2249 1475 ris
2294 1421 2473 1474 mundi
2523 1422 2734 1477 nomine
2779 1423 3064 1492 appellari,
3107 1434 3376 1480 amatores
3413 1426 3634 1494 mundi,
3671 1425 3785 1480 vel.

2177 1514 2344 1583 impii,
2372 1515 2457 1569 vel
2483 1515 2723 1569 carnales
2746 1515 2764 1570 ἐ
2791 1515 2857 1570 de
2884 1517 3126 1586 qualibus
3149 1516 3278 1571 dicit
3305 1517 3608 1586 Apostolus,
3631 1518 3779 1570 Ani--

2176 1607 2323 1660 malis
2351 1600 2518 1659 autem
2548 1605 2698 1660 homo
2740 1624 2840 1660 non
2879 1607 3088 1679 percipit
3123 1611 3238 1678 qua:
3264 1617 3380 1660 sunt
3410 1606 3633 1678 Spiritus
3665 1606 3767 1660 Dei

2179 1697 2220 1769 (l
2247 1696 2362 1752 Cor.
2394 1715 2459 1762 ιι,
2493 1697 2600 1770 Μ).
2647 1691 2726 1754 Ῑ)ε
2765 1697 2868 1754 hoc
2905 1699 3047 1755 enim
3088 1699 3286 1754 mundo
3328 1715 3448 1754 esse
3486 1700 3763 1762 dicuntur,

2177 1788 2426 1858 quamdiu
2457 1804 2560 1842 non
2593 1797 2816 1858 possunt
2842 1805 3030 1858 sapere
3067 1790 3295 1859 amplius
3325 1804 3481 1860 quam
3508 1799 3631 1842 sunt
3661 1789 3766 1842 ista

2177 1893 2454 1948 corporea,
2483 1895 2598 1948 qua:
2625 1879 2674 1932 in
2704 1879 2806 1934 hoc
2831 1879 3028 1934 mundo
3050 1890 3332 1934 senserunt
3355 1898 3367 1934 :
3389 1881 3524 1935 sicut
3543 1895 3641 1934 nec
3663 1895 3780 1934 vos

2177 1969 2321 2026 aliud
2347 1973 2531 2041 sapitis
2552 2014 2568 2038 ,
2594 1973 2683 2042 qui
2717 1988 2838 2026 cum
2869 1973 3040 2027 lucem
3072 1975 3228 2027 is'tam
3254 1973 3380 2027 solis
3409 1980 3462 2026 et
3495 1973 3631 2026 lunae
3659 1971 3768 2024 mi-

2178 2063 2457 2126 raremini,
2491 2062 2610 2116 talia
2645 2063 2796 2117 vobis
2830 2064 3007 2117 omnia
3043 2063 3220 2118 divina
3249 2063 3506 2129 tinxistis,
3543 2072 3768 2117 auctore

2181 2155 2268 2207 illo
2289 2155 2592 2225 vaniloquo,
2615 2171 2771 2225 quem
2795 2155 3001 2225 decepti
3022 2165 3076 2210 et
3095 2155 3408 2227 deeeptores
3428 2155 3765 2211 Paracletum

2177 2246 2369 2300 dicitis.
2409 2246 2641 2301 Proinde
2679 2246 2825 2301 nullo
2863 2247 3022 2302 modo
3052 2249 3288 2303 valentes
3317 2248 3598 2304 ostendere
3625 2265 3768 2319 quo-

2180 2337 2339 2390 modo
2364 2337 2433 2390 sit
2459 2337 2544 2392 ille
2573 2337 2907 2403 Paraelctus,
2937 2355 3042 2393 non
3086 2341 3170 2395 es't
3211 2339 3350 2394 unde
3389 2339 3624 2407 doceatis
3666 2339 3766 2393 lir-

2179 2429 2414 2482 missima
2453 2429 2625 2500 aliqua
2654 2432 2966 2486 auctoritate
3004 2448 3100 2486 vos
3136 2433 3464 2502 comperisse
3499 2430 3765 2502 quemad-

2180 2518 2394 2573 modum
2427 2520 2543 2576 haec
2566 2522 2760 2592 scripta
2785 2523 3110 2594 evangelica,
3139 2539 3204 2578 ex
3233 2524 3423 2594 quibus
3449 2539 3554 2577 non
3581 2525 3766 2578 omnia

2179 2613 2338 2666 vultis
2366 2615 2638 2683 accipere,
2667 2633 2770 2670 non
2796 2618 2904 2670 sint
2929 2617 3304 2689 Apostolorum
3330 2616 3547 2671 Christi.
3576 2615 3768 2671 Restat

2178 2718 2305 2773 ergo
2335 2713 2390 2758 nt
2414 2701 2633 2774 dicatis,
2665 2706 2766 2762 hoc
2795 2725 2888 2762 vos
2917 2724 2978 2762 ea
3008 2709 3216 2763 ratione
3243 2708 3597 2778 comperisse,
3637 2709 3764 2777 quia

2182 2796 2304 2850 talia
2329 2798 2396 2852 ibi
2424 2807 2575 2863 sunt,
2605 2816 2723 2870 quae
2745 2799 2942 2856 Christi
2977 2801 3197 2870 gloriam
3237 2800 3547 2856 decolorent
3575 2818 3587 2852 :
3616 2801 3770 2855 scili-

2179 2895 2265 2939 cct
2292 2889 2411 2956 quia
2443 2899 2594 2943 natus
2621 2906 2684 2944 ex
2713 2891 2914 2961 virgine
2953 2890 3023 2945 ibi
3058 2899 3335 2958 narratur,
3375 2891 3495 2962 quia
3532 2890 3770 2944 circum-

2179 2978 2353 3042 cisus,
2381 2981 2501 3050 quia
2546 2997 2641 3051 pro
2684 2983 2777 3036 illo
2814 2984 3048 3038 oblatum
3091 2983 3408 3038 sacrificium
3452 2983 3595 3052 quod
3637 2992 3766 3036 tunc

2179 3069 2526 3138 oll'erebatur,
2574 3073 2696 3142 quia
2744 3073 3072 3144 baptizatus,
3117 3075 3239 3144 quia
3290 3073 3520 3129 tentatus
3565 3090 3595 3128 a
3641 3073 3764 3128 dia-

2178 3161 2302 3218 bolo
2339 3175 2444 3221 est.

2248 3257 2474 3314 CAPUT
2505 3255 2647 3311 XIX.
2671 3287 2741 3297 —
2775 3255 2868 3311 llis
2894 3267 3072 3311 autem
3119 3257 3380 3327 exceptis,
3413 3267 3468 3312 et
3511 3257 3766 3312 testimo-

2178 3349 2282 3404 niis
2306 3364 2368 3403 cx
2395 3347 2575 3403 Veteri
2602 3343 2944 3402 Testamento
2970 3364 3087 3418 qua:
3115 3347 3220 3402 illis
3249 3347 3446 3402 inserta
3483 3357 3606 3402 sunt
3646 3347 3767 3402 Lit-

2180 3441 2328 3506 teris,
2350 3449 2541 3494 czetcra
2563 3455 2658 3493 vos
2687 3439 2975 3493 secundum
3004 3439 3055 3494 id
3084 3439 3226 3510 quod
3257 3440 3481 3495 Faustus
3503 3441 3762 3511 loquitur,

2178 3529 2419 3584 fatemini
2464 3530 2726 3598 accipere,
2777 3540 2827 3583 et
2860 3530 3113 3599 pt‘tl’t‘ipttt!
3153 3533 3316 3585 crucis
3349 3532 3458 3601 ejus
3496 3533 3776 3602 mysticam.

2178 3623 2438 3692 fusionem,
2479 3639 2578 3692 qua
2605 3622 2854 3691 passionis
2878 3624 3064 3676 ammte
3090 3634 3261 3677 vestra:
3301 3626 3507 3677 vulnera
3545 3629 3763 3679 demon-

2177 3723 2422 3768 strantur.
2453 3710 2669 3777 Deinde,
2713 3715 2903 3784 inquit,
2947 3729 3198 3786 prwcepta
3249 3717 3492 3771 salutaria
3536 3720 3666 3790 ejus,
3712 3729 3767 3773 et

2179 3803 2466 3875 parabolas,
2500 3816 2833 3875 cunctumque
2853 3822 3133 3860 sermonem
3161 3808 3414 3876 dei/iram,
3437 3809 3524 3879 qui
3542 3811 3770 3864 maxime

2177 3895 2394 3948 duarum
2425 3897 2698 3967 prteferens
2725 3908 3019 3951 naturarum
3045 3898 3412 3965 discretionem,
3448 3901 3606 3970 ipsius
3651 3918 3767 3955 esse

2178 4003 2278 4041 non
2317 3989 2449 4041 venit
2493 3989 2547 4042 in
2590 3989 2816 4042 dubium.
2864 3989 3065 4045 Videtis
3103 4007 3232 4061 ergo
3268 3993 3317 4046 id
3349 4008 3440 4047 vos
3483 4009 3660 4064 agerc,
3705 4002 3768 4048 ut

2178 4078 2352 4132 omnis
2379 4077 2447 4133 de
2488 4079 2664 4134 medio
2696 4080 3089 4151 Scripturarum
3128 4083 3399 4138 auferatur
3445 4085 3761 4149 auctoritas,

2178 4181 2228 4223 ct
2253 4185 2379 4224 suus
2403 4170 2591 4240 cuique
2618 4172 2826 4227 animus
2846 4184 3030 4228 auctor
3051 4174 3139 4238 sit,
3159 4175 3282 4245 quid
3307 4177 3358 4229 in
3385 4191 3592 4246 quaque
3613 4175 3768 4231 Serio

2179 4267 2328 4328 ptura
2359 4260 2564 4327 probet,
2597 4261 2724 4330 quid
2751 4261 3053 4333 improbet;
3105 4264 3155 4319 id
3186 4274 3288 4331 est,
3316 4274 3372 4319 ut
3411 4282 3517 4319 non
3566 4277 3765 4321 aucto-

2177 4350 2318 4402 ritati
2366 4349 2756 4420 Seripturarutn
2805 4352 3118 4422 subjiciatur
3163 4354 3229 4408 ad
3278 4355 3468 4419 Iidem,
3519 4355 3612 4411 sed
3657 4356 3764 4412 sibi

2177 4439 2482 4510 Scripturas
2508 4441 2620 4511 ipse
2647 4443 2892 4512 subjiciat
2922 4464 2934 4499 :
2961 4461 3065 4500 non
3096 4455 3152 4500 ut
3181 4446 3302 4501 ideo
3326 4448 3400 4502 illi
3429 4447 3637 4517 placeat
3657 4448 3764 4503 ali-

2175 4533 2322 4603 quid,
2369 4534 2490 4604 quia
2533 4534 2632 4590 hoc
2660 4536 2711 4589 in
2737 4535 2951 4591 sublimi
2981 4539 3292 4593 auctoritate
3321 4539 3574 4609 scriptum
3623 4540 3767 4610 legi-

2176 4633 2292 4691 tur;
2334 4625 2426 4680 sed
2457 4625 2577 4681 ideo
2602 4636 2748 4681 recte
2787 4627 3043 4696 scriptum
3087 4627 3350 4694 videatur,
3399 4629 3522 4699 quia
3551 4629 3655 4684 boc
3684 4630 3766 4685 illi

2178 4714 2389 4784 placuit.
2410 4716 2525 4782 Quo
2552 4725 2603 4770 te
2618 4718 2934 4783 committis,
2957 4718 3128 4772 anima
3159 4719 3372 4786 misera,
3394 4719 3624 4786 inﬁrma,
3649 4736 3767 4776 car-

2175 4807 2385 4861 nalibus
2413 4808 2620 4862 nebulis
2645 4808 2921 4863 involuta?
2946 4825 3054 4880 quo
3085 4820 3135 4865 te
3159 4811 3488 4865 committis?
3517 4811 3765 4868 Remove

2174 4913 2302 4969 ergo
2329 4900 2720 4967 auctoritatem,
2750 4901 3022 4956 videamus
3056 4919 3070 4955 ε
3100 4917 3315 4956 remove
3343 4904 3720 4958 auctoritatem
3746 4947 3762 4969 ,

2174 4989 2338 5045 redde
2363 4989 2642 5044 rationem.
2702 4992 2851 5047 Eone
2883 4993 3017 5047 ratio
3047 5002 3135 5047 tua
3175 4993 3504 5063 perducitur,
3553 5004 3611 5048 ut
3656 4997 3763 5050 nisi

2178 5085 2267 5139 Dei
2288 5093 2472 5139 natura
2490 5084 2750 5138 violabilis
2774 5087 3236 5156 corruptibilisqne
3257 5086 3526 5154 credatur,
3553 5088 3759 5142 cxitmn

2175 5176 2488 5230 tbcatricum
2523 5175 2676 5246 longa
2703 5177 2789 5230 illa
2811 5176 2988 5231 fabula
3019 5187 3200 5232 vestra
3227 5179 3465 5246 reperire
3495 5191 3601 5233 non
3636 5195 3762 5248 pns-
3856 5185 3862 5188 ’

2172 5268 2283 5322 sit?
2331 5269 2607 5324 Postremo
2638 5269 2778 5323 unde
2807 5269 2911 5323 scis
2937 5279 3059 5324 octo
3108 5286 3229 5326 esse
3269 5279 3440 5325 terras
3473 5280 3528 5326 et
3569 5271 3759 5326 decem

2171 5361 2360 5427 caelos,
2405 5361 2546 5431 quod
2585 5361 2733 5415 Atlas
2771 5361 3024 5415 mundum
3067 5361 3219 5426 ferat,
3249 5363 3761 5433 splenditenensquc

2172 5453 2485 5522 suspendat,
2530 5459 2584 5505 et
2612 5452 3017 5507 innumerabilia
3051 5453 3211 5507 talia?
3251 5454 3391 5507 unde
3445 5454 3554 5508 scis
3600 5454 3770 5509 lucc?

2172 5542 2351 5603 Plane,
2403 5543 2596 5612 inquis,
2635 5543 2952 5598 Manichams
2993 5560 3077 5598 me
3105 5543 3304 5598 docuit.
3360 5543 3493 5609 Sed,
3548 5545 3756 5604 infelix.

2170 5633 2485 5697 credidisti;
2521 5647 2689 5702 neque
2714 5636 2854 5688 enim
2879 5633 3074 5688 vidisti.
3117 5633 3170 5689 Si
3211 5651 3336 5705 ergo
3363 5635 3429 5687 ad
3462 5636 3625 5689 millia
3677 5636 3756 5689 la-

2172 5721 2478 5778 bulosorum
2510 5723 2960 5790 pbantasmatum,
3007 5725 3199 5794 quibus
3220 5727 3442 5788 turpiter
3479 5727 3752 5782 erasidata
