4052 6450
188 383 286 442 5w

188 517 262 559 es.
291 491 657 552 teauetoritati
688 486 1032 560 ignotissimzc
1055 493 1110 538 et
1155 481 1525 538 furioSissima:
1573 479 1761 534 subdi-

190 589 328 650 disti,
361 595 417 640 ut
445 584 567 639 ideo
597 582 712 636 lucc
738 579 916 633 omnia
940 576 1210 642 crederes,
1239 574 1360 641 quia
1392 573 1442 627 in
1485 571 1591 626 illis
1635 585 1770 624 eon-

193 681 378 749 scripta
405 686 531 731 sunt
560 674 730 737 libris,
775 671 967 742 quibus
988 667 1280 722 miserabili
1321 680 1506 720 errore
1544 662 1771 718 creden-

193 777 308 830 dum
338 787 460 827 esse
486 767 742 826 censuisti
767 808 782 832 ,
831 780 953 820 cum
982 763 1074 818 tibi
1125 762 1266 816 nulla
1293 759 1767 818 demoustrentur;

192 881 280 921 cur
297 878 403 918 non
434 863 616 932 potius
640 858 961 928 evangelica:
997 853 1323 915 auctoritati,
1365 861 1472 905 tam
1513 848 1770 912 fundatae,

195 967 292 1012 tam
321 955 591 1015 stabilitas,
627 962 769 1006 tanta
800 949 967 1020 gloria
995 946 1303 1008 dilfamataa,
1345 952 1502 1012 atque
1529 941 1596 994 ab
1627 940 1774 1007 Apo-

195 1047 445 1104 stolorum
485 1043 816 1113 temporibus
877 1054 1044 1109 usque
1071 1036 1139 1090 ad
1171 1042 1353 1090 nostra
1395 1041 1634 1100 tempora
1680 1043 1777 1097 per

194 1138 558 1196 successiones
579 1135 908 1192 certissimas
929 1127 1341 1190 commendatae,
1369 1139 1478 1178 non
1495 1131 1548 1178 te
1567 1119 1776 1182 subdis,

197 1244 247 1286 ut
269 1230 479 1296 credas,
510 1237 571 1283 ut
592 1227 778 1282 videas
811 1225 852 1291 ³,
878 1232 937 1278 ιιι
956 1223 1132 1276 discas
1154 1220 1318 1274 etiam
1339 1215 1519 1271 Omnia
1545 1213 1630 1267 illa
1656 1226 1778 1281 qua:

199 1335 246 1378 te
266 1321 560 1384 offendunt,
587 1335 651 1374 es
678 1333 810 1371 vana
851 1323 906 1370 et
933 1326 1186 1384 perversa
1219 1309 1474 1380 Opinione
1517 1315 1568 1360 te
1604 1303 1777 1358 oﬂ'en-

195 1416 312 1469 dere
339 1429 353 1465 :
385 1413 671 1482 potiusque
709 1423 830 1464 esse
856 1421 1062 1467 verum,
1093 1412 1335 1456 naturam
1369 1393 1779 1453 incommutabi-

198 1507 292 1561 lem
322 1503 420 1559 Dei
464 1500 664 1572 aliquid
713 1497 954 1553 mortalis
995 1493 1349 1563 assumpsisse
1386 1497 1670 1550 creaturae,
1723 1486 1776 1538 in

200 1610 290 1666 qua
320 1589 834 1647 ineommutabiliter
861 1599 1200 1657 permanens,
1239 1596 1344 1634 non
1376 1577 1654 1639 fallaciter,
1682 1573 1776 1629 sed

198 1685 454 1740 veraciter
479 1684 680 1736 faceret
705 1689 865 1749 atque
904 1683 1194 1747 pateretur,
1234 1669 1489 1742 quidquid
1534 1666 1778 1722 eamdem

199 1785 490 1831 creaturam
518 1772 694 1828 facere
719 1786 782 1825 ac
812 1769 942 1839 pati,
989 1783 1087 1837 pro
1109 1765 1322 1836 generis
1354 1761 1591 1821 Iun-uani,
1643 1758 1782 1812 unde

200 1875 399 1934 sumpta
427 1872 564 1929 erat,
608 1861 777 1917 salute
793 1849 1144 1928 congrueret,
1192 1871 1351 1925 quam
1382 1851 1682 1906 violabilcm
1726 1855 1783 1902 et

201 1955 594 2025 eorruptibilem
609 1952 830 2008 credere
846 1951 940 2005 Dei
959 1958 1226 2012 naturam,
1253 1961 1350 2000 nec
1373 1945 1698 2014 inquinatam
1710 1949 1786 1993 at-

202 2061 624 2117 queopprcssam
643 2053 805 2098 totam
834 2057 990 2112 posse
1010 2038 1225 2093 liberari
1250 2049 1410 2106 atque
1434 2035 1668 2105 purgari,
1685 2030 1782 2087 sed

203 2148 390 2191 :rterna
410 2137 553 2205 globi
573 2150 730 2204 poena
755 2148 959 2187 summa
981 2131 1073 2186 Dei
1111 2130 1430 2185 necessitate
1445 2123 1724 2178 dan‘tnari?

264 2229 492 2284 CAPUT
522 2227 643 2282 XX.
664 2256 734 2266 —-
754 2224 880 2288 Sed,
911 2224 1104 2292 inquis,
1136 2231 1413 2289 propterea
1443 2215 1642 2270 credidi
1667 2228 1785 2282 qua:

207 2339 297 2373 Itnll
322 2319 457 2372 mihi
487 2317 743 2380 ostendit,
770 2316 890 2385 quia
917 2314 1050 2367 duas
1081 2322 1320 2375 naturas,
1352 2308 1474 2361 boni
1503 2307 1706 2360 scilicvt
1733 2312 1786 2358 et

206 2412 340 2477 mali,
372 2410 506 2463 mihi
537 2410 588 2462 in
619 2409 720 2462 hoc
750 2407 864 2474 ipso
891 2403 1089 2458 mundo
1117 2401 1395 2456 evidenter
1425 2397 1676 2453 ostendit.
1719 2400 1785 2447 At

207 2506 296 2558 hoc
322 2505 501 2572 ipsum
534 2509 637 2565 est,
669 2498 876 2564 infelix,
925 2497 1068 2550 unde
1089 2495 1310 2563 decepta
1355 2508 1413 2545 es
1443 2509 1456 2544 :
1483 2491 1607 2559 quia
1648 2489 1787 2543 sicut

208 2597 254 2650 in
297 2596 382 2648 illa
417 2593 694 2662 Scriptura
741 2589 1068 2660 evangelica,
1113 2587 1184 2641 ita
1215 2587 1268 2640 in
1298 2585 1398 2637 hoc
1424 2582 1624 2636 ntundo
1657 2579 1785 2633 nihil

207 2687 318 2740 tnali
366 2694 563 2755 pitmre
602 2683 841 2753 potuisti,
879 2680 980 2735 nisi
1023 2695 1130 2749 quo
1168 2687 1290 2732 tuus
1329 2675 1560 2730 carnalis
1596 2688 1788 2727 sensus

206 2776 439 2830 olfensus
466 2785 574 2838 est,
616 2775 754 2827 sicut
789 2779 1115 2840 serpentem,
1150 2768 1347 2838 ignem,
1395 2779 1684 2827 venenum,
1733 2769 1789 2816 et

207 2867 389 2921 similia
421 2883 438 2930 ;
468 2881 568 2920 nec
597 2864 796 2934 aliquid
825 2862 972 2927 boni,
1021 2861 1121 2914 nisi
1148 2857 1292 2929 quod
1339 2856 1587 2912 eumdem
1639 2865 1786 2908 tuum

209 2957 468 3011 carnalem
495 2970 713 3009 sensum
740 2953 914 3023 aliqua
939 2950 1272 3021 jucunditate
1305 2947 1600 3017 permulsit,
1649 2946 1792 3000 sicut

209 3063 450 3116 saporum
485 3045 795 3115 jucunditas
822 3085 838 3109 ,
876 3051 931 3097 et
967 3041 1191 3096 odorum
1242 3039 1500 3104 suavitas,
1552 3045 1608 3091 et
1654 3036 1790 3090 locis

215 3139 358 3207 hujus
374 3147 648 3206 aspectus,
679 3146 730 3190 et
756 3135 801 3188 si
823 3133 947 3204 quid
977 3132 1120 3187 aliud
1141 3133 1220 3186 vel
1250 3131 1488 3191 auribus,
1517 3129 1600 3183 vel
1619 3129 1789 3182 oculis

215 3231 324 3293 tuis,
361 3229 446 3282 vel
473 3229 713 3292 naribus,
756 3227 838 3280 vel
882 3226 1083 3294 palato,
1114 3225 1199 3278 vel
1230 3222 1504 3292 palpatni'
1544 3222 1790 3276 similiter

211 3320 335 3374 forte
372 3318 666 3373 blanditmn
699 3325 801 3372 est.
834 3317 965 3370 Atsi
1007 3315 1309 3368 universam
1362 3323 1664 3368 creaturam
1721 3312 1790 3364 ita

215 3413 348 3480 prius
391 3411 683 3480 aspiceres,
716 3419 772 3463 ut
799 3408 1000 3462 auctori
1046 3407 1156 3462 Deo
1203 3407 1487 3470 tribucres,
1534 3405 1684 3474 quasi
1711 3403 1791 3456 le-

213 3517 332 3572 gens
349 3517 603 3570 magnum
625 3500 908 3570 quemdam
939 3500 1129 3553 librum
1161 3507 1366 3551 natum:
1393 3510 1608 3557 rerum;
1636 3503 1793 3560 atque

215 3594 274 3646 ita
298 3593 340 3646 si
365 3593 493 3661 quid
523 3591 595 3644 ibi
637 3601 687 3646 te
717 3589 1033 3653 offenderet,
1083 3603 1296 3642 causam
1330 3597 1382 3640 te
1408 3595 1655 3651 tanquam
1698 3584 1790 3637 ho-

214 3684 400 3738 minem
431 3685 596 3737 latere
621 3697 774 3751 posse
814 3681 989 3750 potius
1014 3679 1284 3744 crederes,
1333 3692 1490 3747 quam
1519 3677 1571 3729 in
1617 3675 1796 3743 operi-

214 3777 302 3832 bus
332 3779 425 3831 Dei
456 3777 746 3847 quidquam
768 3775 1166 3845 reprehendere
1211 3773 1476 3836 auderes;
1524 3785 1791 3839 nunquam

214 3868 486 3922 incidisses
515 3869 566 3922 in
593 3867 880 3937 sacrilegas
903 3882 1066 3935 nugas
1091 3875 1146 3920 et
1169 3863 1480 3932 blaSphema
1520 3863 1792 3931 figmenta,

214 3962 418 4028 quibus,
450 3975 559 4014 non
579 3959 882 4027 intelligens
900 3959 1037 4012 unde
1057 3959 1124 4012 sit
1142 3957 1360 4022 malum,
1382 3955 1547 4010 Deum
1568 3953 1796 4023 implere

213 4052 418 4105 conaris
444 4051 698 4106 omnibus
727 4050 904 4103 malis.

276 4142 505 4198 CAPUT
536 4141 677 4197 XXI.
705 4172 776 4182 —
807 4142 904 4196 Hic
937 4142 1046 4210 jam
1072 4142 1115 4196 si
1142 4124 1395 4210 quaaratis
1419 4155 1448 4192 a
1475 4139 1654 4204 nobis,
1698 4153 1798 4193 nos

216 4236 346 4290 ualde
373 4237 612 4290 sciamus
649 4235 1028 4304 Apostolorum
1057 4249 1177 4288 esse
1201 4235 1329 4288 istas
1365 4233 1628 4296 Litteras;
1676 4231 1798 4285 bre-

217 4328 339 4380 viter
365 4327 522 4381 vobis
550 4327 954 4395 respondemus,
983 4325 1104 4380 inde
1133 4339 1230 4379 nos
1259 4326 1418 4389 scire,
1448 4323 1587 4378 unde
1617 4335 1667 4378 et
1700 4339 1796 4377 vos

217 4421 354 4474 scitis
385 4421 506 4474 ilLas
539 4421 741 4474 litteras
762 4434 882 4475 esse
923 4419 1214 4480 Manichtci,
1242 4433 1376 4487 quas
1420 4417 1798 4473 miserabiliter

217 4511 332 4565 huic
352 4513 658 4565 auctoritati
686 4511 1014 4580 prmponitis.
1041 4509 1097 4565 Si
1129 4510 1270 4564 enim
1297 4518 1350 4564 et
1373 4509 1497 4564 hinc
1521 4509 1672 4563 vobis
1699 4508 1796 4562 alio

273 4604 289 4632 ί
326 4611 426 4648 Am.
454 4608 512 4650 et.
533 4609 659 4656 Mss,
683 4607 734 4650 ut
751 4599 896 4651 vim.

270 4667 288 4695 ι
324 4669 388 4710 εχ
413 4671 523 4712 Mss.
548 4663 831 4723 addidimus,
856 4661 929 4712 vel
951 4660 1184 4726 palpanti.

1310 367 1510 424 LIBER
1550 363 1962 422 TRIGESIMUS
1999 360 2316 418 TERTIUS.

3347 367 3452 423 510

1878 481 1994 543 quis
2022 484 2230 528 moveat
2253 473 2626 544 quiestionem,
2669 483 2724 529 et
2747 475 3055 544 scrupulum
3070 475 3453 532 cmttradictio-

1878 567 1961 618 nis
1989 564 2264 633 impingat,
2310 563 2494 617 dicens
2520 563 2688 618 libros
2717 579 2851 634 quos
2883 563 3131 633 profertis
3157 564 3456 631 Manicltzei,

1879 669 1983 707 non
2019 668 2140 708 esse
2166 651 2440 707 Manichxi
2465 669 2481 715 ;
2509 652 2656 723 “quid
2699 651 2890 707 facturi
2937 654 3102 709 estis?
3149 653 3337 709 Nonne
3367 669 3462 724 po-

1879 747 1982 799 tius
2009 747 2125 812 ejus
2146 742 2491 798 deliramenta
2514 745 2752 799 ridebitis
2769 783 2786 810 ,
2831 745 2920 814 qui
2947 755 3130 798 contra
3158 762 3291 799 rem
3315 754 3461 799 tanta

1878 835 2225 888 eonuexionis
2246 842 2298 888 et
2323 835 2677 888 successionis
2704 833 2842 888 serie
2863 834 3255 899 coalirmatam,
3291 836 3462 904 impu-

1879 925 2111 980 dentiam
2133 924 2288 994 hujus
2303 925 2454 979 vocis
2469 924 2713 979 emittat?
2752 925 2897 980 Sicut
2917 941 3044 995 ergo
3060 936 3264 980 certam
3290 936 3373 980 est
3395 927 3462 980 il-

1880 1017 1960 1070 los
1991 1016 2156 1070 libros
2182 1030 2301 1069 esse
2325 1015 2624 1076 Mani‘clnei,
2648 1024 2702 1068 et
2727 1017 2946 1069 omnino
2986 1015 3240 1071 ridendus
3265 1025 3348 1073 est
3373 1017 3464 1085 qui

1880 1121 1945 1161 ex
1975 1115 2280 1160 transverso
2308 1107 2529 1160 veniens
2551 1115 2698 1159 tanto
2741 1115 2864 1175 post
2894 1116 3070 1174 natus,
3119 1108 3264 1163 litem
3309 1109 3464 1162 vobis

1883 1197 2039 1267 hujus
2062 1190 2498 1252 contradictionis
2525 1196 2851 1262 intenderit;
2898 1199 2970 1252 ita
2991 1209 3195 1253 certum
3240 1210 3323 1254 est
3352 1200 3467 1253 Ma-

1883 1289 2148 1344 nichatum
2188 1289 2274 1344 vel
2323 1288 2642 1342 Manichazos
2694 1303 2816 1344 esse
2859 1290 3126 1354 ridendos,
3169 1302 3260 1344 aut
3303 1292 3465 1345 etiam

1882 1381 2164 1446 dolendos,
2194 1382 2286 1449 qui
2317 1389 2423 1434 tam
2457 1379 2690 1433 fundata:
2721 1381 3042 1443 auctoritati,
3073 1397 3102 1434 a
3137 1382 3466 1450 temporibus

1883 1473 2258 1541 Apostolorum
2299 1487 2468 1543 usque
2510 1472 2577 1525 ad
2609 1471 2724 1526 haec
2768 1481 3006 1542 tempora
3044 1473 3204 1527 certis
3254 1487 3469 1527 succes-

1883 1565 2123 1619 siouibus
2151 1565 2434 1618 custodita:
2463 1573 2622 1634 atque
2646 1564 2940 1634 perductae,
2971 1562 3202 1618 audeant
3237 1565 3341 1617 tale
3365 1564 3468 1617 ali-

1883 1657 2007 1727 quid
2037 1655 2236 1710 dicere.

1951 1745 2178 1801 CAPUT
2207 1745 2374 1800 XXII.
2405 1775 2477 1786 -—
2520 1745 2638 1800 Jam
2689 1760 2818 1815 ergo
2859 1744 3149 1798 auctoritas
3192 1743 3468 1796 Manichavi

1886 1837 2212 1892 conferenda
2241 1845 2324 1892 est
2347 1836 2644 1890 auctoritati
2663 1836 3061 1905 Apostolorum.
3088 1834 3218 1888 Nam
3245 1835 3473 1887 Litteras

1888 1930 2108 1984 istorum
2141 1931 2270 1983 istas
2299 1944 2419 1984 esse
2442 1938 2546 1982 tam
2569 1938 2774 1983 certum
2811 1937 2916 1994 est,
2941 1943 3101 1998 quam
3150 1927 3267 1981 illas
3303 1926 3468 1980 illius.

1887 2021 2018 2089 Quis
2069 2029 2246 2075 autem
2297 2020 2650 2074 Manichzeum
2705 2019 2979 2089 Apostolis
3021 2025 3314 2087 comparat,
3368 2015 3474 2069 nisi

1887 2114 2127 2183 quisquis
2155 2128 2214 2166 se
2239 2128 2270 2166 a
2304 2112 2538 2176 Christo,
2573 2112 2660 2181 qui
2708 2111 2852 2165 misit
2887 2110 3193 2179 Apostolus,
3224 2107 3473 2177 separat?

1890 2207 1994 2258 Aut
2020 2204 2150 2257 duas
2166 2213 2390 2258 naturas
2416 2204 2629 2257 sibimet
2655 2210 2710 2256 et
2732 2218 2796 2256 ex
2830 2201 3058 2270 propriis
3087 2199 3359 2269 principiis
3377 2197 3475 2250 ad-

1888 2313 2090 2360 versas,
2127 2297 2248 2365 quis
2287 2311 2520 2365 unquam
2567 2295 2742 2364 sapuit
2773 2295 2824 2347 iit
2865 2294 3041 2349 verbis
3081 2292 3315 2358 Christi,
3371 2291 3474 2345 nisi

1891 2389 1978 2456 qui
2011 2403 2114 2441 non
2144 2388 2280 2455 sapit
2308 2388 2472 2441 verba
2490 2386 2734 2441 Christi?
2779 2386 3020 2454 Apostoli
3050 2399 3180 2455 ergo
3222 2393 3474 2453 tanquam

1891 2478 2134 2546 discipuli
2166 2479 2428 2541 veritatis,
2461 2477 2790 2531 nativitatem
2814 2475 3008 2530 Christi
3041 2474 3332 2544 praedicant
3357 2487 3476 2542 pas-

1891 2571 2204 2639 sioncmqne
2251 2587 2492 2625 veraccm
2521 2587 2534 2622 :
2562 2568 2882 2623 Manichazus
2907 2578 3082 2622 autem
3107 2569 3276 2636 jaclat
3299 2581 3358 2620 se
3389 2567 3477 2620 iu-

1891 2661 2088 2717 dueerc
2110 2663 2163 2716 in
2184 2678 2395 2716 omnem
2414 2663 2711 2727 veritatem,
2744 2670 2798 2714 et
2818 2660 2932 2714 vult
2961 2659 3212 2714 inducere
3237 2659 3292 2712 in
3318 2657 3474 2712 talem

1893 2753 2183 2818 Christum,
2213 2756 2266 2808 in
2291 2770 2396 2823 quo
2423 2754 2585 2822 ipsius
2613 2751 2874 2822 passionis
2896 2752 3148 2820 pratdicat
3169 2749 3475 2804 falsitatem.

1894 2843 1984 2898 Isti
2035 2844 2301 2898 Christum
2349 2846 2398 2896 in
2447 2858 2629 2906 carne,
2657 2857 2817 2912 quam
2864 2841 2932 2896 de
2975 2841 3202 2894 Abraha:
3244 2839 3480 2907 suscepit

1895 2938 2119 3002 semine,
2165 2937 2534 2991 circumcisum
2565 2951 2578 2988 :
2607 2935 2696 2989 ille
2720 2935 2886 2988 Deum
2914 2934 2966 2986 in
2999 2933 3110 3001 ipsa
3149 2946 3242 2986 sua
3287 2937 3477 2984 natura

1894 3047 1922 3084 a
1949 3031 2284 3083 tenebrarum
2315 3039 2472 3098 gente
2501 3028 2797 3081 concisum.
2838 3026 2926 3079 Isti
2957 3039 3055 3093 pro
3093 3037 3253 3078 carne
3277 3020 3479 3077 Christi

1897 3121 2100 3174 infante
2130 3121 2146 3151 ¹
2178 3120 2527 3182 sacrificium,
2555 3117 2693 3185 quod
2723 3126 2847 3171 lllllc
2873 3116 2959 3185 pie
2983 3115 3158 3178 fiebat,
3193 3113 3428 3167 oblatum
3459 3128 3480 3164 ε.

1898 3214 1982 3266 ille
2014 3228 2117 3265 non
2166 3212 2362 3271 carnis.
2400 3211 2494 3265 sed
2535 3209 2700 3278 ipsius
2730 3209 2924 3263 divinae
2951 3205 3264 3276 substantiae
3286 3219 3482 3258 mem-

1897 3306 2069 3366 brum,
2093 3304 2340 3358 Omnibus
2365 3303 2694 3357 dmmonibus
2716 3299 3121 3362 immolandum,
3151 3307 3353 3351 natura:
3378 3294 3482 3349 ad-

1898 3413 2064 3450 versa:
2095 3396 2268 3466 gentis
2287 3396 2511 3449 illatum.
2544 3393 2632 3447 Isti
2659 3393 2928 3448 Christum
2956 3389 3186 3459 exempli
3208 3385 3477 3458 pra'bendi

1896 3505 2055 3544 causa
2093 3490 2412 3558 baptizatum
2443 3489 2496 3542 in
2543 3487 2777 3542 Iordane
2800 3505 2813 3538 :
2840 3487 2928 3540 ille
2967 3486 3130 3539 Deum
3174 3484 3343 3552 ipsum
3385 3492 3484 3548 per

1897 3586 2132 3653 scipsum
2175 3585 2226 3636 in
2269 3584 2607 3637 tenebrarum
2638 3580 3088 3635 contaminatione
3113 3576 3475 3636 submersum,

1899 3691 1997 3729 nec
2041 3685 2206 3728 totum
2255 3689 2607 3735 emersurum,
2653 3671 2745 3726 sed
2773 3670 2912 3741 quod
2954 3670 3069 3738 ejus
3099 3665 3342 3721 mundari
3374 3677 3480 3719 non

1901 3767 2130 3836 potuerit
2154 3775 2351 3818 :rterna
2377 3763 2716 3818 damnatione
2745 3760 3089 3830 puniendum.
3141 3759 3228 3812 Isti
3260 3769 3478 3811 carnem

1898 3856 2090 3912 Christi
2120 3872 2149 3910 a
2175 3856 2476 3908 daemonum
2522 3854 2655 3908 duce
2683 3863 2970 3915 tentatum;
3017 3851 3105 3904 ille
3144 3857 3346 3918 partem
3385 3845 3484 3900 Dei

1898 3965 1928 4003 a
1985 3949 2282 4002 tlzltantttlttl
2326 3957 2482 4017 gente
2529 3961 2873 4016 possessam:
2930 3956 2983 3998 et
3029 3942 3115 3997 isti
3162 3941 3376 4012 quidem
3423 3939 3486 3992 il-

1900 4039 2004 4092 lam
2063 4049 2339 4102 tentatam,
2403 4045 2461 4091 ut
2503 4036 2722 4090 doceret
2764 4035 3013 4090 resistere
3052 4031 3337 4096 teutatori;
3393 4030 3482 4084 ille

1902 4130 2044 4182 illam
2069 4143 2391 4197 possessam,
2423 4137 2481 4181 ut
2505 4127 2640 4197 patri
2669 4141 2777 4179 non
2808 4125 2973 4194 possit
2994 4123 3223 4186 restitui,
3276 4135 3376 4174 nec
3404 4121 3487 4173 vi-

1900 4221 2058 4276 etori.
2090 4221 2328 4289 Denique
2364 4218 2688 4274 Manichzeus
2717 4232 2784 4272 ex
2816 4215 3058 4270 doctrina
3093 4212 3512 4268 dazmoniorum‘

1901 4311 2043 4364 aliud
2087 4310 2398 4374 annuntiat,
2441 4319 2499 4362 ut
2542 4307 2692 4378 quasi
2740 4305 3064 4361 eminentior
3110 4305 3218 4358 sit:
3247 4299 3486 4370 Apostoli

1902 4417 2028 4456 vero
2057 4418 2121 4456 ex
2152 4402 2392 4455 doctrina
2436 4400 2634 4454 Christi
2676 4397 3094 4462 commendant,
3144 4403 3194 4448 ut
3245 4393 3488 4464 quisquis

1900 4491 2040 4545 aliud
2069 4490 2482 4554 annuntiavcrit,
2521 4489 2800 4543 anathema
2829 4490 2899 4542 sit
2919 4486 3123 4558 (Galat.
3159 4503 3195 4548 l,
3227 4489 3279 4544 8.
3311 4485 3394 4554 9).

1901 4602 1988 4711 bell
2215 4609 2318 4650 vss.
2341 4604 2588 4662 omittunt,
2607 4599 2824 4664 infante;
2847 4601 2987 4664 cujus
3009 4598 3113 4650 loco
3131 4599 3280 4650 editio
3303 4605 3376 4648 Fr.
3403 4598 3490 4647 ha-
3517 4658 3538 4676 ‘

1992 4697 2006 4711 .
2083 4677 2141 4709 (il
2195 4697 2207 4709 .

1992 4697 2006 4721 ,
2027 4677 2207 4711 tua-me.

649 4838 1124 4945 LIBER
1214 4805 2186 4942 TRIGESIMUS
2274 4839 2592 4945 TER
2614 4840 3015 4948 TIUS.

277 5068 504 5125 CAPUT
534 5067 813 5123 PRIMUM.
845 5097 914 5107 —
939 5065 1182 5120 FAUSTUS
1207 5065 1340 5118 dixit
1368 5082 1379 5117 :
1405 5062 1673 5132 Scriptum
1709 5076 1792 5120 est

214 5158 262 5213 in
284 5161 594 5230 Evangelia,
630 5159 764 5223 Quin
800 5157 944 5211 multi
988 5157 1185 5211 venient
1231 5156 1294 5209 ab
1337 5157 1528 5210 oriente
1571 5163 1618 5209 et
1661 5157 1794 5210 orci-

213 5251 374 5317 dmle,
407 5261 452 5306 σι
478 5251 766 5304 recumbent
793 5265 909 5302 cum
936 5247 1211 5312 Abraham,
1264 5257 1312 5300 et
1353 5245 1521 5307 Isaac.
1563 5259 1608 5300 et
1631 5247 1791 5302 Jarob

213 5343 261 5395 in
280 5359 438 5414 regno
450 5343 693 5396 caelorum
722 5339 931 5410 (Matth.
957 5354 1071 5406 vm,
1095 5339 1205 5408 li).
1229 5337 1336 5392 Vos
1364 5352 1666 5407 ergoquare
1689 5356 1792 5392 llllll

211 5436 449 5506 accipitis
463 5432 840 5490 Patriarchas?
868 5432 1024 5487 Absit
1044 5445 1142 5485 nos
1162 5430 1374 5500 quidem
1392 5430 1634 5499 cuiquam
1661 5431 1795 5483 invi-

212 5525 340 5581 dere
367 5525 693 5589 mortalium,
715 5539 874 5594 quem
896 5523 1058 5592 _Deus
1096 5520 1235 5575 forte
1261 5520 1600 5575 miseratione
1627 5520 1794 5589 respi-

214 5616 362 5671 ciens
375 5631 491 5682 sua,
508 5617 576 5670 de
593 5615 887 5686 perditione
903 5628 1133 5682 unquam
1149 5612 1418 5667 reduxerit
1435 5611 1499 5665 ad
1517 5612 1737 5665 salutem
1773 5631 1787 5666 :

219 5708 312 5761 sed
349 5708 449 5762 hoc
478 5723 608 5761 sane
636 5722 732 5761 nos
761 5707 874 5776 ejus
903 5721 1021 5761 esse
1051 5704 1160 5773 jam
1206 5703 1502 5757 clementiae
1547 5704 1790 5772 ponimus

217 5800 303 5870 qui
338 5801 586 5856 misertus
606 5799 696 5866 sit,
725 5814 828 5856 non
858 5798 998 5853 illius
1026 5795 1199 5854 meriti
1231 5795 1382 5865 cujus
1404 5795 1568 5850 fuisse
1597 5809 1790 5865 negare

1901 5081 2004 5119 non
2051 5066 2224 5136 possis
2268 5066 2673 5136 improbabilem
2701 5069 2863 5123 vitam
2899 5087 2911 5122 :
2941 5085 3004 5124 ac
3032 5085 3125 5140 per
3164 5069 3265 5124 hoc
3307 5077 3359 5124 ct
3386 5067 3482 5124 Ju-

1899 5160 2136 5211 d;eorum
2173 5166 2370 5226 patres,
2399 5159 2667 5215 Abraham
2693 5160 2918 5226 scilicet,
2948 5170 3003 5215 et
3024 5161 3188 5228 Isaac,
3217 5170 3271 5214 et
3295 5161 3484 5227 Jacob,

1899 5249 1943 5302 si
1973 5257 2058 5303 est
2088 5249 2188 5304 hoc
2233 5265 2331 5320 pro
2357 5260 2507 5307 certo
2535 5251 2602 5307 de
2648 5253 2834 5307 iisdem
2862 5252 3076 5311 .Chrisli
3123 5255 3486 5312 testimonium

1899 5338 2040 5404 quod
2067 5338 2288 5408 affertis,
2319 5357 2617 5414 qttanquam
2644 5342 2854 5398 fuerunt
2892 5345 2990 5414 ipsi
3017 5345 3227 5414 quidem
3257 5345 3489 5418 flagitio-

1899 5429 2118 5495 sissimi,
2152 5440 2209 5485 ut
2234 5430 2348 5487 fere
2377 5432 2588 5504 Moyses
2612 5433 2809 5488 indicat
2837 5450 3022 5490 eorum
3054 5450 3343 5506 pronepos,
3372 5440 3485 5494 sive

1897 5519 2015 5588 quis
2045 5520 2180 5574 alius
2209 5513 2452 5576 historia:
2492 5523 2647 5593 hujus
2690 5524 2936 5578 conditor
2977 5533 3080 5592 est,
3128 5543 3246 5596 qua:
3289 5527 3483 5584 dicitur

1896 5615 2190 5682 Gencscos,
2235 5615 2326 5685 qui
2355 5631 2543 5670 eorum
2572 5618 2707 5671 vitas
2733 5617 2883 5673 nobis
2911 5618 3035 5673 odio
3059 5621 3204 5677 omni
3248 5621 3482 5676 fastidio-

1897 5720 2000 5774 que
2037 5705 2377 5776 dignissimas
2402 5707 2610 5776 scripsit
2639 5724 2651 5770 ;
2701 5707 2806 5761 sint.
2834 5717 3010 5766 tamen
3039 5719 3094 5766 cl
3122 5712 3221 5782 ipsi
3265 5714 3373 5780 j'tm
3425 5715 3476 5767 in

1897 5811 2060 5868 regno
2083 5796 2361 5862 etelorum,
2405 5795 2509 5851 sint
2546 5797 2617 5860 in,
2644 5797 2760 5854 loco
2795 5815 2953 5870 quem
3003 5817 3098 5865 nec
3141 5801 3477 5858 crediderant
