4028 6434
512 359 610 416 διι

509 483 767 541 unquam,
794 479 894 522 nec
919 470 1284 536 speraverant,
1330 470 1390 515 ut
1412 459 1524 514 fere
1546 472 1613 512 cx
1657 469 1843 511 eorum
1887 447 2095 520 liquido

509 540 660 620 libris
678 570 901 632 apparet
926 576 941 613 :
972 553 1456 612 dummodotamen
1485 555 1696 604 constet
1712 586 1728 612 ,
1754 544 1909 599 vobis
1926 540 2088 596 etiam

508 630 906 714 conﬁtentibus,
939 649 1098 717 longo
1123 641 1402 700 intervallo
1427 638 1496 695 de
1523 647 1675 694 tetra:
1691 650 1755 699 ac
1779 632 1975 705 poenali
2001 630 2089 686 in-

510 746 750 803 ferorum
770 741 1044 807 ‘eustodia,
1089 737 1179 793 ubi
1217 750 1275 790 se
1308 733 1431 788 vitae
1452 731 1640 788 merita
1669 727 2011 810 coercebant,
2057 738 2101 778 a~

509 836 727 892 Christo
750 834 975 889 Domino
1003 838 1187 885 nostro
1232 825 1489 881 liberatos
1513 864 1529 889 ,
1580 836 1678 892 per
1718 820 1838 890 ejus
1883 816 2090 873 scilicet

509 927 788 999 mysticam
812 922 1127 996 passionem
1144 914 1420 987 pervenire
1442 912 1510 968 ad
1537 912 1641 967 hoc
1673 912 1846 982 ipsum
1888 906 2090 999 potuis-

510 996 591 1083 se,
621 1016 666 1071 si
694 1019 1073 1086 pervenerunt,
1097 1006 1239 1078 quod
1260 1006 1517 1075 scriptum
1542 1004 1560 1035 ί
1581 1001 1651 1059 de
1678 1002 1759 1056 eis
1781 1007 1882 1055 est.
1907 996 2091 1067 Neque

513 1106 658 1161 enim
685 1103 807 1175 quia
834 1110 894 1157 et.-
922 1101 1183 1155 latronem
1209 1095 1507 1169 quemdam
1535 1093 1603 1149 de
1644 1106 1805 1147 cruce
1849 1086 2096 1145 liberavit

513 1195 657 1251 idem
678 1201 861 1249 noster
886 1190 1249 1257 Dominus,,et
1288 1188 1405 1258 ipso
1436 1185 1626 1241 eodem
1664 1182 1752 1238 die
1780 1196 1962 1237 secum
2012 1177 2098 1233 fu-

513 1292 695 1341 turum
718 1284 999 1341 dixitcum
1029 1283 1082 1336 in
1124 1279 1387 1351 paradiso
1411 1277 1584 1333 Patris
1614 1275 1696 1331 sui
1723 1273 1874 1348 (Luc.
1927 1286 2086 1333 nm,

513 1377 632 1447 45),
677 1376 956 1448 quisquam
998 1371 1266 1438 inviderit,
1296 1378 1394 1425 aut
1431 1367 1753 1423 inhumanus
1792 1364 1927 1421 adeo
1977 1376 2100 1418 esse

517 1477 721 1538 potest,
757 1478 814 1522 ut
840 1467 941 1521 hoc
969 1462 1323 1534 eidispliceat
1374 1469 1536 1516 tantm
1581 1455 1925 1528 benignitatis
1970 1451 2099 1508 offi-

516 1561 680 1615 cium.
727 1560 841 1615 Sed
865 1569 1040 1613 tamen
1084 1554 1418 1611 nonidcirco
1445 1552 1697 1608 dicemus.
1733 1558 1790 1605 et
1834 1549 2098 1603 latronum

517 1652 656 1705 vitas
702 1665 765 1705 ac
803 1662 981 1704 mores
1009 1646 1166 1703 nobis
1202 1644 1506 1716 probabiles
1544 1657 1666 1698 esse
1706 1640 1924 1705 debere,
1976 1639 2101 1710 quia

519 1740 679 1796 Jesus
704 1740 894 1795 latroni
920 1737 1301 1809 indulgentiam
1330 1734 1568 1798 dederit;
1596 1740 1688 1788 aut
1709 1731 1829 1803 quia
1861 1729 2101 1802 publica-

520 1834 606 1888 nis
629 1842 678 1888 et
709 1831 1078 1887 meretricibus
1104 1827 1365 1900 ignoverit
1387 1835 1585 1891 errata,
1635 1823 1935 1892 dixeritque
1960 1819 2102 1892 quod

522 1924 682 1979 etiam
707 1922 1072 1993 praecederent
1100 1922 1198 1991 ipsi
1221 1919 1288 1973 ad
1324 1933 1549 1989 regnum
1586 1915 1845 1972 ctelorum
1876 1928 1970 1969 eos
2013 1912 2103 1983 qui

523 2013 838 2085 sesoperbc
874 2019 1159 2084 gesserunt
1209 2009 1421 2083 (Matth.
1453 2008 1696 2078 μηδι).
1741 2004 1800 2061 ln
1848 2004 2118 2074 injustitias

523 2120 755 2174 namque
778 2115 832 2160 et
857 2105 909 2160 in
934 2104 1195 2159 adulterio
1214 2101 1602 2172 deprehensam
1619 2098 1897 2154 mulierem
1918 2111 2110 2166 quam-

523 2196 647 2253 dam
670 2195 870 2252 ,ιυᾱωὶς
908 2194 1285 2251 accusantibus
1329 2192 1559 2248 absolvit
1604 2191 1739 2259 ipse,
1788 2186 2107 2260 prmcipiens

524 2289 576 2344 ei
604 2299 663 2343 ut
684 2288 795 2359 jam
828 2303 1051 2359 peccare
1079 2288 1349 2342 desineret
1377 2283 1557 2357 (Joanv.
1589 2299 1709 2347 vnt,
1742 2281 1927 2348 5-H).
1960 2279 2119 2347 Qua-

525 2388 747 2450 propter
771 2381 814 2434 si
846 2379 1033 2434 horum
1062 2375 1323 2447 Ialequid
1369 2384 1423 2430 et
1446 2374 1595 2429 circa
1615 2373 1876 2427 Abraham
1899 2370 2025 2440 egit,
2055 2376 2109 2424 et

532 2470 700 2538 Isaac,
728 2479 784 2526 et
828 2469 1013 2534 Jacob,
1033 2469 1132 2540 ipsi
1159 2468 1355 2539 gratias
1380 2484 1394 2521 :
1416 2465 1569 2521 decet
1598 2479 1718 2519 eum
1752 2462 1872 2517 talia
1898 2458 2109 2529 operari

529 2562 670 2616 circa
700 2561 926 2629 animas,
954 2560 1042 2631 qui
1068 2559 1236 2615 solem
1266 2572 1419 2613 suum
1446 2556 1574 2612 oriri
1600 2554 1728 2611 facit
1757 2568 1916 2623 super
1942 2551 2127 2606 bonos.

529 2661 587 2706 et
611 2652 802 2717 malos,
828 2661 885 2707 et
925 2652 1058 2722 pluit
1083 2666 1244 2720 super
1283 2649 1458 2720 justos
1485 2658 1539 2703 et
1568 2646 1793 2717 injustos
1817 2644 2029 2714 (Matth.
2054 2660 2121 2710 v,

530 2741 647 2816 45).
676 2742 781 2797 Sed
805 2742 905 2798 hoc
929 2751 1105 2797 tamen
1126 2740 1255 2795 mihi
1278 2756 1439 2795 unum
1469 2740 1519 2792 in
1546 2739 1795 2808 opinione
1818 2736 1916 2792 hac
1939 2744 2113 2790 vestra

539 2834 821 2889 molestum
852 2843 935 2888 est
956 2874 971 2899 ,
1003 2848 1100 2887 cur
1125 2833 1175 2887 id
1201 2832 1269 2887 de
1293 2831 1601 2886 indecorum
1645 2837 1848 2883 tantum
1877 2826 2115 2896 patribus

537 2925 803 2991 sentiatis,
829 2940 894 2979 ac
920 2939 1023 2978 non
1055 2922 1122 2978 de
1146 2924 1355 2978 caneris
1392 2936 1604 2992 quoque
1632 2918 1945 2990 patriarchis
1968 2917 2113 2974 Gen-

536 3017 698 3085 tium,
720 3016 862 3088 quod
889 3025 947 3071 et
966 3015 1065 3086 ipsi
1094 3016 1359 3071 senserint
1381 3013 1677 3084 aliquando
1698 3012 1867 3067 nostri
1899 3010 2116 3065 Libera-

535 3112 670 3167 toris
697 3109 837 3165 hanc
873 3109 1094 3180 gratiam
1121 3107 1454 3178 :-pnesertim
1482 3121 1601 3160 cum
1626 3105 1695 3160 de
1722 3104 1957 3174 ipsorum
1998 3102 2121 3155 filiis

541 3202 712 3271 magis
752 3198 1039 3255 christiana
1078 3206 1291 3253 constet
1318 3197 1589 3262 Ecclesia,
1621 3211 1778 3266 quam
1809 3194 1877 3249 de
1913 3194 2118 3248 semine

538 3290 793 3353 Abrahze,
822 3290 966 3345 Isaac
992 3298 1047 3345 et
1074 3289 1258 3345 Jacob.
1286 3288 1389 3344 Sed
1419 3288 1498 3342 ais
1526 3287 1729 3355 utique,
1760 3284 1880 3340 illos
1903 3283 2115 3355 quidem

542 3381 684 3436 idola
709 3380 960 3444 coluisse,
995 3380 1091 3434 hos
1129 3394 1257 3434 vero
1281 3378 1701 3448 omnipotentem
1732 3375 1897 3430 Deum
1916 3416 1930 3437 ,
1957 3372 2119 3428 ideir-

540 3484 711 3540 coque
737 3470 905 3525 solam
933 3469 1168 3538 ipsorum
1197 3482 1380 3523 curam
1407 3467 1658 3523 habuisse
1682 3466 1887 3522 Jesum.
1920 3466 1994 3518 lta
2027 3464 2120 3518 Dei

542 3559 926 3628 omnipotentis
954 3559 1159 3613 cultura
1188 3558 1239 3612 in
1273 3567 1469 3612 tartara
1499 3555 1753 3620 detrudit,
1781 3563 1835 3608 et
1864 3553 1984 3609 Filii
2003 3562 2124 3622 eget

537 3653 739 3708 auxilio
762 3653 850 3721 qui
878 3646 1040 3707 coluit
1084 3651 1334 3705 Patrem!
1362 3647 1473 3704 Sed
1512 3646 1711 3702 videris
1732 3647 1752 3677 '
1779 3664 1799 3700 ι
1817 3644 2122 3700 consentia-

539 3759 679 3808 mus,
709 3743 923 3813 inquam
945 3783 958 3805 ,
989 3743 1245 3796 hactenus
1275 3741 1325 3794 in
1351 3740 1546 3795 caelum
1586 3737 1832 3792 reductos
1858 3751 1951 3791 eos
1970 3777 1985 3801 ,
2015 3749 2123 3789 non

539 3836 662 3904 quia
689 3843 1041 3901 mererentur,
1065 3833 1157 3888 sed
1178 3832 1298 3903 quia
1320 3832 1495 3886 vincat
1518 3828 1694 3897 divina
1715 3827 1995 3883 clementia
2018 3826 2123 3880 vim

544 3933 907 3993 peccatorum.

612 4014 837 4072 CAPUT
876 4016 938 4070 ll.
958 4015 1426 4071 ——Verunttamcn
1454 4022 1629 4069 utrum
1651 4021 1706 4067 el
1731 4012 1833 4067 hoc
1859 4026 1887 4064 a
1914 4010 2126 4066 Christo

542 4109 743 4164 dictum
769 4108 867 4174 sit,
897 4107 1086 4163 dubios
1110 4108 1268 4162 etiam
1310 4122 1407 4161 nos
1436 4116 1488 4159 et
1516 4106 1747 4159 incertos
1779 4103 2125 4158 scribentium

543 4202 657 4273 ipsa
683 4202 909 4256 varietas
939 4200 1084 4255 facit.
1110 4199 1347 4269 Namque
1374 4213 1494 4253 cum
1516 4197 1625 4250 duo
1649 4196 1986 4266 evangelista:
2007 4194 2130 4249 Mat-

544 4295 716 4351 thteus
738 4302 794 4348 et
812 4294 983 4349 Lucas
1000 4291 1068 4347 de
1086 4291 1399 4347 centurione
1416 4287 1644 4360 quodam
1668 4285 1867 4356 pariter
1887 4293 2125 4353 narrent,

542 4386 694 4455 cujus
729 4400 859 4455 puer
888 4392 1012 4437 tunc
1040 4381 1427 4443 intirmaretur,
1468 4389 1519 4435 et
1553 4386 1767 4448 propter
1794 4391 1955 4447 quem
1984 4376 2129 4431 visus

544 4480 701 4532 fuerit
739 4477 839 4529 hoc
879 4476 1048 4545 ipsum
1083 4474 1280 4528 dixisse
1311 4472 1501 4534 Jesns,
1545 4471 1666 4540 quia
1700 4469 1901 4525 scilicet
1929 4476 2129 4522 tantam

543 4568 703 4623 [idem
723 4582 827 4621 non
852 4566 1139 4620 invenisset
1160 4566 1210 4618 in
1235 4563 1415 4626 Israel,
1434 4574 1686 4632 quantam
1710 4562 1759 4614 in
1782 4560 1869 4615 illo
1891 4560 2126 4626 homine,

539 4661 722 4731 gentili
752 4659 993 4729 qn:unvis
1017 4669 1070 4711 et
1100 4672 1334 4727 pagano,
1366 4672 1431 4708 eo
1459 4654 1599 4725 quod
1630 4653 1824 4708 dixerit
1853 4653 1990 4707 idem
2024 4668 2127 4707 non

539 4769 598 4808 se
643 4753 804 4806 fuisse
841 4762 945 4805 tam
975 4751 1226 4820 dignum,
1265 4759 1321 4801 ιιι
1360 4748 1458 4802 sub
1488 4756 1683 4800 tectum
1715 4761 1869 4799 suum
1911 4746 2131 4798 intraret

539 4846 719 4907 ιιι-διιε,
747 4843 839 4897 sed
872 4843 921 4896 id
946 4856 1131 4910 rogare
1158 4850 1356 4893 tantum
1377 4880 1391 4903 ,
1422 4849 1478 4891 ut
1500 4837 1713 4904 jnbcrct
1742 4834 1937 4897 verbo,
1967 4844 2019 4888 et
2042 4850 2129 4887 sa-

542 4942 761 4989 naretur
787 4949 916 5003 puer
947 4948 1107 4997 suns;
1140 4931 1287 4986 solus
1312 4941 1487 4985 tamen
1518 4928 1792 4983 Maltinuus
1821 4927 1920 4981 hoc
1950 4926 2128 4995 adjicit

541 5026 722 5081 Jestnn
750 5034 1090 5097 prosecutum
1124 5037 1262 5087 esse,
1293 5030 1346 5075 nt
1375 5022 1573 5076 diceret
1594 5061 1609 5084 ,
1635 5020 1790 5072 Amen
1818 5018 1930 5071 dico
1960 5018 2092 5070 vobis
2112 5058 2130 5082 ,

542 5121 660 5188 quia
689 5118 834 5172 multi
862 5118 1054 5171 venient
1081 5116 1142 5168 ab
1168 5114 1355 5169 oriente
1385 5122 1429 5166 et
1458 5111 1711 5166 occidente
1731 5153 1745 5175 ,
1773 5120 1817 5163 et
1847 5108 2131 5162 recumbcnt

544 5227 660 5263 cum
704 5210 978 5275 Abraham,
1010 5220 1055 5262 et
1088 5206 1269 5269 Isaac,
1311 5216 1357 5258 et
1385 5203 1543 5256 Jacob
1571 5204 1621 5254 in
1657 5218 1809 5271 regno
1850 5201 2088 5254 caelorum
2114 5215 2131 5261 ;

550 5303 683 5371 ﬁlios
712 5313 875 5355 autem
905 5304 1046 5371 regni
1074 5301 1262 5352 mittent
1290 5297 1339 5349 in
1368 5294 1593 5348 tenebras
1617 5292 1901 5345 exteriores.
1945 5290 2132 5344 Multos

551 5391 762 5460 quidem
784 5392 873 5460 qui
893 5390 1097 5446 venturi
1117 5390 1285 5442 forent
1303 5400 1532 5456 paganos
1548 5382 1869 5453 signiﬁcans,
1895 5380 2134 5450 prOpter’

624 5630 641 5662 ι
684 5632 842 5684 Forte,
869 5626 913 5678 si
934 5629 1265 5687 pervenerunt,
1290 5624 1384 5685 quo
1406 5621 1660 5685 scriptum,
1681 5629 1776 5687 etc.

618 5694 639 5724 ι
672 5692 745 5738 sic
770 5680 867 5735 Am.
907 5680 960 5735 et
979 5693 1083 5735 Mss.
1110 5694 1164 5734 Al.
1196 5680 1267 5734 L‘r}
1304 5680 1355 5734 et
1378 5680 1516 5746 Ima,
1559 5700 1664 5747 |ro,
1710 5681 1904 5743 videris,
1934 5680 2133 5739 habent,

554 5753 762 5807 amittis,
788 5751 964 5799 omissa
987 5750 1395 5810 interpunctionc.

529 5828 533 5833 '
623 5821 641 5848 ⁸
674 5821 831 5874 Forte,
856 5816 1049 5876 pra‘tcr.

1672 5910 1728 5924 r...

1323 332 1595 405 CONTRA
1632 336 1952 397 FAUSTUM
1991 332 2443 403 MANICHIEUM,
2481 336 2538 393 S.
2582 335 2948 393 AUCUSTINI

3673 335 3813 399 5η,

2201 450 2599 517 Centurionem,
2619 452 2740 522 quia
2768 460 2909 507 esset
2932 460 2986 507 et
3010 450 3123 522 ipse
3143 451 3376 523 gentilis,
3394 450 3449 507 in
3470 466 3580 524 quo
3602 461 3783 508 tamen

2201 551 2345 597 tanta
2370 543 2553 599 fuisset
2582 544 2713 599 ﬁdes
2738 543 3159 610 irnventa;;.tilios
3194 553 3370 601 autem
3404 542 3552 615 regni
3596 546 3785 615 appel-

2200 635 2318 691 lans
2344 635 2593 704 Iudaeos,
2636 638 2689 692 in
2716 636 2908 708 quibus
2935 636 3080 692 nulla
3117 647 3261 693 esset
3286 636 3496 692 inventa
3531 636 3684 691 fides.
3716 638 3788 689 At

2200 743 2330 784 vero
2348 729 2518 785 Lucas
2536 771 2552 795 ,
2581 745 2880 801 quanquam
2906 738 2960 785 et
2984 729 3097 800 ipse
3125 739 3184 784 ut
3211 728 3575 785 necessarium
3600 726 3705 783 hoc
3731 735 3791 783 et

2202 821 2552 877 memorabile
2581 824 2726 878 inter
2745 823 2943 878 Christi
2973 821 3232 877 mirabilia
3262 830 3407 892 gesta
3439 819 3807 876 inserendum~

2203 914 2465 983 putaverit
2493 913 2782 986 Evangelio
2804 929 2904 968 suo
2921 955 2938 979 ,
2965 912 3033 968 de
3060 911 3328 968 Abraham
3350 923 3530 966 tamen
3557 910 3701 976 illic,
3732 917 3807 965 et-

2202 1004 2369 1073 lsaac,
2397 1014 2452 1061 et
2475 1004 2641 1060 Jacob
2667 1005 2864 1059 nullam
2889 1003 3380 1059 facitzmentionem.
3412 1001 3564 1068 Quod
3593 998 3805 1071 sitquis‘

2201 1097 2345 1153 dicat
2372 1098 2570 1153 idcirco
2597 1098 3151 1169 prietetvnisisse-eum
3175 1136 3195 1164 ,
3223 1097 3343 1166 quia
3368 1096 3575 1151 dictum
3600 1093 3659 1149 id.
3674 1097 3787 1164 jam

2202 1189 2330 1244 satis
2360 1189 2547 1245 fuisset
2572 1205 2602 1243 a
2627 1188 2910 1254 Mattiaco;
2937 1204 3033 1244 cur
3056 1204 3185 1260 ergo
3211 1197 3419 1259 gestum
3445 1188 3617 1257 ipsum
3638 1200 3791 1241 com-

2204 1289 2475 1335 memorat
2508 1295 2631 1351 erga
2670 1279 3048 1335 Centurionem
3095 1288 3150 1334 et
3195 1294 3415 1350 puerum
3460 1277 3595 1348 ejus,
3643 1275 3815 1345 quod.

2203 1386 2353 1442 aeque
2374 1371 2531 1441 longe
2555 1372 2682 1426 satis
2703 1370 3021 1425 insinuatum
3039 1370 3149 1440 jam
3170 1368 3359 1424 fuisset
3378 1368 3530 1423 nobis
3554 1367 3827 1421 Μιιιιιιωίι.

2203 1462 2457 1518 solertia?
2480 1462 2583 1518 Sed
2609 1462 2797 1517 falsum
2840 1471 2943 1518 est.
2975 1461 3212 1533 Namque
3235 1473 3289 1517 et
3315 1461 3388 1517 de
3422 1459 3818 1516 obsecratione-

2205 1554 2657 1624 ipsa'adveniendi
2680 1553 2861 1609 Iesum
2880 1595 2895 1617 ,
2928 1552 3205 1607 Matthteus
3232 1552 3445 1623 quidem
3471 1550 3618 1616 dicit,
3646 1549 3818 1621 quod;

2206 1645 2349 1702 idem
2379 1661 2473 1717 per
2498 1648 2841 1716 semetipsum
2865 1644 3117 1701 Centurio
3146 1644 3353 1700 venerit
3376 1643 3444 1698 ad
3483 1659 3604 1699 eum
3634 1658 3796 1711 roga-

2208 1749 2358 1794 turus
2385 1738 2647 1795 medelam
2676 1756 2689 1794 :
2720 1738 2892 1793 Lucas
2918 1746 3095 1794 autem
3127 1752 3256 1803 non,
3287 1736 3382 1791 sed
3410 1736 3531 1805 quia
3561 1734 3821 1802 majores~

2206 1840 2333 1884 natu
2356 1829 2422 1885 ad
2451 1846 2571 1886 eum
2596 1830 2799 1886 miserit
2821 1829 3124 1886 Iudaeorum
3149 1870 3164 1894 ,
3197 1828 3287 1898 qui
3315 1822 3381 1882 né
3410 1825 3545 1882 forte
3569 1842 3815 1896 spems—

2208 1930 2360 1976 retur
2380 1921 2449 1975 ab
2488 1921 2685 1976 eodem
2706 1930 2953 1992 tanquam
2992 1918 3205 1991 gentilis
3234 1917 3505 1989 (quoniam
3531 1916 3749 1987 quidem
3779 1917 3820 1948 ι’

2208 2011 2390 2066 Jesnm
2432 2011 2618 2065 volunt
2651 2026 2772 2067 esse
2818 2012 2976 2083 plane
3020 2009 3324 2080 Judmum),
3365 2009 3688 2080 persuadere
3718 2009 3823 2063 inv»

2209 2104 2375 2174 gressi
2404 2113 2529 2158 sunt
2552 2103 2882 2169 e'rdicentes,
2908 2101 3126 2173 dignum
3153 2117 3273 2157 esse
3295 2100 3455 2157 cuivid
3480 2108 3821 2171 prtestamt,

2210 2196 2460 2266 quoniam
2501 2196 2714 2265 quidem
2740 2194 2985 2265 diligeret
3022 2202 3416 2265 gentem-suam
3441 2232 3457 2259 ,
3485 2200 3805 2263 et'zsynago-
3866 2256 3874 2265 ,

2211 2302 2330 2357 gam
2360 2287 2472 2357 ipse
2496 2286 2812 2342 :edilieasset
2842 2287 2938 2340 sibi
2969 2285 3075 2355 (Id.
3110 2302 3199 2340 vnt
3221 2327 3235 2348 ,
3267 2285 3430 2347 5-15,
3464 2294 3512 2338 et
3543 2282 3673 2339 Luc.
3702 2299 3803 2348 vn,

2212 2375 2413 2447 2:40):
2460 2385 2705 2446 tanquam
2734 2387 2787 2431 et
2826 2377 2927 2433 hoe
2950 2378 3014 2430 ad
3053 2377 3140 2431 Dei
3176 2377 3365 2431 Filium
3394 2376 3723 2444 pertineret,
3756 2374 3828 2429 εἰ·

2213 2468 2618 2523 aediﬁcationem
2657 2485 2937 2539 synagoga:
2980 2484 3097 2523 snte'
3142 2468 3311 2524 Judaei
3363 2467 3432 2523 de
3477 2468 3812 2523 Centurione

2216 2575 2421 2629 pagano
2451 2560 2757 2614 meruerint.
2802 2559 2911 2615 Nec
2946 2570 3118 2615 tamen
3162 2559 3495 2613 omnifariam
3534 2569 3589 2615 et
3630 2558 3825 2613 Lucas»

2217 2649 2320 2705 hoc
2346 2650 2563 2705 verbum
2592 2650 2831 2713 reticuit.
2867 2650 3315 2722 puloreeogitans
3344 2666 3412 2705 ne
3439 2650 3573 2705 forte
3614 2648 3829 2705 fuisset-

2217 2760 2400 2799 verum
2427 2761 2443 2798 :
2469 2744 2563 2799 sed
2590 2744 2762 2799 locum
2789 2754 2964 2799 tamen
2994 2753 3163 2799 mutat
3193 2744 3527 2814 applicatque
3563 2742 3617 2797 id
3645 2743 3815 2798 alteri

2217 2836 2425 2891 cuidam
2455 2851 2631 2891 antisse
2661 2836 2816 2906 longe
2850 2836 3113 2900 dissimili,
3156 2834 3206 2890 id
3237 2844 3339 2902 est,
3363 2835 3448 2889 ubi
3485 2834 3614 2889 dicit
3647 2833 3820 2890 Iesus

2218 2926 2286 2982 ad
2328 2927 2616 2997 discipulos
2658 2942 2817 2990 suos,
2847 2926 3139 2981 Contendite
3173 2927 3363 2979 intrare
3405 2942 3494 2994 per
3531 2935 3837 2995 angustum!

2219 3018 2399 3072 ostium
2429 3033 2449 3070 :
2487 3018 2633 3071 multi
2659 3018 2792 3071 enim
2830 3019 3021 3072 venient
3047 3028 3324 3088 quiet-entes
3363 3017 3585 3083 intrare,
3616 3025 3666 3068 et
3708 3031 3823 3070 non

2180 3176 2183 3177 ν
2221 3117 2473 3179 poterunt.
2497 3107 2626 3162 Cum
2643 3120 2811 3162 autem
2832 3109 3105 3173 intraverit,
3132 3107 3322 3177 inquit,
3351 3106 3746 3178 paterfamilias,
3769 3114 3839 3160 et!

2220 3201 2455 3256 clauserit
2470 3201 2690 3272 januam
2708 3240 2724 3266 ,
2755 3200 3000 3271 incipietis
3043 3199 3168 3270 foris
3196 3209 3330 3252 stare
3370 3207 3431 3253 ειν
3455 3197 3660 3269 pulsare
3683 3238 3701 3261 ,
3734 3196 3821 3250 di-

2221 3305 2385 3349 centes
2410 3310 2430 3349 :
2483 3293 2720 3357 Domine,
2771 3293 2912 3362 aperi
2960 3292 3123 3345 nobis.
3174 3290 3242 3344 Et
3288 3289 3596 3359 respondens
3636 3288 3816 3342 dicet:

2227 3385 2412 3442 Nescio
2436 3402 2541 3441 vos.
2584 3384 2723 3440 Tunc
2762 3384 3011 3454 incipietis
3050 3384 3215 3437 dicere
3238 3398 3259 3437 :
3301 3380 3727 3437 Manducacimus
3767 3387 3835 3433 er

2224 3479 2435 3533 bibimus
2460 3495 2629 3532 coram
2660 3488 2737 3543 te,
2764 3486 2811 3531 et
2840 3477 2891 3530 in
2919 3475 3101 3546 plateis
3125 3475 3309 3529 nostris
3337 3484 3385 3528 et
3413 3473 3689 3545 synagogis
3716 3472 3820 3527 do-

2224 3569 2393 3623 cuisti.
2446 3566 2512 3622 Et
2548 3568 2677 3621 dicet
2710 3567 2884 3621 vobis:
2917 3565 3101 3619 Nescio
3136 3565 3269 3619 unde
3310 3565 3465 3629 estis;
3510 3564 3761 3617 discedite
3789 3581 3844 3617 tr

2226 3677 2305 3715 me
2332 3676 2503 3714 omnes
2523 3700 2538 3725 ,
2569 3659 2787 3729 operarii
2816 3658 3112 3728 iniquitatis.
3146 3656 3229 3710 Ibi
3255 3657 3345 3710 erit
3365 3657 3514 3728 ﬂetus
3551 3665 3596 3708 et
3622 3656 3826 3708 stridor

2226 3752 2472 3817 dentium,
2502 3767 2617 3804 cum
2643 3749 2865 3803 videritis
2894 3749 3169 3813 Abraham,
3198 3758 3244 3801 et
3274 3747 3442 3813 Isaac,
3474 3757 3521 3800 et
3548 3745 3743 3810 Iacob,
3777 3755 3843 3799 et“

2226 3861 2396 3899 omnes
2428 3841 2715 3913 PrOpltetas
2732 3843 3038 3895 introeuntes
3066 3843 3119 3895 in
3143 3857 3352 3912 regnum
3380 3838 3503 3904 Dei,
3531 3854 3617 3892 vos
3643 3848 3843 3890 autem-

2228 3933 2413 4002 επρεὲιὶ
2458 3937 2641 4003 foras:
2685 3942 2730 3986 et
2782 3932 2977 3984 venient
3018 3931 3082 3983 ab
3131 3931 3320 3983 oriente
3364 3937 3412 3981 et
3462 3925 3730 3979 occidente
3778 3935 3846 3979 et:

2228 4034 2401 4078 austro
2428 4032 2475 4078 et
2499 4023 2754 4093 aquilone,
2775 4032 2821 4077 et
2846 4022 3130 4075 recnmbent
3149 4022 3202 4073 in
3227 4033 3380 4089 regno
3400 4016 3495 4071 Dei
3510 4016 3660 4087 (Luc.
3692 4032 3844 4081 xm,

2228 4114 2447 4185 24-29).
2473 4114 2587 4170 lioc
2621 4129 2751 4169 vero
2785 4113 2958 4182 ipsum
2987 4110 3387 4182 quidem,quia
3438 4108 3589 4163 multi
3632 4109 3834 4163 exclu-

2230 4207 2423 4261 dentur
2445 4221 2475 4258 a
2517 4219 2689 4275 regno
2709 4203 2840 4269 Dei,
2870 4202 2959 4273 qui
2989 4203 3187 4258 scilicet
3225 4215 3420 4255 nomen
3447 4199 3851 4253 tantummodo-

2231 4297 2425 4352 Christi
2455 4296 2811 4366 portaverint,
2839 4293 2934 4349 sed
2965 4308 3069 4347 non
3097 4292 3318 4348 fecerint
3345 4305 3506 4360 opera
3531 4289 3646 4358 ejus
3670 4330 3690 4355 ,
3727 4304 3836 4346 nec

2231 4390 2508 4446 Matthmus
2532 4387 2768 4444 scribere
2798 4384 3137 4456 praetermisit
3164 4382 3375 4454 (Matth.
3409 4398 3511 4448 vnn,
3546 4380 3680 4449 2i);
3731 4380 3839 4436 sed

2232 4481 2299 4536 de
2338 4479 2604 4535 Abraham
2650 4478 2775 4540 illic,
2816 4484 2872 4530 et
2916 4475 3098 4538 Isaac,
3142 4484 3194 4529 et
3236 4473 3403 4529 Jacob
3451 4472 3646 4526 nullam
3696 4471 3837 4525 facit

2233 4573 2807 4629 onminomentionem.
2829 4568 2955 4623 ltem
2983 4567 3051 4622 de
3072 4568 3399 4621 Centurione
3429 4576 3481 4619 et
3509 4578 3678 4634 puero
3709 4564 3838 4632 ejus

2233 4669 2391 4721 etiam
2446 4665 2616 4719 Lucas
2664 4662 2877 4731 quidem
2930 4659 3179 4730 scripsit;
3238 4658 3333 4712 sed
3383 4671 3533 4726 aeque
3584 4656 3705 4723 ipse
3766 4654 3841 4709 de

2235 4759 2500 4814 Abraham
2532 4757 2658 4822 illic,
2687 4766 2740 4810 et
2766 4754 2909 4809 Isaac
2930 4796 2943 4816 ,
2974 4762 3029 4809 et
3052 4752 3217 4807 Jaeob
3246 4750 3377 4805 nihil
3408 4748 3626 4802 omnino
3654 4755 3840 4801 testa-

2235 4863 2359 4907 tur:
2405 4861 2460 4904 ιιι
2498 4852 2620 4919 quia
2661 4847 2873 4902 ubinam
2905 4846 3102 4900 dictum
3134 4843 3203 4897 sit
3239 4851 3387 4898 certo
3429 4849 3677 4895 constare
3725 4855 3839 4894 non

2237 4944 2422 5013 possit,
2470 4941 2599 4995 nihil
2647 4938 2925 5009 prohibeat
2960 4937 3117 4991 etiam
3166 4950 3271 4989 non
3317 4933 3537 4989 credere
3580 4932 3712 5002 quia
3766 4932 3842 4987 sit

2235 5037 2455 5091 dictum.

2306 5123 2533 5180 CAPUT
2572 5120 2891 5177 [IL—Nec
2938 5117 3203 5173 immerito
3251 5130 3350 5171 nos
3400 5113 3466 5169 ad
3520 5112 3842 5183 hujusmodi

2238 5220 2539 5288 Scripturas
2592 5228 2697 5270 tam
2747 5214 3159 5267 inconsonantes
3205 5217 3260 5264 et
3307 5208 3501 5269 varias,
3553 5222 3841 5275 nunquam

2237 5329 2365 5368 sane
2390 5313 2504 5365 sine
2524 5309 2723 5378 judicio
2750 5320 2813 5359 ac
2838 5305 3042 5358 ratione
3063 5317 3221 5356 aures
3245 5301 3516 5355 atferimus
3539 5316 3552 5352 :
3581 5298 3679 5353 sed
3701 5314 3842 5356 con.

2240 5405 2554 5473 templantes
2581 5398 2781 5459 omnia,
2810 5406 2865 5451 ct
2890 5410 3012 5449 cum
3042 5394 3162 5448 aliis
3190 5393 3290 5447 alia
3316 5393 3673 5453 conferentes,
3707 5406 3846 5460 per-

2240 5493 2519 5564 pendtmns
2540 5498 2712 5543 utrum
2736 5502 2920 5540 eorum
2943 5483 3172 5555 quidque
3193 5500 3221 5535 τι
3238 5482 3451 5536 Christo
3469 5480 3574 5534 dici
3599 5482 3848 5550 potuerit

2244 5601 2429 5639 ιιιιιυιιο.
2451 5583 2605 5636 Multa
2627 5582 2768 5633 enim
2791 5598 2821 5633 ιι
2848 5576 3138 5647 majoribus
3154 5575 3345 5629 vestris
3365 5571 3592 5644 eloquiis
3615 5572 3847 5629 Domini

2309 5740 2322 5768 ¹
2360 5744 2490 5793 l.ov.,
2513 5734 2733 5797 quoniam
2778 5732 2888 5797 hinc
2922 5731 3134 5797 quidam.
3182 5736 3354 5797 Am._et
3382 5733 3478 5797 Er...
3512 5724 3742 5790 quoniam
3789 5734 3841 5779 nt

2247 5801 2455 5862 quidem.
2478 5788 2536 5848 Ἀί
2556 5806 2679 5859 ιι»,
2707 5788 3180 5861 quonium'quidcm;
3203 5793 3397 5855 omisso,
3418 5788 3548 5840 hinc.
