4052 6434
193 409 305 468 513

192 523 361 581 nostri
391 524 590 579 inserta
604 521 776 578 verba
802 528 927 577 sunt
951 561 966 585 ,
984 520 1354 591 qnm‘nomiue
1383 519 1586 588 signata
1613 518 1780 586 ipsius

189 636 309 680 cum
334 618 451 689 ejus
471 618 579 672 fide
601 632 705 670 non
729 623 1054 685 congruant:
1090 613 1381 682 praesertim
1434 611 1576 682 quia,
1597 622 1651 664 ut
1668 610 1776 678 jam

189 726 333 780 saepe
358 707 637 779 probatum
658 722 687 760 a
710 705 861 760 nobis
886 712 987 769 est,
1018 719 1116 759 nec
1141 703 1208 757 ab
1234 704 1348 772 ipso
1376 702 1488 756 hzec
1510 710 1650 763 sunt,
1682 715 1778 753 nec

190 804 254 856 ab
284 801 400 871 ejus
430 800 701 871 Apostolis
725 799 920 868 scripta
946 814 961 861 ;
992 797 1087 852 sed
1115 796 1281 850 multo
1308 808 1425 864 post
1463 810 1645 849 eorum
1687 808 1776 847 as-

190 893 548 962 sumptionem
576 906 607 944 a
638 890 817 945 nescio
840 888 1031 960 quibus
1049 896 1103 942 et
1130 887 1258 957 ipsis
1282 888 1421 941 inter
1444 900 1626 939 senon
1651 898 1776 938 cou-

183 978 536 1039 cordantibus
556 980 905 1038 semi-Judzcis
926 996 1020 1051 per
1045 980 1209 1033 famas
1233 979 1613 1048 opinionesque
1626 991 1773 1031 com-

190 1086 339 1147 perta
364 1085 526 1132 sunt:
573 1076 663 1147 qui
693 1084 871 1130 tamen
896 1074 1073 1128 omnia
1103 1072 1288 1128 eadem
1316 1072 1367 1126 in
1399 1069 1773 1141 Apostolorum

190 1167 399 1223 Domini
452 1168 790 1222 conferentes
835 1165 1069 1230 nomina,
1121 1164 1205 1219 vel
1244 1178 1429 1219 eorum
1470 1161 1560 1231 qui
1606 1159 1773 1215 secuti

188 1260 479 1330 Apostolos
498 1258 823 1325 viderentur,
847 1273 1058 1315 errores
1081 1273 1144 1314 ac
1169 1256 1441 1312 mendacia
1466 1270 1559 1308 sna
1587 1269 1778 1309 secun-

188 1350 311 1403 dum
349 1365 448 1405 eos
473 1366 537 1405 se
575 1350 852 1419 scripsisse
880 1348 1086 1405 mentiti
1126 1358 1265 1403 sunt.
1295 1347 1401 1403 Sed
1430 1347 1664 1402 videris:
1709 1346 1776 1402 de

180 1440 289 1495 hoc
314 1441 531 1496 interim
552 1483 568 1507 ,
585 1452 655 1495 ut
672 1441 898 1512 inquam
921 1483 936 1507 ,
961 1440 1193 1510 capitulo
1219 1448 1389 1495 tecum
1419 1455 1524 1493 non
1554 1436 1773 1492 nimium

189 1548 288 1601 ego
336 1532 741 1598 contenderim;
772 1547 893 1587 cum
918 1532 1047 1586 mihi
1074 1530 1200 1586 illud
1225 1531 1443 1585 sa‘tisad
1475 1530 1772 1599 prasidium

185 1623 253 1676 sit
275 1621 421 1692 quod
460 1633 586 1677 ante
610 1622 783 1691 posui,
824 1630 878 1675 et
914 1620 1053 1690 quod
1085 1635 1182 1675 nec
1212 1620 1339 1690 ipsis
1385 1620 1536 1674 vobis
1581 1633 1775 1689 negare

179 1712 329 1777 licet,
356 1722 485 1769 ante
513 1714 717 1768 Domini
743 1714 907 1769 nostri
929 1714 1211 1768 adventum
1238 1712 1567 1768 Patriarchas
1587 1727 1774 1767 omnes

188 1804 350 1860 lsrael
378 1813 436 1860 et
470 1805 764 1876 Prophetas
780 1805 1033 1859 tartareis
1065 1804 1116 1859 in
1157 1803 1388 1860 tenebris
1411 1804 1643 1874 iacuisse
1678 1819 1773 1872 pro

179 1896 396 1950 meritis
440 1896 554 1950 suis
578 1914 590 1949 :
618 1897 766 1951 unde
792 1897 834 1950 si
871 1911 1101 1967 unquam
1133 1895 1337 1950 liberati
1379 1910 1408 1948 a
1452 1895 1664 1949 Christo
1706 1895 1773 1950 ad

180 1985 368 2039 iumen
409 1985 615 2040 reducti
642 1994 784 2051 sunt,
826 1985 950 2055 quid
982 1986 1082 2040 hoc
1122 1984 1188 2039 ad
1214 1984 1395 2039 odium
1436 1987 1626 2039 attinet
1653 1984 1774 2039 vita:

185 2075 424 2145 ipsorum
446 2076 472 2129 ?
507 2075 728 2131 Odimus
760 2076 901 2131 enim
940 2091 1037 2130 nos
1060 2084 1117 2152 et
1154 2075 1456 2145 respuimus
1491 2090 1594 2130 non
1632 2074 1773 2145 quod

189 2167 424 2231 fuerunt,
455 2167 508 2221 id
535 2177 644 2233 est,
679 2167 946 2232 hmniucs,
976 2166 1069 2222 sed
1095 2166 1281 2237 quales
1302 2166 1539 2231 fuerunt,
1574 2166 1624 2220 id
1654 2176 1771 2233 est,

186 2259 389 2323 malos;
438 2272 539 2313 nec
584 2257 725 2328 quod
755 2273 893 2312 nunc
935 2266 1077 2322 sunt,
1120 2255 1171 2310 id
1209 2270 1309 2323 est,
1354 2267 1629 2326 purgatos,
1679 2258 1773 2312 sed

180 2349 328 2421 quod
356 2349 608 2415 fuerunt,
640 2349 691 2404 id
712 2358 794 2404 est
812 2389 827 2415 ,
857 2349 1094 2418 impuros
1117 2348 1420 2418 aliquando.
1450 2350 1526 2403 A'c
1556 2364 1647 2417 per
1668 2347 1775 2403 hoc

182 2440 341 2496 nobis
383 2441 623 2506 interim,
674 2449 956 2511 utcumque
1001 2454 1096 2495 vos
1142 2439 1194 2493 id
1243 2453 1362 2494 esse
1408 2437 1588 2505 vultis,
1643 2438 1772 2492 nihil

189 2535 365 2589 obstat
405 2534 694 2604 capitulum
738 2533 877 2589 hoc:
922 2549 1043 2588 cum
1074 2532 1187 2588 sive
1226 2542 1308 2587 est
1334 2547 1535 2596 verum,
1575 2530 1773 2586 ChriSti

183 2626 273 2680 hic
296 2626 574 2680 miseratio
602 2624 1004 2679 commendetur
1029 2632 1084 2679 et
1112 2623 1320 2678 bonitas
1345 2639 1360 2687 ;
1402 2623 1514 2678 sive
1537 2621 1728 2677 falsum
1753 2626 1770 2690 ',

188 2715 539 2785 scriptoribus
567 2716 681 2785 ejus
706 2715 907 2771 crimen
938 2715 1197 2770 inluereat
1220 2732 1232 2769 :
1266 2729 1363 2769 nos
1388 2714 1589 2769 ntrovis
1615 2712 1775 2768 modo

185 2806 238 2860 in
269 2815 385 2861 tuto
415 2822 623 2872 sumus,
650 2816 708 2862 ut
736 2822 966 2876 semper.

252 2899 485 2956 CAPUT
526 2900 612 2955 iV.
652 2931 721 2941 —
758 2904 1089 2956 Ληουεῖ-πως
1133 2900 1440 2970 respondit:
1488 2899 1774 2969 Quomodo

184 2990 238 3045 iu
265 2999 402 3054 tuto,
437 2992 635 3045 miser?
658 2992 935 3058 Quomodo
965 2991 1016 3045 in
1049 3002 1198 3057 tuto,
1230 2992 1317 3061 qui
1352 3003 1401 3047 te
1440 2991 1773 3047 Patriarchas

186 3083 364 3137 odisse
400 3082 537 3137 dicis
567 3084 801 3151 impuros
824 3123 840 3145 ,
868 3091 924 3137 et
955 3083 1123 3137 Deum
1148 3082 1322 3137 adhuc
1362 3083 1568 3153 plangis
1596 3083 1772 3152 impu-

191 3188 302 3227 rum
319 3176 345 3227 '!
370 3171 529 3229 Certe
555 3175 658 3229 illis
683 3175 1005 3232 Patriarchis
1033 3185 1152 3247 post
1169 3175 1772 3232 adventum'Salvatoris

191 3266 476 3334 pnestitam
499 3267 859 3338 purgationem
880 3276 934 3322 et
956 3266 1132 3321 datam
1153 3266 1359 3322 beatam
1383 3267 1623 3337 requiem
1643 3282 1775 3323 con-

187 3358 390 3413 cessisti
410 3376 426 3423 ;
443 3359 574 3413 deus
589 3370 766 3415 autem
786 3371 961 3415 vester
972 3369 1026 3415 et
1044 3367 1163 3431 post
1176 3361 1459 3414 adventum
1483 3361 1773 3415 Salvatoris

191 3449 358 3504 adhuc
375 3451 517 3518 jacet
533 3451 583 3504 iu
608 3450 856 3516 tenebris,
887 3451 1060 3505 adhuc
1082 3450 1290 3520 flagitiis
1315 3451 1561 3504 omnibus
1578 3451 1771 3521 mergi-

191 3547 292 3607 tur,
309 3540 484 3597 adhuc
501 3542 551 3596 in
570 3542 790 3611 impuris
807 3542 1053 3597 omnibus
1064 3543 1360 3597 volutatur:
1386 3541 1456 3596 ita
1477 3557 1581 3596 non
1598 3543 1770 3596 solum

190 3632 290 3687 vita
319 3633 532 3688 illorum
557 3634 830 3689 hominum
858 3635 1046 3689 melior
1073 3644 1187 3689 erat
1210 3634 1312 3689 deo
1339 3644 1518 3689 vestro
1540 3675 1555 3698 ,
1584 3650 1768 3688 verum

189 3726 344 3780 etiam
394 3740 540 3780 mors
586 3726 698 3794 ipsa
740 3726 962 3781 felicior.
994 3725 1050 3780 lu
1100 3726 1290 3795 quibus
1332 3735 1509 3779 autem
1555 3726 1769 3780 sedibus

189 3824 335 3871 erant
354 3816 524 3887 justi,
551 3817 639 3889 qui
668 3818 913 3873 exierant
940 3834 1003 3872 ex
1034 3818 1132 3873 hac
1157 3819 1257 3872 vita
1284 3817 1591 3887 priusquam
1616 3816 1770 3872 Chri-

191 3917 296 3962 stus
318 3909 369 3963 in
395 3925 557 3965 carne
584 3913 834 3979 venisset,
864 3923 916 3967 et
938 3922 1113 3969 utrum
1138 3916 1296 3971 etiam
1320 3917 1467 3986 ipsos
1485 3916 1551 3971 ad
1572 3915 1769 3985 aliquid

191 4002 377 4057 melius
400 4004 580 4073 passio
614 4005 805 4059 Christi
845 4007 1204 4075 transtulerit,
1234 4010 1321 4079 qui
1349 4009 1401 4063 in
1426 4025 1547 4064 eum
1579 4019 1770 4063 ventu-

190 4110 321 4162 rum,
352 4111 655 4166 passurum.
688 4111 1127 4168 resurrecturum,
1160 4116 1264 4156 non
1297 4111 1495 4156 tantum
1525 4101 1769 4157 credide-

190 4198 332 4253 rant,
363 4203 552 4243 vermn
580 4190 738 4245 etiam
770 4191 871 4245 hoc
900 4191 1069 4260 ipsum
1090 4233 1105 4257 ,
1137 4193 1275 4246 sicut
1298 4193 1610 4262 oportebat,
1644 4208 1769 4263 pro-

193 4278 397 4345 phetico
426 4279 615 4349 spiritu
643 4283 1150 4351 prmnuntiaverant,
1175 4284 1225 4339 in
1256 4284 1542 4357 Scripturis
1570 4285 1770 4339 sanctis

192 4371 540 4443 indagandum
570 4384 684 4439 est,
725 4376 768 4429 si
811 4391 917 4446 quo
956 4376 1114 4431 modo
1152 4376 1219 4431 ad
1250 4376 1504 4447 liquidum
1532 4376 1766 4447 indagari

192 4472 353 4530 potest
378 4481 394 4529 ;
428 4481 534 4519 non
558 4465 679 4519 hinc
700 4467 1028 4522 temeritates
1049 4465 1376 4537 opinantium
1401 4469 1767 4524 consectaudm

191 4556 542 4622 quorumlibet
564 4555 863 4623 hominum,
892 4558 1082 4613 nedum
1108 4568 1212 4612 tam
1235 4559 1576 4614 exsecrabilis
1598 4561 1769 4615 luere—

192 4645 259 4699 sis
279 4648 655 4717 perversitates
682 4649 699 4681 ¹
729 4650 887 4704 nimis
910 4649 1063 4720 longe
1086 4665 1114 4701 a
1142 4649 1362 4706 veritate
1384 4651 1763 4705 aberrantium.

193 4738 398 4795 Frustra
441 4743 544 4797 sibi
593 4758 721 4798 sane
766 4760 861 4814 per
896 4744 1032 4800 hanc
1072 4746 1433 4817 obliquitatem
1489 4748 1767 4817 pollicetur

193 4830 430 4899 Faustus,
458 4834 655 4905 aliquid
687 4844 805 4905 post
832 4837 968 4892 hanc
990 4838 1149 4891 vitam
1177 4839 1421 4908 cuiquam
1450 4855 1604 4909 posse
1631 4855 1766 4909 pra:-

192 4925 340 4989 stari,
373 4926 518 4996 quod
543 4927 642 4982 sibi
673 4927 1027 4998 praestandum
1058 4928 1109 4983 in
1138 4928 1238 4983 hac
1264 4930 1367 4984 vita
1394 4946 1501 4985 non
1542 4945 1762 5001 compa-

192 5018 396 5072 raverit.
425 5018 633 5074 Bonum
666 5027 749 5075 est
775 5021 925 5076 vobis
956 5030 1044 5087 ut,
1071 5020 1197 5075 dum
1229 5021 1315 5076 hic
1354 5022 1559 5084 vivitis,
1603 5022 1762 5077 istum

193 5106 492 5177 relinquatis
519 5125 785 5177 errorem,
811 5121 864 5165 et
899 5110 1173 5166 veritatem
1217 5110 1491 5167 catholicae
1519 5111 1637 5168 fidei
1665 5127 1760 5167 co-

190 5201 446 5264 gnoscatis
470 5210 629 5272 atque
670 5204 914 5259 teneatis.
951 5204 1198 5275 Alioquin
1232 5205 1387 5274 longe
1422 5205 1593 5260 aberit
1619 5207 1761 5277 quod

190 5288 285 5342 sibi
307 5292 578 5359 pollicetur
601 5293 844 5363 iujustus,
866 5310 985 5351 cum
1010 5295 1124 5350 fieri
1149 5296 1372 5366 cmperit
1399 5296 1540 5368 quod
1566 5297 1761 5368 injuste

192 5381 411 5437 minatus
440 5396 522 5439 est
545 5387 704 5442 Deus.
1768 5462 1771 5465 .

258 5471 475 5532 CAPUT
515 5477 763 5534 V.-—De
803 5479 908 5536 vita
943 5490 1120 5536 autem
1162 5481 1584 5539 Patriarcharum
1625 5481 1758 5555 jam,

189 5575 434 5633 quantum
462 5569 590 5624 satis
617 5570 903 5627 arbitratus
926 5589 1076 5640 sum,
1108 5574 1308 5629 homini
1344 5576 1605 5633 maledico
1652 5592 1758 5633 non

192 5673 349 5726 pauca
366 5663 608 5731 respondi
630 5682 643 5716 :
674 5665 866 5734 quibus
888 5682 989 5721 non
1013 5667 1192 5737 utique
1214 5669 1265 5722 in
1291 5680 1461 5727 morte
1480 5672 1755 5739 correctis,

255 5820 275 5852 ⁸
303 5825 365 5871 tta
388 5823 601 5874 nonnulll
622 5830 726 5875 uss.
756 5831 812 5877 Αι
832 5826 968 5887 editi,
999 5824 1325 5888 perversitate.

1322 402 1529 459 LIBER
1568 396 1977 457 TRICESISIUS
2012 401 2325 459 TERTIUS.

3357 412 3460 468 ΒΗ

1883 516 1965 571 vel
2010 527 2127 586 post
2168 518 2463 587 passionem
2513 532 2662 574 suam
2709 515 3040 586 justificatis,
3094 522 3451 582 testimonium

1883 607 2137 662 Dominus
2161 609 2491 679 perhibebat.
2541 627 2661 666 cum
2706 612 2919 667 Judaeos
2958 614 3288 679 admoneret,
3331 620 3460 672 utsi

1881 698 2108 753 A‘bralne
2141 700 2233 755 filii
2260 712 2471 768 essent,
2505 702 2640 759 facta
2673 705 2898 760 Abraha:
2926 706 3188 775 facerent;
3218 720 3272 764 ct
3317 712 3460 781 quod

1881 789 2019 845 idem
2059 791 2324 847 Abraham
2373 793 2610 863 ejusdem
2653 796 2792 851 diem
2837 798 3019 853 videre
3061 802 3462 870 concupiverit,

1870 883 2195 952 gavisusque
2221 884 2411 950 fuerit,
2444 902 2562 940 cum
2597 887 2815 943 vidisset
2847 888 3025 957 (Joan.
3054 907 3144 946 vtn
3169 933 3183 955 ,
3211 894 3300 958 59,
3332 894 3458 965 56);

1880 971 2096 1040 etquod
2125 973 2175 1026 in
2203 973 2319 1043 ejus
2345 974 2614 1037 sinum,id
2633 987 2742 1041 est,
2777 980 2957 1033 nescio
2987 981 3140 1050 cujus
3161 984 3353 1052 quietae
3378 984 3460 1039 fe-

1881 1062 2092 1118 licitatis
2130 1080 2379 1136 magnum
2418 1067 2761 1138 abditumque
2794 1081 3063 1127 secretum
3087 1114 3101 1134 .
3143 1075 3464 1131 abstulerint

1880 1155 2067 1226 Angeli
2105 1172 2392 1227 pauperem
2429 1158 2574 1213 illum
2616 1177 2974 1217 aerumnosum
3013 1180 3042 1217 a
3071 1166 3235 1222 divite
3275 1182 3465 1238 supcr-

1881 1245 2058 1301 biente
2101 1258 2463 1316 contemptum
2501 1249 2650 1321 (Luc.
2682 1267 2804 1317 ινι,
2839 1254 2960 1322 25).
3004 1256 3141 1323 Quid
3178 1257 3351 1313 dicam
3392 1259 3463 1314 de

1880 1338 2121 1406 apostolo
2145 1338 2350 1393 Paulo?
2375 1340 2455 1394 An
2487 1339 2621 1395 forte
2647 1350 2702 1396 et
2731 1342 2842 1412 ipse
2871 1354 2991 1413 post
3018 1357 3240 1403 mortem
3262 1349 3461 1419 justifi-

1879 1436 2055 1483 catum
2084 1428 2262 1483 laudat
2286 1429 2574 1495 Abraham,
2602 1432 2743 1502 quod
2777 1434 3078 1505 priusquam
3108 1438 3464 1495 circumcide-

1881 1528 2027 1573 retur
2047 1520 2273 1575 credidit
2301 1520 2410 1575 Deo
2433 1563 2448 1585 ,
2477 1530 2532 1576 et
2567 1521 2875 1592 deputatum
2905 1534 2987 1579 est
3013 1527 3085 1580 illi
3114 1529 3181 1582 ad
3203 1530 3461 1598 justitiam

1884 1608 2057 1678 (Rom.
2090 1626 2166 1673 tv,
2192 1610 2246 1679 5)
2276 1628 2290 1666 :
2316 1612 2458 1681 quod
2489 1614 2617 1667 tanti
2649 1615 2862 1684 pendit,
2891 1625 2952 1670 ut
2976 1633 3072 1671 nos
3102 1633 3204 1672 non
3225 1620 3294 1674 ob
3317 1621 3461 1677 aliud

1878 1700 2019 1754 dicat
2052 1701 2190 1756 filios
2209 1701 2327 1771 ejus
2352 1717 2473 1758 esse
2502 1704 2721 1759 effectos
2749 1707 2839 1776 qui
2858 1708 2974 1776 ejus
2999 1723 3159 1764 carne
3192 1715 3463 1782 propagati

1879 1807 1983 1845 non
2010 1805 2215 1855 sumus,
2241 1792 2342 1848 nisi
2366 1793 2507 1864 quod
2527 1796 2643 1864 ejus
2669 1795 2790 1851 fidei
2818 1798 3038 1868 vestigia
3060 1803 3391 1870 sequamur?

1950 1881 2174 1937 CAPUT
2215 1883 2300 1938 Vl.
2318 1914 2387 1923 —
2412 1884 2515 1939 Sed
2542 1885 2666 1955 quid
2690 1887 2842 1943 vobis
2867 1886 3058 1942 faciant
3078 1930 3091 1951 ,
3109 1904 3247 1961 quos
3270 1900 3461 1946 contra

1882 1972 2184 2027 testimonia
2211 1972 2607 2043 Scripturarum
2631 1976 2702 2030 ita
2727 1977 3086 2035 ohsurdefecit
3114 1981 3382 2051 iniquitas,
3406 1991 3468 2038 ut

1874 2062 2134 2133 quidquid
2163 2063 2445 2119 adversum
2482 2081 2576 2120 vos
2607 2066 2731 2122 inde
2777 2069 3041 2138 prolatqu
3091 2070 3253 2126 fuerit
3280 2114 3295 2135 .
3355 2089 3461 2128 non

1870 2168 2000 2209 esse
2028 2154 2227 2210 dictum
2279 2156 2348 2210 ab
2387 2158 2666 2227 Apostolo,
2694 2161 2786 2214 sed
2825 2178 2853 2213 a
2883 2163 3068 2217 nescio
3110 2179 3217 2233 quo
3250 2165 3464 2231 falsario

1872 2246 1979 2299 sub
2017 2246 2135 2315 ejus
2179 2247 2397 2302 nomine
2452 2248 2710 2319 scriptum
2760 2266 2883 2307 esse
2932 2253 3116 2309 dicere
3170 2254 3462 2311 audeatis?

1875 2336 2061 2407 Usque
2102 2337 2237 2393 adeo
2266 2354 2295 2391 a
2342 2338 2629 2394 christiana
2674 2340 2917 2397 doctrina
2948 2354 3130 2414 aperte
3172 2347 3343 2402 aliena
3374 2357 3460 2402 est

1879 2446 2036 2500 quam
2068 2430 2372 2500 prmdieatis
2398 2431 2638 2486 doctrina
2682 2433 3070 2491 dmmouiorum
3093 2477 3107 2500 ,
3142 2445 3199 2491 ut
3217 2452 3335 2492 eam
3361 2438 3462 2493 sub

1874 2521 2184 2577 christianze
2212 2521 2472 2577 doctrina:
2496 2524 2715 2579 nomine
2738 2522 3029 2580 defendere
3054 2527 3196 2581 nulla
3220 2544 3287 2583 ex
3311 2539 3463 2599 parte

1879 2613 2116 2683 possitis,
2145 2613 2244 2668 nisi
2273 2613 2462 2668 dicatis
2490 2614 2650 2669 falsas
2676 2629 2797 2669 esse
2845 2614 3149 2685 Scripturas
3176 2617 3463 2688 Apostolo-

1874 2719 2018 2758 rum.
2056 2702 2295 2758 lnfeliees
2322 2703 2521 2757 inimici
2560 2704 2754 2759 animae
2800 2717 2990 2761 vestra:
3014 2748 3028 2769 ,
3071 2723 3190 2778 qua:
3229 2725 3462 2781 unquam

1886 2794 2075 2849 littera:
2099 2794 2261 2848 ullum
2286 2793 2558 2849 habebunt
2591 2796 2798 2864 Mdus
2830 2800 3177 2864 auctoritatis,
3207 2801 3252 2854 si
3292 2817 3462 2855 evan-

1870 2887 2063 2957 gelica:
2084 2929 2099 2953 ,
2153 2888 2195 2940 si
2227 2888 2534 2956 apostolica:
2584 2904 2691 2942 non
2743 2887 3054 2943 habebunt?
3088 2890 3160 2945 De
3188 2907 3293 2962 quo
3324 2892 3462 2947 libro

1878 2990 2083 3035 certum
2111 2980 2213 3034 erit
2238 2979 2390 3049 cujus
2415 2980 2524 3047 sit,
2580 2981 2623 3034 si
2671 2981 2885 3037 Littera:
2921 2999 3054 3053 quas
3082 2986 3458 3055 Apostolorum

1878 3070 2006 3126 dicit
2036 3079 2092 3125 et
2121 3078 2267 3126 tenet
2293 3070 2535 3128 Ecclesia
2579 3070 2649 3126 ab
2702 3071 2830 3143 ipsis
2859 3074 3132 3143 Apostolis
3172 3090 3461 3148 pr0pagata

1878 3169 1933 3218 et
1948 3177 2046 3232 per
2071 3177 2258 3218 omnes
2280 3171 2469 3235 gentes
2494 3171 2636 3219 tanta
2653 3165 2942 3221 eminentia
2966 3167 3257 3233 declarata,
3282 3180 3460 3225 utrum

1878 3254 2255 3323 Apostolorum
2286 3255 2395 3309 sint
2438 3255 2698 3310 incertum
2728 3265 2844 3322 est;
2873 3267 2927 3312 et
2975 3258 3077 3313 hoc
3124 3260 3226 3314 erit
3255 3270 3462 3317 certum

1877 3344 2153 3415 scripsisse
2195 3346 2513 3415 Apostolus,
2563 3348 2705 3418 quod
2744 3349 2869 3404 huic
2926 3351 3177 3405 Ecclesia:
3206 3355 3462 3410 contrarii

1876 3436 2116 3493 haeretici
2149 3438 2427 3508 proferunt
2470 3450 2747 3495 auctorum
2774 3457 2991 3496 suorum
3019 3443 3322 3499 nominibus
3363 3460 3461 3516 ap-

1878 3529 2078 3598 pellati,
2110 3529 2265 3599 longe
2289 3539 2406 3598 post
2429 3530 2713 3599 Apostolus
2738 3531 3118 3587 existentium?
3141 3535 3300 3601 Quasi
3326 3551 3457 3590 vero

1875 3628 1930 3674 et
1952 3620 2002 3674 in
2032 3620 2226 3674 litteris
2255 3621 2598 3675 sazcularibus
2646 3636 2753 3676 non
2782 3622 2997 3679 fuerunt
3040 3627 3325 3681 certissimi
3360 3643 3458 3681 au-

1876 3720 2077 3773 ctores,
2104 3711 2202 3765 sub
2239 3726 2465 3780 quorum
2499 3711 2802 3768 nominibus
2834 3723 3014 3783 postea
3056 3716 3218 3769 multa
3252 3717 3454 3785 prolata

1877 3816 2032 3869 sunt,
2078 3814 2133 3861 et
2160 3805 2279 3861 ideo
2307 3806 2579 3874 repudiata
2603 3848 2618 3871 ,
2648 3806 2769 3876 quia
2807 3807 2892 3861 vel
2947 3808 3029 3862 his
3058 3826 3176 3879 qua:
3215 3810 3453 3879 ipsorum

1876 3916 1995 3954 esse
2023 3910 2291 3954 constaret
2316 3901 2535 3956 minimc
2564 3913 2925 3972 congruerunt
2952 3947 2967 3970 ,
3019 3906 3101 3960 vel
3129 3921 3194 3960 eo
3222 3916 3462 3977 tempore

1876 4009 1980 4062 quo
2011 3993 2086 4046 illi
2117 3993 2451 4061 scripserint,
2508 4009 2838 4064 nequaquam
2883 3994 3219 4051 innotescere
3243 4039 3257 4063 ,
3286 4007 3341 4053 et
3363 4015 3462 4070 per

1876 4085 2020 4154 ipsos
2047 4086 2128 4140 vel
2178 4084 2622 4141 familiarissimos
2671 4102 2861 4142 eorum
2912 4088 2962 4142 in
3014 4097 3259 4157 posteros
3308 4091 3461 4161 prodi

1874 4176 2342 4247 commendarique
2366 4186 2695 4231 meruerunt.
2720 4176 2927 4242 Nonne,
2960 4189 3018 4232 ut
3036 4179 3169 4234 alios
3192 4183 3457 4249 omittam,

1876 4268 1976 4322 sub
2028 4268 2363 4338 Hippocratis
2413 4268 2605 4323 medici
2655 4268 2972 4324 nobilissimi
3002 4260 3217 4327 nomine
3243 4273 3459 4342 quidam

1875 4362 1996 4417 libri
2030 4362 2216 4431 prolati
2241 4402 2256 4421 .
2290 4362 2341 4416 in
2366 4362 2733 4416 auctoritatem
2784 4377 2812 4415 a
2855 4362 3078 4418 medicis
3101 4378 3209 4418 non
3258 4368 3459 4435 recepti

1874 4453 2033 4506 sunt?
2060 4452 2165 4506 Nec
2194 4467 2287 4508 eos
2314 4452 2515 4522 adjuvit
2542 4452 2795 4507 nonnulla
2826 4436 3318 4511 similitudo'rerum
3369 4468 3456 4511 at-

1872 4559 1976 4613 que
1999 4543 2314 4605 verborum;
2343 4541 2556 4611 quando
2584 4544 2875 4613 comparati
2908 4544 2987 4599 eis
3014 4560 3148 4613 quos
3172 4561 3295 4600 vere
3324 4547 3455 4615 Hip-

1872 4636 2102 4707 pocratis
2122 4649 2242 4690 esse
2258 4644 2548 4702 constaret,
2572 4635 2801 4704 impares
2820 4635 3040 4705 judicati
3060 4645 3216 4701 sunt;
3240 4648 3293 4693 et
3313 4639 3454 4709 quod

1870 4728 1939 4782 ab
1960 4742 2026 4781 eo
2054 4737 2309 4795 tempore,
2342 4741 2447 4795 quo
2467 4736 2518 4779 et
2548 4735 2740 4782 caetera
2783 4728 2976 4798 scripta
2998 4730 3134 4798 ejus,
3162 4745 3268 4784 non
3298 4731 3455 4785 inno-

1872 4826 2084 4872 tuerunt
2106 4817 2246 4888 quod
2273 4833 2400 4872 vere
2436 4818 2551 4885 ejus
2578 4826 2776 4874 essent.
2803 4819 2910 4875 Hos
2929 4829 3105 4875 autem
3131 4821 3314 4883 libros,
3337 4822 3455 4890 qui-

1871 4911 1970 4965 bus
1995 4911 2068 4964 illi
2098 4910 2185 4980 qui
2216 4909 2283 4963 de
2337 4919 2641 4965 transverso
2670 4911 3012 4982 proferuntur
3034 4913 3324 4982 comparati
3358 4929 3447 4968 re-

1869 4997 2187 5070 spuuntur,'
2215 5001 2354 5055 unde
2404 5010 2614 5056 constat
2650 5018 2773 5058 esse
2815 5002 3148 5073 Hippocratis
3173 5045 3188 5067 ,
3238 5004 3379 5058 unde
3407 5006 3451 5059 si

1869 5092 1988 5159 quis
2016 5091 2117 5146 hoc
2141 5101 2317 5160 neget,
2350 5106 2449 5146 nec
2474 5093 2662 5147 saltem
2688 5092 2964 5156 refellitur,
2991 5093 3084 5147 sed
3110 5092 3331 5156 ridetur,
3351 5094 3450 5147 nisi

1867 5182 1988 5252 quia
2010 5183 2088 5236 sic
2110 5196 2203 5236 eos
2224 5182 2292 5236 ab
2312 5182 2427 5252 ipso
2454 5182 2788 5254 Hippocratis
2811 5192 3050 5251 tempore
3068 5197 3232 5253 usque
3249 5184 3315 5238 ad
3348 5184 3450 5245 hoc

1869 5283 2078 5345 tempus
2097 5283 2151 5329 ct
2185 5274 2438 5345 deinceps
2458 5275 2811 5330 successionis
2833 5274 2998 5330 series
3018 5276 3411 5333 commendavit
3430 5320 3448 5346 ,

1868 5375 1926 5421 ut
1965 5367 2086 5420 hinc
2110 5365 2352 5421 dubitare
2378 5366 2643 5421 dementis
2668 5365 2778 5420 sit?
2809 5365 3065 5427 Platonis,
3092 5366 3397 5424 Aristotelis
3426 5411 3443 5437 ,

1866 5457 2137 5510 Ciceronis
2163 5498 2178 5521 ,
2202 5454 2478 5519 Varronis,
2511 5456 2844 5525 aliorumque
2870 5455 3131 5524 ejusmodi
3164 5472 3444 5515 auctorum

1866 5546 2211 5607 libros,unde
2241 5557 2502 5599 noverunt
2523 5545 2762 5597 homines
2777 5544 2918 5613 quod
2950 5546 3183 5615 ipsorum
3203 5551 3328 5610 sint,
3349 5551 3449 5605 nisi

1866 5635 2051 5693 eadem
2074 5648 2370 5704 temporum
2394 5635 2608 5689 sibimet
2637 5634 3033 5690 succedentium
3064 5641 3449 5694 contestatione

1865 5727 2153 5783 continua?
2179 5726 2326 5781 Multi
2358 5727 2521 5780 multa
2565 5725 2631 5781 de
2658 5725 2848 5781 litteris
2896 5729 3272 5784 ecclesiasticis
3322 5747 3451 5784 con-

1871 5821 2230 5893 scripserunt,
2278 5834 2382 5874 nou
2415 5818 2626 5889 quidem
2656 5822 2973 5876 auctoritate
3019 5823 3270 5875 cammica
3297 5863 3311 5883 .
3354 5820 3446 5875 sed
