4028 6410
649 381 755 438 615

649 495 826 564 aliquo
853 489 1136 559 adjuvandi
1161 487 1337 542 studio
1376 487 1487 538 sive
1532 481 1789 538 discendi.
1819 480 1971 536 Unde
2012 487 2220 532 constat

649 585 776 655 quid
818 583 968 652 cujus
1007 581 1108 646 sit,
1146 580 1245 632 nisi
1285 577 1406 646 quia
1457 575 1540 628 his
1566 572 1891 641 temporibus
1937 571 2126 640 quibus
2161 585 2223 620 ea

651 675 877 746 quisque
905 671 1134 741 scripsit,
1162 668 1352 738 quibus
1401 663 1568 734 potuit
1611 662 1898 716 insinuavit
1921 670 2078 730 atque
2105 659 2221 712 edi-

654 767 754 832 dit,
781 777 834 820 et
858 765 981 819 inde
1011 765 1061 818 in
1089 762 1222 816 alios
1248 769 1404 828 atque
1428 758 1560 810 alios
1591 757 1896 809 continuata
1935 753 2118 807 notitia
2148 753 2224 804 la-

657 860 870 927 tiusque
896 857 1100 909 firmata
1144 851 1210 905 ad
1257 861 1500 921 posteros
1521 891 1536 916 ,
1564 849 1724 904 etiam
1759 859 1926 916 usque
1951 845 2017 899 ad
2045 853 2224 898 nostra

657 961 894 1017 tempora
917 952 1308 1017 pervenerunt;
1333 943 1401 996 ita
1424 952 1480 996 ttt
1498 940 1804 1009 interrogati
1829 939 1980 1007 cujus
2005 939 2227 1007 quisque

654 1039 788 1092 liber
814 1038 900 1100 sit,
935 1051 1037 1089 non
1070 1034 1376 1092 hazsitemus
1396 1032 1521 1102 quid
1548 1029 1872 1100 respondere
1896 1027 2226 1084 debeamus?

650 1129 754 1184 Sed
776 1128 898 1198 quid
931 1142 1144 1198 pergam
1167 1127 1218 1180 in
1247 1127 1400 1195 longe
1422 1124 1684 1194 pratterita
1708 1122 1732 1174 ?
1773 1123 1908 1176 Ecce
1938 1122 2062 1175 istas
2092 1121 2228 1172 litte-

651 1236 740 1275 ras
767 1236 899 1290 quas
933 1207 1188 1277 habemus
1235 1220 1287 1281 in
1346 1215 1615 1277 manilms,
1654 1214 1699 1268 si
1741 1221 1860 1282 post
1904 1212 2226 1280 aliquantum

650 1318 862 1379 tempus
889 1309 1008 1362 vita:
1048 1307 1205 1375 hujus
1230 1316 1447 1371 nostra},
1477 1305 1563 1358 vel
1593 1304 1710 1357 illas
1739 1303 2018 1371 quisquam
2047 1300 2224 1355 Fausti

652 1416 792 1467 esse,
821 1403 903 1456 vel
934 1400 1030 1454 has
1057 1407 1210 1468 neget
1230 1412 1349 1452 esse
1376 1410 1520 1450 meas
1541 1411 1556 1458 ;
1581 1395 1720 1450 unde
1744 1393 2101 1457 convincitur,
2126 1392 2224 1445 nisi

650 1493 774 1562 quia
822 1492 898 1546 illi
939 1491 1028 1560 qui
1059 1504 1198 1544 nunc
1228 1489 1327 1542 ista
1371 1489 1630 1542 noverunt
1659 1526 1675 1549 ,
1715 1485 1954 1538 notitiam
1984 1497 2132 1537 suam
2161 1481 2228 1534 ad

656 1582 814 1650 longe
836 1581 997 1638 etiam
1021 1587 1143 1649 post
1167 1577 1371 1631 futuros
1399 1575 1716 1630 continuatis
1748 1582 2077 1644 posterorum
2108 1585 2229 1626 suc-

651 1672 984 1728 cessiouibus
1012 1670 1314 1739 trajiciunt?
1342 1669 1472 1735 Qua:
1512 1683 1632 1721 cum
1665 1666 1734 1719 ita
1775 1666 1902 1730 sint,
1937 1664 2056 1734 quis
2104 1673 2223 1717 tan-

651 1762 772 1817 dem
795 1772 940 1816 tanto
966 1761 1146 1815 furore
1172 1768 1421 1823 caecatur,
1456 1757 1556 1812 nisi
1579 1757 1965 1811 daemoniorum
1999 1754 2222 1809 menda-

648 1854 985 1924 ciloquorum
1014 1852 1226 1906 malitia:
1259 1859 1416 1920 atque
1443 1850 1661 1903 fallaciae
1689 1847 2074 1902 consentiendo
2098 1847 2226 1900 sub-

653 1957 838 1998 versus
863 1943 950 2007 sit,
977 1944 1066 2012 qui
1088 1941 1230 1996 dicat
1254 1940 1354 1994 hoc
1381 1939 1571 1998 mereri
1599 1953 1703 1992 non
1735 1938 1966 2006 potuisse
1995 1937 2226 2004 Aposto-

654 2032 829 2101 lorum
861 2031 1173 2098 Eccleslam,
1201 2040 1302 2084 tam
1326 2030 1501 2094 fidam,
1523 2039 1626 2084 tam
1650 2044 1985 2083 numerosam
2008 2027 2225 2082 fratrum

651 2124 1008 2188 concordiam,
1041 2133 1096 2178 ut
1135 2140 1320 2186 eorum
1365 2123 1562 2192 scripta
1611 2123 1836 2178 fideliter
1874 2123 1939 2176 ad
1987 2133 2226 2191 posteros

651 2214 974 2282 trajicereut,
997 2229 1116 2268 cum
1147 2230 1326 2267 eorum
1349 2213 1628 2266 cathedras
1655 2228 1818 2281 usque
1844 2213 1908 2265 ad
1941 2222 2225 2281 prmsentes

649 2304 927 2373 episcopos
941 2306 1234 2359 certissima
1260 2305 1594 2362 successione
1611 2304 1957 2366 servaverint,
1984 2320 2102 2357 cum
2127 2303 2226 2357 huc

647 2393 1109 2464 qualiumcumque
1132 2394 1402 2447 hominum
1435 2394 1676 2462 scriptis,
1705 2393 1816 2448 sive
1845 2402 1991 2447 extra
2035 2393 2221 2447 Eccle-

648 2484 780 2537 siam
803 2525 820 2556 ,
865 2485 975 2540 sive
1003 2484 1057 2538 in
1104 2485 1217 2554 ipsa
1247 2484 1485 2540 Ecclesia
1513 2525 1528 2550 ,
1563 2492 1708 2538 tanta
1740 2483 1992 2537 facilitate
2036 2499 2223 2552 prove-

648 2575 797 2630 niat?

717 2666 944 2722 CAPUT
976 2666 1266 2722 Vll.——Sed
1285 2666 1569 2732 c’ontraria,
1586 2666 1772 2736 inquit,
1793 2666 1932 2720 inter
1951 2681 2009 2721 sc
2029 2668 2220 2735 scripta

648 2774 834 2813 eorum
864 2759 1218 2826 reperiuntur.
1244 2757 1452 2827 Maligni
1478 2758 1616 2812 malo
1637 2756 1812 2810 studio
1842 2758 2034 2826 legitis,
2075 2757 2221 2811 stulti

650 2863 755 2902 non
783 2848 1092 2916 intelligitis,
1124 2849 1248 2902 caeci
1273 2865 1376 2901 non
1417 2848 1624 2902 videtis.
1645 2848 1780 2914 Quid
1801 2849 1942 2901 enim
1972 2863 2218 2916 magnum

649 2946 766 2992 erat
793 2937 890 2990 ista
919 2937 1200 3005 diligenter
1243 2937 1538 3006 inSpicerc,
1571 2946 1618 2990 et
1650 2936 1959 2992 corumdem
1990 2938 2219 3004 scripto-

652 3042 770 3080 rum
799 3041 1043 3095 magnam
1064 3035 1117 3078 et
1143 3027 1407 3079 salubrem
1438 3027 1674 3078 invenire
1704 3025 2104 3094 congruentiam
2131 3066 2142 3085 ,
2172 3026 2218 3077 si

649 3131 747 3170 vos
777 3117 1048 3170 contentio
1101 3132 1204 3168 non
1261 3126 1606 3184 perverteret,
1648 3127 1697 3175 et
1729 3117 1772 3170 si
1807 3117 1972 3184 pietas
1997 3116 2218 3184 adjuva-

648 3206 766 3260 ret?
793 3205 924 3273 Quis
966 3206 1107 3258 enim
1141 3222 1367 3275 unquam
1423 3206 1556 3260 duos
1607 3205 1886 3259 historicos
1931 3206 2111 3276 legens
2150 3207 2218 3260 de

646 3313 750 3352 una
781 3313 839 3351 re
881 3297 1171 3352 scribentes
1192 3340 1204 3360 ,
1231 3308 1511 3367 utrumque
1556 3299 1638 3351 vel
1669 3299 1975 3353 utrumlibet
2022 3313 2206 3351 eorum

646 3397 738 3442 aut
765 3388 946 3443 fallere
994 3398 1087 3442 aut
1125 3389 1230 3443 falli
1268 3390 1554 3442 arbitratus
1611 3399 1688 3442 est
1717 3429 1731 3451 ,
1763 3389 1805 3441 si
1847 3404 1984 3443 unus
2029 3403 2212 3442 eorum

645 3480 782 3534 dixit
817 3481 956 3549 quod
1001 3482 1134 3535 alius
1184 3481 1562 3550 prmtermisit;
1611 3491 1702 3533 aut
1738 3481 1780 3534 si
1836 3482 1970 3534 alter
2018 3481 2215 3549 aliquid

642 3571 856 3626 brevius
885 3572 1193 3640 complexus
1227 3583 1344 3637 est,
1388 3572 1630 3626 eamdem
1678 3581 1852 3625 tamen
1892 3575 2211 3625 sententiam

642 3662 839 3715 salvam
884 3662 1245 3731 integramque
1283 3662 1590 3716 custodiens
1618 3704 1632 3727 ,
1675 3663 1810 3716 alter
1865 3673 2043 3716 autem
2099 3673 2214 3716 tan-

642 3767 799 3818 quam
831 3752 1162 3804 membratim
1187 3762 1374 3804 cuncta
1404 3753 1637 3820 digessit,
1673 3761 1727 3804 ιιι
1757 3768 1860 3804 ltuit
1887 3753 2057 3803 solum
2085 3753 2209 3822 quid

643 3844 834 3894 factum
859 3844 942 3902 sit,
974 3857 1153 3894 verum
1205 3843 1362 3895 etiam
1392 3842 1830 3910 quemadmodum
1880 3843 2070 3896 factum
2103 3845 2169 3897 sit
2193 3883 2209 3908 ,

642 3930 948 3983 intimaret?
977 3932 1124 3983 Sicut
1161 3932 1384 3984 Faustus
1416 3934 1536 3984 hinc
1571 3933 1974 4000 Evangeliorum
2004 3934 2208 3987 veritati

641 4019 806 4072 voluit
837 4019 1144 4073 calumniari
1174 4062 1188 4083 ,
1222 4022 1341 4089 quia
1380 4021 1653 4073 Matthqu
1673 4023 1866 4091 aliquid
1894 4023 2045 4088 dixit,
2069 4024 2209 4092 quod

641 4106 831 4173 Lucas,
855 4122 974 4160 cum
1000 4108 1138 4161 idem
1170 4118 1429 4174 narraret,
1453 4111 1630 4163 dicere
1662 4113 1997 4178 prtctcrmisit
2023 4131 2036 4165 :
2061 4113 2206 4181 quasi

641 4199 909 4268 negaverit
941 4198 1108 4250 Lucas
1133 4199 1330 4251 dixisse
1354 4199 1645 4261 Christum,
1674 4203 1813 4269 quod
1846 4219 1965 4255 eum
1997 4205 2211 4273 scripsit

637 4289 836 4340 dixisse
863 4287 1155 4340 Matth-.eus.
1188 4287 1318 4341 Hinc
1340 4289 1556 4341 omnino
1577 4289 1715 4340 nulla
1741 4306 1965 4358 unquam
1986 4295 2209 4361 quaestio

637 4380 734 4432 fuit
755 4419 769 4441 ,
823 4395 992 4446 neque
1025 4378 1123 4432 hoc
1169 4378 1347 4447 objici,
1397 4379 1497 4431 nisi
1528 4379 1593 4432 ab
1619 4381 1836 4432 omnino
1864 4381 2210 4450 imprudenti-

635 4471 731 4525 bus
761 4481 812 4525 et
844 4471 970 4523 nihil
1004 4470 1186 4523 harum
1216 4488 1392 4524 rerum
1421 4471 1763 4527 considerare
1790 4475 2089 4528 volentibus
2112 4492 2206 4531 seu

632 4565 961 4630 valentibus,
994 4575 1184 4634 potest.
1218 4565 1345 4619 Illud
1377 4581 1505 4620 sane
1530 4573 1586 4621 ct
1611 4567 1802 4635 requiri
1836 4569 1973 4622 inter
2001 4568 2203 4637 lideles,

630 4664 684 4707 et
716 4655 870 4724 objici
903 4656 969 4708 ab
1015 4656 1310 4710 inﬁdelibus
1339 4659 1492 4718 solet,
1522 4659 1614 4711 sed
1647 4660 1804 4711 etiam
1835 4661 1959 4726 ipsis
1987 4662 2066 4711 vel
2111 4677 2205 4729 pa-

634 4761 748 4798 rum
776 4746 1032 4809 eruditis,
1061 4747 1145 4800 vel
1193 4748 1348 4803 nimis
1389 4751 1737 4803 contentiosls
1793 4751 1891 4803 nisi
1948 4751 2205 4806 admoniti

633 4839 970 4905 resipucrinl,
1027 4839 1164 4907 quod
1197 4839 1469 4893 Matthmus
1506 4841 1673 4905 dixit,
1719 4842 1936 4896 Accessit
1978 4845 2046 4897 ad
2093 4863 2205 4899 eum

634 4926 892 4992 Centurio,
922 4944 1104 4999 rogans
1125 4945 1238 4982 eum
1265 4970 1278 4991 ,
1329 4939 1375 4982 et
1413 4929 1582 4983 dicens
1605 4946 1624 4994 ,°
1651 4931 1818 4986 Lucas
1843 4942 2019 4987 autem
2064 4937 2202 5004 quod

634 5017 840 5070 miserit
868 5018 933 5070 ad
964 5033 1084 5072 eum
1123 5021 1365 5075 seniores
1394 5019 1698 5076 Judrcorutn
1724 5065 1739 5088 ,
1772 5024 1869 5078 hoc
1908 5026 2077 5095 ipsmn
2115 5044 2202 5082 ro-

629 5116 816 5176 gantes
842 5108 908 5163 de
938 5125 1102 5177 puero
1130 5109 1246 5179 ejus
1270 5110 1356 5180 qui
1383 5113 1698 5182 mgrotabat,
1726 5123 1781 5167 ut
1808 5131 1926 5169 eum
1955 5129 2200 5183 sanaret;

627 5207 682 5250 et
715 5213 833 5252 cum
863 5201 1314 5269 appropinquaret
1344 5201 1546 5266 domui,
1573 5203 1774 5257 miserit
1804 5205 1938 5260 alios
1958 5223 2053 5277 per
2072 5223 2204 5278 quos

630 5287 853 5356 diceret,
879 5306 983 5343 non
1013 5307 1132 5346 esse
1162 5307 1219 5346 se
1246 5291 1460 5361 dignum
1490 5296 1540 5347 in
1561 5295 1710 5362 cujus
1736 5295 1952 5351 domum
1984 5300 2204 5355 intraret

634 5376 786 5431 Iesus
813 5420 827 5442 ,
879 5395 978 5434 nec
1023 5395 1080 5434 se
1124 5381 1293 5450 ipsum
1325 5382 1538 5452 dignum
1569 5393 1623 5437 ut
1661 5386 1864 5440 veniret
1906 5387 1974 5440 ad
1999 5388 2198 5443 Jesum.

631 5466 909 5532 Quomodo
939 5485 1063 5539 ergo
1090 5472 1378 5526 secundum
1411 5472 1734 5541 Matthmum,
1774 5478 1981 5530 accessit
2001 5479 2068 5531 ad
2089 5495 2201 5533 eum

631 5573 836 5624 roqaus,
861 5567 903 5610 et
925 5560 1091 5613 dicens
1112 5603 1125 5624 ,
1163 5561 1298 5615 Puer
1319 5580 1453 5616 meus
1467 5564 1604 5634 jacet
1624 5565 1675 5617 in
1697 5565 1843 5618 domo
1869 5569 2197 5637 paralyticus,

630 5659 678 5702 ct
718 5651 848 5701 utale
870 5660 1125 5719 torquetur
1156 5652 1366 5723 (Matth.
1393 5654 1446 5720 8,
1472 5655 1620 5720 5—13,
1646 5667 1694 5710 et
1723 5655 1845 5710 Luc.
1886 5674 1976 5721 vn,
2002 5660 2153 5730 2-10)
2177 5663 2200 5715 ?

631 5743 741 5797 lloc
765 5758 891 5814 ergo
923 5743 1247 5815 intelligitur,
1282 5747 1583 5804 Matthmum
1614 5750 1846 5807 breviter
1879 5751 2196 5809 sententiam

1036 373 1310 430 CONTRA
1349 369 1588 427 FAUS’I‘.
1632 368 1930 429 MANICII.,
1971 369 2029 422 S.
2072 363 2433 420 AUGUSTI‘NI
2471 366 2668 422 LIBER
2710 369 3120 432 TRIGESNUS
3159 371 3466 429 TERTIUS.

3773 384 3861 442 516

2335 479 2499 548 ipsam
2551 497 2729 535 veram
2760 485 3172 555 ‘integramque
3219 487 3590 556 complexum,
3634 490 3862 553 dicentem

2332 570 2472 638 quod
2503 573 2743 626 centurio
2789 575 3075 628 accesserit
3117 576 3184 629 ad
3213 575 3394 631 Jcsum
3422 619 3437 641 ,
3471 588 3524 631 et
3575 595 3671 634 non
3703 584 3860 640 dicen-

2338 666 2440 710 tem
2497 670 2669 712 utrum
2721 659 2828 729 per'
2859 677 2918 717 se
2973 663 3142 732 ipsum
3171 668 3474 731 accesserit,
3503 683 3566 720 an
3599 686 3684 737 per
3710 674 3822 730 alios
3848 694 3858 730 :

2335 759 2382 803 et
2413 751 2552 819 quod
2581 753 2627 806 ei
2658 753 2724 807 de
2751 769 2917 822 puero
2939 771 3035 809 suo
3063 757 3188 811 illud
3213 758 3425 825 dixerit,
3461 776 3564 815 non
3603 766 3864 832 exprimen-

2337 849 2440 894 tem
2465 851 2638 896 utrum
2664 859 2756 911 per
2779 860 2838 899 se
2868 846 3037 914 ipsum
3069 848 3299 914 dixerit,
3332 867 3400 906 an
3442 869 3538 922 per
3583 855 3722 910 alios.
3752 859 3866 927 Quid

2335 933 2474 985 eaim
2496 933 2520 985 ?
2545 949 2720 989 nonne
2747 936 2939 992 talibus
2975 939 3328 995 locutionibus
3377 944 3604 998 humana
3634 947 3774 1014 plena
3797 961 3866 1004 est

2332 1025 2679 1091 consuetudo,
2702 1041 2822 1080 cum
2847 1027 3074 1084 dicimus
3097 1031 3326 1101 aliquem
3364 1035 3430 1086 ad
3457 1035 3652 1104 aliquid
3678 1041 3866 1096 multum

2333 1115 2642 1180 accessisse,
2672 1119 2831 1172 etiam
2861 1135 3017 1190 quem
3046 1124 3278 1177 nondum
3305 1123 3532 1179 dicimus
3564 1132 3867 1194 pervenisse?

2333 1205 2520 1260 Nonne
2548 1216 2601 1261 et
2631 1208 2794 1276 ipsam
2837 1214 3256 1278 perventionem,
3283 1217 3365 1269 cui
3385 1219 3533 1282 quasi
3563 1219 3757 1273 videtur
3784 1239 3868 1276 non

2332 1311 2450 1351 esse
2476 1297 2616 1366 quod
2643 1298 2766 1352 addi
2792 1300 2899 1368 jant
2932 1304 3118 1370 possit,
3148 1305 3305 1357 etiam
3335 1321 3428 1372 per
3447 1307 3583 1360 alios
3604 1310 3706 1362 fieri
3732 1312 3869 1364 usita-

2335 1387 2536 1442 tissime
2566 1388 2852 1458 loquimur,
2908 1406 3049 1460 sape
3095 1393 3357 1460 dicendo,
3388 1395 3507 1464 Egit
3553 1397 3641 1452 ille
3687 1415 3870 1454 causam

2333 1491 2504 1544 suam,
2530 1479 2767 1546 pervenit
2793 1480 2858 1534 ad
2898 1481 3134 1552 judicem
3159 1500 3175 1550 ;
3203 1495 3294 1538 aut
3317 1525 3330 1548 ,
3383 1487 3630 1542 l’ervenit
3664 1490 3724 1543 ad
3751 1491 3871 1550 illum

2332 1569 2414 1622 vel
2451 1569 2597 1623 illum
2651 1579 2921 1639 potentem
2953 1590 2966 1626 :
2998 1589 3117 1628 cum
3156 1575 3469 1647 plerumque
3526 1579 3580 1633 id
3615 1579 3758 1635 faciat
3797 1600 3872 1652 per

2331 1662 2552 1726 amicos,
2583 1677 2688 1716 non
2721 1665 2833 1718 viso
2852 1680 2917 1720 eo
2946 1681 3164 1736 prorsus
3184 1669 3252 1723 ad
3275 1686 3431 1738 quem
3460 1673 3682 1743 quisque
3702 1676 3869 1731 dicitur

2332 1755 2679 1822 pervenisse?
2709 1754 2860 1811 Unde
2899 1759 3057 1811 etiam
3109 1760 3237 1813 tales
3289 1761 3553 1826 homines,
3584 1766 3870 1834 quicumque

2330 1843 2395 1898 ad
2423 1845 2718 1913 potentium
2751 1847 2977 1914 quodam
3019 1850 3176 1902 modo
3233 1852 3628 1910 inaccessibiles
3660 1857 3871 1921 animos,

2329 1936 2442 1990 sive
2470 1953 2565 2007 per
2589 1954 2646 1993 se
2687 1939 2856 2009 ipsos,
2884 1943 2995 1994 sive
3031 1958 3125 2012 per
3149 1943 3282 2000 alios
3307 1946 3614 2002 ambitionis
3639 1961 3747 2005 arte
3767 1967 3873 2019 per-

2333 2027 2557 2097 tingunt,
2577 2029 2686 2094 jam
2715 2031 2875 2084 etiam
2907 2034 3064 2102 vulgo
3087 2034 3435 2091 I’erventores
3456 2051 3730 2096 vocantur.
3755 2043 3871 2109 Quid

2329 2119 2494 2188 ergo?
2518 2136 2636 2172 cum
2675 2122 2896 2190 legimus
2917 2165 2932 2188 ,
2961 2125 3320 2182 obliviscimur
3342 2132 3780 2198 quemadmodum
3811 2137 3876 2188 lo-

2330 2208 2418 2275 qui
2466 2209 2769 2288 soleamns?
2807 2213 2887 2265 An
2941 2213 3212 2284 Scriptura
3272 2220 3364 2273 llci
3428 2223 3588 2277 aliter
3633 2226 3873 2280 nobiscum

2331 2289 2504 2352 fuerat
2523 2314 2678 2367 quam
2712 2311 2892 2355 nostro
2914 2318 3063 2360 more
3096 2306 3333 2362 locutura
3356 2310 3378 2362 ’ἰ
3401 2311 3464 2365 Ει
3483 2313 3587 2367 hoc
3606 2315 3803 2383 quidem
3821 2317 3877 2372 de

2328 2392 2596 2444 communi
2625 2392 2872 2460 loquendi
2901 2399 3284 2454 consuetudine
3313 2401 3680 2472 pervicacibus
3719 2409 3876 2463 turbu-

2329 2481 2589 2550 lentisque
2615 2485 3001 2552 responderim.

2397 2575 2621 2630 CAPUT
2657 2576 3161 2637 “IL—Cancrum
3205 2585 3296 2654 qui
3344 2587 3458 2642 ιιι-ο
3485 2606 3595 2645 non
3639 2592 3873 2662 litigiosa,

2327 2665 2422 2720 sed
2447 2667 2652 2740 placide
2681 2685 2744 2724 ac
2768 2670 2997 2727 fideliter
3019 2688 3282 2745 quazrtmt,
3313 2681 3575 2737 accedant
3603 2684 3667 2738 ad
3697 2685 3872 2746 Jesum,

2329 2772 2431 2808 non
2461 2772 2622 2813 carne
2642 2801 2656 2824 ,
2679 2760 2772 2814 sed
2793 2762 2952 2816 eorde
2977 2780 2992 2827 ;
3034 2781 3140 2820 non
3167 2772 3410 2837 Corporis
3437 2778 3748 2840 praesentia,
3789 2777 3868 2832 scd

2326 2847 2448 2902 ﬁdei
2501 2852 2761 2918 potentia,
2793 2853 2930 2908 sicut
2978 2857 3064 2910 ille
3094 2861 3374 2917 centurio:
3405 2872 3530 2920 tunc
3561 2868 3742 2922 melius
3769 2867 3876 2937 quid

2327 2938 2602 2994 Matthzeus
2650 2941 2839 2998 dixerit
2889 2949 3139 3002 sentient.
3169 2950 3386 3006 Talibus
3429 2957 3579 3009 enim
3613 2957 3795 3010 dicitur
3831 2960 3874 3012 iu

2325 3028 2535 3082 Psalmo
2560 3047 2572 3082 :
2601 3030 2834 3088 Accedite
2871 3037 2938 3089 ad
2982 3055 3128 3106 cum,
3156 3053 3201 3094 et
3229 3041 3625 3110 illumiumuini;
3649 3058 3698 3100 et
3731 3050 3872 3101 vultus

2323 3120 2467 3173 vestri
2497 3137 2594 3173 non
2620 3124 2903 3180 erubescant
2934 3127 3105 3196 (Paul.
3151 3147 3334 3196 χχχιιι,
3359 3131 3434 3204 6).
3469 3134 3623 3190 Unde
3649 3139 3868 3191 centurio

2324 3209 2412 3263 ille
2450 3210 2516 3264 ad
2555 3210 2822 3268 Christum
2853 3218 3017 3288 magis
3067 3231 3399 3285 accesserat,
3431 3225 3589 3292 cujus
3618 3226 3767 3280 tidem
3814 3228 3872 3280 ita

2323 3301 2580 3368 laudavit,
2611 3319 2767 3374 quam
2815 3307 2890 3360 illi
2922 3308 3018 3376 ipsi
3061 3325 3154 3380 per
3198 3327 3334 3380 quos
3362 3315 3522 3369 verba
3587 3330 3679 3370 Sua
3731 3318 3874 3370 misit.

2321 3391 2452 3446 lluic
2503 3395 2578 3447 rei
2627 3395 2799 3450 simile
2829 3406 2910 3450 est
2939 3399 3096 3452 etiam
3131 3401 3256 3454 illud
3301 3404 3440 3471 quod
3488 3405 3742 3459 Dominus
3778 3407 3870 3466 ait,

2322 3484 2502 3553 Tetigit
2553 3504 2630 3538 me
2655 3488 2868 3554 aliquis;
2898 3490 3105 3558 quando
3142 3492 3328 3545 tnulier
3357 3511 3474 3562 quae
3518 3495 3723 3550 flumm
3753 3512 3872 3549 san-

2317 3576 2490 3645 guinis
2521 3579 2832 3646 paticbatnr,
2867 3591 3084 3651 tangens
3112 3582 3370 3638 ﬁmbriam
3397 3588 3706 3642 Vestimenti
3731 3587 3864 3657 ejus,

2318 3670 2460 3721 salva
2494 3672 2624 3722 l'aeta
2675 3679 2776 3724 est.
2813 3671 2921 3725 lloc
2971 3673 3111 3727 enim
3143 3674 3451 3730 mirabiliter
3477 3677 3756 3748 discipulis
3777 3677 3876 3732 suis

2317 3761 2494 3814 dicere
2518 3761 2809 3824 videbatur,
2843 3762 2967 3825 Quis
2993 3779 3071 3815 me
3095 3765 3301 3834 tetigit?
3344 3775 3414 3831 et,
3442 3766 3634 3839 Tetigit
3680 3785 3754 3820 me
3793 3768 3876 3820 ali-

2315 3854 2604 3918 quis;cum
2645 3865 2764 3902 eum
2816 3853 2963 3904 turba
2995 3863 3388 3922 comprimeret.
3425 3857 3669 3926 Denique
3717 3857 3810 3911 hoc
3836 3857 3878 3910 ei

2315 3943 2700 4010 I‘CSIIOIItiel‘Ulll
2732 3962 2744 3994 τ
2783 3943 2963 3998 Τιινὺω
2993 3955 3040 3999 te
3083 3949 3435 4016 comprimunt,
3487 3961 3538 4004 et
3567 3952 3716 4016 dicis,
3765 3951 3877 4016 Qui:

2315 4050 2392 4086 me
2419 4034 2762 4104 tetigit(Luc.
2810 4051 2936 4101 \‘tll,
2983 4038 3713 4109 45-46)?Quemadmodum
3761 4055 3876 4110 ergo

2314 4124 2384 4176 itli
2417 4126 2755 4191 premebant,
2788 4128 2880 4180 sed
2913 4128 2994 4180 illa
3039 4130 3239 4198 tetigit;
3271 4131 3348 4184 sic
3375 4133 3445 4186 illi
3470 4135 3623 4188 missi
3653 4144 3798 4188 erant
3820 4131 3878 4184 ad

2313 4217 2580 4271 (ὶΙιιοί›ιιιιιι
2601 4261 2613 4281 ,
2644 4220 2734 4272 sed
2757 4219 3009 4273 Centurio
3035 4225 3201 4292 magis
3229 4227 3473 4279 accessit.
3503 4225 3582 4281 Ita
3617 4228 3880 4282 Matth-mus

2313 4309 2364 4359 et
2397 4320 2594 4360 n’mrem
2620 4325 2721 4360 non
2747 4323 2908 4378 usque
2934 4313 3068 4365 adeo
3096 4313 3356 4368 inusitata:
3386 4316 3679 4372 locutionis
3709 4335 3880 4373 serva-

2311 4401 2405 4459 vit,
2433 4405 2488 4449 et
2515 4398 2732 4467 mystice
2761 4400 2954 4468 aliquid
2994 4402 3260 4457 intimavit
3280 4424 3291 4457 :
3315 4404 3483 4460 Lucas
3503 4418 3689 4462 autem
3711 4421 3762 4463 et
3791 4408 3882 4461 hoc

2311 4488 2480 4556 ipsum
2504 4491 2951 4558 quemadmodum
2981 4504 3188 4563 gestum
3211 4505 3353 4552 esset
3379 4502 3654 4567 ostendit,
3688 4512 3744 4554 ut
3767 4501 3881 4555 hinc

2311 4582 2586 4635 advertere
2610 4598 2939 4652 cogeremur.
2969 4584 3098 4639 illud
3126 4588 3404 4645 Matthteus
3432 4591 3880 4660 quemadmodum

2311 4671 2521 4724 dixerit.
2548 4672 2750 4726 Vellem
2779 4690 2906 4728 sane
2933 4687 2985 4728 ut
3008 4677 3200 4746 aliquis
3228 4680 3450 4733 istorum
3478 4697 3766 4746 vanorum,
3793 4683 3872 4751 qui

2313 4761 2612 4827 hujnsmodi
2643 4766 3054 4831 qmcstiunculas
3104 4769 3254 4837 quasi
3283 4785 3500 4840 magnas
3553 4772 3883 4826 calumu.ose

2309 4853 2564 4920 objiciunt
2597 4853 2880 4922 Evangelio
2905 4897 2919 4918 ,
2952 4867 3192 4912 narraret
3236 4861 3434 4928 aliquid
3474 4862 3622 4918 idem
3658 4865 3772 4934 ipse
3811 4864 3884 4915 bis

2310 4960 2563 5007 nmncro,
2602 4963 2704 4998 non
2737 4945 2926 5001 falsum
2971 4965 3069 5003 nec
3101 4949 3390 5017 fallaciter,
3431 4953 3524 5007 sed
3570 4957 3794 5010 omnino
3841 4955 3883 5004 id

2311 5035 2494 5088 volens
2543 5035 2789 5096 intimare
2819 5048 2872 5091 et
2921 5053 3226 5108 exponere,
3278 5025 3480 5096 etstilo
3507 5048 3888 5114 exciperentur

2311 5125 2469 5178 verba
2516 5125 2631 5193 ejus
2659 5129 2814 5195 eique
2851 5129 3239 5192 recitarentur;
3273 5142 3450 5186 utrum
3513 5150 3625 5189 non
3691 5134 3880 5205 aliquid

2310 5215 2428 5284 plus
2481 5216 2722 5271 minusve
2768 5217 2999 5282 diceret,
3032 5228 3123 5273 aut
3163 5230 3490 5290 praepostero
3517 5225 3749 5289 ordine,
3789 5241 3887 5277 nun

2307 5305 2590 5360 verborum
2616 5314 2852 5372 tantum,
2880 5306 2973 5361 sed
3001 5309 3163 5362 etiam
3199 5325 3374 5365 rerum
3401 5327 3414 5376 ;
3444 5322 3537 5366 aut
3572 5324 3756 5367 utrum
3791 5330 3888 5365 nun

2306 5397 2503 5468 aliquid
2533 5414 2597 5452 ex
2619 5413 2712 5453 sua
2743 5400 3005 5454 sententia
3026 5400 3246 5467 diceret,
3280 5410 3529 5472 tanquam
3558 5405 3712 5462 alius
3741 5407 3889 5458 dixe-

2308 5490 2410 5556 rit,
2440 5490 2578 5559 quod
2621 5505 2742 5544 eum
2781 5491 2980 5546 dixisse
3005 5508 3108 5546 non
3130 5494 3387 5559 audierit,
3421 5495 3513 5549 sed
3548 5499 3790 5552 voluisse
3814 5509 3892 5550 at-

2305 5596 2408 5650 que
2444 5581 2674 5637 sensisse
2701 5582 2854 5651 plane
2879 5588 3214 5653 cognoverit;
3253 5597 3343 5641 aut
3374 5597 3552 5642 utrum
3591 5609 3704 5645 non
3736 5592 3893 5645 alit-u-

2373 5767 2391 5797 ι
2426 5764 2528 5815 Sola
2553 5764 2701 5816 editio
2723 5770 2850 5826 t.ov.,
2879 5764 3081 5826 planam.
