  <div class='ocr_page' id='page_1' title='image "/cluster/home/n/w/nwhite01/storage/ocr_20150623/42/hvd.32044015471493/264.png"; bbox 0 0 4052 6438; ppageno 0'>
   <div class='ocr_carea' id='block_1_1' title="bbox 231 397 340 454">
    <p class='ocr_par' dir='ltr' id='par_1_1' title="bbox 231 397 340 454">
     <span class='ocr_line' id='line_1_1' title="bbox 231 397 340 454; baseline -0.055 0"><span class='ocrx_word' id='word_1_1' title='bbox 231 397 340 454; x_wconf 79' lang='grc'><strong>517</strong></span> 
     </span>
    </p>
   </div>
   <div class='ocr_carea' id='block_1_2' title="bbox 227 507 1808 580">
    <p class='ocr_par' dir='ltr' id='par_1_2' title="bbox 227 507 1808 580">
     <span class='ocr_line' id='line_1_2' title="bbox 227 507 1808 580; baseline 0 -16"><span class='ocrx_word' id='word_1_2' title='bbox 227 511 314 580; x_wconf 88' lang='lat' dir='ltr'><strong>jus</strong></span> <span class='ocrx_word' id='word_1_3' title='bbox 355 508 598 564; x_wconf 85' lang='lat' dir='ltr'><strong>breviter</strong></span> <span class='ocrx_word' id='word_1_4' title='bbox 649 508 1092 576; x_wconf 69' lang='lat' dir='ltr'><strong>complecteretur</strong></span> <span class='ocrx_word' id='word_1_5' title='bbox 1153 507 1438 562; x_wconf 68' lang='lat' dir='ltr'><strong>sementim</strong></span> <span class='ocrx_word' id='word_1_6' title='bbox 1489 508 1766 564; x_wconf 84' lang='lat' dir='ltr'><strong>veritatem</strong></span> <span class='ocrx_word' id='word_1_7' title='bbox 1795 549 1808 573; x_wconf 84' lang='grc'>,</span> 
     </span>
    </p>
   </div>
   <div class='ocr_carea' id='block_1_3' title="bbox 229 598 1807 669">
    <p class='ocr_par' dir='ltr' id='par_1_3' title="bbox 229 598 1807 669">
     <span class='ocr_line' id='line_1_3' title="bbox 229 598 1807 669; baseline -0.001 -15"><span class='ocrx_word' id='word_1_8' title='bbox 229 601 382 669; x_wconf 82' lang='lat' dir='ltr'><strong>cujus</strong></span> <span class='ocrx_word' id='word_1_9' title='bbox 411 599 488 653; x_wconf 88' lang='lat' dir='ltr'><strong>rei</strong></span> <span class='ocrx_word' id='word_1_10' title='bbox 513 607 668 653; x_wconf 86' lang='lat' dir='ltr'><strong>antea</strong></span> <span class='ocrx_word' id='word_1_11' title='bbox 684 599 836 668; x_wconf 88' lang='lat' dir='ltr'><strong>quasi</strong></span> <span class='ocrx_word' id='word_1_12' title='bbox 857 598 1164 668; x_wconf 80' lang='lat' dir='ltr'><strong>expressius</strong></span> <span class='ocrx_word' id='word_1_13' title='bbox 1182 598 1438 652; x_wconf 79' lang='lat' dir='ltr'><strong>articulos</strong></span> <span class='ocrx_word' id='word_1_14' title='bbox 1457 599 1772 666; x_wconf 85' lang='lat' dir='ltr'><strong>explicasset</strong></span> <span class='ocrx_word' id='word_1_15' title='bbox 1793 617 1807 652; x_wconf 88' lang='lat'>:</span> 
     </span>
    </p>
   </div>
   <div class='ocr_carea' id='block_1_4' title="bbox 229 688 1812 758">
    <p class='ocr_par' dir='ltr' id='par_1_4' title="bbox 229 688 1812 758">
     <span class='ocr_line' id='line_1_4' title="bbox 229 688 1812 758; baseline -0.001 -15"><span class='ocrx_word' id='word_1_16' title='bbox 229 699 280 743; x_wconf 88' lang='lat' dir='ltr'><strong>et</strong></span> <span class='ocrx_word' id='word_1_17' title='bbox 309 690 354 742; x_wconf 89' lang='lat' dir='ltr'><strong>si</strong></span> <span class='ocrx_word' id='word_1_18' title='bbox 375 689 504 758; x_wconf 89' lang='lat' dir='ltr'><strong>quid</strong></span> <span class='ocrx_word' id='word_1_19' title='bbox 533 697 616 742; x_wconf 89' lang='lat' dir='ltr'><strong>est</strong></span> <span class='ocrx_word' id='word_1_20' title='bbox 643 688 784 742; x_wconf 82' lang='lat' dir='ltr'><strong>aliud</strong></span> <span class='ocrx_word' id='word_1_21' title='bbox 809 688 950 757; x_wconf 91' lang='lat' dir='ltr'><strong>quod</strong></span> <span class='ocrx_word' id='word_1_22' title='bbox 985 688 1212 742; x_wconf 58' lang='lat' dir='ltr'><strong>fortasse</strong></span> <span class='ocrx_word' id='word_1_23' title='bbox 1239 689 1405 758; x_wconf 88' lang='lat' dir='ltr'><strong>possit</strong></span> <span class='ocrx_word' id='word_1_24' title='bbox 1433 689 1594 743; x_wconf 87' lang='lat' dir='ltr'><strong>certis</strong></span> <span class='ocrx_word' id='word_1_25' title='bbox 1617 688 1812 758; x_wconf 80' lang='lat' dir='ltr'><strong>regulis</strong></span> 
     </span>
    </p>
   </div>
   <div class='ocr_carea' id='block_1_5' title="bbox 223 777 1810 848">
    <p class='ocr_par' dir='ltr' id='par_1_5' title="bbox 223 777 1810 848">
     <span class='ocr_line' id='line_1_5' title="bbox 223 777 1810 848; baseline -0.001 -14"><span class='ocrx_word' id='word_1_26' title='bbox 223 779 634 848; x_wconf 84' lang='lat' dir='ltr'><strong>comprehendi,</strong></span> <span class='ocrx_word' id='word_1_27' title='bbox 657 779 926 848; x_wconf 89' lang='lat' dir='ltr'><strong>quomodo</strong></span> <span class='ocrx_word' id='word_1_28' title='bbox 971 779 1060 832; x_wconf 84' lang='lat' dir='ltr'><strong>ﬁat</strong></span> <span class='ocrx_word' id='word_1_29' title='bbox 1085 788 1142 832; x_wconf 92' lang='lat' dir='ltr'><strong>ut</strong></span> <span class='ocrx_word' id='word_1_30' title='bbox 1169 779 1253 832; x_wconf 85' lang='lat' dir='ltr'><strong>vel</strong></span> <span class='ocrx_word' id='word_1_31' title='bbox 1295 779 1343 832; x_wconf 92' lang='lat' dir='ltr'><strong>in</strong></span> <span class='ocrx_word' id='word_1_32' title='bbox 1373 777 1596 832; x_wconf 90' lang='lat' dir='ltr'><strong>duorum</strong></span> <span class='ocrx_word' id='word_1_33' title='bbox 1624 779 1810 847; x_wconf 86' lang='lat' dir='ltr'><strong>singu-</strong></span> 
     </span>
    </p>
   </div>
   <div class='ocr_carea' id='block_1_6' title="bbox 225 868 1810 936">
    <p class='ocr_par' dir='ltr' id='par_1_6' title="bbox 225 868 1810 936">
     <span class='ocr_line' id='line_1_6' title="bbox 225 868 1810 936; baseline 0 -14"><span class='ocrx_word' id='word_1_34' title='bbox 225 869 290 922; x_wconf 82' lang='lat' dir='ltr'><strong>lis</strong></span> <span class='ocrx_word' id='word_1_35' title='bbox 313 868 660 936; x_wconf 84' lang='lat' dir='ltr'><strong>ejusdem-rei</strong></span> <span class='ocrx_word' id='word_1_36' title='bbox 691 869 1100 931; x_wconf 88' lang='lat' dir='ltr'><strong>narrationibus,</strong></span> <span class='ocrx_word' id='word_1_37' title='bbox 1131 869 1216 923; x_wconf 85' lang='lat' dir='ltr'><strong>vel</strong></span> <span class='ocrx_word' id='word_1_38' title='bbox 1260 869 1309 922; x_wconf 92' lang='lat' dir='ltr'><strong>in</strong></span> <span class='ocrx_word' id='word_1_39' title='bbox 1339 869 1542 922; x_wconf 90' lang='lat' dir='ltr'><strong>duabus</strong></span> <span class='ocrx_word' id='word_1_40' title='bbox 1571 869 1722 922; x_wconf 91' lang='lat' dir='ltr'><strong>unius</strong></span> <span class='ocrx_word' id='word_1_41' title='bbox 1747 884 1810 922; x_wconf 87' lang='lat' dir='ltr'><strong>ex</strong></span> 
     </span>
    </p>
   </div>
   <div class='ocr_carea' id='block_1_7' title="bbox 225 958 1812 1028">
    <p class='ocr_par' dir='ltr' id='par_1_7' title="bbox 225 958 1812 1028">
     <span class='ocr_line' id='line_1_7' title="bbox 225 958 1812 1028; baseline -0.001 -15"><span class='ocrx_word' id='word_1_42' title='bbox 225 974 330 1013; x_wconf 84' lang='lat' dir='ltr'><strong>una</strong></span> <span class='ocrx_word' id='word_1_43' title='bbox 359 958 662 1028; x_wconf 83' lang='lat' dir='ltr'><strong>eademque</strong></span> <span class='ocrx_word' id='word_1_44' title='bbox 697 974 776 1023; x_wconf 91' lang='lat' dir='ltr'><strong>re,</strong></span> <span class='ocrx_word' id='word_1_45' title='bbox 811 960 976 1013; x_wconf 88' lang='lat' dir='ltr'><strong>multa</strong></span> <span class='ocrx_word' id='word_1_46' title='bbox 1021 958 1233 1013; x_wconf 87' lang='lat' dir='ltr'><strong>diversa</strong></span> <span class='ocrx_word' id='word_1_47' title='bbox 1281 959 1636 1023; x_wconf 78' lang='lat' dir='ltr'><strong>inveniantur,</strong></span> <span class='ocrx_word' id='word_1_48' title='bbox 1671 959 1812 1013; x_wconf 85' lang='lat' dir='ltr'><strong>nulla</strong></span> 
     </span>
    </p>
   </div>
   <div class='ocr_carea' id='block_1_8' title="bbox 223 1049 1810 1114">
    <p class='ocr_par' dir='ltr' id='par_1_8' title="bbox 223 1049 1810 1114">
     <span class='ocr_line' id='line_1_8' title="bbox 223 1049 1810 1114; baseline -0.001 -11"><span class='ocrx_word' id='word_1_49' title='bbox 223 1059 404 1104; x_wconf 81' lang='lat' dir='ltr'><strong>tamen</strong></span> <span class='ocrx_word' id='word_1_50' title='bbox 434 1049 692 1111; x_wconf 81' lang='lat' dir='ltr'><strong>adversa;</strong></span> <span class='ocrx_word' id='word_1_51' title='bbox 722 1060 776 1103; x_wconf 91' lang='lat' dir='ltr'><strong>ct</strong></span> <span class='ocrx_word' id='word_1_52' title='bbox 807 1051 970 1103; x_wconf 90' lang='lat' dir='ltr'><strong>multa</strong></span> <span class='ocrx_word' id='word_1_53' title='bbox 1013 1050 1180 1114; x_wconf 89' lang='lat' dir='ltr'><strong>varia,</strong></span> <span class='ocrx_word' id='word_1_54' title='bbox 1224 1050 1366 1104; x_wconf 91' lang='lat' dir='ltr'><strong>nulla</strong></span> <span class='ocrx_word' id='word_1_55' title='bbox 1403 1051 1692 1104; x_wconf 90' lang='lat' dir='ltr'><strong>contraria.</strong></span> <span class='ocrx_word' id='word_1_56' title='bbox 1722 1050 1810 1102; x_wconf 84' lang='lat' dir='ltr'><strong>Sic</strong></span> 
     </span>
    </p>
   </div>
   <div class='ocr_carea' id='block_1_9' title="bbox 226 1139 1812 1209">
    <p class='ocr_par' dir='ltr' id='par_1_9' title="bbox 226 1139 1812 1209">
     <span class='ocr_line' id='line_1_9' title="bbox 226 1139 1812 1209; baseline -0.001 -16"><span class='ocrx_word' id='word_1_57' title='bbox 226 1140 510 1193; x_wconf 77' lang='lat' dir='ltr'><strong>solvuntur</strong></span> <span class='ocrx_word' id='word_1_58' title='bbox 533 1141 711 1194; x_wconf 86' lang='lat' dir='ltr'><strong>omnia</strong></span> <span class='ocrx_word' id='word_1_59' title='bbox 741 1141 807 1194; x_wconf 88' lang='lat' dir='ltr'><strong>de</strong></span> <span class='ocrx_word' id='word_1_60' title='bbox 836 1140 1029 1209; x_wconf 86' lang='lat' dir='ltr'><strong>quibus</strong></span> <span class='ocrx_word' id='word_1_61' title='bbox 1057 1140 1160 1193; x_wconf 85' lang='lat' dir='ltr'><strong>sibi</strong></span> <span class='ocrx_word' id='word_1_62' title='bbox 1189 1139 1273 1193; x_wconf 88' lang='lat' dir='ltr'><strong>isti</strong></span> <span class='ocrx_word' id='word_1_63' title='bbox 1303 1140 1482 1194; x_wconf 87' lang='lat' dir='ltr'><strong>miseri</strong></span> <span class='ocrx_word' id='word_1_64' title='bbox 1511 1139 1704 1194; x_wconf 88' lang='lat' dir='ltr'><strong>collum</strong></span> <span class='ocrx_word' id='word_1_65' title='bbox 1750 1141 1812 1192; x_wconf 88' lang='lat' dir='ltr'><strong>li-</strong></span> 
     </span>
    </p>
   </div>
   <div class='ocr_carea' id='block_1_10' title="bbox 225 1231 1808 1300">
    <p class='ocr_par' dir='ltr' id='par_1_10' title="bbox 225 1231 1808 1300">
     <span class='ocr_line' id='line_1_10' title="bbox 225 1231 1808 1300; baseline 0 -16"><span class='ocrx_word' id='word_1_66' title='bbox 225 1242 346 1300; x_wconf 73' lang='lat' dir='ltr'><strong>gant</strong></span> <span class='ocrx_word' id='word_1_67' title='bbox 367 1273 382 1295; x_wconf 91' lang='lat'><strong>,</strong></span> <span class='ocrx_word' id='word_1_68' title='bbox 415 1239 476 1286; x_wconf 86' lang='lat' dir='ltr'><strong>ut</strong></span> <span class='ocrx_word' id='word_1_69' title='bbox 501 1233 747 1300; x_wconf 89' lang='lat' dir='ltr'><strong>spiritum</strong></span> <span class='ocrx_word' id='word_1_70' title='bbox 781 1233 860 1286; x_wconf 87' lang='lat' dir='ltr'><strong>sui</strong></span> <span class='ocrx_word' id='word_1_71' title='bbox 891 1232 1093 1286; x_wconf 86' lang='lat' dir='ltr'><strong>erroris</strong></span> <span class='ocrx_word' id='word_1_72' title='bbox 1134 1232 1273 1285; x_wconf 90' lang='lat' dir='ltr'><strong>intus</strong></span> <span class='ocrx_word' id='word_1_73' title='bbox 1309 1242 1557 1298; x_wconf 89' lang='lat' dir='ltr'><strong>teneant,</strong></span> <span class='ocrx_word' id='word_1_74' title='bbox 1603 1243 1656 1286; x_wconf 90' lang='lat' dir='ltr'><strong>et</strong></span> <span class='ocrx_word' id='word_1_75' title='bbox 1685 1231 1808 1284; x_wconf 88' lang='lat' dir='ltr'><strong>nul-</strong></span> 
     </span>
    </p>
   </div>
   <div class='ocr_carea' id='block_1_11' title="bbox 217 1322 1782 1377">
    <p class='ocr_par' dir='ltr' id='par_1_11' title="bbox 217 1322 1782 1377">
     <span class='ocr_line' id='line_1_11' title="bbox 217 1322 1782 1377; baseline 0.001 -2"><span class='ocrx_word' id='word_1_76' title='bbox 217 1323 330 1376; x_wconf 75' lang='lat' dir='ltr'><strong>ium</strong></span> <span class='ocrx_word' id='word_1_77' title='bbox 351 1323 697 1377; x_wconf 79' lang='lat' dir='ltr'><strong>extrinsecus</strong></span> <span class='ocrx_word' id='word_1_78' title='bbox 721 1323 906 1376; x_wconf 88' lang='lat' dir='ltr'><strong>salutis</strong></span> <span class='ocrx_word' id='word_1_79' title='bbox 931 1322 1234 1376; x_wconf 83' lang='lat' dir='ltr'><strong>admittant.</strong></span> <span class='ocrx_word' id='word_1_80' title='bbox 1779 1337 1782 1340; x_wconf 85' lang='lat'>&#39;</span> 
     </span>
    </p>
   </div>
   <div class='ocr_carea' id='block_1_12' title="bbox 287 1413 1806 1483">
    <p class='ocr_par' dir='ltr' id='par_1_12' title="bbox 287 1413 1806 1483">
     <span class='ocr_line' id='line_1_12' title="bbox 287 1413 1806 1483; baseline 0.001 -16"><span class='ocrx_word' id='word_1_81' title='bbox 287 1413 522 1468; x_wconf 81' lang='lat' dir='ltr'><strong>CAPUT</strong></span> <span class='ocrx_word' id='word_1_82' title='bbox 559 1413 648 1468; x_wconf 77' lang='lat' dir='ltr'><strong>IX.</strong></span> <span class='ocrx_word' id='word_1_83' title='bbox 693 1443 766 1454; x_wconf 89' lang='grc'><strong>--</strong></span> <span class='ocrx_word' id='word_1_84' title='bbox 797 1415 1176 1483; x_wconf 69' lang='lat' dir='ltr'><strong>Quapropter,</strong></span> <span class='ocrx_word' id='word_1_85' title='bbox 1227 1423 1347 1482; x_wconf 89' lang='lat' dir='ltr'><strong>post</strong></span> <span class='ocrx_word' id='word_1_86' title='bbox 1388 1429 1575 1468; x_wconf 80' lang='lat' dir='ltr'><strong>oman</strong></span> <span class='ocrx_word' id='word_1_87' title='bbox 1629 1414 1806 1468; x_wconf 88' lang='lat' dir='ltr'><strong>Fausti</strong></span> 
     </span>
    </p>
   </div>
   <div class='ocr_carea' id='block_1_13' title="bbox 225 1505 1809 1574">
    <p class='ocr_par' dir='ltr' id='par_1_13' title="bbox 225 1505 1809 1574">
     <span class='ocr_line' id='line_1_13' title="bbox 225 1505 1809 1574; baseline 0 -16"><span class='ocrx_word' id='word_1_88' title='bbox 225 1505 526 1559; x_wconf 80' lang='lat' dir='ltr'><strong>calumnias</strong></span> <span class='ocrx_word' id='word_1_89' title='bbox 567 1505 824 1558; x_wconf 75' lang='lat' dir='ltr'><strong>rehntatas</strong></span> <span class='ocrx_word' id='word_1_90' title='bbox 845 1547 860 1570; x_wconf 94' lang='lat'><strong>,</strong></span> <span class='ocrx_word' id='word_1_91' title='bbox 889 1505 1145 1558; x_wconf 77' lang='lat' dir='ltr'><strong>duntaxat</strong></span> <span class='ocrx_word' id='word_1_92' title='bbox 1187 1506 1374 1558; x_wconf 90' lang='lat' dir='ltr'><strong>horum</strong></span> <span class='ocrx_word' id='word_1_93' title='bbox 1406 1507 1521 1572; x_wconf 83' lang='lat' dir='ltr'><strong>ejus</strong></span> <span class='ocrx_word' id='word_1_94' title='bbox 1548 1507 1809 1574; x_wconf 84' lang='lat' dir='ltr'><strong>capitulo—</strong></span> 
     </span>
    </p>
   </div>
   <div class='ocr_carea' id='block_1_14' title="bbox 217 1596 1807 1666">
    <p class='ocr_par' dir='ltr' id='par_1_14' title="bbox 217 1596 1807 1666">
     <span class='ocr_line' id='line_1_14' title="bbox 217 1596 1807 1666; baseline 0 -16"><span class='ocrx_word' id='word_1_95' title='bbox 217 1612 332 1650; x_wconf 83' lang='lat' dir='ltr'><strong>rum</strong></span> <span class='ocrx_word' id='word_1_96' title='bbox 373 1596 574 1666; x_wconf 91' lang='lat' dir='ltr'><strong>quibus</strong></span> <span class='ocrx_word' id='word_1_97' title='bbox 607 1597 707 1652; x_wconf 87' lang='lat' dir='ltr'><strong>hoc</strong></span> <span class='ocrx_word' id='word_1_98' title='bbox 739 1611 919 1664; x_wconf 80' lang='lat' dir='ltr'><strong>Opere,</strong></span> <span class='ocrx_word' id='word_1_99' title='bbox 958 1609 1214 1665; x_wconf 89' lang='lat' dir='ltr'><strong>quantum</strong></span> <span class='ocrx_word' id='word_1_100' title='bbox 1249 1597 1500 1652; x_wconf 87' lang='lat' dir='ltr'><strong>Dominus</strong></span> <span class='ocrx_word' id='word_1_101' title='bbox 1553 1597 1807 1664; x_wconf 76' lang='lat' dir='ltr'><strong>adjuvare</strong></span> 
     </span>
    </p>
   </div>
   <div class='ocr_carea' id='block_1_15' title="bbox 219 1687 1804 1758">
    <p class='ocr_par' dir='ltr' id='par_1_15' title="bbox 219 1687 1804 1758">
     <span class='ocr_line' id='line_1_15' title="bbox 219 1687 1804 1758; baseline 0.002 -18"><span class='ocrx_word' id='word_1_102' title='bbox 219 1687 468 1756; x_wconf 76' lang='lat' dir='ltr'><strong>dignatus</strong></span> <span class='ocrx_word' id='word_1_103' title='bbox 497 1697 610 1751; x_wconf 87' lang='lat' dir='ltr'><strong>est,</strong></span> <span class='ocrx_word' id='word_1_104' title='bbox 641 1688 983 1748; x_wconf 73' lang='lat' dir='ltr'><strong>sufficienter,</strong></span> <span class='ocrx_word' id='word_1_105' title='bbox 1019 1697 1073 1741; x_wconf 85' lang='grc' dir='ltr'><strong>ιιι</strong></span> <span class='ocrx_word' id='word_1_106' title='bbox 1097 1687 1347 1754; x_wconf 82' lang='lat' dir='ltr'><strong>arbitror,</strong></span> <span class='ocrx_word' id='word_1_107' title='bbox 1373 1690 1684 1758; x_wconf 86' lang='lat' dir='ltr'><strong>prolixeqne</strong></span> <span class='ocrx_word' id='word_1_108' title='bbox 1716 1705 1804 1744; x_wconf 89' lang='lat' dir='ltr'><strong>re-</strong></span> 
     </span>
    </p>
   </div>
   <div class='ocr_carea' id='block_1_16' title="bbox 219 1777 1804 1848">
    <p class='ocr_par' dir='ltr' id='par_1_16' title="bbox 219 1777 1804 1848">
     <span class='ocr_line' id='line_1_16' title="bbox 219 1777 1804 1848; baseline 0.001 -18"><span class='ocrx_word' id='word_1_109' title='bbox 219 1777 404 1848; x_wconf 83' lang='lat' dir='ltr'><strong>spoadi</strong></span> <span class='ocrx_word' id='word_1_110' title='bbox 431 1795 448 1843; x_wconf 90' lang='lat'><strong>;</strong></span> <span class='ocrx_word' id='word_1_111' title='bbox 479 1779 722 1832; x_wconf 87' lang='lat' dir='ltr'><strong>breviter</strong></span> <span class='ocrx_word' id='word_1_112' title='bbox 755 1794 846 1832; x_wconf 79' lang='lat' dir='ltr'><strong>vos</strong></span> <span class='ocrx_word' id='word_1_113' title='bbox 889 1778 1150 1832; x_wconf 90' lang='lat' dir='ltr'><strong>admoneo</strong></span> <span class='ocrx_word' id='word_1_114' title='bbox 1175 1820 1188 1844; x_wconf 91' lang='lat'><strong>,</strong></span> <span class='ocrx_word' id='word_1_115' title='bbox 1217 1780 1306 1848; x_wconf 90' lang='lat' dir='ltr'><strong>qui</strong></span> <span class='ocrx_word' id='word_1_116' title='bbox 1335 1779 1422 1831; x_wconf 90' lang='lat' dir='ltr'><strong>illo</strong></span> <span class='ocrx_word' id='word_1_117' title='bbox 1447 1789 1550 1832; x_wconf 82' lang='lat' dir='ltr'><strong>tant</strong></span> <span class='ocrx_word' id='word_1_118' title='bbox 1575 1779 1804 1832; x_wconf 80' lang='lat' dir='ltr'><strong>nefando</strong></span> 
     </span>
    </p>
   </div>
   <div class='ocr_carea' id='block_1_17' title="bbox 215 1867 1800 1932">
    <p class='ocr_par' dir='ltr' id='par_1_17' title="bbox 215 1867 1800 1932">
     <span class='ocr_line' id='line_1_17' title="bbox 215 1867 1800 1932; baseline 0.001 -12"><span class='ocrx_word' id='word_1_119' title='bbox 215 1877 268 1920; x_wconf 90' lang='lat' dir='ltr'><strong>et</strong></span> <span class='ocrx_word' id='word_1_120' title='bbox 308 1869 632 1923; x_wconf 81' lang='lat' dir='ltr'><strong>exsecrabili</strong></span> <span class='ocrx_word' id='word_1_121' title='bbox 687 1883 870 1922; x_wconf 88' lang='lat' dir='ltr'><strong>errore</strong></span> <span class='ocrx_word' id='word_1_122' title='bbox 905 1867 1190 1932; x_wconf 82' lang='lat' dir='ltr'><strong>tenemini,</strong></span> <span class='ocrx_word' id='word_1_123' title='bbox 1245 1876 1300 1920; x_wconf 89' lang='lat' dir='ltr'><strong>ut</strong></span> <span class='ocrx_word' id='word_1_124' title='bbox 1337 1869 1380 1922; x_wconf 90' lang='lat' dir='ltr'><strong>si</strong></span> <span class='ocrx_word' id='word_1_125' title='bbox 1422 1868 1800 1922; x_wconf 88' lang='lat' dir='ltr'><strong>auctoritatem</strong></span> 
     </span>
    </p>
   </div>
   <div class='ocr_carea' id='block_1_18' title="bbox 227 1956 1802 2028">
    <p class='ocr_par' dir='ltr' id='par_1_18' title="bbox 227 1956 1802 2028">
     <span class='ocr_line' id='line_1_18' title="bbox 227 1956 1802 2028; baseline -0.001 -16"><span class='ocrx_word' id='word_1_126' title='bbox 227 1957 621 2028; x_wconf 83' lang='lat' dir='ltr'><strong>Scripturarum</strong></span> <span class='ocrx_word' id='word_1_127' title='bbox 642 1959 888 2012; x_wconf 90' lang='lat' dir='ltr'><strong>omnibus</strong></span> <span class='ocrx_word' id='word_1_128' title='bbox 911 1956 1289 2025; x_wconf 72' lang='lat' dir='ltr'><strong>pra-ferendam</strong></span> <span class='ocrx_word' id='word_1_129' title='bbox 1317 1959 1462 2026; x_wconf 69' lang='lat' dir='ltr'><strong>sequi</strong></span> <span class='ocrx_word' id='word_1_130' title='bbox 1483 1958 1658 2020; x_wconf 82' lang='lat' dir='ltr'><strong>vultis,</strong></span> <span class='ocrx_word' id='word_1_131' title='bbox 1685 1974 1802 2010; x_wconf 87' lang='lat' dir='ltr'><strong>eam</strong></span> 
     </span>
    </p>
   </div>
   <div class='ocr_carea' id='block_1_19' title="bbox 225 2047 1802 2118">
    <p class='ocr_par' dir='ltr' id='par_1_19' title="bbox 225 2047 1802 2118">
     <span class='ocr_line' id='line_1_19' title="bbox 225 2047 1802 2118; baseline -0.003 -16"><span class='ocrx_word' id='word_1_132' title='bbox 225 2051 521 2117; x_wconf 84' lang='lat' dir='ltr'><strong>sequamini</strong></span> <span class='ocrx_word' id='word_1_133' title='bbox 571 2065 691 2118; x_wconf 77' lang='lat' dir='ltr'><strong>qum</strong></span> <span class='ocrx_word' id='word_1_134' title='bbox 746 2048 812 2106; x_wconf 91' lang='lat' dir='ltr'><strong>ab</strong></span> <span class='ocrx_word' id='word_1_135' title='bbox 851 2048 1014 2116; x_wconf 89' lang='lat' dir='ltr'><strong>ipsius</strong></span> <span class='ocrx_word' id='word_1_136' title='bbox 1055 2049 1350 2116; x_wconf 69' lang='lat' dir='ltr'><strong>prtesentia:</strong></span> <span class='ocrx_word' id='word_1_137' title='bbox 1402 2047 1596 2101; x_wconf 87' lang='lat' dir='ltr'><strong>Christi</strong></span> <span class='ocrx_word' id='word_1_138' title='bbox 1667 2058 1802 2102; x_wconf 83' lang='lat' dir='ltr'><strong>tein-</strong></span> 
     </span>
    </p>
   </div>
   <div class='ocr_carea' id='block_1_20' title="bbox 215 2138 1800 2210">
    <p class='ocr_par' dir='ltr' id='par_1_20' title="bbox 215 2138 1800 2210">
     <span class='ocr_line' id='line_1_20' title="bbox 215 2138 1800 2210; baseline 0.001 -20"><span class='ocrx_word' id='word_1_139' title='bbox 215 2138 435 2208; x_wconf 84' lang='lat' dir='ltr'><strong>poribus</strong></span> <span class='ocrx_word' id='word_1_140' title='bbox 493 2155 589 2210; x_wconf 89' lang='lat' dir='ltr'><strong>per</strong></span> <span class='ocrx_word' id='word_1_141' title='bbox 655 2139 1077 2209; x_wconf 83' lang='lat' dir='ltr'><strong>diSpensaliones</strong></span> <span class='ocrx_word' id='word_1_142' title='bbox 1127 2140 1535 2208; x_wconf 85' lang='lat' dir='ltr'><strong>Apostolorum,</strong></span> <span class='ocrx_word' id='word_1_143' title='bbox 1583 2149 1638 2193; x_wconf 92' lang='lat' dir='ltr'><strong>et</strong></span> <span class='ocrx_word' id='word_1_144' title='bbox 1680 2157 1800 2193; x_wconf 87' lang='lat' dir='ltr'><strong>cer-</strong></span> 
     </span>
    </p>
   </div>
   <div class='ocr_carea' id='block_1_21' title="bbox 345 2301 1416 2310">
    <p class='ocr_par' dir='ltr' id='par_1_21' title="bbox 345 2301 1416 2310">
     <span class='ocr_line' id='line_1_21' title="bbox 345 2301 1416 2310; baseline -0.001 -2"><span class='ocrx_word' id='word_1_145' title='bbox 345 2301 414 2309; x_wconf 73' lang='lat'><strong>——..</strong></span> <span class='ocrx_word' id='word_1_146' title='bbox 447 2301 588 2310; x_wconf 73' lang='lat'><strong>.___......</strong></span> <span class='ocrx_word' id='word_1_147' title='bbox 614 2301 692 2308; x_wconf 90' lang='lat'>_</span> <span class='ocrx_word' id='word_1_148' title='bbox 709 2301 1302 2310; x_wconf 69' lang='lat'><strong>_.__—.——.—.——-_———.——</strong></span> <span class='ocrx_word' id='word_1_149' title='bbox 1329 2301 1416 2307; x_wconf 55' lang='grc' dir='ltr'><strong>--φ</strong></span> 
     </span>
    </p>
   </div>
   <div class='ocr_carea' id='block_1_22' title="bbox 1651 393 2034 454">
    <p class='ocr_par' dir='ltr' id='par_1_22' title="bbox 1651 393 2034 454">
     <span class='ocr_line' id='line_1_22' title="bbox 1651 393 2034 454; baseline 0.008 -5"><span class='ocrx_word' id='word_1_150' title='bbox 1651 393 2034 454; x_wconf 75' lang='lat' dir='ltr'><strong>ADMONlTlO.</strong></span> 
     </span>
    </p>
   </div>
   <div class='ocr_carea' id='block_1_23' title="bbox 3323 414 3498 468">
    <p class='ocr_par' dir='ltr' id='par_1_23' title="bbox 3323 414 3498 468">
     <span class='ocr_line' id='line_1_23' title="bbox 3323 414 3498 468; baseline 0 -2"><span class='ocrx_word' id='word_1_151' title='bbox 3323 449 3326 452; x_wconf 97' lang='lat'><strong><em>-</em></strong></span> <span class='ocrx_word' id='word_1_152' title='bbox 3395 414 3498 468; x_wconf 66' lang='lat' dir='ltr'><strong>{iis</strong></span> 
     </span>
    </p>
   </div>
   <div class='ocr_carea' id='block_1_24' title="bbox 1923 514 3502 592">
    <p class='ocr_par' dir='ltr' id='par_1_24' title="bbox 1923 514 3502 592">
     <span class='ocr_line' id='line_1_24' title="bbox 1923 514 3502 592; baseline 0.01 -28"><span class='ocrx_word' id='word_1_153' title='bbox 1923 521 2004 567; x_wconf 89' lang='lat' dir='ltr'><strong>tas</strong></span> <span class='ocrx_word' id='word_1_154' title='bbox 2031 514 2130 570; x_wconf 68' lang='lat' dir='ltr'><strong>’ab</strong></span> <span class='ocrx_word' id='word_1_155' title='bbox 2157 530 2340 570; x_wconf 85' lang='lat' dir='ltr'><strong>eorum</strong></span> <span class='ocrx_word' id='word_1_156' title='bbox 2367 516 2582 572; x_wconf 79' lang='lat' dir='ltr'><strong>sedibus</strong></span> <span class='ocrx_word' id='word_1_157' title='bbox 2599 519 2974 575; x_wconf 80' lang='lat' dir='ltr'><strong>successiones</strong></span> <span class='ocrx_word' id='word_1_158' title='bbox 3005 521 3399 592; x_wconf 84' lang='lat' dir='ltr'><strong>episcoporum,</strong></span> <span class='ocrx_word' id='word_1_159' title='bbox 3421 543 3502 580; x_wconf 87' lang='lat' dir='ltr'><strong>us-</strong></span> 
     </span>
    </p>
   </div>
   <div class='ocr_carea' id='block_1_25' title="bbox 1921 606 3500 679">
    <p class='ocr_par' dir='ltr' id='par_1_25' title="bbox 1921 606 3500 679">
     <span class='ocr_line' id='line_1_25' title="bbox 1921 606 3500 679; baseline 0.006 -18"><span class='ocrx_word' id='word_1_160' title='bbox 1921 621 2024 677; x_wconf 86' lang='lat' dir='ltr'><strong>que</strong></span> <span class='ocrx_word' id='word_1_161' title='bbox 2040 606 2104 660; x_wconf 92' lang='lat' dir='ltr'><strong>ad</strong></span> <span class='ocrx_word' id='word_1_162' title='bbox 2123 606 2237 661; x_wconf 85' lang='lat' dir='ltr'><strong>haec</strong></span> <span class='ocrx_word' id='word_1_163' title='bbox 2255 617 2488 677; x_wconf 86' lang='lat' dir='ltr'><strong>tempora</strong></span> <span class='ocrx_word' id='word_1_164' title='bbox 2509 619 2618 664; x_wconf 86' lang='lat' dir='ltr'><strong>toto</strong></span> <span class='ocrx_word' id='word_1_165' title='bbox 2631 611 2762 666; x_wconf 91' lang='lat' dir='ltr'><strong>orbe</strong></span> <span class='ocrx_word' id='word_1_166' title='bbox 2781 621 3038 666; x_wconf 88' lang='lat' dir='ltr'><strong>terrarum</strong></span> <span class='ocrx_word' id='word_1_167' title='bbox 3055 615 3334 679; x_wconf 88' lang='lat' dir='ltr'><strong>custodita,</strong></span> <span class='ocrx_word' id='word_1_168' title='bbox 3353 630 3500 670; x_wconf 85' lang='lat' dir='ltr'><strong>com-</strong></span> 
     </span>
    </p>
   </div>
   <div class='ocr_carea' id='block_1_26' title="bbox 1919 697 3486 768">
    <p class='ocr_par' dir='ltr' id='par_1_26' title="bbox 1919 697 3486 768">
     <span class='ocr_line' id='line_1_26' title="bbox 1919 697 3486 768; baseline 0.006 -17"><span class='ocrx_word' id='word_1_169' title='bbox 1919 697 2187 758; x_wconf 85' lang='lat' dir='ltr'><strong>mendata.</strong></span> <span class='ocrx_word' id='word_1_170' title='bbox 2213 699 2497 753; x_wconf 85' lang='lat' dir='ltr'><strong>clarilicata</strong></span> <span class='ocrx_word' id='word_1_171' title='bbox 2515 703 2772 768; x_wconf 86' lang='lat' dir='ltr'><strong>pervenit.</strong></span> <span class='ocrx_word' id='word_1_172' title='bbox 2797 702 2875 757; x_wconf 76' lang='lat' dir='ltr'><strong>ibi</strong></span> <span class='ocrx_word' id='word_1_173' title='bbox 2889 705 3031 757; x_wconf 91' lang='lat' dir='ltr'><strong>enim</strong></span> <span class='ocrx_word' id='word_1_174' title='bbox 3055 704 3302 760; x_wconf 83' lang='lat' dir='ltr'><strong>videbitis</strong></span> <span class='ocrx_word' id='word_1_175' title='bbox 3327 707 3486 760; x_wconf 89' lang='lat' dir='ltr'><strong>etiam</strong></span> 
     </span>
    </p>
   </div>
   <div class='ocr_carea' id='block_1_27' title="bbox 1924 788 3498 867">
    <p class='ocr_par' dir='ltr' id='par_1_27' title="bbox 1924 788 3498 867">
     <span class='ocr_line' id='line_1_27' title="bbox 1924 788 3498 867; baseline 0.006 -26"><span class='ocrx_word' id='word_1_176' title='bbox 1924 788 2133 842; x_wconf 76' lang='lat' dir='ltr'><strong>Veteris</strong></span> <span class='ocrx_word' id='word_1_177' title='bbox 2157 790 2484 844; x_wconf 85' lang='lat' dir='ltr'><strong>Testamenti</strong></span> <span class='ocrx_word' id='word_1_178' title='bbox 2526 801 2582 844; x_wconf 90' lang='lat' dir='ltr'><strong>et</strong></span> <span class='ocrx_word' id='word_1_179' title='bbox 2626 791 2852 847; x_wconf 87' lang='lat' dir='ltr'><strong>obscura</strong></span> <span class='ocrx_word' id='word_1_180' title='bbox 2883 795 3105 849; x_wconf 86' lang='lat' dir='ltr'><strong>revelari</strong></span> <span class='ocrx_word' id='word_1_181' title='bbox 3130 837 3146 860; x_wconf 90' lang='lat'><strong>,</strong></span> <span class='ocrx_word' id='word_1_182' title='bbox 3169 806 3222 850; x_wconf 90' lang='lat' dir='ltr'><strong>et</strong></span> <span class='ocrx_word' id='word_1_183' title='bbox 3244 797 3498 867; x_wconf 84' lang='lat' dir='ltr'><strong>pra-dicta</strong></span> 
     </span>
    </p>
   </div>
   <div class='ocr_carea' id='block_1_28' title="bbox 1919 881 3498 956">
    <p class='ocr_par' dir='ltr' id='par_1_28' title="bbox 1919 881 3498 956">
     <span class='ocr_line' id='line_1_28' title="bbox 1919 881 3498 956; baseline 0.006 -22"><span class='ocrx_word' id='word_1_184' title='bbox 1919 883 2193 950; x_wconf 83' lang='lat' dir='ltr'><strong>compleri.</strong></span> <span class='ocrx_word' id='word_1_185' title='bbox 2219 881 2273 936; x_wconf 88' lang='lat' dir='ltr'><strong>Si</strong></span> <span class='ocrx_word' id='word_1_186' title='bbox 2307 891 2481 935; x_wconf 87' lang='lat' dir='ltr'><strong>autem</strong></span> <span class='ocrx_word' id='word_1_187' title='bbox 2513 884 2660 952; x_wconf 82' lang='lat' dir='ltr'><strong>quasi</strong></span> <span class='ocrx_word' id='word_1_188' title='bbox 2689 885 2893 938; x_wconf 84' lang='lat' dir='ltr'><strong>ratione</strong></span> <span class='ocrx_word' id='word_1_189' title='bbox 2920 887 3204 940; x_wconf 81' lang='lat' dir='ltr'><strong>moremini</strong></span> <span class='ocrx_word' id='word_1_190' title='bbox 3231 903 3246 950; x_wconf 91' lang='lat'><strong>;</strong></span> <span class='ocrx_word' id='word_1_191' title='bbox 3272 888 3498 956; x_wconf 89' lang='lat' dir='ltr'><strong>primum</strong></span> 
     </span>
    </p>
   </div>
   <div class='ocr_carea' id='block_1_29' title="bbox 1918 973 3502 1044">
    <p class='ocr_par' dir='ltr' id='par_1_29' title="bbox 1918 973 3502 1044">
     <span class='ocr_line' id='line_1_29' title="bbox 1918 973 3502 1044; baseline 0.003 -17"><span class='ocrx_word' id='word_1_192' title='bbox 1918 974 2161 1042; x_wconf 78' lang='lat' dir='ltr'><strong>cogitetis</strong></span> <span class='ocrx_word' id='word_1_193' title='bbox 2195 975 2408 1042; x_wconf 84' lang='lat' dir='ltr'><strong>quinam</strong></span> <span class='ocrx_word' id='word_1_194' title='bbox 2451 973 2566 1027; x_wconf 90' lang='lat' dir='ltr'><strong>sitis</strong></span> <span class='ocrx_word' id='word_1_195' title='bbox 2588 1014 2602 1037; x_wconf 93' lang='lat'><strong>,</strong></span> <span class='ocrx_word' id='word_1_196' title='bbox 2633 989 2792 1044; x_wconf 90' lang='lat' dir='ltr'><strong>quam</strong></span> <span class='ocrx_word' id='word_1_197' title='bbox 2823 976 2998 1030; x_wconf 89' lang='lat' dir='ltr'><strong>minus</strong></span> <span class='ocrx_word' id='word_1_198' title='bbox 3047 976 3222 1032; x_wconf 88' lang='lat' dir='ltr'><strong>idonei</strong></span> <span class='ocrx_word' id='word_1_199' title='bbox 3245 977 3312 1032; x_wconf 85' lang='lat' dir='ltr'><strong>ad</strong></span> <span class='ocrx_word' id='word_1_200' title='bbox 3351 991 3502 1032; x_wconf 86' lang='lat' dir='ltr'><strong>com-</strong></span> 
     </span>
    </p>
   </div>
   <div class='ocr_carea' id='block_1_30' title="bbox 1921 1063 3494 1134">
    <p class='ocr_par' dir='ltr' id='par_1_30' title="bbox 1921 1063 3494 1134">
     <span class='ocr_line' id='line_1_30' title="bbox 1921 1063 3494 1134; baseline 0.004 -18"><span class='ocrx_word' id='word_1_201' title='bbox 1921 1063 2350 1133; x_wconf 85' lang='lat' dir='ltr'><strong>prehendendam</strong></span> <span class='ocrx_word' id='word_1_202' title='bbox 2385 1074 2653 1127; x_wconf 83' lang='lat' dir='ltr'><strong>naturam,</strong></span> <span class='ocrx_word' id='word_1_203' title='bbox 2699 1081 2804 1120; x_wconf 90' lang='lat' dir='ltr'><strong>non</strong></span> <span class='ocrx_word' id='word_1_204' title='bbox 2827 1065 3004 1120; x_wconf 87' lang='lat' dir='ltr'><strong>dicam</strong></span> <span class='ocrx_word' id='word_1_205' title='bbox 3037 1066 3153 1134; x_wconf 89' lang='lat' dir='ltr'><strong>Dei,</strong></span> <span class='ocrx_word' id='word_1_206' title='bbox 3179 1068 3272 1122; x_wconf 91' lang='lat' dir='ltr'><strong>sed</strong></span> <span class='ocrx_word' id='word_1_207' title='bbox 3299 1067 3494 1122; x_wconf 73' lang='lat' dir='ltr'><strong>animat</strong></span> 
     </span>
    </p>
   </div>
   <div class='ocr_carea' id='block_1_31' title="bbox 1921 1156 3496 1227">
    <p class='ocr_par' dir='ltr' id='par_1_31' title="bbox 1921 1156 3496 1227">
     <span class='ocr_line' id='line_1_31' title="bbox 1921 1156 3496 1227; baseline 0.003 -21"><span class='ocrx_word' id='word_1_208' title='bbox 1921 1165 2158 1210; x_wconf 82' lang='lat' dir='ltr'><strong>vestrae:</strong></span> <span class='ocrx_word' id='word_1_209' title='bbox 2199 1156 2759 1224; x_wconf 73' lang='lat' dir='ltr'><strong>coiiiprelieiideiidatii</strong></span> <span class='ocrx_word' id='word_1_210' title='bbox 2818 1173 2947 1212; x_wconf 88' lang='lat' dir='ltr'><strong>sane</strong></span> <span class='ocrx_word' id='word_1_211' title='bbox 2977 1199 2992 1220; x_wconf 90' lang='lat'><strong>,</strong></span> <span class='ocrx_word' id='word_1_212' title='bbox 3046 1157 3496 1227; x_wconf 86' lang='lat' dir='ltr'><strong>quemadmodum</strong></span> 
     </span>
    </p>
   </div>
   <div class='ocr_carea' id='block_1_32' title="bbox 1917 1249 3496 1315">
    <p class='ocr_par' dir='ltr' id='par_1_32' title="bbox 1917 1249 3496 1315">
     <span class='ocr_line' id='line_1_32' title="bbox 1917 1249 3496 1315; baseline -0.001 -12"><span class='ocrx_word' id='word_1_213' title='bbox 1917 1251 2055 1306; x_wconf 87' lang='lat' dir='ltr'><strong>velle</strong></span> <span class='ocrx_word' id='word_1_214' title='bbox 2087 1261 2178 1303; x_wconf 90' lang='lat' dir='ltr'><strong>ant</strong></span> <span class='ocrx_word' id='word_1_215' title='bbox 2206 1250 2440 1304; x_wconf 70' lang='lat' dir='ltr'><strong>voluisse</strong></span> <span class='ocrx_word' id='word_1_216' title='bbox 2470 1267 2564 1304; x_wconf 87' lang='lat' dir='ltr'><strong>vos</strong></span> <span class='ocrx_word' id='word_1_217' title='bbox 2591 1250 2788 1315; x_wconf 84' lang='lat' dir='ltr'><strong>dicitis,</strong></span> <span class='ocrx_word' id='word_1_218' title='bbox 2813 1249 3113 1304; x_wconf 89' lang='lat' dir='ltr'><strong>certissima</strong></span> <span class='ocrx_word' id='word_1_219' title='bbox 3135 1250 3362 1314; x_wconf 88' lang='lat' dir='ltr'><strong>ratione,</strong></span> <span class='ocrx_word' id='word_1_220' title='bbox 3391 1267 3496 1303; x_wconf 88' lang='lat' dir='ltr'><strong>non</strong></span> 
     </span>
    </p>
   </div>
   <div class='ocr_carea' id='block_1_33' title="bbox 1917 1340 3496 1408">
    <p class='ocr_par' dir='ltr' id='par_1_33' title="bbox 1917 1340 3496 1408">
     <span class='ocr_line' id='line_1_33' title="bbox 1917 1340 3496 1408; baseline -0.001 -16"><span class='ocrx_word' id='word_1_221' title='bbox 1917 1341 2203 1393; x_wconf 85' lang='lat' dir='ltr'><strong>vanissima</strong></span> <span class='ocrx_word' id='word_1_222' title='bbox 2245 1340 2591 1394; x_wconf 83' lang='lat' dir='ltr'><strong>credulitate:</strong></span> <span class='ocrx_word' id='word_1_223' title='bbox 2619 1340 2761 1408; x_wconf 91' lang='lat' dir='ltr'><strong>quod</strong></span> <span class='ocrx_word' id='word_1_224' title='bbox 2791 1355 2912 1394; x_wconf 91' lang='lat' dir='ltr'><strong>cum</strong></span> <span class='ocrx_word' id='word_1_225' title='bbox 2965 1340 3184 1394; x_wconf 89' lang='lat' dir='ltr'><strong>minime</strong></span> <span class='ocrx_word' id='word_1_226' title='bbox 3217 1340 3496 1408; x_wconf 86' lang='lat' dir='ltr'><strong>potueritis</strong></span> 
     </span>
    </p>
   </div>
   <div class='ocr_carea' id='block_1_34' title="bbox 1917 1430 3493 1504">
    <p class='ocr_par' dir='ltr' id='par_1_34' title="bbox 1917 1430 3493 1504">
     <span class='ocr_line' id='line_1_34' title="bbox 1917 1430 3493 1504; baseline -0.003 -17"><span class='ocrx_word' id='word_1_227' title='bbox 1917 1434 2062 1504; x_wconf 90' lang='lat' dir='ltr'><strong>(sine</strong></span> <span class='ocrx_word' id='word_1_228' title='bbox 2090 1433 2250 1486; x_wconf 87' lang='lat' dir='ltr'><strong>dubio</strong></span> <span class='ocrx_word' id='word_1_229' title='bbox 2279 1433 2421 1488; x_wconf 89' lang='lat' dir='ltr'><strong>enim</strong></span> <span class='ocrx_word' id='word_1_230' title='bbox 2467 1432 2718 1502; x_wconf 86' lang='lat' dir='ltr'><strong>quamdiu</strong></span> <span class='ocrx_word' id='word_1_231' title='bbox 2775 1432 2910 1486; x_wconf 86' lang='lat' dir='ltr'><strong>tales</strong></span> <span class='ocrx_word' id='word_1_232' title='bbox 2939 1431 3104 1496; x_wconf 87' lang='lat' dir='ltr'><strong>estis,</strong></span> <span class='ocrx_word' id='word_1_233' title='bbox 3143 1431 3291 1484; x_wconf 87' lang='lat' dir='ltr'><strong>nullo</strong></span> <span class='ocrx_word' id='word_1_234' title='bbox 3331 1430 3493 1484; x_wconf 91' lang='lat' dir='ltr'><strong>modo</strong></span> 
     </span>
    </p>
   </div>
   <div class='ocr_carea' id='block_1_35' title="bbox 1917 1521 3494 1594">
    <p class='ocr_par' dir='ltr' id='par_1_35' title="bbox 1917 1521 3494 1594">
     <span class='ocr_line' id='line_1_35' title="bbox 1917 1521 3494 1594; baseline -0.003 -17"><span class='ocrx_word' id='word_1_235' title='bbox 1917 1524 2199 1594; x_wconf 87' lang='lat' dir='ltr'><strong>poteritis),</strong></span> <span class='ocrx_word' id='word_1_236' title='bbox 2229 1523 2358 1576; x_wconf 91' lang='lat' dir='ltr'><strong>illud</strong></span> <span class='ocrx_word' id='word_1_237' title='bbox 2383 1523 2568 1576; x_wconf 84' lang='lat' dir='ltr'><strong>saltem</strong></span> <span class='ocrx_word' id='word_1_238' title='bbox 2591 1522 2730 1590; x_wconf 91' lang='lat' dir='ltr'><strong>quod</strong></span> <span class='ocrx_word' id='word_1_239' title='bbox 2759 1523 2904 1574; x_wconf 88' lang='lat' dir='ltr'><strong>onmi</strong></span> <span class='ocrx_word' id='word_1_240' title='bbox 2939 1521 3182 1575; x_wconf 61' lang='lat' dir='ltr'><strong>humanae</strong></span> <span class='ocrx_word' id='word_1_241' title='bbox 3219 1522 3382 1574; x_wconf 90' lang='lat' dir='ltr'><strong>menti</strong></span> <span class='ocrx_word' id='word_1_242' title='bbox 3411 1531 3494 1574; x_wconf 90' lang='lat' dir='ltr'><strong>est</strong></span> 
     </span>
    </p>
   </div>
   <div class='ocr_carea' id='block_1_36' title="bbox 1913 1609 3492 1679">
    <p class='ocr_par' dir='ltr' id='par_1_36' title="bbox 1913 1609 3492 1679">
     <span class='ocr_line' id='line_1_36' title="bbox 1913 1609 3492 1679; baseline -0.004 -10"><span class='ocrx_word' id='word_1_243' title='bbox 1913 1616 2225 1670; x_wconf 85' lang='lat' dir='ltr'><strong>naturaliter</strong></span> <span class='ocrx_word' id='word_1_244' title='bbox 2253 1615 2500 1675; x_wconf 89' lang='lat' dir='ltr'><strong>insitum,</strong></span> <span class='ocrx_word' id='word_1_245' title='bbox 2550 1613 2594 1666; x_wconf 92' lang='lat' dir='ltr'><strong>si</strong></span> <span class='ocrx_word' id='word_1_246' title='bbox 2633 1610 2793 1666; x_wconf 90' lang='lat' dir='ltr'><strong>modo</strong></span> <span class='ocrx_word' id='word_1_247' title='bbox 2829 1611 2879 1664; x_wconf 89' lang='lat' dir='ltr'><strong>id</strong></span> <span class='ocrx_word' id='word_1_248' title='bbox 2923 1624 3189 1679; x_wconf 72' lang='lat' dir='ltr'><strong>perversa:</strong></span> <span class='ocrx_word' id='word_1_249' title='bbox 3224 1609 3492 1677; x_wconf 86' lang='lat' dir='ltr'><strong>Opinionis</strong></span> 
     </span>
    </p>
   </div>
   <div class='ocr_carea' id='block_1_37' title="bbox 1913 1701 3492 1778">
    <p class='ocr_par' dir='ltr' id='par_1_37' title="bbox 1913 1701 3492 1778">
     <span class='ocr_line' id='line_1_37' title="bbox 1913 1701 3492 1778; baseline -0.004 -18"><span class='ocrx_word' id='word_1_250' title='bbox 1913 1710 2172 1778; x_wconf 89' lang='lat' dir='ltr'><strong>pravitate</strong></span> <span class='ocrx_word' id='word_1_251' title='bbox 2215 1722 2322 1760; x_wconf 89' lang='lat' dir='ltr'><strong>non</strong></span> <span class='ocrx_word' id='word_1_252' title='bbox 2353 1707 2620 1770; x_wconf 75' lang='lat' dir='ltr'><strong>turbetur,</strong></span> <span class='ocrx_word' id='word_1_253' title='bbox 2651 1703 2756 1758; x_wconf 84' lang='lat' dir='ltr'><strong>Dei</strong></span> <span class='ocrx_word' id='word_1_254' title='bbox 2777 1711 3020 1776; x_wconf 83' lang='lat' dir='ltr'><strong>naturam</strong></span> <span class='ocrx_word' id='word_1_255' title='bbox 3047 1711 3206 1771; x_wconf 85' lang='lat' dir='ltr'><strong>atque</strong></span> <span class='ocrx_word' id='word_1_256' title='bbox 3244 1701 3492 1756; x_wconf 85' lang='lat' dir='ltr'><strong>substan-</strong></span> 
     </span>
    </p>
   </div>
   <div class='ocr_carea' id='block_1_38' title="bbox 1915 1790 3488 1860">
    <p class='ocr_par' dir='ltr' id='par_1_38' title="bbox 1915 1790 3488 1860">
     <span class='ocr_line' id='line_1_38' title="bbox 1915 1790 3488 1860; baseline -0.006 -6"><span class='ocrx_word' id='word_1_257' title='bbox 1915 1801 2038 1856; x_wconf 89' lang='lat' dir='ltr'><strong>tiam</strong></span> <span class='ocrx_word' id='word_1_258' title='bbox 2077 1797 2562 1854; x_wconf 83' lang='lat' dir='ltr'><strong>incotnututabilcm</strong></span> <span class='ocrx_word' id='word_1_259' title='bbox 2589 1796 2828 1860; x_wconf 89' lang='lat' dir='ltr'><strong>omnino,</strong></span> <span class='ocrx_word' id='word_1_260' title='bbox 2855 1794 3076 1848; x_wconf 91' lang='lat' dir='ltr'><strong>omnino</strong></span> <span class='ocrx_word' id='word_1_261' title='bbox 3103 1790 3488 1860; x_wconf 84' lang='lat' dir='ltr'><strong>incorruptibi-</strong></span> 
     </span>
    </p>
   </div>
   <div class='ocr_carea' id='block_1_39' title="bbox 1912 1882 3488 1960">
    <p class='ocr_par' dir='ltr' id='par_1_39' title="bbox 1912 1882 3488 1960">
     <span class='ocr_line' id='line_1_39' title="bbox 1912 1882 3488 1960; baseline -0.006 -15"><span class='ocrx_word' id='word_1_262' title='bbox 1912 1892 2016 1945; x_wconf 82' lang='lat' dir='ltr'><strong>lein</strong></span> <span class='ocrx_word' id='word_1_263' title='bbox 2039 1891 2284 1960; x_wconf 80' lang='lat' dir='ltr'><strong>cogitate,</strong></span> <span class='ocrx_word' id='word_1_264' title='bbox 2321 1888 2404 1942; x_wconf 85' lang='lat' dir='ltr'><strong>vel</strong></span> <span class='ocrx_word' id='word_1_265' title='bbox 2432 1887 2654 1950; x_wconf 90' lang='lat' dir='ltr'><strong>credite,</strong></span> <span class='ocrx_word' id='word_1_266' title='bbox 2686 1895 2739 1940; x_wconf 91' lang='lat' dir='ltr'><strong>et</strong></span> <span class='ocrx_word' id='word_1_267' title='bbox 2777 1883 3058 1938; x_wconf 72' lang='lat' dir='ltr'><strong>manicbati</strong></span> <span class='ocrx_word' id='word_1_268' title='bbox 3097 1882 3351 1936; x_wconf 77' lang='lat' dir='ltr'><strong>Continuo</strong></span> <span class='ocrx_word' id='word_1_269' title='bbox 3382 1895 3488 1936; x_wconf 86' lang='lat' dir='ltr'><strong>non</strong></span> 
     </span>
    </p>
   </div>
   <div class='ocr_carea' id='block_1_40' title="bbox 1911 1979 3236 2053">
    <p class='ocr_par' dir='ltr' id='par_1_40' title="bbox 1911 1979 3236 2053">
     <span class='ocr_line' id='line_1_40' title="bbox 1911 1979 3236 2053; baseline -0.008 -12"><span class='ocrx_word' id='word_1_270' title='bbox 1911 1987 2058 2042; x_wconf 84' lang='lat' dir='ltr'><strong>eritis</strong></span> <span class='ocrx_word' id='word_1_271' title='bbox 2083 2029 2097 2050; x_wconf 91' lang='lat'><strong>,</strong></span> <span class='ocrx_word' id='word_1_272' title='bbox 2129 1996 2184 2040; x_wconf 94' lang='lat' dir='ltr'><strong>ut</strong></span> <span class='ocrx_word' id='word_1_273' title='bbox 2207 1982 2490 2053; x_wconf 84' lang='lat' dir='ltr'><strong>aliquando</strong></span> <span class='ocrx_word' id='word_1_274' title='bbox 2511 1993 2564 2038; x_wconf 89' lang='lat' dir='ltr'><strong>et</strong></span> <span class='ocrx_word' id='word_1_275' title='bbox 2585 1979 2834 2038; x_wconf 68' lang='lat' dir='ltr'><strong>catholici</strong></span> <span class='ocrx_word' id='word_1_276' title='bbox 2861 1995 2979 2034; x_wconf 82' lang='lat' dir='ltr'><strong>esse</strong></span> <span class='ocrx_word' id='word_1_277' title='bbox 3001 1979 3236 2050; x_wconf 88' lang='lat' dir='ltr'><strong>possitis.</strong></span> 
     </span>
    </p>
   </div>
   <div class='ocr_carea' id='block_1_41' title="bbox 1975 2141 3023 2202">
    <p class='ocr_par' dir='ltr' id='par_1_41' title="bbox 1975 2141 3023 2202">
     <span class='ocr_line' id='line_1_41' title="bbox 1975 2141 3023 2202; baseline -0.008 -10"><span class='ocrx_word' id='word_1_278' title='bbox 1975 2147 1990 2176; x_wconf 88' lang='grc'>¹</span> <span class='ocrx_word' id='word_1_279' title='bbox 2028 2153 2127 2192; x_wconf 82' lang='lat' dir='ltr'><strong>Am.</strong></span> <span class='ocrx_word' id='word_1_280' title='bbox 2153 2149 2226 2190; x_wconf 84' lang='lat' dir='ltr'><strong>Er.</strong></span> <span class='ocrx_word' id='word_1_281' title='bbox 2255 2141 2546 2202; x_wconf 68' lang='lat' dir='ltr'><strong>etplerique</strong></span> <span class='ocrx_word' id='word_1_282' title='bbox 2572 2146 2696 2196; x_wconf 63' lang='lat'><strong>3185.,</strong></span> <span class='ocrx_word' id='word_1_283' title='bbox 2739 2145 2784 2187; x_wconf 81' lang='lat' dir='ltr'><strong>et</strong></span> <span class='ocrx_word' id='word_1_284' title='bbox 2803 2141 3023 2187; x_wconf 74' lang='lat' dir='ltr'><strong>cwleras.</strong></span> 
     </span>
    </p>
   </div>
   <div class='ocr_carea' id='block_1_42' title="bbox 224 2287 3486 2348">
    <p class='ocr_par' dir='ltr' id='par_1_42' title="bbox 231 2287 3482 2348">
     <span class='ocr_line' id='line_1_42' title="bbox 231 2287 3482 2348; baseline -0.002 -39"><span class='ocrx_word' id='word_1_285' title='bbox 231 2303 242 2348; x_wconf 71' lang='grc' dir='ltr'><strong>Ι</strong></span> <span class='ocrx_word' id='word_1_286' title='bbox 345 2301 414 2309; x_wconf 74' lang='lat'><strong>——.-</strong></span> <span class='ocrx_word' id='word_1_287' title='bbox 447 2301 588 2310; x_wconf 74' lang='lat'><strong>.__......</strong></span> <span class='ocrx_word' id='word_1_288' title='bbox 614 2301 692 2308; x_wconf 90' lang='lat'>_</span> <span class='ocrx_word' id='word_1_289' title='bbox 709 2301 1302 2310; x_wconf 64' lang='lat'><strong>_.__—.-—.—.—____—.-_</strong></span> <span class='ocrx_word' id='word_1_290' title='bbox 1329 2302 1382 2306; x_wconf 87' lang='lat'><strong>__</strong></span> <span class='ocrx_word' id='word_1_291' title='bbox 1395 2301 1416 2307; x_wconf 84' lang='grc'><strong>..</strong></span> <span class='ocrx_word' id='word_1_292' title='bbox 1477 2302 1502 2306; x_wconf 90' lang='grc'><strong>.-</strong></span> <span class='ocrx_word' id='word_1_293' title='bbox 1519 2303 1528 2306; x_wconf 95' lang='grc'><strong>-</strong></span> <span class='ocrx_word' id='word_1_294' title='bbox 1541 2301 1604 2308; x_wconf 60' lang='grc' dir='ltr'><strong>φη-</strong></span> <span class='ocrx_word' id='word_1_295' title='bbox 1619 2299 1718 2306; x_wconf 60' lang='grc' dir='ltr'><strong>-ν--υ</strong></span> <span class='ocrx_word' id='word_1_296' title='bbox 1735 2297 2140 2306; x_wconf 69' lang='lat'><strong>.—-—-————-——-——-——</strong></span> <span class='ocrx_word' id='word_1_297' title='bbox 2157 2296 2298 2304; x_wconf 75' lang='lat'><strong>—-—--—</strong></span> <span class='ocrx_word' id='word_1_298' title='bbox 2313 2287 3482 2338; x_wconf 51' lang='lat' dir='ltr'><strong>---—-*—-h-&quot;&#39;</strong></span> <span class='ocrx_word' id='word_1_299' title='bbox 2783 2288 3030 2296; x_wconf 58' lang='lat'><strong>#&#39;—&#39;</strong></span> <span class='ocrx_word' id='word_1_300' title='bbox 3057 2288 3105 2294; x_wconf 62' lang='grc'><strong>’-</strong></span> 
     </span>
     <span class='ocr_line' id='line_1_43' title="bbox 261 2339 1427 2348; baseline -0.001 -2"><span class='ocrx_word' id='word_1_301' title='bbox 261 2339 592 2348; x_wconf 50' lang='grc' dir='ltr'><strong>-α-ιυ-έ-</strong></span> <span class='ocrx_word' id='word_1_302' title='bbox 615 2339 1262 2348; x_wconf 59' lang='grc' dir='ltr'><strong>σει-ψ..-</strong></span> <span class='ocrx_word' id='word_1_303' title='bbox 1299 2342 1306 2345; x_wconf 74' lang='lat'>—</span> <span class='ocrx_word' id='word_1_304' title='bbox 1327 2343 1330 2346; x_wconf 89' lang='lat'><strong>.</strong></span> <span class='ocrx_word' id='word_1_305' title='bbox 1419 2342 1427 2345; x_wconf 87' lang='lat'>_</span> 
     </span>
    </p>
   </div>
   <div class='ocr_carea' id='block_1_43' title="bbox 745 2425 2928 2512">
    <p class='ocr_par' dir='ltr' id='par_1_43' title="bbox 745 2425 2928 2512">
     <span class='ocr_line' id='line_1_44' title="bbox 745 2425 2928 2512; baseline -0.008 -10"><span class='ocrx_word' id='word_1_306' title='bbox 745 2441 826 2502; x_wconf 88' lang='lat' dir='ltr'><strong>IN</strong></span> <span class='ocrx_word' id='word_1_307' title='bbox 870 2439 1470 2512; x_wconf 87' lang='lat' dir='ltr'><strong>SUBSEQUENTES</strong></span> <span class='ocrx_word' id='word_1_308' title='bbox 1511 2435 2136 2500; x_wconf 79' lang='lat' dir='ltr'><strong>DISPUTATIONES</strong></span> <span class='ocrx_word' id='word_1_309' title='bbox 2177 2432 2498 2494; x_wconf 75' lang='lat' dir='ltr'><strong>CONTRA</strong></span> <span class='ocrx_word' id='word_1_310' title='bbox 2539 2425 2888 2488; x_wconf 86' lang='lat' dir='ltr'><strong>FELICEM</strong></span> <span class='ocrx_word' id='word_1_311' title='bbox 2913 2469 2928 2496; x_wconf 90' lang='lat'><strong>,</strong></span> 
     </span>
    </p>
   </div>
   <div class='ocr_carea' id='block_1_44' title="bbox 217 2587 3480 2688">
    <p class='ocr_par' dir='ltr' id='par_1_44' title="bbox 217 2587 3480 2688">
     <span class='ocr_line' id='line_1_45' title="bbox 217 2587 3480 2688; baseline -0.006 -22"><span class='ocrx_word' id='word_1_312' title='bbox 217 2605 364 2668; x_wconf 68' lang='lat' dir='ltr'><strong>Vide</strong></span> <span class='ocrx_word' id='word_1_313' title='bbox 436 2605 550 2668; x_wconf 80' lang='lat' dir='ltr'><strong>It&#39;b.</strong></span> <span class='ocrx_word' id='word_1_314' title='bbox 581 2607 666 2682; x_wconf 23' lang='lat'><strong>.2,</strong></span> <span class='ocrx_word' id='word_1_315' title='bbox 700 2623 834 2686; x_wconf 75' lang='lat' dir='ltr'><strong>cap.</strong></span> <span class='ocrx_word' id='word_1_316' title='bbox 865 2607 905 2668; x_wconf 92' lang='lat'>8</span> <span class='ocrx_word' id='word_1_317' title='bbox 929 2651 946 2681; x_wconf 92' lang='lat'><strong>,</strong></span> <span class='ocrx_word' id='word_1_318' title='bbox 975 2587 1561 2688; x_wconf 66' lang='lat' dir='ltr'><strong>Retractationum,</strong></span> <span class='ocrx_word' id='word_1_319' title='bbox 1592 2613 1746 2688; x_wconf 80' lang='lat' dir='ltr'><strong>_ton_t.</strong></span> <span class='ocrx_word' id='word_1_320' title='bbox 1793 2605 1855 2688; x_wconf 86' lang='lat'><strong>1,_</strong></span> <span class='ocrx_word' id='word_1_321' title='bbox 1887 2603 2015 2688; x_wconf 63' lang='lat' dir='ltr'><strong>col.</strong></span> <span class='ocrx_word' id='word_1_322' title='bbox 2042 2601 2206 2688; x_wconf 82' lang='lat'><strong>_633._</strong></span> <span class='ocrx_word' id='word_1_323' title='bbox 2239 2597 2440 2688; x_wconf 61' lang='lat' dir='ltr'><strong>verbis</strong></span> <span class='ocrx_word' id='word_1_324' title='bbox 2461 2645 2487 2688; x_wconf 43' lang='lat'><strong>..</strong></span> <span class='ocrx_word' id='word_1_325' title='bbox 2509 2596 2746 2688; x_wconf 60' lang='lat' dir='ltr'><strong>Contra</strong></span> <span class='ocrx_word' id='word_1_326' title='bbox 2793 2592 3242 2660; x_wconf 70' lang='lat' dir='ltr'><strong>Manichaaum,</strong></span> <span class='ocrx_word' id='word_1_327' title='bbox 3291 2607 3480 2668; x_wconf 79' lang='lat' dir='ltr'><strong>usque</strong></span> 
     </span>
    </p>
   </div>
   <div class='ocr_carea' id='block_1_45' title="bbox 972 2675 2718 2761">
    <p class='ocr_par' dir='ltr' id='par_1_45' title="bbox 972 2675 2718 2761">
     <span class='ocr_line' id='line_1_46' title="bbox 972 2675 2718 2761; baseline -0.007 -16"><span class='ocrx_word' id='word_1_328' title='bbox 972 2685 1052 2746; x_wconf 82' lang='lat' dir='ltr'><strong>ad</strong></span> <span class='ocrx_word' id='word_1_329' title='bbox 1105 2687 1223 2747; x_wconf 78' lang='lat' dir='ltr'><strong>col.</strong></span> <span class='ocrx_word' id='word_1_330' title='bbox 1260 2685 1401 2759; x_wconf 63' lang='lat' dir='ltr'><strong>63h,</strong></span> <span class='ocrx_word' id='word_1_331' title='bbox 1435 2683 1654 2750; x_wconf 80' lang='lat' dir='ltr'><strong>verbis,</strong></span> <span class='ocrx_word' id='word_1_332' title='bbox 1688 2684 1968 2761; x_wconf 88' lang='lat' dir='ltr'><strong>Septimo</strong></span> <span class='ocrx_word' id='word_1_333' title='bbox 2001 2681 2140 2741; x_wconf 91' lang='lat' dir='ltr'><strong>idus</strong></span> <span class='ocrx_word' id='word_1_334' title='bbox 2172 2676 2549 2738; x_wconf 87' lang='lat' dir='ltr'><strong>decembris.</strong></span> <span class='ocrx_word' id='word_1_335' title='bbox 2633 2675 2718 2733; x_wconf 88' lang='lat' dir='ltr'><strong>M.</strong></span> 
     </span>
    </p>
   </div>
   <div class='ocr_carea' id='block_1_46' title="bbox 211 2851 3492 2936">
    <p class='ocr_par' dir='ltr' id='par_1_46' title="bbox 379 2859 3220 2932">
     <span class='ocr_line' id='line_1_47' title="bbox 379 2859 3220 2891; baseline -0.012 7"><span class='ocrx_word' id='word_1_336' title='bbox 379 2884 390 2890; x_wconf 72' lang='lat'><strong>-</strong></span> <span class='ocrx_word' id='word_1_337' title='bbox 404 2881 1472 2891; x_wconf 53' lang='lat' dir='ltr'><strong>———-———-‘__——&quot;‘q‘——-———.</strong></span> <span class='ocrx_word' id='word_1_338' title='bbox 1493 2880 1552 2886; x_wconf 56' lang='grc' dir='ltr'><strong><em>--η</em></strong></span> <span class='ocrx_word' id='word_1_339' title='bbox 1573 2879 1644 2885; x_wconf 56' lang='grc' dir='ltr'><strong>...ς-</strong></span> <span class='ocrx_word' id='word_1_340' title='bbox 1657 2872 2188 2884; x_wconf 48' lang='lat' dir='ltr'><strong>“w._q—-_-—.—w—</strong></span> <span class='ocrx_word' id='word_1_341' title='bbox 2205 2871 2368 2878; x_wconf 67' lang='lat'><strong>--———-——</strong></span> <span class='ocrx_word' id='word_1_342' title='bbox 2385 2865 2620 2876; x_wconf 46' lang='grc' dir='ltr'><strong>μνον-ψ-</strong></span> <span class='ocrx_word' id='word_1_343' title='bbox 2641 2865 2792 2874; x_wconf 64' lang='grc' dir='ltr'><strong>...ν-η-ι</strong></span> <span class='ocrx_word' id='word_1_344' title='bbox 2957 2859 3078 2870; x_wconf 51' lang='grc' dir='ltr'><strong>..η-⁸,</strong></span> <span class='ocrx_word' id='word_1_345' title='bbox 3203 2860 3220 2866; x_wconf 60' lang='grc' dir='ltr'>α</span> 
     </span>
     <span class='ocr_line' id='line_1_48' title="bbox 705 2912 2126 2932; baseline -0.008 -2"><span class='ocrx_word' id='word_1_346' title='bbox 705 2917 1654 2932; x_wconf 45' lang='grc' dir='ltr'><strong>ς--ι--ηιυ--ο--ι--ι-ρ-ι--ι--ᾘ-</strong></span> <span class='ocrx_word' id='word_1_347' title='bbox 1669 2912 2126 2926; x_wconf 38' lang='grc' dir='ltr'><strong>ψ-*ο--ι-ν-</strong></span> 
     </span>
    </p>
   </div>
   <div class='ocr_carea' id='block_1_47' title="bbox 1287 3026 2376 3146">
    <p class='ocr_par' dir='ltr' id='par_1_47' title="bbox 1287 3026 2376 3146">
     <span class='ocr_line' id='line_1_49' title="bbox 1287 3026 2376 3146; baseline -0.008 1"><span class='ocrx_word' id='word_1_348' title='bbox 1287 3026 2376 3146; x_wconf 74' lang='grc' dir='ltr'><strong>ΔΒΜΟΝῙΤῙθ.</strong></span> 
     </span>
    </p>
   </div>
   <div class='ocr_carea' id='block_1_48' title="bbox 1746 3268 1996 3324">
    <p class='ocr_par' dir='ltr' id='par_1_48' title="bbox 1746 3268 1996 3324">
     <span class='ocr_line' id='line_1_50' title="bbox 1746 3268 1996 3324; baseline -0.004 0"><span class='ocrx_word' id='word_1_349' title='bbox 1746 3268 1996 3324; x_wconf 65' lang='lat' dir='ltr'><strong>Ge</strong></span> 
     </span>
    </p>
   </div>
   <div class='ocr_carea' id='block_1_49' title="bbox 265 3431 3466 3519">
    <p class='ocr_par' dir='ltr' id='par_1_49' title="bbox 265 3431 3466 3519">
     <span class='ocr_line' id='line_1_51' title="bbox 265 3431 3466 3519; baseline -0.007 -15"><span class='ocrx_word' id='word_1_350' title='bbox 265 3450 560 3506; x_wconf 64' lang='lat' dir='ltr'><strong>De&#39;iisdem</strong></span> <span class='ocrx_word' id='word_1_351' title='bbox 583 3460 765 3504; x_wconf 87' lang='lat' dir='ltr'><strong>contra</strong></span> <span class='ocrx_word' id='word_1_352' title='bbox 795 3449 1022 3504; x_wconf 84' lang='lat' dir='ltr'><strong>Felicem</strong></span> <span class='ocrx_word' id='word_1_353' title='bbox 1040 3450 1480 3519; x_wconf 84' lang='lat' dir='ltr'><strong>disputationibus</strong></span> <span class='ocrx_word' id='word_1_354' title='bbox 1499 3448 1764 3502; x_wconf 86' lang='lat' dir='ltr'><strong>Possidius</strong></span> <span class='ocrx_word' id='word_1_355' title='bbox 1787 3448 1837 3500; x_wconf 90' lang='lat' dir='ltr'><strong>in</strong></span> <span class='ocrx_word' id='word_1_356' title='bbox 1871 3448 2144 3518; x_wconf 77' lang='lat' dir='ltr'><strong>Augusnni</strong></span> <span class='ocrx_word' id='word_1_357' title='bbox 2169 3447 2303 3508; x_wconf 74' lang='lat' dir='ltr'><strong>Vita,</strong></span> <span class='ocrx_word' id='word_1_358' title='bbox 2331 3459 2449 3510; x_wconf 86' lang='lat' dir='ltr'><strong>cap.</strong></span> <span class='ocrx_word' id='word_1_359' title='bbox 2484 3439 2564 3504; x_wconf 80' lang='grc'><strong>16,</strong></span> <span class='ocrx_word' id='word_1_360' title='bbox 2589 3438 2774 3494; x_wconf 86' lang='lat' dir='ltr'><strong>scribit</strong></span> <span class='ocrx_word' id='word_1_361' title='bbox 2806 3455 2818 3490; x_wconf 92' lang='lat'><strong>:</strong></span> <span class='ocrx_word' id='word_1_362' title='bbox 2854 3455 2872 3488; x_wconf 79' lang='grc' dir='ltr'>ι</span> <span class='ocrx_word' id='word_1_363' title='bbox 2900 3435 3030 3489; x_wconf 88' lang='lat' dir='ltr'><strong>Cum</strong></span> <span class='ocrx_word' id='word_1_364' title='bbox 3053 3432 3279 3502; x_wconf 88' lang='lat' dir='ltr'><strong>quodam</strong></span> <span class='ocrx_word' id='word_1_365' title='bbox 3308 3431 3466 3484; x_wconf 87' lang='lat' dir='ltr'><strong>etiam</strong></span> 
     </span>
    </p>
   </div>
   <div class='ocr_carea' id='block_1_50' title="bbox 213 3524 3476 3611">
    <p class='ocr_par' dir='ltr' id='par_1_50' title="bbox 213 3524 3476 3611">
     <span class='ocr_line' id='line_1_52' title="bbox 213 3524 3476 3611; baseline -0.006 -16"><span class='ocrx_word' id='word_1_366' title='bbox 213 3561 232 3595; x_wconf 69' lang='grc' dir='ltr'><strong><em>ι</em></strong></span> <span class='ocrx_word' id='word_1_367' title='bbox 262 3543 452 3607; x_wconf 77' lang='lat' dir='ltr'><strong>Felice,</strong></span> <span class='ocrx_word' id='word_1_368' title='bbox 487 3542 554 3596; x_wconf 89' lang='lat' dir='ltr'><strong>de</strong></span> <span class='ocrx_word' id='word_1_369' title='bbox 597 3557 820 3596; x_wconf 85' lang='lat' dir='ltr'><strong>numero</strong></span> <span class='ocrx_word' id='word_1_370' title='bbox 843 3557 1028 3596; x_wconf 89' lang='lat' dir='ltr'><strong>eorum</strong></span> <span class='ocrx_word' id='word_1_371' title='bbox 1055 3557 1188 3611; x_wconf 89' lang='lat' dir='ltr'><strong>quos</strong></span> <span class='ocrx_word' id='word_1_372' title='bbox 1218 3543 1424 3595; x_wconf 80' lang='lat' dir='ltr'><strong>Electus</strong></span> <span class='ocrx_word' id='word_1_373' title='bbox 1447 3541 1628 3595; x_wconf 89' lang='lat' dir='ltr'><strong>dicunt</strong></span> <span class='ocrx_word' id='word_1_374' title='bbox 1667 3541 1821 3594; x_wconf 86' lang='lat' dir='ltr'><strong>iidem</strong></span> <span class='ocrx_word' id='word_1_375' title='bbox 1853 3539 2150 3602; x_wconf 77' lang='lat' dir='ltr'><strong>Maniclnei,</strong></span> <span class='ocrx_word' id='word_1_376' title='bbox 2180 3541 2376 3605; x_wconf 88' lang='lat' dir='ltr'><strong>quique</strong></span> <span class='ocrx_word' id='word_1_377' title='bbox 2407 3534 2698 3602; x_wconf 84' lang='lat' dir='ltr'><strong>Hipponem</strong></span> <span class='ocrx_word' id='word_1_378' title='bbox 2733 3525 3214 3582; x_wconf 84' lang='lat' dir='ltr'><strong>venerateuindem</strong></span> <span class='ocrx_word' id='word_1_379' title='bbox 3241 3524 3476 3578; x_wconf 87' lang='lat' dir='ltr'><strong>semina-</strong></span> 
     </span>
    </p>
   </div>
   <div class='ocr_carea' id='block_1_51' title="bbox 215 3619 3478 3704">
    <p class='ocr_par' dir='ltr' id='par_1_51' title="bbox 215 3619 3478 3704">
     <span class='ocr_line' id='line_1_53' title="bbox 215 3619 3478 3704; baseline -0.004 -16"><span class='ocrx_word' id='word_1_380' title='bbox 215 3654 236 3688; x_wconf 77' lang='grc' dir='ltr'>ι</span> <span class='ocrx_word' id='word_1_381' title='bbox 267 3645 414 3690; x_wconf 87' lang='lat' dir='ltr'><strong>turus</strong></span> <span class='ocrx_word' id='word_1_382' title='bbox 437 3650 678 3690; x_wconf 86' lang='lat' dir='ltr'><strong>errorem</strong></span> <span class='ocrx_word' id='word_1_383' title='bbox 697 3677 712 3699; x_wconf 92' lang='lat'><strong>,</strong></span> <span class='ocrx_word' id='word_1_384' title='bbox 743 3635 951 3703; x_wconf 87' lang='lat' dir='ltr'><strong>publice</strong></span> <span class='ocrx_word' id='word_1_385' title='bbox 989 3635 1039 3688; x_wconf 92' lang='lat' dir='ltr'><strong>in</strong></span> <span class='ocrx_word' id='word_1_386' title='bbox 1070 3633 1392 3704; x_wconf 79' lang='lat' dir='ltr'><strong>Hipponensi</strong></span> <span class='ocrx_word' id='word_1_387' title='bbox 1421 3635 1642 3688; x_wconf 76' lang='lat' dir='ltr'><strong>ecclesia</strong></span> <span class='ocrx_word' id='word_1_388' title='bbox 1691 3635 1912 3688; x_wconf 90' lang='lat' dir='ltr'><strong>notariis</strong></span> <span class='ocrx_word' id='word_1_389' title='bbox 1937 3633 2322 3701; x_wconf 71' lang='lat' dir='ltr'><strong>exeipientibns</strong></span> <span class='ocrx_word' id='word_1_390' title='bbox 2363 3628 2648 3696; x_wconf 84' lang='lat' dir='ltr'><strong>disputavit</strong></span> <span class='ocrx_word' id='word_1_391' title='bbox 2690 3627 2876 3682; x_wconf 89' lang='lat' dir='ltr'><strong>beatus</strong></span> <span class='ocrx_word' id='word_1_392' title='bbox 2905 3624 3252 3693; x_wconf 82' lang='lat' dir='ltr'><strong>Augustinus,</strong></span> <span class='ocrx_word' id='word_1_393' title='bbox 3287 3619 3478 3688; x_wconf 88' lang='lat' dir='ltr'><strong>populo</strong></span> 
     </span>
    </p>
   </div>
   <div class='ocr_carea' id='block_1_52' title="bbox 211 3710 3480 3794">
    <p class='ocr_par' dir='ltr' id='par_1_52' title="bbox 211 3710 3480 3794">
     <span class='ocr_line' id='line_1_54' title="bbox 211 3710 3480 3794; baseline -0.007 -8"><span class='ocrx_word' id='word_1_394' title='bbox 211 3748 234 3786; x_wconf 72' lang='grc' dir='ltr'>ι</span> <span class='ocrx_word' id='word_1_395' title='bbox 263 3736 506 3790; x_wconf 80' lang='lat' dir='ltr'><strong>astante;</strong></span> <span class='ocrx_word' id='word_1_396' title='bbox 535 3737 592 3780; x_wconf 90' lang='lat' dir='ltr'><strong>et</strong></span> <span class='ocrx_word' id='word_1_397' title='bbox 616 3735 732 3794; x_wconf 89' lang='lat' dir='ltr'><strong>post</strong></span> <span class='ocrx_word' id='word_1_398' title='bbox 755 3726 1044 3780; x_wconf 87' lang='lat' dir='ltr'><strong>secundam</strong></span> <span class='ocrx_word' id='word_1_399' title='bbox 1069 3728 1150 3779; x_wconf 89' lang='lat' dir='ltr'><strong>vel</strong></span> <span class='ocrx_word' id='word_1_400' title='bbox 1181 3729 1386 3780; x_wconf 88' lang='lat' dir='ltr'><strong>tertiam</strong></span> <span class='ocrx_word' id='word_1_401' title='bbox 1415 3726 1752 3778; x_wconf 66' lang='lat' dir='ltr'><strong>collationem</strong></span> <span class='ocrx_word' id='word_1_402' title='bbox 1778 3727 1863 3780; x_wconf 90' lang='lat' dir='ltr'><strong>ille</strong></span> <span class='ocrx_word' id='word_1_403' title='bbox 1887 3726 2209 3778; x_wconf 75' lang='lat' dir='ltr'><strong>mauiclnrns</strong></span> <span class='ocrx_word' id='word_1_404' title='bbox 2239 3723 2482 3776; x_wconf 82' lang='lat' dir='ltr'><strong>frustrata</strong></span> <span class='ocrx_word' id='word_1_405' title='bbox 2512 3719 2739 3772; x_wconf 86' lang='lat' dir='ltr'><strong>vanitate</strong></span> <span class='ocrx_word' id='word_1_406' title='bbox 2765 3725 2822 3771; x_wconf 89' lang='lat' dir='ltr'><strong>et</strong></span> <span class='ocrx_word' id='word_1_407' title='bbox 2847 3731 3029 3772; x_wconf 88' lang='lat' dir='ltr'><strong>errore</strong></span> <span class='ocrx_word' id='word_1_408' title='bbox 3050 3715 3190 3768; x_wconf 86' lang='lat' dir='ltr'><strong>illius</strong></span> <span class='ocrx_word' id='word_1_409' title='bbox 3215 3723 3376 3767; x_wconf 77' lang='lat' dir='ltr'><strong>secta:</strong></span> <span class='ocrx_word' id='word_1_410' title='bbox 3405 3710 3480 3765; x_wconf 79' lang='lat' dir='ltr'><strong>ad-</strong></span> 
     </span>
    </p>
   </div>
   <div class='ocr_carea' id='block_1_53' title="bbox 209 3804 3472 3885">
    <p class='ocr_par' dir='ltr' id='par_1_53' title="bbox 209 3804 3472 3885">
     <span class='ocr_line' id='line_1_55' title="bbox 209 3804 3472 3885; baseline -0.003 -19"><span class='ocrx_word' id='word_1_411' title='bbox 209 3835 232 3866; x_wconf 70' lang='grc' dir='ltr'><strong><em>ς</em></strong></span> <span class='ocrx_word' id='word_1_412' title='bbox 265 3826 502 3870; x_wconf 83' lang='lat' dir='ltr'><strong>nostrain</strong></span> <span class='ocrx_word' id='word_1_413' title='bbox 529 3831 818 3870; x_wconf 82' lang='lat' dir='ltr'><strong>conversus</strong></span> <span class='ocrx_word' id='word_1_414' title='bbox 841 3823 924 3872; x_wconf 85' lang='lat' dir='ltr'><strong>est</strong></span> <span class='ocrx_word' id='word_1_415' title='bbox 952 3817 1108 3872; x_wconf 82' lang='lat' dir='ltr'><strong>ﬁdem</strong></span> <span class='ocrx_word' id='word_1_416' title='bbox 1133 3827 1291 3885; x_wconf 88' lang='lat' dir='ltr'><strong>atque</strong></span> <span class='ocrx_word' id='word_1_417' title='bbox 1314 3818 1622 3880; x_wconf 85' lang='lat' dir='ltr'><strong>Ecclesiam,</strong></span> <span class='ocrx_word' id='word_1_418' title='bbox 1651 3817 1790 3870; x_wconf 85' lang='lat' dir='ltr'><strong>sicut</strong></span> <span class='ocrx_word' id='word_1_419' title='bbox 1813 3815 1996 3870; x_wconf 88' lang='lat' dir='ltr'><strong>eadem</strong></span> <span class='ocrx_word' id='word_1_420' title='bbox 2027 3815 2220 3869; x_wconf 82' lang='lat' dir='ltr'><strong>reiecta</strong></span> <span class='ocrx_word' id='word_1_421' title='bbox 2239 3814 2430 3869; x_wconf 81' lang='lat' dir='ltr'><strong>docere</strong></span> <span class='ocrx_word' id='word_1_422' title='bbox 2453 3811 2644 3880; x_wconf 89' lang='lat' dir='ltr'><strong>poterit</strong></span> <span class='ocrx_word' id='word_1_423' title='bbox 2668 3811 2945 3877; x_wconf 79' lang='lat' dir='ltr'><strong>scriptura.</strong></span> <span class='ocrx_word' id='word_1_424' title='bbox 2985 3825 3005 3857; x_wconf 85' lang='grc'><strong>›</strong></span> <span class='ocrx_word' id='word_1_425' title='bbox 3041 3805 3140 3862; x_wconf 88' lang='lat' dir='ltr'><strong>Ubi</strong></span> <span class='ocrx_word' id='word_1_426' title='bbox 3162 3814 3270 3860; x_wconf 90' lang='lat' dir='ltr'><strong>tres</strong></span> <span class='ocrx_word' id='word_1_427' title='bbox 3295 3804 3472 3858; x_wconf 86' lang='lat' dir='ltr'><strong>Possi-</strong></span> 
     </span>
    </p>
   </div>
   <div class='ocr_carea' id='block_1_54' title="bbox 211 3889 3480 3976">
    <p class='ocr_par' dir='ltr' id='par_1_54' title="bbox 211 3889 3480 3976">
     <span class='ocr_line' id='line_1_56' title="bbox 211 3889 3480 3976; baseline -0.004 -17"><span class='ocrx_word' id='word_1_428' title='bbox 211 3906 320 3960; x_wconf 85' lang='lat' dir='ltr'><strong>dius</strong></span> <span class='ocrx_word' id='word_1_429' title='bbox 367 3908 568 3962; x_wconf 88' lang='lat' dir='ltr'><strong>indicat</strong></span> <span class='ocrx_word' id='word_1_430' title='bbox 591 3889 801 3961; x_wconf 84' lang='lat' dir='ltr'><strong>habitas</strong></span> <span class='ocrx_word' id='word_1_431' title='bbox 825 3907 1156 3972; x_wconf 87' lang='lat' dir='ltr'><strong>collationes,</strong></span> <span class='ocrx_word' id='word_1_432' title='bbox 1187 3924 1246 3962; x_wconf 90' lang='lat' dir='ltr'><strong>ca</strong></span> <span class='ocrx_word' id='word_1_433' title='bbox 1273 3909 1473 3962; x_wconf 87' lang='lat' dir='ltr'><strong>scilicet</strong></span> <span class='ocrx_word' id='word_1_434' title='bbox 1503 3916 1802 3975; x_wconf 81' lang='lat' dir='ltr'><strong>computata</strong></span> <span class='ocrx_word' id='word_1_435' title='bbox 1827 3949 1840 3970; x_wconf 93' lang='lat'><strong>,</strong></span> <span class='ocrx_word' id='word_1_436' title='bbox 1872 3923 2030 3976; x_wconf 90' lang='lat' dir='ltr'><strong>quam</strong></span> <span class='ocrx_word' id='word_1_437' title='bbox 2059 3907 2174 3959; x_wconf 86' lang='lat' dir='ltr'><strong>sine</strong></span> <span class='ocrx_word' id='word_1_438' title='bbox 2193 3905 2412 3958; x_wconf 84' lang='lat' dir='ltr'><strong>notariis</strong></span> <span class='ocrx_word' id='word_1_439' title='bbox 2441 3901 2607 3970; x_wconf 83' lang='lat' dir='ltr'><strong>pridie</strong></span> <span class='ocrx_word' id='word_1_440' title='bbox 2633 3899 2911 3955; x_wconf 86' lang='lat' dir='ltr'><strong>Gestorum</strong></span> <span class='ocrx_word' id='word_1_441' title='bbox 2935 3897 3263 3968; x_wconf 87' lang='lat' dir='ltr'><strong>publicorum</strong></span> <span class='ocrx_word' id='word_1_442' title='bbox 3297 3893 3480 3950; x_wconf 88' lang='lat' dir='ltr'><strong>habuit</strong></span> 
     </span>
    </p>
   </div>
   <div class='ocr_carea' id='block_1_55' title="bbox 207 3983 3482 4067">
    <p class='ocr_par' dir='ltr' id='par_1_55' title="bbox 207 3983 3482 4067">
     <span class='ocr_line' id='line_1_57' title="bbox 207 3983 3482 4067; baseline -0.004 -15"><span class='ocrx_word' id='word_1_443' title='bbox 207 4015 319 4052; x_wconf 78' lang='lat' dir='ltr'><strong>cum</strong></span> <span class='ocrx_word' id='word_1_444' title='bbox 349 4000 530 4054; x_wconf 78' lang='lat' dir='ltr'><strong>Felice</strong></span> <span class='ocrx_word' id='word_1_445' title='bbox 551 3983 874 4066; x_wconf 72' lang='lat' dir='ltr'><strong>Augustinus</strong></span> <span class='ocrx_word' id='word_1_446' title='bbox 907 4017 921 4052; x_wconf 89' lang='lat'><strong>:</strong></span> <span class='ocrx_word' id='word_1_447' title='bbox 952 4001 1089 4054; x_wconf 88' lang='lat' dir='ltr'><strong>unde</strong></span> <span class='ocrx_word' id='word_1_448' title='bbox 1117 4001 1266 4054; x_wconf 90' lang='lat' dir='ltr'><strong>initio</strong></span> <span class='ocrx_word' id='word_1_449' title='bbox 1294 4001 1410 4052; x_wconf 88' lang='lat' dir='ltr'><strong>libri</strong></span> <span class='ocrx_word' id='word_1_450' title='bbox 1443 3999 1592 4067; x_wconf 88' lang='lat' dir='ltr'><strong>primi</strong></span> <span class='ocrx_word' id='word_1_451' title='bbox 1622 4001 1714 4065; x_wconf 85' lang='lat' dir='ltr'><strong>ait,</strong></span> <span class='ocrx_word' id='word_1_452' title='bbox 1751 4017 1768 4050; x_wconf 76' lang='grc' dir='ltr'>ι</span> <span class='ocrx_word' id='word_1_453' title='bbox 1805 3998 2065 4053; x_wconf 68' lang='lat' dir='ltr'><strong>Hesterno</strong></span> <span class='ocrx_word' id='word_1_454' title='bbox 2090 3998 2176 4052; x_wconf 90' lang='lat' dir='ltr'><strong>die</strong></span> <span class='ocrx_word' id='word_1_455' title='bbox 2205 4000 2308 4050; x_wconf 88' lang='lat' dir='ltr'><strong>scis</strong></span> <span class='ocrx_word' id='word_1_456' title='bbox 2351 4006 2401 4050; x_wconf 89' lang='lat' dir='ltr'><strong>te</strong></span> <span class='ocrx_word' id='word_1_457' title='bbox 2439 3997 2637 4049; x_wconf 76' lang='lat' dir='ltr'><strong>dixisse</strong></span> <span class='ocrx_word' id='word_1_458' title='bbox 2665 3993 2802 4062; x_wconf 87' lang='lat' dir='ltr'><strong>quod</strong></span> <span class='ocrx_word' id='word_1_459' title='bbox 2831 3994 2998 4060; x_wconf 84' lang='lat' dir='ltr'><strong>possis</strong></span> <span class='ocrx_word' id='word_1_460' title='bbox 3025 3989 3312 4052; x_wconf 80' lang='lat' dir='ltr'><strong>defendere</strong></span> <span class='ocrx_word' id='word_1_461' title='bbox 3339 3988 3482 4050; x_wconf 46' lang='lat' dir='ltr'><strong>scrig</strong></span> 
     </span>
    </p>
   </div>
   <div class='ocr_carea' id='block_1_56' title="bbox 213 4077 3474 4158">
    <p class='ocr_par' dir='ltr' id='par_1_56' title="bbox 213 4077 3474 4158">
     <span class='ocr_line' id='line_1_58' title="bbox 213 4077 3474 4158; baseline -0.004 -18"><span class='ocrx_word' id='word_1_462' title='bbox 213 4109 230 4140; x_wconf 73' lang='grc' dir='ltr'>ι</span> <span class='ocrx_word' id='word_1_463' title='bbox 265 4102 438 4158; x_wconf 85' lang='lat' dir='ltr'><strong>ptnras</strong></span> <span class='ocrx_word' id='word_1_464' title='bbox 465 4091 760 4146; x_wconf 68' lang='lat' dir='ltr'><strong>Maluit-had.</strong></span> <span class='ocrx_word' id='word_1_465' title='bbox 798 4109 817 4144; x_wconf 71' lang='grc' dir='ltr'><strong>ι</strong></span> <span class='ocrx_word' id='word_1_466' title='bbox 853 4091 906 4144; x_wconf 86' lang='lat' dir='ltr'><strong>In</strong></span> <span class='ocrx_word' id='word_1_467' title='bbox 939 4092 1166 4158; x_wconf 85' lang='lat' dir='ltr'><strong>priorem</strong></span> <span class='ocrx_word' id='word_1_468' title='bbox 1195 4093 1348 4144; x_wconf 86' lang='lat' dir='ltr'><strong>istam</strong></span> <span class='ocrx_word' id='word_1_469' title='bbox 1374 4091 1708 4143; x_wconf 88' lang='lat' dir='ltr'><strong>collationem</strong></span> <span class='ocrx_word' id='word_1_470' title='bbox 1735 4087 1950 4158; x_wconf 85' lang='lat' dir='ltr'><strong>respicit</strong></span> <span class='ocrx_word' id='word_1_471' title='bbox 1976 4098 2030 4142; x_wconf 90' lang='lat' dir='ltr'><strong>et</strong></span> <span class='ocrx_word' id='word_1_472' title='bbox 2051 4087 2172 4141; x_wconf 88' lang='lat' dir='ltr'><strong>illud</strong></span> <span class='ocrx_word' id='word_1_473' title='bbox 2196 4086 2334 4156; x_wconf 88' lang='lat' dir='ltr'><strong>quod</strong></span> <span class='ocrx_word' id='word_1_474' title='bbox 2363 4085 2490 4140; x_wconf 89' lang='lat' dir='ltr'><strong>dicit</strong></span> <span class='ocrx_word' id='word_1_475' title='bbox 2519 4085 2684 4146; x_wconf 80' lang='lat' dir='ltr'><strong>Felix,</strong></span> <span class='ocrx_word' id='word_1_476' title='bbox 2707 4083 2798 4138; x_wconf 90' lang='lat' dir='ltr'><strong>lib.</strong></span> <span class='ocrx_word' id='word_1_477' title='bbox 2837 4083 2885 4146; x_wconf 83' lang='lat' dir='ltr'><strong>l,</strong></span> <span class='ocrx_word' id='word_1_478' title='bbox 2917 4095 3035 4148; x_wconf 80' lang='lat' dir='ltr'><strong>cap.</strong></span> <span class='ocrx_word' id='word_1_479' title='bbox 3060 4079 3166 4132; x_wconf 76' lang='lat' dir='ltr'><strong>M:</strong></span> <span class='ocrx_word' id='word_1_480' title='bbox 3201 4103 3220 4130; x_wconf 80' lang='grc' dir='ltr'>ι</span> <span class='ocrx_word' id='word_1_481' title='bbox 3257 4077 3310 4132; x_wconf 91' lang='lat' dir='ltr'><strong>Si</strong></span> <span class='ocrx_word' id='word_1_482' title='bbox 3343 4077 3474 4130; x_wconf 90' lang='lat' dir='ltr'><strong>mihi</strong></span> 
     </span>
    </p>
   </div>
   <div class='ocr_carea' id='block_1_57' title="bbox 215 4169 3484 4251">
    <p class='ocr_par' dir='ltr' id='par_1_57' title="bbox 215 4169 3484 4251">
     <span class='ocr_line' id='line_1_59' title="bbox 215 4169 3484 4251; baseline -0.004 -19"><span class='ocrx_word' id='word_1_483' title='bbox 215 4201 236 4232; x_wconf 70' lang='grc' dir='ltr'>ε</span> <span class='ocrx_word' id='word_1_484' title='bbox 271 4183 514 4238; x_wconf 86' lang='lat' dir='ltr'><strong>attuleris</strong></span> <span class='ocrx_word' id='word_1_485' title='bbox 555 4183 847 4251; x_wconf 89' lang='lat' dir='ltr'><strong>scripturas</strong></span> <span class='ocrx_word' id='word_1_486' title='bbox 883 4181 1174 4243; x_wconf 73' lang='lat' dir='ltr'><strong>Manichtei,</strong></span> <span class='ocrx_word' id='word_1_487' title='bbox 1203 4187 1432 4250; x_wconf 85' lang='lat' dir='ltr'><strong>quinque</strong></span> <span class='ocrx_word' id='word_1_488' title='bbox 1460 4190 1704 4234; x_wconf 86' lang='lat' dir='ltr'><strong>auctores</strong></span> <span class='ocrx_word' id='word_1_489' title='bbox 1740 4196 1874 4250; x_wconf 89' lang='lat' dir='ltr'><strong>quos</strong></span> <span class='ocrx_word' id='word_1_490' title='bbox 1902 4179 1994 4233; x_wconf 88' lang='lat' dir='ltr'><strong>tibi</strong></span> <span class='ocrx_word' id='word_1_491' title='bbox 2024 4179 2151 4232; x_wconf 83' lang='lat' dir='ltr'><strong>dixi.</strong></span> <span class='ocrx_word' id='word_1_492' title='bbox 2191 4197 2208 4228; x_wconf 77' lang='grc' dir='ltr'><strong>ι</strong></span> <span class='ocrx_word' id='word_1_493' title='bbox 2237 4177 2493 4246; x_wconf 64' lang='lat' dir='ltr'><strong>Intelligo,</strong></span> <span class='ocrx_word' id='word_1_494' title='bbox 2531 4194 2548 4226; x_wconf 80' lang='grc' dir='ltr'>ι</span> <span class='ocrx_word' id='word_1_495' title='bbox 2587 4175 2834 4228; x_wconf 86' lang='lat' dir='ltr'><strong>hesterno</strong></span> <span class='ocrx_word' id='word_1_496' title='bbox 2853 4173 2939 4225; x_wconf 91' lang='lat' dir='ltr'><strong>die</strong></span> <span class='ocrx_word' id='word_1_497' title='bbox 2964 4169 3073 4224; x_wconf 86' lang='lat' dir='ltr'><strong>dixi</strong></span> <span class='ocrx_word' id='word_1_498' title='bbox 3102 4186 3116 4221; x_wconf 90' lang='lat'><strong>:</strong></span> <span class='ocrx_word' id='word_1_499' title='bbox 3153 4187 3172 4220; x_wconf 74' lang='grc' dir='ltr'><strong><em>ι</em></strong></span> <span class='ocrx_word' id='word_1_500' title='bbox 3209 4182 3329 4220; x_wconf 90' lang='lat' dir='ltr'><strong>nant</strong></span> <span class='ocrx_word' id='word_1_501' title='bbox 3359 4169 3484 4237; x_wconf 79' lang='lat' dir='ltr'><strong>ipso</strong></span> 
     </span>
    </p>
   </div>
   <div class='ocr_carea' id='block_1_58' title="bbox 205 4269 3022 4342">
    <p class='ocr_par' dir='ltr' id='par_1_58' title="bbox 205 4269 3022 4342">
     <span class='ocr_line' id='line_1_60' title="bbox 205 4269 3022 4342; baseline -0.003 -15"><span class='ocrx_word' id='word_1_502' title='bbox 205 4273 284 4328; x_wconf 86' lang='lat' dir='ltr'><strong>die</strong></span> <span class='ocrx_word' id='word_1_503' title='bbox 303 4273 589 4331; x_wconf 85' lang='lat' dir='ltr'><strong>Gestorum</strong></span> <span class='ocrx_word' id='word_1_504' title='bbox 619 4274 746 4328; x_wconf 86' lang='lat' dir='ltr'><strong>nihil</strong></span> <span class='ocrx_word' id='word_1_505' title='bbox 771 4282 984 4328; x_wconf 86' lang='lat' dir='ltr'><strong>notatur</strong></span> <span class='ocrx_word' id='word_1_506' title='bbox 1008 4273 1074 4326; x_wconf 89' lang='lat' dir='ltr'><strong>de</strong></span> <span class='ocrx_word' id='word_1_507' title='bbox 1094 4274 1324 4342; x_wconf 89' lang='lat' dir='ltr'><strong>quinque</strong></span> <span class='ocrx_word' id='word_1_508' title='bbox 1349 4273 1451 4326; x_wconf 86' lang='lat' dir='ltr'><strong>illis</strong></span> <span class='ocrx_word' id='word_1_509' title='bbox 1472 4274 1772 4327; x_wconf 82' lang='lat' dir='ltr'><strong>auctoribus</strong></span> <span class='ocrx_word' id='word_1_510' title='bbox 1789 4273 1995 4325; x_wconf 88' lang='lat' dir='ltr'><strong>dictum</strong></span> <span class='ocrx_word' id='word_1_511' title='bbox 2026 4281 2149 4325; x_wconf 89' lang='lat' dir='ltr'><strong>ante</strong></span> <span class='ocrx_word' id='word_1_512' title='bbox 2174 4287 2202 4324; x_wconf 88' lang='lat' dir='ltr'><strong>a</strong></span> <span class='ocrx_word' id='word_1_513' title='bbox 2223 4269 2424 4324; x_wconf 88' lang='lat' dir='ltr'><strong>Felice.</strong></span> <span class='ocrx_word' id='word_1_514' title='bbox 2903 4329 2910 4336; x_wconf 32' lang='grc' dir='ltr'>ν</span> <span class='ocrx_word' id='word_1_515' title='bbox 3019 4285 3022 4288; x_wconf 63' lang='grc'><strong>’</strong></span> 
     </span>
    </p>
   </div>
   <div class='ocr_carea' id='block_1_59' title="bbox 269 4351 3474 4436">
    <p class='ocr_par' dir='ltr' id='par_1_59' title="bbox 269 4351 3474 4436">
     <span class='ocr_line' id='line_1_61' title="bbox 269 4351 3474 4436; baseline -0.005 -16"><span class='ocrx_word' id='word_1_516' title='bbox 269 4367 464 4421; x_wconf 83' lang='lat' dir='ltr'><strong>Confer</strong></span> <span class='ocrx_word' id='word_1_517' title='bbox 507 4367 784 4434; x_wconf 89' lang='lat' dir='ltr'><strong>epistolam</strong></span> <span class='ocrx_word' id='word_1_518' title='bbox 815 4367 1088 4436; x_wconf 78' lang='lat' dir='ltr'><strong>Augustini</strong></span> <span class='ocrx_word' id='word_1_519' title='bbox 1121 4366 1208 4430; x_wconf 84' lang='lat'><strong>79,</strong></span> <span class='ocrx_word' id='word_1_520' title='bbox 1239 4367 1548 4436; x_wconf 85' lang='lat' dir='ltr'><strong>presbytero</strong></span> <span class='ocrx_word' id='word_1_521' title='bbox 1575 4366 1783 4420; x_wconf 87' lang='lat' dir='ltr'><strong>cuidam</strong></span> <span class='ocrx_word' id='word_1_522' title='bbox 1808 4364 2124 4425; x_wconf 76' lang='lat' dir='ltr'><strong>maniehteo,</strong></span> <span class='ocrx_word' id='word_1_523' title='bbox 2147 4377 2302 4432; x_wconf 87' lang='lat' dir='ltr'><strong>quem</strong></span> <span class='ocrx_word' id='word_1_524' title='bbox 2325 4352 2502 4415; x_wconf 17' lang='lat' dir='ltr'><strong>noshin</strong></span> <span class='ocrx_word' id='word_1_525' title='bbox 2555 4360 2678 4413; x_wconf 89' lang='lat' dir='ltr'><strong>tomi</strong></span> <span class='ocrx_word' id='word_1_526' title='bbox 2731 4355 2954 4412; x_wconf 88' lang='lat' dir='ltr'><strong>secundi</strong></span> <span class='ocrx_word' id='word_1_527' title='bbox 2994 4354 3306 4424; x_wconf 56' lang='lat' dir='ltr'><strong>praefatione</strong></span> <span class='ocrx_word' id='word_1_528' title='bbox 3330 4351 3474 4408; x_wconf 87' lang='lat' dir='ltr'><strong>Feli-</strong></span> 
     </span>
    </p>
   </div>
   <div class='ocr_carea' id='block_1_60' title="bbox 150 4447 3468 4527">
    <p class='ocr_par' dir='ltr' id='par_1_60' title="bbox 150 4447 3468 4527">
     <span class='ocr_line' id='line_1_62' title="bbox 150 4447 3468 4527; baseline -0.005 -15"><span class='ocrx_word' id='word_1_529' title='bbox 150 4521 154 4526; x_wconf 33' lang='grc' dir='ltr'>ι</span> <span class='ocrx_word' id='word_1_530' title='bbox 203 4472 314 4512; x_wconf 86' lang='lat' dir='ltr'><strong>cem</strong></span> <span class='ocrx_word' id='word_1_531' title='bbox 335 4473 454 4513; x_wconf 87' lang='lat' dir='ltr'><strong>esse</strong></span> <span class='ocrx_word' id='word_1_532' title='bbox 477 4459 930 4526; x_wconf 76' lang='lat' dir='ltr'><strong>conjectabamns,</strong></span> <span class='ocrx_word' id='word_1_533' title='bbox 965 4460 1238 4527; x_wconf 85' lang='lat' dir='ltr'><strong>scriptam.</strong></span> <span class='ocrx_word' id='word_1_534' title='bbox 1278 4459 1356 4512; x_wconf 80' lang='lat' dir='ltr'><strong>Ad</strong></span> <span class='ocrx_word' id='word_1_535' title='bbox 1405 4461 1542 4510; x_wconf 84' lang='lat' dir='ltr'><strong>hunc</strong></span> <span class='ocrx_word' id='word_1_536' title='bbox 1587 4459 1754 4525; x_wconf 91' lang='lat' dir='ltr'><strong>ipsum</strong></span> <span class='ocrx_word' id='word_1_537' title='bbox 1797 4464 2038 4525; x_wconf 86' lang='lat' dir='ltr'><strong>spectare</strong></span> <span class='ocrx_word' id='word_1_538' title='bbox 2061 4455 2268 4508; x_wconf 88' lang='lat' dir='ltr'><strong>videtur</strong></span> <span class='ocrx_word' id='word_1_539' title='bbox 2311 4451 2568 4520; x_wconf 81' lang='lat' dir='ltr'><strong>professio</strong></span> <span class='ocrx_word' id='word_1_540' title='bbox 2593 4467 2622 4503; x_wconf 89' lang='lat' dir='ltr'><strong>a</strong></span> <span class='ocrx_word' id='word_1_541' title='bbox 2643 4449 2818 4503; x_wconf 91' lang='lat' dir='ltr'><strong>Felice</strong></span> <span class='ocrx_word' id='word_1_542' title='bbox 2842 4447 3092 4516; x_wconf 84' lang='lat' dir='ltr'><strong>qundam,</strong></span> <span class='ocrx_word' id='word_1_543' title='bbox 3112 4459 3372 4500; x_wconf 84' lang='lat' dir='ltr'><strong>converso</strong></span> <span class='ocrx_word' id='word_1_544' title='bbox 3401 4459 3468 4498; x_wconf 83' lang='lat' dir='ltr'><strong>ex</strong></span> 
     </span>
    </p>
   </div>
   <div class='ocr_carea' id='block_1_61' title="bbox 207 4537 3471 4616">
    <p class='ocr_par' dir='ltr' id='par_1_61' title="bbox 207 4537 3471 4616">
     <span class='ocr_line' id='line_1_63' title="bbox 207 4537 3471 4616; baseline -0.004 -14"><span class='ocrx_word' id='word_1_545' title='bbox 207 4548 608 4604; x_wconf 72' lang='lat' dir='ltr'><strong>ﬂaniclneorum</strong></span> <span class='ocrx_word' id='word_1_546' title='bbox 641 4549 850 4614; x_wconf 71' lang='lat' dir='ltr'><strong>haeresi,</strong></span> <span class='ocrx_word' id='word_1_547' title='bbox 886 4550 1058 4616; x_wconf 89' lang='lat' dir='ltr'><strong>palam</strong></span> <span class='ocrx_word' id='word_1_548' title='bbox 1089 4547 1222 4602; x_wconf 82' lang='lat' dir='ltr'><strong>facta</strong></span> <span class='ocrx_word' id='word_1_549' title='bbox 1245 4548 1312 4602; x_wconf 90' lang='lat' dir='ltr'><strong>de</strong></span> <span class='ocrx_word' id='word_1_550' title='bbox 1339 4549 1434 4602; x_wconf 90' lang='lat' dir='ltr'><strong>sibi</strong></span> <span class='ocrx_word' id='word_1_551' title='bbox 1465 4549 1602 4600; x_wconf 86' lang='lat' dir='ltr'><strong>notis</strong></span> <span class='ocrx_word' id='word_1_552' title='bbox 1631 4547 1955 4610; x_wconf 70' lang='lat' dir='ltr'><strong>Manichmis,</strong></span> <span class='ocrx_word' id='word_1_553' title='bbox 1985 4561 2141 4614; x_wconf 90' lang='lat' dir='ltr'><strong>quam</strong></span> <span class='ocrx_word' id='word_1_554' title='bbox 2168 4545 2219 4598; x_wconf 93' lang='lat' dir='ltr'><strong>in</strong></span> <span class='ocrx_word' id='word_1_555' title='bbox 2264 4541 2568 4612; x_wconf 87' lang='lat' dir='ltr'><strong>Appendicc</strong></span> <span class='ocrx_word' id='word_1_556' title='bbox 2599 4540 2728 4595; x_wconf 89' lang='lat' dir='ltr'><strong>totni</strong></span> <span class='ocrx_word' id='word_1_557' title='bbox 2771 4539 2940 4608; x_wconf 91' lang='lat' dir='ltr'><strong>quinti</strong></span> <span class='ocrx_word' id='word_1_558' title='bbox 2981 4537 3262 4592; x_wconf 88' lang='lat' dir='ltr'><strong>Annalium</strong></span> <span class='ocrx_word' id='word_1_559' title='bbox 3303 4537 3471 4590; x_wconf 87' lang='lat' dir='ltr'><strong>edidit</strong></span> 
     </span>
    </p>
   </div>
   <div class='ocr_carea' id='block_1_62' title="bbox 206 4627 3582 4710">
    <p class='ocr_par' dir='ltr' id='par_1_62' title="bbox 206 4627 3582 4710">
     <span class='ocr_line' id='line_1_64' title="bbox 206 4627 3582 4710; baseline -0.004 -16"><span class='ocrx_word' id='word_1_560' title='bbox 206 4641 478 4706; x_wconf 80' lang='lat' dir='ltr'><strong>Barouius,</strong></span> <span class='ocrx_word' id='word_1_561' title='bbox 504 4643 825 4710; x_wconf 79' lang='lat' dir='ltr'><strong>descriptam</strong></span> <span class='ocrx_word' id='word_1_562' title='bbox 855 4659 920 4696; x_wconf 82' lang='lat' dir='ltr'><strong>ex</strong></span> <span class='ocrx_word' id='word_1_563' title='bbox 948 4642 1254 4698; x_wconf 86' lang='lat' dir='ltr'><strong>Gervasiaui</strong></span> <span class='ocrx_word' id='word_1_564' title='bbox 1287 4639 1598 4695; x_wconf 85' lang='lat' dir='ltr'><strong>Parisiensis</strong></span> <span class='ocrx_word' id='word_1_565' title='bbox 1621 4641 1830 4709; x_wconf 84' lang='lat' dir='ltr'><strong>collegii</strong></span> <span class='ocrx_word' id='word_1_566' title='bbox 1859 4639 2064 4702; x_wconf 89' lang='lat' dir='ltr'><strong>codice,</strong></span> <span class='ocrx_word' id='word_1_567' title='bbox 2098 4636 2150 4690; x_wconf 92' lang='lat' dir='ltr'><strong>in</strong></span> <span class='ocrx_word' id='word_1_568' title='bbox 2173 4652 2278 4705; x_wconf 89' lang='lat' dir='ltr'><strong>quo</strong></span> <span class='ocrx_word' id='word_1_569' title='bbox 2301 4645 2418 4704; x_wconf 88' lang='lat' dir='ltr'><strong>post</strong></span> <span class='ocrx_word' id='word_1_570' title='bbox 2444 4635 2634 4689; x_wconf 86' lang='lat' dir='ltr'><strong>librum</strong></span> <span class='ocrx_word' id='word_1_571' title='bbox 2662 4633 2729 4687; x_wconf 88' lang='lat' dir='ltr'><strong>de</strong></span> <span class='ocrx_word' id='word_1_572' title='bbox 2757 4632 3061 4686; x_wconf 71' lang='lat' dir='ltr'><strong>Hieresibns</strong></span> <span class='ocrx_word' id='word_1_573' title='bbox 3081 4631 3144 4684; x_wconf 88' lang='lat' dir='ltr'><strong>ad</strong></span> <span class='ocrx_word' id='word_1_574' title='bbox 3177 4630 3474 4698; x_wconf 86' lang='lat' dir='ltr'><strong>Quodvult-</strong></span> <span class='ocrx_word' id='word_1_575' title='bbox 3565 4627 3582 4636; x_wconf 77' lang='grc'><strong><em>““</em></strong></span> 
     </span>
    </p>
   </div>
   <div class='ocr_carea' id='block_1_63' title="bbox 207 4719 3464 4802">
    <p class='ocr_par' dir='ltr' id='par_1_63' title="bbox 207 4719 3464 4802">
     <span class='ocr_line' id='line_1_65' title="bbox 207 4719 3464 4802; baseline -0.004 -16"><span class='ocrx_word' id='word_1_576' title='bbox 207 4734 354 4788; x_wconf 84' lang='lat' dir='ltr'><strong>deum</strong></span> <span class='ocrx_word' id='word_1_577' title='bbox 379 4735 499 4790; x_wconf 69' lang='lat' dir='ltr'><strong>haec</strong></span> <span class='ocrx_word' id='word_1_578' title='bbox 527 4735 772 4802; x_wconf 79' lang='lat' dir='ltr'><strong>leguntur</strong></span> <span class='ocrx_word' id='word_1_579' title='bbox 799 4750 812 4784; x_wconf 96' lang='lat'>:</span> <span class='ocrx_word' id='word_1_580' title='bbox 843 4751 861 4783; x_wconf 77' lang='grc' dir='ltr'>ι</span> <span class='ocrx_word' id='word_1_581' title='bbox 895 4734 1001 4802; x_wconf 81' lang='lat' dir='ltr'><strong>Ego</strong></span> <span class='ocrx_word' id='word_1_582' title='bbox 1023 4731 1342 4787; x_wconf 81' lang='lat' dir='ltr'><strong>Cresconius</strong></span> <span class='ocrx_word' id='word_1_583' title='bbox 1363 4747 1497 4785; x_wconf 90' lang='lat' dir='ltr'><strong>unus</strong></span> <span class='ocrx_word' id='word_1_584' title='bbox 1527 4747 1588 4784; x_wconf 87' lang='lat' dir='ltr'><strong>ex</strong></span> <span class='ocrx_word' id='word_1_585' title='bbox 1619 4730 1920 4784; x_wconf 73' lang='lat' dir='ltr'><strong>Manichreis</strong></span> <span class='ocrx_word' id='word_1_586' title='bbox 1947 4729 2158 4796; x_wconf 85' lang='lat' dir='ltr'><strong>scripsi,</strong></span> <span class='ocrx_word' id='word_1_587' title='bbox 2187 4726 2305 4796; x_wconf 89' lang='lat' dir='ltr'><strong>quia</strong></span> <span class='ocrx_word' id='word_1_588' title='bbox 2335 4725 2376 4778; x_wconf 81' lang='lat' dir='ltr'><strong>si</strong></span> <span class='ocrx_word' id='word_1_589' title='bbox 2407 4725 2702 4778; x_wconf 74' lang='lat' dir='ltr'><strong>discessero</strong></span> <span class='ocrx_word' id='word_1_590' title='bbox 2732 4732 3016 4792; x_wconf 87' lang='lat' dir='ltr'><strong>antequam</strong></span> <span class='ocrx_word' id='word_1_591' title='bbox 3037 4721 3194 4776; x_wconf 87' lang='lat' dir='ltr'><strong>Gesta</strong></span> <span class='ocrx_word' id='word_1_592' title='bbox 3236 4719 3464 4774; x_wconf 83' lang='lat' dir='ltr'><strong>subseri-</strong></span> 
     </span>
    </p>
   </div>
   <div class='ocr_carea' id='block_1_64' title="bbox 209 4810 3461 4891">
    <p class='ocr_par' dir='ltr' id='par_1_64' title="bbox 209 4810 3461 4891">
     <span class='ocr_line' id='line_1_66' title="bbox 209 4810 3461 4891; baseline -0.005 -14"><span class='ocrx_word' id='word_1_593' title='bbox 209 4845 230 4877; x_wconf 67' lang='lat' dir='ltr'><strong>t</strong></span> <span class='ocrx_word' id='word_1_594' title='bbox 261 4829 472 4891; x_wconf 87' lang='lat' dir='ltr'><strong>bantur,</strong></span> <span class='ocrx_word' id='word_1_595' title='bbox 495 4829 576 4882; x_wconf 89' lang='lat' dir='ltr'><strong>sic</strong></span> <span class='ocrx_word' id='word_1_596' title='bbox 596 4829 694 4882; x_wconf 84' lang='lat' dir='ltr'><strong>sim</strong></span> <span class='ocrx_word' id='word_1_597' title='bbox 721 4827 994 4881; x_wconf 85' lang='lat' dir='ltr'><strong>habendus</strong></span> <span class='ocrx_word' id='word_1_598' title='bbox 1019 4841 1083 4880; x_wconf 89' lang='lat' dir='ltr'><strong>ac</strong></span> <span class='ocrx_word' id='word_1_599' title='bbox 1101 4826 1146 4880; x_wconf 90' lang='lat' dir='ltr'><strong>si</strong></span> <span class='ocrx_word' id='word_1_600' title='bbox 1177 4825 1522 4879; x_wconf 71' lang='lat' dir='ltr'><strong>Manichtrum</strong></span> <span class='ocrx_word' id='word_1_601' title='bbox 1555 4839 1664 4877; x_wconf 89' lang='lat' dir='ltr'><strong>non</strong></span> <span class='ocrx_word' id='word_1_602' title='bbox 1697 4822 2169 4876; x_wconf 89' lang='lat' dir='ltr'><strong>anathemaverim.</strong></span> <span class='ocrx_word' id='word_1_603' title='bbox 2199 4819 2347 4874; x_wconf 88' lang='lat' dir='ltr'><strong>Felix</strong></span> <span class='ocrx_word' id='word_1_604' title='bbox 2379 4833 2670 4870; x_wconf 80' lang='lat' dir='ltr'><strong>conversus</strong></span> <span class='ocrx_word' id='word_1_605' title='bbox 2695 4832 2759 4870; x_wconf 89' lang='lat' dir='ltr'><strong>ex</strong></span> <span class='ocrx_word' id='word_1_606' title='bbox 2795 4815 3104 4869; x_wconf 68' lang='lat' dir='ltr'><strong>Manicltaris</strong></span> <span class='ocrx_word' id='word_1_607' title='bbox 3128 4813 3232 4866; x_wconf 88' lang='lat' dir='ltr'><strong>dixi</strong></span> <span class='ocrx_word' id='word_1_608' title='bbox 3260 4810 3360 4863; x_wconf 90' lang='lat' dir='ltr'><strong>sub</strong></span> <span class='ocrx_word' id='word_1_609' title='bbox 3383 4817 3461 4862; x_wconf 86' lang='lat' dir='ltr'><strong>te-</strong></span> 
     </span>
    </p>
   </div>
   <div class='ocr_carea' id='block_1_65' title="bbox 211 4905 3466 4985">
    <p class='ocr_par' dir='ltr' id='par_1_65' title="bbox 211 4905 3466 4985">
     <span class='ocr_line' id='line_1_67' title="bbox 211 4905 3466 4985; baseline -0.005 -17"><span class='ocrx_word' id='word_1_610' title='bbox 211 4935 230 4967; x_wconf 69' lang='lat' dir='ltr'><strong>r</strong></span> <span class='ocrx_word' id='word_1_611' title='bbox 257 4919 577 4973; x_wconf 86' lang='lat' dir='ltr'><strong>stilicatione</strong></span> <span class='ocrx_word' id='word_1_612' title='bbox 597 4918 707 4981; x_wconf 88' lang='lat' dir='ltr'><strong>Dei,</strong></span> <span class='ocrx_word' id='word_1_613' title='bbox 737 4933 826 4972; x_wconf 87' lang='lat' dir='ltr'><strong>me</strong></span> <span class='ocrx_word' id='word_1_614' title='bbox 845 4917 1020 4970; x_wconf 90' lang='lat' dir='ltr'><strong>omnia</strong></span> <span class='ocrx_word' id='word_1_615' title='bbox 1047 4931 1168 4972; x_wconf 88' lang='lat' dir='ltr'><strong>vera</strong></span> <span class='ocrx_word' id='word_1_616' title='bbox 1194 4917 1454 4978; x_wconf 83' lang='lat' dir='ltr'><strong>conliteri,</strong></span> <span class='ocrx_word' id='word_1_617' title='bbox 1483 4916 1551 4970; x_wconf 92' lang='lat' dir='ltr'><strong>dc</strong></span> <span class='ocrx_word' id='word_1_618' title='bbox 1579 4931 1685 4985; x_wconf 90' lang='lat' dir='ltr'><strong>quo</strong></span> <span class='ocrx_word' id='word_1_619' title='bbox 1708 4915 1818 4970; x_wconf 88' lang='lat' dir='ltr'><strong>scio</strong></span> <span class='ocrx_word' id='word_1_620' title='bbox 1845 4929 1962 4968; x_wconf 89' lang='lat' dir='ltr'><strong>esse</strong></span> <span class='ocrx_word' id='word_1_621' title='bbox 1993 4911 2313 4968; x_wconf 66' lang='lat' dir='ltr'><strong>Manichacus</strong></span> <span class='ocrx_word' id='word_1_622' title='bbox 2333 4911 2416 4963; x_wconf 84' lang='lat' dir='ltr'><strong>vel</strong></span> <span class='ocrx_word' id='word_1_623' title='bbox 2448 4909 2764 4963; x_wconf 76' lang='lat' dir='ltr'><strong>Manicha&#39;as</strong></span> <span class='ocrx_word' id='word_1_624' title='bbox 2791 4909 2840 4961; x_wconf 89' lang='lat' dir='ltr'><strong>in</strong></span> <span class='ocrx_word' id='word_1_625' title='bbox 2875 4919 3054 4976; x_wconf 88' lang='lat' dir='ltr'><strong>partes</strong></span> <span class='ocrx_word' id='word_1_626' title='bbox 3079 4905 3434 4959; x_wconf 71' lang='lat' dir='ltr'><strong>Ctesarienses</strong></span> <span class='ocrx_word' id='word_1_627' title='bbox 3451 4943 3466 4966; x_wconf 92' lang='lat'><strong>,</strong></span> 
     </span>
    </p>
   </div>
   <div class='ocr_carea' id='block_1_66' title="bbox 211 4991 3466 5076">
    <p class='ocr_par' dir='ltr' id='par_1_66' title="bbox 211 4991 3466 5076">
     <span class='ocr_line' id='line_1_68' title="bbox 211 4991 3466 5076; baseline -0.005 -15"><span class='ocrx_word' id='word_1_628' title='bbox 211 5023 228 5054; x_wconf 82' lang='grc' dir='ltr'>ι</span> <span class='ocrx_word' id='word_1_629' title='bbox 260 5007 474 5062; x_wconf 75' lang='lat' dir='ltr'><strong>Mariam</strong></span> <span class='ocrx_word' id='word_1_630' title='bbox 503 5017 560 5061; x_wconf 91' lang='lat' dir='ltr'><strong>et</strong></span> <span class='ocrx_word' id='word_1_631' title='bbox 589 5006 930 5076; x_wconf 84' lang='lat' dir='ltr'><strong>Lampadium</strong></span> <span class='ocrx_word' id='word_1_632' title='bbox 954 5019 1170 5059; x_wconf 81' lang='lat' dir='ltr'><strong>uxorem</strong></span> <span class='ocrx_word' id='word_1_633' title='bbox 1202 5005 1446 5060; x_wconf 80' lang='lat' dir='ltr'><strong>Mercurii</strong></span> <span class='ocrx_word' id='word_1_634' title='bbox 1471 5005 1779 5073; x_wconf 80' lang='lat' dir='ltr'><strong>argentarii,</strong></span> <span class='ocrx_word' id='word_1_635' title='bbox 1813 5019 1932 5057; x_wconf 90' lang='lat' dir='ltr'><strong>cum</strong></span> <span class='ocrx_word' id='word_1_636' title='bbox 1957 5002 2150 5071; x_wconf 88' lang='lat' dir='ltr'><strong>quibus</strong></span> <span class='ocrx_word' id='word_1_637' title='bbox 2181 5002 2342 5060; x_wconf 82' lang='lat' dir='ltr'><strong>etiam</strong></span> <span class='ocrx_word' id='word_1_638' title='bbox 2371 4999 2609 5052; x_wconf 83' lang='lat' dir='ltr'><strong>Electum</strong></span> <span class='ocrx_word' id='word_1_639' title='bbox 2651 4997 3022 5051; x_wconf 84' lang='lat' dir='ltr'><strong>Encharistum</strong></span> <span class='ocrx_word' id='word_1_640' title='bbox 3067 4994 3266 5063; x_wconf 89' lang='lat' dir='ltr'><strong>pariter</strong></span> <span class='ocrx_word' id='word_1_641' title='bbox 3291 4991 3466 5046; x_wconf 84' lang='lat' dir='ltr'><strong>oravi-</strong></span> 
     </span>
    </p>
   </div>
   <div class='ocr_carea' id='block_1_67' title="bbox 207 5083 3464 5165">
    <p class='ocr_par' dir='ltr' id='par_1_67' title="bbox 207 5083 3464 5165">
     <span class='ocr_line' id='line_1_69' title="bbox 207 5083 3464 5165; baseline -0.003 -19"><span class='ocrx_word' id='word_1_642' title='bbox 207 5113 226 5146; x_wconf 72' lang='lat' dir='ltr'><strong>t</strong></span> <span class='ocrx_word' id='word_1_643' title='bbox 259 5113 396 5161; x_wconf 88' lang='lat' dir='ltr'><strong>mus,</strong></span> <span class='ocrx_word' id='word_1_644' title='bbox 423 5098 715 5152; x_wconf 63' lang='lat' dir='ltr'><strong>Caesariam</strong></span> <span class='ocrx_word' id='word_1_645' title='bbox 739 5106 794 5150; x_wconf 90' lang='lat' dir='ltr'><strong>et</strong></span> <span class='ocrx_word' id='word_1_646' title='bbox 813 5096 1070 5150; x_wconf 87' lang='lat' dir='ltr'><strong>Lucillam</strong></span> <span class='ocrx_word' id='word_1_647' title='bbox 1103 5097 1262 5149; x_wconf 82' lang='lat' dir='ltr'><strong>liliatn</strong></span> <span class='ocrx_word' id='word_1_648' title='bbox 1291 5111 1463 5160; x_wconf 90' lang='lat' dir='ltr'><strong>suam,</strong></span> <span class='ocrx_word' id='word_1_649' title='bbox 1487 5095 1778 5149; x_wconf 87' lang='lat' dir='ltr'><strong>Candidam</strong></span> <span class='ocrx_word' id='word_1_650' title='bbox 1811 5109 1928 5165; x_wconf 61' lang='lat' dir='ltr'><strong>qua!</strong></span> <span class='ocrx_word' id='word_1_651' title='bbox 1955 5101 2314 5148; x_wconf 90' lang='lat' dir='ltr'><strong>commoratur</strong></span> <span class='ocrx_word' id='word_1_652' title='bbox 2340 5091 2604 5159; x_wconf 75' lang='lat' dir='ltr'><strong>Thipasm,</strong></span> <span class='ocrx_word' id='word_1_653' title='bbox 2637 5091 2956 5144; x_wconf 76' lang='lat' dir='ltr'><strong>Victorinum</strong></span> <span class='ocrx_word' id='word_1_654' title='bbox 2978 5088 3286 5153; x_wconf 84' lang='lat' dir='ltr'><strong>Hispanam,</strong></span> <span class='ocrx_word' id='word_1_655' title='bbox 3318 5083 3464 5137; x_wconf 80' lang='lat' dir='ltr'><strong>Sim-</strong></span> 
     </span>
    </p>
   </div>
   <div class='ocr_carea' id='block_1_68' title="bbox 209 5176 3469 5258">
    <p class='ocr_par' dir='ltr' id='par_1_68' title="bbox 209 5176 3469 5258">
     <span class='ocr_line' id='line_1_70' title="bbox 209 5176 3469 5258; baseline -0.004 -17"><span class='ocrx_word' id='word_1_656' title='bbox 209 5204 228 5236; x_wconf 78' lang='lat' dir='ltr'><strong>t</strong></span> <span class='ocrx_word' id='word_1_657' title='bbox 263 5188 542 5254; x_wconf 79' lang='lat' dir='ltr'><strong>plieianum</strong></span> <span class='ocrx_word' id='word_1_658' title='bbox 577 5189 826 5244; x_wconf 78' lang='lat' dir='ltr'><strong>Antonini</strong></span> <span class='ocrx_word' id='word_1_659' title='bbox 847 5197 1070 5258; x_wconf 88' lang='lat' dir='ltr'><strong>patrem,</strong></span> <span class='ocrx_word' id='word_1_660' title='bbox 1097 5187 1316 5242; x_wconf 88' lang='lat' dir='ltr'><strong>Paulum</strong></span> <span class='ocrx_word' id='word_1_661' title='bbox 1346 5197 1400 5242; x_wconf 91' lang='lat' dir='ltr'><strong>et</strong></span> <span class='ocrx_word' id='word_1_662' title='bbox 1423 5202 1664 5242; x_wconf 88' lang='lat' dir='ltr'><strong>sororem</strong></span> <span class='ocrx_word' id='word_1_663' title='bbox 1696 5202 1846 5240; x_wconf 88' lang='lat' dir='ltr'><strong>suam</strong></span> <span class='ocrx_word' id='word_1_664' title='bbox 1881 5185 1970 5254; x_wconf 89' lang='lat' dir='ltr'><strong>qui</strong></span> <span class='ocrx_word' id='word_1_665' title='bbox 2001 5193 2124 5238; x_wconf 89' lang='lat' dir='ltr'><strong>sunt</strong></span> <span class='ocrx_word' id='word_1_666' title='bbox 2151 5184 2410 5251; x_wconf 85' lang='lat' dir='ltr'><strong>Hippone,</strong></span> <span class='ocrx_word' id='word_1_667' title='bbox 2442 5197 2572 5251; x_wconf 83' lang='lat' dir='ltr'><strong>quas</strong></span> <span class='ocrx_word' id='word_1_668' title='bbox 2601 5183 2760 5236; x_wconf 88' lang='lat' dir='ltr'><strong>etiam</strong></span> <span class='ocrx_word' id='word_1_669' title='bbox 2803 5196 2895 5250; x_wconf 89' lang='lat' dir='ltr'><strong>per</strong></span> <span class='ocrx_word' id='word_1_670' title='bbox 2921 5179 3138 5233; x_wconf 79' lang='lat' dir='ltr'><strong>Mariam</strong></span> <span class='ocrx_word' id='word_1_671' title='bbox 3162 5185 3216 5230; x_wconf 92' lang='lat' dir='ltr'><strong>et</strong></span> <span class='ocrx_word' id='word_1_672' title='bbox 3241 5176 3469 5244; x_wconf 81' lang='lat' dir='ltr'><strong>Lampa-</strong></span> 
     </span>
    </p>
   </div>
   <div class='ocr_carea' id='block_1_69' title="bbox 211 5267 3454 5348">
    <p class='ocr_par' dir='ltr' id='par_1_69' title="bbox 211 5267 3454 5348">
     <span class='ocr_line' id='line_1_71' title="bbox 211 5267 3454 5348; baseline -0.004 -16"><span class='ocrx_word' id='word_1_673' title='bbox 211 5295 230 5326; x_wconf 75' lang='grc' dir='ltr'>ι</span> <span class='ocrx_word' id='word_1_674' title='bbox 261 5279 398 5333; x_wconf 89' lang='lat' dir='ltr'><strong>diam</strong></span> <span class='ocrx_word' id='word_1_675' title='bbox 419 5281 549 5334; x_wconf 83' lang='lat' dir='ltr'><strong>scivi</strong></span> <span class='ocrx_word' id='word_1_676' title='bbox 578 5295 695 5334; x_wconf 77' lang='lat' dir='ltr'><strong>esse</strong></span> <span class='ocrx_word' id='word_1_677' title='bbox 717 5279 1052 5333; x_wconf 73' lang='lat' dir='ltr'><strong>Maniclneas.</strong></span> <span class='ocrx_word' id='word_1_678' title='bbox 1086 5279 1198 5334; x_wconf 85' lang='lat' dir='ltr'><strong>Hoc</strong></span> <span class='ocrx_word' id='word_1_679' title='bbox 1228 5287 1428 5334; x_wconf 89' lang='lat' dir='ltr'><strong>tantum</strong></span> <span class='ocrx_word' id='word_1_680' title='bbox 1451 5279 1564 5333; x_wconf 84' lang='lat' dir='ltr'><strong>scio</strong></span> <span class='ocrx_word' id='word_1_681' title='bbox 1595 5279 1768 5348; x_wconf 84' lang='lat' dir='ltr'><strong>:quod</strong></span> <span class='ocrx_word' id='word_1_682' title='bbox 1791 5279 1834 5331; x_wconf 91' lang='lat' dir='ltr'><strong>si</strong></span> <span class='ocrx_word' id='word_1_683' title='bbox 1859 5276 2003 5331; x_wconf 89' lang='lat' dir='ltr'><strong>aliud</strong></span> <span class='ocrx_word' id='word_1_684' title='bbox 2032 5277 2306 5348; x_wconf 85' lang='lat' dir='ltr'><strong>inventum</strong></span> <span class='ocrx_word' id='word_1_685' title='bbox 2333 5275 2490 5330; x_wconf 80' lang='lat' dir='ltr'><strong>fuerit</strong></span> <span class='ocrx_word' id='word_1_686' title='bbox 2528 5290 2612 5328; x_wconf 87' lang='lat' dir='ltr'><strong>me</strong></span> <span class='ocrx_word' id='word_1_687' title='bbox 2648 5275 2786 5328; x_wconf 90' lang='lat' dir='ltr'><strong>scire</strong></span> <span class='ocrx_word' id='word_1_688' title='bbox 2828 5286 2984 5341; x_wconf 88' lang='lat' dir='ltr'><strong>supra</strong></span> <span class='ocrx_word' id='word_1_689' title='bbox 3011 5283 3169 5338; x_wconf 87' lang='lat' dir='ltr'><strong>quam</strong></span> <span class='ocrx_word' id='word_1_690' title='bbox 3194 5267 3326 5334; x_wconf 86' lang='lat' dir='ltr'><strong>dixi,</strong></span> <span class='ocrx_word' id='word_1_691' title='bbox 3369 5282 3454 5321; x_wconf 88' lang='lat' dir='ltr'><strong>me</strong></span> 
     </span>
    </p>
   </div>
   <div class='ocr_carea' id='block_1_70' title="bbox 211 5369 1028 5441">
    <p class='ocr_par' dir='ltr' id='par_1_70' title="bbox 211 5369 1028 5441">
     <span class='ocr_line' id='line_1_72' title="bbox 211 5369 1028 5441; baseline 0.002 -21"><span class='ocrx_word' id='word_1_692' title='bbox 211 5383 228 5416; x_wconf 83' lang='lat' dir='ltr'><strong>t</strong></span> <span class='ocrx_word' id='word_1_693' title='bbox 263 5383 410 5424; x_wconf 86' lang='lat' dir='ltr'><strong>reum</strong></span> <span class='ocrx_word' id='word_1_694' title='bbox 431 5385 530 5441; x_wconf 74' lang='lat' dir='ltr'><strong>ego</strong></span> <span class='ocrx_word' id='word_1_695' title='bbox 555 5371 670 5441; x_wconf 88' lang='lat' dir='ltr'><strong>ipse</strong></span> <span class='ocrx_word' id='word_1_696' title='bbox 691 5369 970 5425; x_wconf 81' lang='lat' dir='ltr'><strong>conﬁteor.</strong></span> <span class='ocrx_word' id='word_1_697' title='bbox 1009 5387 1028 5422; x_wconf 76' lang='grc' dir='ltr'>ι</span> 
     </span>
    </p>
   </div>
  </div>
