4028 6436
577 402 3830 470 μ
764 426 792 432 “
879 410 3802 454 '——"——_

1377 450 1386 452 -
1407 449 1480 453 ’νολ
1503 447 1594 451 --·-
1623 443 1840 450 —-—-_—"
1865 440 2628 448 _.—~————~‘_—_~---
2645 440 3284 446 ~———_~———w—
3337 442 3452 447 —‘—"“
3473 443 3586 447 _
3633 444 3646 447 ⁵
3681 445 3784 451 ⁷-*⁴“

2238 523 2491 635 Au
2500 520 3240 634 aus-run

1751 710 2265 773 HIPPONENSIS
2306 709 2657 772 EPISCOPI

575 882 822 1011 DE
952 873 1467 1007 ACTIS
1586 869 1984 999 CUM
2073 868 2708 999 FELICE
2816 866 3908 999 MANICH/EO.

1857 1092 2126 1186 πίονι
2196 1104 2393 1189 mo
2447 1080 2555 1183 (α).
2615 1056 2619 1061 ’

1977 1282 2448 1339 ι-ηοωθὴ

1613 1405 2083 1515 LIBER
2160 1402 2791 1514 PRIMUS.

1830 1588 2043 1650 ACTA
2085 1586 2357 1647 PRIMJE
2400 1589 2589 1649 DlEl.

638 1727 863 1785 CAPUT
884 1724 1167 1783 PRIMUM.
1188 1755 1259 1766 —
1277 1722 1513 1779 Honorio
1533 1720 1770 1791 Augusto
1790 1726 1998 1774 sextum
2026 1730 2155 1770 con-

567 1823 684 1878 sule
713 1824 755 1888 ¹,
779 1822 1007 1892 septimo
1030 1818 1148 1874 idus
1171 1816 1491 1877 decembris,
1519 1816 1854 1869 AUGUSTINUS
1874 1809 2155 1880 episeOpus

567 1914 823 1972 Ecclesia:
837 1913 1112 1969 catholica:
1140 1908 1701 1981 Hipponeregiensium
1720 1904 1994 1974 regionum
2016 1902 2036 1932 ²
2074 1899 2157 1953 di-

565 2005 680 2061 xit:
713 2005 975 2060 Hesterno
1011 2002 1098 2059 die
1137 2003 1245 2057 scis
1284 2009 1337 2055 te
1365 2000 1564 2055 dixisse
1588 1996 1726 2067 quod
1770 1996 1943 2066 possis
1966 1992 2152 2047 defen-

564 2095 697 2153 dere
723 2096 1011 2165 scripturas
1040 2091 1333 2157 Manichmi,
1359 2100 1413 2146 et
1436 2104 1678 2145 asserere
1705 2085 1846 2158 quod
1877 2084 2151 2139 veritatem

563 2187 827 2251 habeant;
850 2186 896 2241 si
921 2186 1021 2241 hoc
1049 2186 1219 2256 placet
1240 2184 1331 2239 tibi
1363 2182 1520 2237 hodie
1546 2180 1741 2243 [πρῖε.
1761 2186 1854 2233 aut
1876 2174 2153 2248 przesumis

565 2287 619 2333 te
641 2292 820 2347 posse,
850 2276 957 2331 die.

635 2369 802 2424 Fs:th
846 2368 1169 2423 maniclneus
1198 2366 1331 2421 dixit
1360 2383 1372 2419 :
1403 2365 1516 2433 Ego
1541 2380 1626 2418 me
1651 2379 1756 2417 non
1793 2375 1929 2430 nego
1951 2359 2153 2413 dixisse

565 2457 857 2513 defendere
882 2457 1051 2526 legem
1078 2471 1273 2523 meam,
1315 2456 1360 2510 si
1386 2453 1726 2525 proferantur
1748 2460 1996 2505 auctores
2022 2448 2153 2517 legis

564 2563 701 2603 mete
729 2547 780 2602 in
801 2546 998 2602 medio.

638 2639 705 2694 Et
731 2654 854 2692 cum
887 2638 1212 2708 Augustinus
1243 2634 1525 2707 episcopos
1544 2631 1822 2704 epistolam
1851 2627 2147 2692 Manichwi,

562 2746 723 2800 quam
765 2729 1115 2784 Fundamenti
1164 2727 1452 2797 appellant,
1503 2723 1839 2794 protulisset,
1889 2720 2059 2774 dixit:
2094 2719 2151 2772 Si

562 2820 745 2890 legero
768 2836 835 2875 ex
864 2818 963 2873 hoc
984 2818 1188 2877 codice.
1209 2832 1366 2887 quem
1390 2831 1475 2870 me
1505 2813 1653 2868 vides
1681 2811 1840 2876 ferre,
1873 2811 2148 2879 epistolam

562 2908 834 2964 Manichtei
881 2924 1039 2977 quam
1086 2905 1438 2961 Fundamenti
1472 2903 1771 2974 appellatis,
1803 2911 1955 2973 potes
1983 2916 2148 2969 agno-

562 3012 716 3053 scere
732 3012 798 3052 an
830 2997 941 3066 ipsa
968 2996 1080 3050 sit?

634 3088 764 3144 Fu.
792 3089 926 3143 dixit
959 3106 974 3143 :
1007 3089 1275 3158 Agnosco.

635 3181 772 3236 Auc.
804 3179 936 3233 dixit
966 3195 981 3231 :
1006 3178 1200 3247 Accipe
1225 3187 1280 3231 tu
1308 3177 1443 3247 ipse,
1472 3184 1527 3229 et
1551 3175 1689 3245 lege.

632 3270 842 3324 Etcum
864 3269 1156 3339 accepisset
1183 3267 1420 3322 codicem
1447 3266 1617 3332 Felix,
1648 3264 1810 3333 legit:
1836 3262 2151 3318 Maniclueus

561 3361 821 3429 apostolus
865 3358 993 3413 Iesu
1040 3358 1228 3414 Christi
1267 3357 1579 3429 prouidentia
1629 3355 1723 3411 Dei
1776 3355 1966 3409 Patris.
2024 3354 2150 3409 Ha'c

561 3460 678 3505 sunt
703 3450 927 3505 salubria
967 3449 1116 3504 uerba
1141 3466 1204 3504 ea:
1240 3450 1446 3519 perenni
1487 3464 1547 3501 ac
1584 3448 1692 3501 vivo
1723 3449 1893 3517 fonte,
1931 3446 2151 3516 quinqui

559 3541 778 3595 audierit
806 3550 854 3595 et
881 3541 1060 3595 iisdem
1088 3542 1320 3611 primitus
1357 3539 1656 3602 crediderit,
1681 3537 1860 3591 deinde
1884 3553 1999 3604 qua:
2021 3536 2149 3589 insi-

564 3646 721 3688 nuata
772 3643 889 3688 sunt
936 3634 1241 3697 custodierit,
1292 3647 1547 3701 nunquam
1575 3630 1669 3684 erit
1701 3630 1851 3683 morti
1877 3629 2144 3692 obnoxius,

558 3739 729 3778 rerum
753 3735 941 3778 (eterna
987 3734 1033 3777 et
1068 3724 1288 3795 gloriosa
1329 3723 1431 3775 vita
1482 3725 1694 3792 fruetur.
1742 3717 1882 3773 Nam
1925 3722 2148 3789 profecto

559 3815 736 3869 beatus
761 3826 834 3869 est
870 3816 1201 3887 judicandus,
1232 3814 1318 3883 qui
1344 3818 1441 3866 hac
1464 3812 1634 3866 divina
1674 3812 1948 3864 instructus
1975 3809 2149 3878 cogni-

561 3906 695 3959 tione
718 3906 886 3973 fuerit,
920 3922 1009 3975 per
1030 3922 1181 3976 quant
1219 3905 1455 3958 liberatus
1491 3903 1545 3956 in
1585 3902 1888 3969 sempiterna
1915 3900 2017 3953 uita
2034 3916 2147 3969 per-

559 3994 799 4049 manebit.

630 4085 769 4139 Aue.
818 4082 1100 4153 episcopus
1141 4083 1275 4137 dixit
1305 4099 1318 4135 :
1345 4082 1619 4152 Agnovisti
1670 4091 1817 4137 certe
1864 4068 2157 4151 epistolam.

558 4170 830 4227 Manicltmi
857 4173 1062 4227 vestri?

630 4265 763 4320 FEL.
793 4262 929 4318 dixit
960 4279 974 4316 :
1004 4263 1231 4333 Agnovi.

629 4359 765 4409 Auo.
793 4352 929 4407 dixit
953 4371 966 4406 :
992 4351 1163 4409 Proba
1194 4351 1345 4406 nobis
1368 4364 1497 4420 ergo
1516 4348 1786 4421 quomodo
1823 4348 2145 4404 Manichmus

558 4446 661 4500 iste
684 4444 1036 4513 sitapostolus
1054 4442 1180 4499 Jesu
1205 4442 1421 4498 Christi.
1446 4441 1562 4495 Non
1586 4441 1727 4496 enim
1746 4455 1867 4495 eum
1892 4442 1943 4495 in
1967 4440 2147 4494 Evan-

557 4536 697 4605 gelio
724 4535 863 4588 inter
884 4534 1168 4604 Apostolus
1196 4534 1419 4603 legimus
1443 4531 1731 4601 aliquando
1759 4547 1772 4583 :
1805 4540 1860 4584 et
1885 4530 2003 4601 quis
2030 4529 2144 4585 fuc-

558 4627 628 4682 rit
647 4626 920 4679 ordinatus
940 4628 991 4679 in
1020 4626 1194 4679 locum
1215 4624 1365 4679 Judaz
1393 4623 1684 4686 traditoris,
1711 4623 1973 4685 novimus,
1990 4622 2039 4675 id
2061 4630 2144 4676 est

558 4728 774 4772 sanctus
802 4715 1086 4787 Mattltias(
1114 4718 1222 4769 Act.
1255 4731 1290 4777 l,
1313 4715 1384 4769 26
1410 4715 1466 4784 );
1498 4724 1551 4767 et
1580 4714 1700 4784 quis
1728 4722 1909 4782 postea
1934 4712 2141 4766 Domini

558 4824 690 4863 voce
734 4810 801 4863 de
829 4808 968 4863 caelo
994 4818 1216 4861 vocatus
1253 4808 1342 4871 sit,
1374 4807 1472 4858 hoc
1491 4814 1575 4859 est
1603 4805 1796 4858 Paulus
1824 4804 2093 4871 apostolus
2120 4803 2141 4834 ³

562 4898 671 4971 (Id.
696 4897 769 4970 ix)
787 4940 802 4963 ,
825 4913 1012 4952 omnes
1032 4905 1439 4966 rccognoscunt.
1463 4894 1622 4949 Istum
1641 4908 1769 4962 ergo
1788 4892 2139 4947 Maniclneunt

559 4994 722 5061 proba
752 4991 906 5046 nobis
930 4991 1229 5060 apostolum
1278 5004 1397 5042 esse
1431 4986 1657 5051 Christi,
1688 4984 1827 5055 quod
1872 4985 1925 5039 in
1967 4985 2141 5055 Capite

520 5094 527 5102 '
556 5083 796 5153 epistolae
821 5096 931 5135 sua:
950 5096 1115 5136 ausus
1139 5089 1223 5133 est
1250 5094 1468 5149 ponere.

626 5174 854 5231 CAPUT
893 5173 955 5227 ll.
984 5202 1057 5213 —
1085 5172 1214 5227 Fu.
1243 5171 1410 5226 dixit:
1456 5171 1523 5225 Et
1566 5169 1831 5227 Sanctitas
1879 5177 1965 5223 tua
2010 5170 2140 5225 mihi

2260 1715 2446 1782 probet
2488 1716 2628 1785 quod
2675 1717 2729 1771 in
2777 1718 3061 1789 Evangelio
3102 1719 3355 1789 scriptum
3384 1731 3487 1788 est,
3519 1720 3738 1779 Christo
3764 1722 3839 1780 di-

2257 1815 2447 1860 cente:
2488 1805 2631 1860 Vado
2680 1808 2749 1860 ad
2795 1806 3036 1876 Patrem;
3084 1820 3131 1865 et
3183 1811 3377 1864 mittam
3423 1813 3561 1866 vobis
3593 1813 3838 1884 Spiritum

2256 1912 2489 1955 sanctum
2514 1904 2845 1973 paracletum,
2876 1906 2961 1975 qui
3000 1922 3085 1959 vos
3115 1905 3320 1959 inducat
3344 1907 3398 1960 in
3427 1923 3627 1961 omnem
3666 1909 3842 1962 verita-

2258 2003 2356 2046 tem
2399 1993 2417 2061 (
2448 1992 2604 2047 Joan.
2641 2010 2751 2060 xvt,
2781 1995 2850 2049 l3
2872 1995 2912 2066 ).
2944 1994 3056 2050 Hoc
3100 2006 3153 2049 ιιι
3186 1996 3313 2051 mihi
3353 2008 3500 2052 extra
3527 1999 3840 2068 scripturam

2257 2082 2410 2138 istam
2452 2084 2617 2155 proba
2663 2100 2783 2140 esse
2850 2086 3167 2156 scripturam
3215 2088 3443 2156 Spiritus
3472 2090 3665 2155 sancti,
3704 2088 3834 2159 quod

2254 2172 2499 2229 Christus
2525 2174 2768 2243 promisit
2795 2174 2881 2229 tibi
2912 2176 3087 2229 omnis
3115 2177 3309 2231 veritas
3346 2180 3646 2247 reperiatur
3669 2196 3684 2231 :
3707 2188 3759 2234 et
3800 2181 3840 2233 si

2257 2264 2509 2319 invenero
2550 2265 2825 2321 veritatem
2873 2267 2924 2321 in
2972 2267 3090 2321 aliis
3142 2268 3413 2325 codicibus
3451 2270 3539 2339 qui
3568 2270 3635 2323 ad
3680 2270 3841 2325 Mani-

2254 2354 2460 2409 chteum
2496 2371 2601 2409 non
2631 2357 2910 2425 pertinent,
2949 2366 3003 2411 et
3044 2357 3291 2413 Christus
3318 2359 3438 2413 illos
3465 2360 3687 2414 tradidit
3717 2376 3731 2414 :
3770 2360 3844 2416 sic

2254 2444 2396 2499 enim
2418 2445 2615 2500 dictum
2642 2457 2768 2502 esta
2788 2446 3022 2512 Christo,
3050 2438 3172 2517 quia
3192 2450 3420 2518 Spiritus
3448 2460 3664 2505 sanctus
3702 2467 3843 2521 para-

2254 2534 2424 2589 cletus
2466 2536 2579 2606 ipse
2609 2537 2660 2590 in
2699 2551 2912 2592 omnem
2955 2539 3233 2592 veritatem
3276 2539 3842 2595 indueet:sectsmlnm

2252 2625 2451 2682 Christi
2481 2643 2782 2683 sermonem
2812 2644 2911 2699 ego
2939 2629 3229 2699 scripturas
3247 2630 3520 2686 Manicbei
3553 2648 3775 2687 recuso.

2329 2719 2461 2773 AUC.
2502 2718 2633 2772 dixit
2663 2736 2676 2770 :
2708 2719 2968 2785 Quoniam
2996 2735 3123 2791 ergo
3153 2731 3205 2775 tu
3223 2723 3450 2792 probare
3475 2739 3579 2777 non
3604 2726 3842 2791 ptsluisli,

2252 2808 2519 2877 quomodo
2546 2808 2614 2863 sit
2653 2809 2974 2864 Manicltmns
3022 2812 3296 2880 apostolus
3321 2811 3548 2877 Christi,
3580 2823 3638 2867 et
3680 2816 3844 2884 exigis

2254 2908 2313 2952 ut
2351 2915 2450 2969 ego
2486 2901 2704 2968 probem
2735 2902 3002 2971 quomodo
3045 2903 3247 2958 miserit
3297 2906 3549 2973 Spiritum
3602 2918 3841 2963 sanctum

2254 2990 2578 3058 paracletum
2607 3008 2761 3059 quem
2793 2993 3053 3062 promisit,
3080 3003 3136 3047 ut
3164 3004 3288 3049 tunc
3316 3010 3537 3065 respnas
3553 2998 3686 3066 seri;
3706 3006 3842 3053 turns

2252 3080 2545 3143 Maniclnei,
2575 3084 2618 3135 si
2648 3084 2917 3139 inveneris
2947 3085 3213 3154 impletam
3246 3087 3662 3156 promissionem
3694 3089 3843 3144 Cltrio

2251 3173 2319 3228 sti
2371 3185 2565 3243 prteter
2600 3176 2891 3245 scripturas
2939 3176 3211 3231 Manichzei
3240 3193 3253 3231 :
3284 3179 3527 3248 quamvis
3570 3180 3727 3248 prior
3771 3179 3836 3233 ad

2254 3265 2571 3334 interrogata
2622 3281 2740 3321 mea
2787 3266 3114 3335 respondere
3155 3266 3427 3333 debueris,
3479 3278 3665 3324 tamen
3718 3285 3840 3325 ecce

2251 3355 2397 3423 prior
2420 3357 2533 3425 ipse
2565 3356 2883 3424 reSpondeo,
2915 3368 2970 3412 et
3013 3358 3238 3412 ostendo
3268 3359 3360 3413 tibi
3392 3361 3609 3429 quando
3652 3362 3841 3417 missus

2251 3446 2320 3499 sit
2344 3446 2573 3515 Spiritus
2601 3456 2815 3501 sanctus
2835 3463 2991 3517 quem
3020 3447 3262 3504 Christus
3294 3450 3555 3518 promisit.
3590 3451 3660 3507 Et
3689 3467 3840 3507 accc-

2250 3536 2328 3591 dit
2354 3537 2417 3589 ad
2444 3538 2781 3606 Evangelium
2798 3547 2854 3592 cl
2877 3538 2941 3593 ad
2965 3540 3128 3594 Actus
3158 3544 3192 3593 Α
3203 3542 3551 3610 postularunt.

2321 3625 2545 3682 CAPUT
2578 3627 2663 3681 Ill.
2696 3658 2766 3668 —-
2792 3628 2858 3682 Et
2880 3644 3001 3683 cum
3041 3633 3335 3700 accepisset
3373 3631 3618 3688 codicem
3665 3634 3842 3689 Evan-

2247 3718 2394 3787 gelii,
2426 3718 2664 3773 recitavit
2694 3736 2707 3771 :
2740 3718 2874 3772 Dum
2893 3729 3060 3773 autem
3081 3720 3189 3774 hcce
3218 3720 3511 3792 loquuntur,
3534 3721 3697 3779 Iesus
3715 3726 3845 3779 stetit

2248 3812 2302 3863 in
2338 3810 2499 3863 medio
2527 3827 2720 3874 eorum,
2746 3822 2791 3865 et
2813 3812 2941 3866 dixit
2968 3813 3038 3866 eis
3063 3830 3082 3868 :
3115 3812 3234 3867 Pax
3258 3813 3431 3879 vobis;
3457 3830 3549 3885 ego
3578 3833 3719 3879 sum,
3750 3833 3841 3870 no-

2249 3902 2336 3955 lite
2359 3902 2550 3955 timere.
2585 3900 2650 3954 Et
2678 3917 2798 3956 cum
2840 3903 3061 3973 legeret,
3093 3902 3233 3958 dixit
3264 3920 3277 3957 :
3311 3903 3424 3958 Hoc
3453 3916 3573 3973 post
3596 3921 3844 3961 resurre-

2248 3992 2498 4046 ctionem.
2524 3992 2732 4046 Etcum
2755 3992 2997 4056 dixisset,
3019 3994 3142 4063 legit
3166 4013 3179 4048 :
3208 3992 3502 4048 Conturbati
3519 4011 3641 4050 vero
3663 4009 3710 4051 et
3727 4013 3849 4051 con-

2247 4084 2406 4136 territi
2452 4084 2805 4139 existimabant
2847 4100 2900 4139 se
2947 4086 3179 4153 spiritum
3210 4085 3397 4141 uidere.
3445 4085 3513 4140 Et
3549 4088 3688 4143 dixit
3734 4090 3845 4143 eis:

2250 4175 2387 4240 Quid
2425 4175 2608 4229 turbati
2637 4177 2782 4239 estis,
2825 4187 2871 4230 et
2910 4177 3237 4247 cogitationes
3266 4179 3543 4231 ascendunt
3582 4179 3641 4232 in
3687 4179 3846 4233 corda

2247 4266 2449 4319 uestra?
2477 4265 2650 4320 Videte
2669 4283 2848 4319 manus
2880 4283 3015 4321 meas
3042 4276 3087 4319 et
3115 4267 3265 4337 pedes
3294 4283 3447 4333 meos,
3476 4269 3600 4338 quia
3625 4286 3723 4340 ego
3738 4270 3849 4339 ipse

2247 4373 2407 4411 sum:
2437 4358 2659 4426 palpate,
2691 4366 2740 4411 et
2764 4358 2944 4422 videte,
2981 4358 3101 4429 quia
3151 4358 3358 4427 spiritus
3398 4375 3603 4413 carnem
3640 4370 3692 4414 et
3734 4377 3848 4414 ossa

2247 4464 2348 4501 non
2376 4449 2539 4511 habet,
2559 4449 2688 4502 sicut
2716 4465 2793 4502 me
2818 4448 2995 4501 uidetis
3022 4447 3221 4501 habere.
3252 4446 3452 4502 Etcum
3473 4448 3583 4501 hac
3609 4450 3846 4516 dixisset,

2247 4541 2460 4595 ostendit
2485 4542 2557 4595 eis
2585 4557 2763 4594 manus
2789 4550 2833 4594 et
2859 4540 3024 4609 pedes.
3056 4539 3239 4592 Adhuc
3268 4550 3433 4593 autem
3470 4539 3575 4593 illis
3603 4556 3713 4594 non
3750 4558 3851 4594 cre-

2247 4632 2497 4694 dentibus,
2542 4642 2588 4683 et
2623 4631 2919 4684 mirantibus
2949 4647 3056 4700 prta
3081 4631 3289 4699 gaudio,
3315 4630 3444 4684 dixit
3468 4646 3488 4685 :
3519 4629 3745 4685 Habetis
3771 4630 3851 4684 hic

2246 4721 2442 4787 aliquid
2484 4721 2619 4790 quod
2648 4721 3016 4775 manducetur?
3042 4722 3107 4773 At
3133 4720 3210 4773 illi
3247 4722 3531 4774 obtulerunt
3555 4723 3607 4774 ei
3653 4732 3851 4791 partem

2248 4814 2398 4883 piscis
2422 4812 2523 4864 assi
2550 4822 2596 4864 et
2622 4816 2791 4881 favum
2820 4811 3001 4865 mellis.
3038 4811 3101 4864 Et
3129 4827 3244 4864 cum
3282 4810 3646 4866 manducasset
3674 4829 3851 4866 coram

2248 4902 2339 4963 eis,
2366 4917 2566 4955 sumens
2605 4901 2847 4971 reliquias
2894 4901 3032 4954 dedit
3076 4902 3170 4965 eis,
3209 4911 3255 4954 et
3286 4901 3414 4955 dixit
3458 4903 3527 4954 ad
3569 4919 3662 4957 eos
3689 4903 3854 4957 :Iltec

2247 4999 2364 5045 sunt
2402 4991 2550 5045 verba
2575 5006 2687 5061 qua!
2718 4991 2913 5045 locutus
2945 5008 3058 5045 sunt
3091 4995 3162 5044 ad
3187 5007 3294 5056 vos,
3331 5009 3442 5046 cum
3486 4993 3665 5048 adhuc
3692 5011 3855 5049 essent

2247 5082 2520 5144 vobiscum,
2550 5084 2789 5151 quoniam
2814 5097 3008 5136 necesse
3033 5090 3105 5136 est
3131 5082 3334 5146 impleri
3356 5084 3523 5137 omnia
3555 5101 3684 5153 qua
3724 5088 3857 5140 scri-

2250 5184 2338 5242 pta
2364 5182 2479 5225 sunt
2505 5173 2559 5226 in
2587 5173 2695 5244 lege
2719 5171 2910 5242 Moysi,
2936 5182 2984 5226 et
3008 5170 3301 5240 Prophetis,
3323 5181 3367 5226 et
3399 5171 3627 5230 Psalmis
3656 5177 3725 5231 de
3754 5193 3853 5230 tne.

1725 5278 2007 5319 ADIONITIO
2044 5279 2125 5317 PP.
2165 5279 2641 5319 BBNEDICTINORUN.

624 5369 735 5410 Acta
756 5374 865 5409 cum
881 5358 1041 5408 Felice
1065 5358 1428 5408 emendavimus
1449 5356 1509 5407 ad
1531 5364 1638 5407 Mss.
1666 5358 1973 5415 Victorinum,
1998 5355 2369 5415 Floriacensem,
2392 5356 2716 5416 Casalenscm,
2755 5355 2817 5405 ad
2837 5356 2994 5405 varias
3017 5357 3257 5408 lecuones
3277 5358 3423 5409 trium
3445 5357 3780 5421 Belgica-um,
3807 5369 3859 5412 et

559 5422 619 5470 ad
645 5422 886 5471 editiones
909 5429 1005 5469 Am.
1029 5426 1105 5468 Er.
1134 5428 1186 5469 et
1208 5426 1320 5468 Lov.

653 5504 1165 5581 Comparavimus
1192 5511 1490 5583 prwterea
1520 5521 1617 5562 eas
1645 5520 1849 5562 omnes
1875 5500 2179 5563 editiones
2203 5501 2391 5563 initio
2412 5502 2580 5563 Retr.
2604 5510 2656 5562 et
2678 5501 2991 5577 Confess.,
3020 5511 3066 5565 t.
3102 5505 3161 5577 1,
3193 5515 3581 5567 inmoratus.
3681 5508 3773 5569 Μ.

626 5604 643 5635 ι
678 5602 917 5653 Fditiones
954 5612 1055 5651 Am.
1099 5611 1152 5652 et
1186 5609 1280 5660 Π..
1319 5602 1489 5664 sept’es
1524 5599 1752 5664 consule;
1776 5598 2142 5664 reluctantibus

561 5665 785 5714 omnibus
807 5672 908 5713 Mss.
935 5671 986 5713 et
1006 5665 1158 5714 istboc
1182 5665 1287 5714 loco
1309 5672 1358 5712 et
1372 5662 1431 5711 'm
1457 5662 1896 5712 netractationibus.

626 5729 648 5760 ⁸
674 5734 833 5783 Forte,
859 5725 1232 5788 Itipponensiunt
1252 5724 1509 5788 regiorum.

629 5789 653 5822 ⁸
682 5796 758 5838 Er.
777 5783 930 5851 1»ng
945 5783 998 5836 et
1018 5794 1159 5846 Ven.,
1182 5785 1260 5837 hic
1282 5783 1349 5837 ἀι
1379 5786 1551 5836 Paulus
1570 5783 1823 5847 apostolus.
1876 5789 1934 5833 Il.

2329 5783 2404 5846 (α)
2426 5784 2593 5846 Scripti
2608 5796 2735 5835 anno
2753 5786 2924 5837 Christi
2946 5785 3055 5850 ωι,
3081 5786 3161 5837 die
3178 5788 3209 5836 7
3234 5794 3287 5839 et
3311 5787 3369 5839 12
3387 5786 3696 5842 decembris.
