4052 6434
263 407 365 465 521

263 521 412 577 Tunc
452 525 649 594 aperuit
674 523 778 578 illis
804 539 1026 590 sensum,
1057 532 1112 576 ut
1133 521 1468 593 intelligerent
1509 521 1804 590 Scripturas
1833 535 1851 573 :

263 625 308 672 et
335 618 468 672 dixit
491 619 580 683 eis,
618 618 870 686 Quoniam
896 619 968 672 sic
997 618 1238 688 scriptum
1266 627 1369 684 est,
1409 626 1456 670 et
1482 617 1553 670 sic
1597 614 1853 684 oportebat

263 706 528 763 Christum
554 709 660 779 pati
689 719 734 764 et
754 725 1013 780 resurgere
1039 725 1071 762 a
1099 708 1308 762 mortuis
1334 708 1414 762 die
1453 709 1615 772 tertio,
1645 717 1692 760 et
1718 721 1851 776 prte-

261 800 428 854 dicari
445 803 500 854 in
519 803 722 858 nomine
739 803 848 872 ejus
868 801 1208 872 paenitentiam
1227 810 1274 856 et
1301 801 1642 856 remissionem
1669 815 1850 870 pecca-

260 902 430 946 torum
447 895 502 948 in
531 910 700 948 omnes
726 903 916 965 gentes,
948 893 1302 963 incipientibus
1329 892 1392 946 ab
1409 891 1694 946 Jerusalem
1755 890 1856 945 Vos

262 997 436 1040 autem
471 987 592 1041 estis
633 995 780 1040 testes
831 987 1030 1040 horum.
1072 983 1142 1038 Et
1191 1001 1281 1056 ego
1315 986 1510 1038 mittam
1552 983 1854 1052 prontissum

261 1079 442 1135 Patris
486 1080 584 1135 mei
611 1081 666 1134 in
695 1095 780 1134 vos
810 1094 828 1133 :
855 1094 941 1132 vos
964 1087 1132 1132 autem
1169 1078 1334 1132 sedete
1363 1078 1417 1130 in
1440 1077 1635 1130 civitate
1663 1074 1856 1143 quoad-

259 1186 422 1241 usque
439 1172 724 1226 induamini
755 1176 984 1226 virtutem
1020 1185 1082 1225 ea:
1109 1169 1257 1240 alto(
1289 1169 1415 1223 Luc.
1444 1183 1592 1234 xxxv,
1624 1167 1793 1224 36-49
1812 1169 1852 1238 ).

261 1261 336 1318 Et
366 1279 492 1319 cum
523 1263 842 1320 reddidisset
868 1263 1106 1318 codicem
1137 1261 1430 1331 Evangelii,
1461 1261 1666 1330 accepit
1689 1261 1856 1315 Actus

259 1355 665 1424 Apostolorum,
719 1363 773 1410 et
834 1353 969 1410 dixit
1022 1372 1035 1407 :
1095 1352 1411 1409 Audivimus
1464 1353 1519 1406 in
1571 1351 1856 1422 Evangelia

261 1461 722 1504 commemorasse
759 1445 1153 1516 Evangelistam
1180 1452 1422 1500 sanctum
1445 1443 1854 1514 promissionem

261 1536 484 1602 Christi,
533 1552 652 1608 qua:
694 1545 778 1594 est
821 1537 874 1592 in
917 1536 1204 1607 Evangelia
1243 1535 1536 1590 secundum
1571 1534 1852 1602 Joannem,

261 1641 422 1696 quem
451 1641 694 1697 praesens
719 1626 871 1682 Felix
899 1626 1357 1683 commemoravit.
1405 1625 1506 1682 Ubi
1553 1624 1694 1680 enim
1723 1623 1858 1680 dixit

261 1719 525 1774 Dominus
543 1759 559 1786 ,
615 1719 766 1774 Mitto
803 1719 940 1774 vobis
984 1719 1236 1790 Spiritum
1280 1729 1510 1782 sanctum
1551 1718 1858 1790 paracletum

266 1795 446 1881 (lauit.
481 1827 596 1880 xvt,
624 1809 712 1883 7),
739 1811 974 1868 Joannes
999 1811 1323 1881 evangelista
1349 1811 1584 1882 scripsit.
1627 1811 1740 1866 Hoc
1763 1827 1859 1866 au-

263 1911 370 1962 tem
397 1902 546 1974 quod
571 1903 732 1960 modo
757 1903 882 1975 legi,
909 1903 1082 1960 Lucas
1112 1903 1432 1974 evangelista
1459 1911 1741 1960 attestatus
1753 1912 1854 1968 est,

264 2002 318 2048 et
342 1994 640 2050 consonuit
653 1994 864 2050 veritati
885 1993 1116 2064 apostoli
1140 1993 1380 2052 Joannis.
1395 1993 1681 2050 Videamus
1697 1994 1858 2050 etiam

261 2085 536 2157 quomodo
559 2085 858 2157 perfectum
891 2095 974 2144 est
1015 2087 1160 2158 quod
1202 2088 1450 2157 promisit
1491 2087 1768 2151 Dominus,
1805 2095 1860 2142 et

261 2177 536 2247 quomodo
581 2176 856 2248 impletum
876 2195 890 2234 :
909 2187 970 2234 ut
999 2178 1327 2236 cumiuerit
1359 2194 1424 2234 ex
1467 2179 1739 2235 canonicis
1765 2177 1859 2234 Li-

261 2268 374 2324 hris
403 2277 610 2328 sanctae
632 2271 890 2330 Ecclesiae
927 2287 1181 2344 expressa
1227 2273 1466 2343 impletio
1487 2273 1859 2343 promissionis

263 2364 502 2432 Domini,
537 2367 864 2436 paracletum
909 2367 1164 2437 Spiritum
1205 2375 1448 2422 sanctum
1493 2365 1724 2422 alterum
1753 2381 1860 2422 non

263 2472 592 2528 qum-ramus,
621 2473 690 2512 ne
715 2459 768 2512 in
797 2457 1140 2514 seductorum
1185 2458 1404 2530 laqueos
1433 2459 1786 2514 incurramus.

333 2547 565 2604 CAPUT
605 2546 692 2602 1V.
714 2579 787 2590 —
809 2550 878 2604 Et
913 2550 1158 2605 recitavit
1201 2566 1268 2606 ex
1305 2552 1526 2608 Actibus
1573 2552 1860 2622 Apostolo-

265 2653 381 2694 rum
409 2655 424 2693 :
455 2637 698 2694 Primum
748 2640 950 2710 quidem
988 2657 1266 2697 sermonem
1308 2643 1402 2712 feci
1445 2643 1510 2696 de
1549 2643 1798 2711 omnibus,
1829 2660 1860 2698 o

268 2729 576 2801 Theophile,
599 2748 714 2803 quas
729 2735 876 2804 coepit
903 2734 1056 2789 Jesus
1087 2740 1252 2806 facere
1279 2745 1326 2789 et
1351 2735 1546 2802 docere,
1577 2737 1632 2791 in
1655 2736 1738 2791 die
1761 2753 1860 2807 quo

261 2822 536 2892 Apostolos
579 2824 726 2894 elegit
779 2841 868 2895 per
905 2824 1157 2896 Spiritum
1207 2835 1438 2882 sanctum
1457 2869 1471 2893 ,
1521 2835 1572 2882 et
1623 2829 1861 2898 precepit

265 2915 544 2983 pradicare
587 2913 922 2988 Evangelium
945 2934 964 2970 :
991 2918 1168 2988 quibus
1211 2919 1424 2991 prtebuit
1465 2937 1518 2976 se
1545 2921 1710 2976 vivum
1747 2930 1860 2993 post

265 3009 548 3076 passionem
571 3009 628 3063 in
651 3010 828 3064 multis
865 3013 1176 3082 argumentis
1212 3013 1428 3080 dierum,
1471 3019 1606 3070 visus
1637 3016 1710 3070 eis
1755 3016 1886 3072 dies.

263 3100 626 3172 quadraginta,
655 3109 702 3156 et
726 3102 912 3158 docens
957 3104 1022 3158 de
1059 3121 1210 3174 regno
1239 3104 1352 3171 Dei,
1385 3115 1433 3160 et
1457 3108 1708 3176 quomodo
1735 3125 1858 3163 con-

263 3202 488 3248 rersatus
515 3203 588 3249 est
615 3211 732 3249 cum
761 3196 884 3251 illis.
913 3195 984 3250 Et
1020 3198 1258 3267 pracepit
1279 3199 1348 3252 eis
1372 3215 1436 3252 ne
1459 3199 1770 3254 discederent
1795 3202 1859 3256 ab

260 3283 594 3356 Jerosolgmis
613 3328 629 3353 ,
694 3287 783 3342 sed
830 3287 1136 3344 sustinerent
1185 3289 1596 3356 pollicitationem
1645 3291 1818 3346 Patris
1841 3331 1855 3357 ,

261 3394 408 3448 quam
445 3379 682 3445 audistis,
727 3380 908 3449 inquit,
955 3397 1018 3434 ea:
1060 3396 1147 3434 ore
1174 3397 1314 3447 meo;
1364 3383 1602 3452 quoniam
1632 3381 1858 3438 Joannes

261 3471 461 3542 quidem
487 3469 760 3541 baptizavit
778 3469 936 3540 aqua,
966 3487 1052 3526 vos
1090 3483 1258 3528 autem
1287 3472 1486 3542 Spiritu
1514 3483 1686 3530 sancto
1730 3477 1857 3532 inci-

261 3564 404 3634 pietis
425 3563 700 3634 baptizari,
727 3557 874 3635 quem
901 3573 948 3620 et
968 3567 1226 3636 accepturi
1248 3567 1367 3620 estis
1399 3559 1500 3622 non
1531 3578 1640 3637 post
1673 3569 1857 3624 multos

261 3653 382 3708 istos
407 3656 540 3722 dies,
570 3672 728 3724 usque
747 3658 816 3710 ad
841 3655 1194 3714 Pentecosten.
1228 3655 1320 3712 Illi
1347 3673 1466 3730 ergo
1491 3661 1855 3729 convenientes,

261 3747 644 3820 interrogabant
665 3767 779 3804 eum
817 3751 1033 3806 dicentes
1057 3767 1076 3806 :
1106 3751 1343 3820 Domine,
1371 3753 1416 3808 si
1445 3753 1497 3806 in
1524 3751 1616 3807 hoc
1637 3763 1859 3823 tempore

263 3840 594 3910 prtesentabis
629 3858 840 3912 regnum
881 3841 1086 3897 Israel?
1129 3841 1232 3898 Ille
1275 3853 1440 3897 autem
1489 3843 1616 3899 dixit
1646 3860 1664 3898 :
1691 3843 1858 3900 Nemo

261 3941 424 4002 potest
453 3947 754 4006 cognoscere
782 3944 996 4006 tempus,
1024 3935 1160 4004 quod
1187 3935 1346 3990 Pater
1375 3938 1542 4007 posuit
1569 3938 1623 3991 in
1647 3955 1740 3992 sua
1761 3955 1857 4009 po-

263 4033 478 4089 testate;
523 4027 612 4080 sed
641 4027 895 4098 accipietis
921 4027 1155 4082 virtutem
1183 4027 1409 4098 Spiritus
1435 4029 1598 4083 sancti
1622 4045 1858 4100 superve-

263 4118 480 4171 nientem
529 4118 584 4170 in
619 4134 724 4184 vos,
755 4127 801 4172 et
827 4119 962 4172 eritis
987 4119 1109 4173 mihi
1133 4129 1278 4174 testes
1299 4122 1438 4191 apud
1461 4119 1854 4192 Jerosolymam,

263 4219 308 4264 et
337 4210 388 4262 in
415 4217 522 4263 tota
564 4207 752 4264 Judcea
775 4219 820 4264 et
846 4210 1106 4279 Samaria,
1135 4222 1180 4266 et
1209 4229 1366 4283 usque
1390 4213 1443 4266 in
1469 4223 1622 4267 totam
1647 4222 1853 4269 terram.

263 4303 388 4358 Cum
417 4307 528 4359 Ittec
547 4305 754 4369 diceret,
787 4306 941 4360 nubes
970 4307 1188 4378 suscepit
1213 4323 1345 4376 eum,
1375 4317 1420 4362 et
1445 4309 1670 4363 sublatus
1695 4317 1766 4362 est
1795 4309 1856 4363 ab

265 4399 350 4450 eis.
379 4397 448 4450 Et
473 4397 726 4468 quomodo
746 4399 1139 4469 contemplantes
1165 4409 1307 4453 erant
1336 4415 1450 4454 cum
1471 4401 1561 4453 iret
1578 4403 1628 4454 in
1655 4403 1852 4468 coelum,

265 4503 375 4544 ecce
399 4489 506 4542 duo
537 4490 631 4542 viri
665 4489 933 4544 adstabant
956 4489 1062 4545 illis
1088 4491 1140 4544 in
1190 4499 1320 4544 veste
1343 4489 1478 4558 alba,
1515 4491 1598 4560 qui
1625 4491 1857 4546 dixerunt

265 4583 328 4636 ad
357 4601 441 4639 eos
474 4599 493 4636 :
531 4583 640 4636 Viri
668 4583 889 4650 Galiltei,
913 4586 1033 4654 quid
1062 4587 1204 4638 static
1234 4585 1550 4654 respicientes
1573 4586 1625 4639 in
1641 4587 1848 4640 caelum?

264 4675 366 4732 Iste
384 4678 416 4730 J
423 4695 540 4732 esus
568 4679 652 4748 qui
678 4689 965 4748 assumptus
986 4680 1128 4732 estin
1154 4679 1330 4732 caelum
1351 4696 1382 4731 a
1413 4679 1568 4742 vobis,
1597 4680 1668 4732 sic
1690 4680 1848 4733 veniet

263 4769 690 4840 quemadmodum
732 4769 926 4824 vidistis
956 4787 1070 4824 eum
1109 4780 1305 4826 euntem
1350 4771 1404 4824 in
1454 4769 1656 4825 etclam.
1712 4771 1856 4826 Tunc

264 4864 448 4918 reversi
487 4871 606 4916 sunt
649 4861 1019 4932 Jerosolgmam
1049 4880 1080 4915 a
1109 4872 1276 4917 monte
1306 4864 1391 4934 qui
1417 4873 1623 4917 vocatur
1653 4861 1854 4930 Elaton,

265 4954 344 5020 qui
373 4963 446 5008 est
467 4955 622 5024 juxta
651 4951 1046 5024 Jerosolymam,
1080 4952 1270 5008 sabbati
1300 4955 1485 5009 habens
1511 4957 1623 5009 iter.
1655 4952 1718 5009 Et
1746 4973 1858 5009 cum

265 5045 575 5111 introissent,
625 5045 958 5100 ascenderunt
1007 5046 1058 5098 in
1112 5045 1394 5116 superiora,
1443 5047 1528 5101 ubi
1567 5048 1858 5103 habitabant

267 5135 451 5192 Petrus
498 5147 546 5192 et
591 5137 840 5206 Joannes,
891 5129 1112 5192 Jacobus
1137 5148 1182 5194 et
1220 5138 1469 5204 Andreas,
1497 5139 1769 5210 Philippus
1812 5151 1858 5195 et

265 5227 306 5284 Τ
311 5229 946 5294 Ιιοηιαε,’ΒατιΙιοΙοηιίεηδ
969 5239 1014 5284 ct
1047 5229 1340 5298 Mattlueus,
1368 5229 1589 5285 Jacobus
1635 5232 1854 5301 Alphazi,

268 5331 310 5376 et
335 5323 520 5378 Simon
539 5323 758 5387 Zelotes,
783 5333 829 5377 et
851 5321 1016 5377 Judas
1044 5321 1243 5376 Jacobi.
1279 5321 1341 5375 Et
1369 5333 1510 5377 erant
1540 5341 1858 5394 perseveran-

269 5409 336 5468 tes
378 5432 552 5469 omnes
593 5415 856 5468 unanimes
887 5415 938 5467 in
961 5415 1292 5478 orationibus,
1326 5431 1442 5468 cum
1467 5417 1780 5483 mulieribus,
1809 5429 1857 5472 et

269 5505 438 5560 Maria
481 5522 596 5576 qua:
619 5509 786 5578 fuerat
813 5516 970 5560 mater
995 5505 1144 5574 Jesu,
1191 5516 1235 5560 et
1283 5508 1521 5578 fratribus
1559 5510 1688 5578 ejus.
1715 5509 1783 5562 Et
1803 5511 1856 5565 in

274 5597 438 5652 diebus
465 5599 571 5652 illis
594 5600 874 5653 exsurrexit
919 5599 1103 5652 Petrus
1142 5599 1194 5652 in
1221 5599 1384 5653 ntedio
1413 5599 1710 5654 discentium
1741 5603 1780 5668 ¹,
1809 5613 1855 5657 et

271 5689 392 5744 dixit
421 5687 442 5762 (
463 5691 562 5761 fuit
590 5701 755 5744 autem
786 5692 931 5744 turba
957 5692 1012 5745 in
1038 5707 1158 5757 uno,
1191 5691 1452 5746 hominum
1491 5689 1635 5762 quasi
1660 5703 1855 5750 centum

551 5846 604 5898 in
623 5847 782 5898 medio
802 5847 1024 5910 fratrum.
1052 5855 1107 5898 At
1124 5857 1250 5910 mss,
1267 5848 1562 5900 discentium.
1575 5855 1738 5902 Graece
1757 5859 1850 5916 est,

502 5995 730 6060 Ssuc'r.
767 5999 1041 6059 AUGUST.
1077 5996 1247 6059 Vill.

773 407 863 464 DE
901 405 1096 464 ACTIS
1130 405 1271 465 CUM
1307 404 1550 463 FELICE
1587 369 1982 490 HANICHIEO,
2023 403 2079 460 S.
2119 405 2490 486 AUGUSTINI
2527 406 2730 490 LIBER
2773 408 3044 466 PRIMUS.

3435 415 3545 472 522

1969 516 2176 588 viginti)
2236 535 2254 572 :
2311 519 2412 574 Viri
2453 525 2658 594 fratres,
2697 532 2890 591 oportet
2933 523 3202 594 adimpleri
3243 527 3548 597 scripturam

1963 608 2132 676 istam,
2156 626 2305 679 quam
2332 613 2564 682 prmdixit
2596 613 2820 683 Spiritus
2847 623 3050 669 sanctus
3079 632 3166 669 ore
3191 619 3353 671 sancti
3379 618 3548 674 David

1965 701 2070 754 deJ
2079 701 2200 770 uda,
2221 704 2306 774 qui
2328 705 2426 773 fuit
2451 705 2694 759 deductor
2717 705 2920 760 illorum
2949 707 3035 776 qui
3064 709 3549 778 comprehenderunt

1963 789 2160 858 Jesum,
2187 794 2428 862 quoniam
2453 806 2815 852 annumeratus
2831 807 2939 851 erat
2967 797 3097 852 inter
3122 816 3234 865 nos,
3263 801 3348 868 qui
3376 801 3552 858 habuit

1963 893 2148 937 sortem
2188 884 2340 955 hujus
2378 887 2660 940 ministerii.
2709 885 2812 941 Hic
2850 905 2968 958 ergo
3003 891 3224 960 possedit
3261 907 3442 963 agrum
3471 893 3552 950 de

1965 975 2190 1030 mercede
2214 976 2476 1056 injustitiaz
2498 993 2622 1046 sum,
2649 989 2692 1031 et
2727 979 2912 1034 collum
2939 980 3036 1035 sibi
3061 983 3306 1053 alligavit,
3337 995 3385 1040 et
3413 986 3552 1057 deje-

1962 1075 2071 1120 ctus
2093 1067 2148 1120 in
2171 1053 2372 1134 faciem,
2392 1069 2651 1140 disruptus
2663 1079 2737 1124 est
2763 1071 2976 1138 medius,
2998 1081 3046 1126 et
3060 1072 3222 1141 effusa
3243 1086 3362 1130 sunt
3381 1053 3554 1132 omnia

1961 1161 2172 1238 viscera.
2191 1162 2320 1233 ejus.
2347 1162 2495 1229 Quod
2538 1171 2584 1217 et
2625 1164 2880 1233 cognitum
2907 1165 3096 1234 factunt
3123 1177 3196 1222 est
3218 1170 3446 1226 omnibus
3466 1174 3554 1243 qui

1961 1251 2309 1330 inhabitabant
2337 1253 2740 1326 Jerosolgmam,
2788 1257 2860 1311 ita
2902 1267 2956 1312 ut
2999 1272 3263 1316 vocaretur
3305 1281 3426 1335 ager
3463 1265 3552 1322 ille

1960 1345 2189 1415 ipsorum
2241 1348 2416 1418 lingua
2467 1350 2798 1404 Aceldemach
2821 1391 2835 1416 ,
2875 1351 2930 1406 id
2973 1363 3064 1418 est,
3101 1372 3222 1426 ager
3265 1359 3548 1429 sanguinis.

1963 1435 2229 1509 Scriptum
2252 1448 2322 1495 est
2347 1443 2480 1496 enim
2505 1443 2558 1496 in
2598 1443 2726 1497 libro
2751 1444 3076 1500 Psalmorum
3103 1465 3122 1504 :
3155 1447 3278 1504 Fiat
3301 1452 3422 1507 villa
3441 1455 3552 1525 ejus

1963 1531 2178 1596 deserta,
2211 1543 2258 1588 et
2291 1551 2392 1589 non
2419 1537 2592 1606 sitqui
2633 1537 2875 1594 inhabitet
2918 1541 2973 1596 in
3013 1559 3090 1610 ea,
3119 1553 3166 1596 et
3209 1544 3554 1616 episcOpatum

1963 1625 2073 1694 ejus
2109 1627 2326 1698 accipiat
2352 1629 2498 1683 alter.
2549 1629 2758 1701 Oportet
2786 1634 2955 1705 itaque
2979 1651 3045 1690 ea:
3071 1637 3149 1690 his
3173 1637 3293 1693 viris
3315 1640 3400 1709 qui
3428 1655 3552 1694 con—

1963 1726 2204 1772 venerunt
2247 1719 2508 1776 nobiscum
2537 1723 2592 1776 in
2619 1726 2754 1778 omni
2779 1734 3002 1797 tempore
3027 1742 3126 1794 quo
3154 1727 3378 1783 introivit
3405 1745 3554 1800 super

1965 1821 2056 1860 nos
2084 1807 2100 1839 ³
2135 1817 2182 1862 et
2227 1813 2436 1866 excessit
2477 1811 2727 1868 Dominus
2765 1814 2921 1870 Jesus
2965 1815 3214 1885 Christus,
3255 1820 3500 1890 incipiens
3521 1839 3556 1876 a

1964 1900 2212 1972 baptismo
2228 1902 2446 1960 Joannis
2471 1923 2628 1977 usque
2665 1908 2718 1962 in
2763 1907 2908 1964 illum
2953 1911 3088 1966 diem
3126 1927 3228 1981 quo
3263 1927 3556 1984 assumptus

1964 2001 2036 2048 est
2060 2011 2092 2047 a
2113 1995 2276 2064 nobis,
2307 2007 2477 2054 testem
2501 2003 2882 2057 resurrectionis
2907 2005 3019 2076 ejus
3043 2005 3304 2062 nobiscum
3331 2023 3460 2064 esse.
3492 2009 3556 2064 Et

1964 2087 2140 2139 statuit
2165 2087 2314 2155 duos,
2339 2087 2534 2161 Joseph
2559 2093 2646 2158 qui
2673 2094 2946 2152 vocabatur
2973 2095 3244 2164 Barsabas,
3273 2101 3360 2168 qui
3377 2112 3424 2156 et
3451 2101 3556 2157 Ju-

1962 2183 2092 2240 stus,
2133 2187 2180 2230 et
2224 2177 2516 2234 Matthiam.
2569 2181 2638 2236 Et
2678 2195 2910 2254 precatus
2949 2187 3080 2242 dixit
3109 2203 3130 2241 :
3167 2187 3268 2254 Tu,
3317 2189 3552 2259 Domine,

1963 2269 2190 2323 sordium
2215 2273 2436 2328 omnium
2461 2275 2762 2342 intellector,
2782 2279 2986 2334 ostende
3007 2297 3070 2336 ea:
3089 2281 3167 2335 his
3189 2282 3386 2338 duobus
3407 2301 3554 2355 quem

1965 2359 2160 2431 elegisti
2203 2363 2272 2416 ad
2309 2367 2682 2435 suscipiendum
2723 2369 2889 2424 locum
2920 2371 3073 2442 hujus
3099 2374 3360 2429 ministerii
3383 2385 3430 2432 et
3457 2371 3556 2432 an-

1965 2452 2316 2520 nuntiotionis,
2367 2473 2399 2509 a
2441 2473 2542 2523 qua
2567 2461 2778 2516 excessit
2803 2459 2972 2516 Iudas
2999 2464 3262 2520 ambulare
3294 2467 3349 2521 in
3381 2469 3556 2524 locum

1965 2559 2136 2598 suum.
2167 2544 2235 2598 Et
2264 2546 2508 2602 dederunt
2551 2560 2709 2606 sortes
2733 2569 2852 2608 suas
2879 2555 2922 2619 ³,
2964 2563 3014 2608 et
3056 2556 3236 2611 cecidit
3264 2574 3374 2614 sors
3402 2576 3556 2630 super

1966 2633 2260 2704 Matthiam,
2284 2647 2332 2690 et
2361 2640 2512 2696 simul
2539 2642 2810 2712 deputatus
2831 2654 2904 2698 est
2931 2662 3048 2700 cum
3075 2648 3310 2704 undecim
3335 2651 3556 2720 Aposto-

1967 2725 2030 2780 lis
2071 2727 2416 2784 duodecimus.
2467 2732 2534 2788 Et
2577 2749 2698 2790 cum
2745 2737 2982 2807 legisset.
3037 2739 3214 2796 dixit:
3243 2743 3559 2803 Audivimus

1963 2817 2086 2888 quis
2122 2819 2398 2877 ordinatus
2425 2833 2506 2878 est
2555 2825 2610 2880 in
2659 2827 2831 2882 locum
2881 2829 3054 2886 Judae-
3079 2833 3350 2890 traditoris
3373 2875 3387 2900 ,
3415 2838 3558 2906 quod

1967 2910 2124 2978 paulo
2149 2921 2273 2968 ante
2296 2919 2732 2985 commemoravi,
2779 2936 2847 2976 ne
2877 2924 3162 2994 quisquam
3191 2933 3288 2996 per
3311 2927 3556 2988 fraudem

1966 2999 2167 3072 irrepat
2197 3004 2248 3058 in
2276 3007 2654 3076 Apostolorum
2683 3027 2986 3082 numerum,
3010 3026 3064 3072 et
3091 3018 3309 3076 nomine
3345 3031 3558 3094 aposto-

1964 3093 2102 3149 latus
2131 3094 2278 3151 lallat
2308 3100 2537 3170 ignaros.
2981 3141 2984 3148 ι

2033 3185 2258 3280 C_APU'§
2287 3188 2576 3250 V.-—Nunc
2591 3196 2866 3254 videamus
2893 3201 3034 3270 quod
3053 3205 3415 3275 promisimus,
3432 3222 3560 3280 quo-

1963 3277 2126 3370 modo
2153 3277 2370 3350 impleta
2401 3283 2472 3340 sit
2495 3282 2692 3343 Christi
2722 3291 3004 3358 promissio
3033 3293 3101 3348 de
3129 3277 3554 3370 Spiritusancto.

1964 3366 2032 3422 Et
2070 3385 2189 3426 cum
2225 3372 2488 3444 dixisset,
2521 3378 2650 3450 legit
2670 3380 2724 3436 in
2750 3381 2869 3438 loco
2903 3403 2914 3439 :
2947 3383 3192 3458 Tempore
3228 3366 3558 3464 quo-supple-

1961 3469 2042 3516 tus
2061 3473 2134 3518 est
2159 3465 2266 3521 dies
2286 3466 2626 3541 Pentecostes,
2649 3479 2854 3546 fuerunt
2872 3495 3042 3534 omnes
3073 3481 3226 3537 simul
3247 3484 3302 3538 in
3328 3501 3448 3541 uno.
3481 3485 3558 3542 Et

1962 3555 2128 3623 factus
2170 3567 2240 3613 est
2287 3563 2451 3618 subito
2495 3581 2652 3622 sonus
2691 3568 2754 3622 de
2788 3571 2910 3625 caelo
2934 3613 2948 3639 ,
2979 3575 3123 3644 quasi
3150 3579 3364 3647 ferretur
3401 3581 3557 3650 flatus

1962 3647 2222 3704 vehemens
2241 3693 2256 3718 ,
2290 3661 2336 3707 et
2358 3655 2584 3726 implevit
2607 3667 2762 3713 totant
2796 3661 2939 3716 illam
2964 3664 3190 3731 domum,
3215 3667 3270 3720 in
3287 3683 3386 3739 qua
3402 3647 3557 3726 erant

1961 3739 2203 3796 sedentes.
2235 3742 2300 3796 Et
2323 3745 2443 3800 visa:
2487 3757 2604 3802 sunt
2647 3750 2750 3805 illis
2790 3752 2977 3823 linguae
3009 3755 3184 3812 divisa:
3217 3759 3364 3828 quasi
3387 3761 3554 3832 ignis,

1960 3833 2048 3902 qui
2090 3842 2137 3888 et
2181 3835 2366 3890 insedit
2392 3855 2544 3908 super
2583 3857 2986 3913 unumquemque
3028 3863 3218 3903 eorum.
3249 3849 3317 3904 Et
3360 3852 3556 3924 impleti

1961 3935 2078 3988 sunt
2107 3942 2280 3980 omnes
2303 3928 2504 3999 Spiritu
2526 3942 2720 4002 sancto,
2747 3942 2792 3990 et
2821 3947 3074 4007 eruperunt
3100 3940 3237 4012 loqui
3265 3943 3417 3998 variis
3447 3945 3554 4000 lin-

1960 4020 2074 4089 guis
2100 4061 2112 4083 ,
2146 4022 2396 4090 quomodo
2418 4023 2643 4095 Spiritus
2684 4027 2834 4082 dabat
2861 4029 2932 4083 eis
2968 4034 3314 4100 pronuntiare.
3339 4033 3552 4092 Jeroso-

1963 4110 2112 4182 lgmis
2135 4123 2299 4167 autem
2326 4117 2528 4186 fuerunt
2549 4118 2853 4176 habitatores
2870 4120 3062 4188 Judwi,
3083 4123 3308 4182 homines
3328 4143 3390 4182 eo:
3417 4131 3553 4184 omni

1964 4203 2165 4258 natione
2189 4220 2301 4274 qua:
2330 4214 2401 4260 est
2435 4207 2699 4263 sub‘coelo.
2730 4208 2799 4264 Et
2830 4229 2942 4265 cum
2969 4218 3104 4284 facta
3129 4226 3252 4272 esset
3283 4233 3378 4272 vos:
3397 4260 3410 4284 ,
3443 4219 3553 4274 col-

1964 4294 2092 4351 lecta
2117 4306 2189 4351 est
2215 4299 2360 4352 turba
2395 4309 2441 4354 et
2486 4303 2718 4372 confusa,
2742 4307 2980 4368 quoniam
3018 4309 3254 4362 audiebat
3281 4313 3552 4383 unusquis-

1961 4407 2058 4462 que
2084 4407 2177 4446 suo
2230 4409 2458 4446 sermone
2498 4395 2676 4450 etsuis
2724 4397 2911 4468 linguis
2940 4399 3195 4469 loquentes
3235 4419 3338 4458 eos.
3366 4403 3555 4476 Stupe-

1963 4485 2080 4538 bant
2101 4495 2331 4540 autemet
2355 4488 2752 4556 admirabantur,
2773 4493 2842 4544 ad
2859 4491 3068 4546 invicem
3090 4495 3306 4552 dicentes
3325 4513 3344 4552 :
3367 4497 3554 4556 Nonne

1962 4591 2132 4628 omnes
2151 4577 2236 4654 qui
2262 4577 2558 4648 loquuntur,
2583 4580 2786 4635 natione
2811 4593 2928 4636 sunt
2956 4582 3158 4640 Galilazi
3174 4587 3200 4641 ?
3216 4587 3284 4641 Et
3303 4591 3552 4660 quomodo

1962 4667 2277 4737 agnoscimus
2317 4669 2370 4722 in
2399 4668 2502 4724 illis
2522 4688 2800 4726 sermonem
2823 4675 2876 4729 in
2910 4691 3008 4746 quo
3039 4680 3145 4732 nati
3186 4682 3399 4736 sumus?
3421 4682 3554 4736 Par-

1965 4760 2036 4814 thi
2060 4802 2074 4826 ,
2107 4769 2153 4813 et
2181 4760 2322 4814 Medi
2347 4803 2360 4830 ,
2403 4772 2450 4816 et
2478 4762 2750 4836 Elamitaz,
2780 4777 2825 4822 et
2868 4771 2955 4839 qui
2997 4771 3222 4826 habitant
3261 4773 3552 4843 MesOpota-

1963 4853 2118 4906 miam
2139 4897 2151 4920 ,
2173 4851 2413 4909 Judazam
2442 4866 2488 4909 et
2511 4855 2886 4928 Cappadociam
2923 4861 2942 4892 ³
2961 4904 2974 4927 ,
3009 4861 3233 4917 Pontum
3263 4875 3310 4918 et
3335 4866 3509 4920 Asiam
3529 4908 3548 4933 ,

1967 4945 2346 5018 Phrygiamque
2385 4957 2432 5002 et
2479 4948 2840 5022 Pamphyliam
2863 4996 2878 5020 ,
2923 4955 3210 5026 [Egyptum
3267 4965 3314 5011 et
3385 4969 3551 5026 partes

1965 5035 2138 5108 Libyae
2165 5055 2278 5108 qua:
2303 5049 2376 5094 est
2395 5041 2527 5095 circa
2554 5041 2798 5114 Cyrenen,
2821 5054 2868 5099 et
2887 5048 2974 5117 qui
2993 5049 3292 5104 advenerant
3309 5049 3548 5120 Romani,

1963 5129 2233 5200 Judteique
2256 5141 2302 5184 ct
2349 5131 2600 5204 Proselyti
2620 5177 2634 5199 ,
2663 5135 2920 5192 Cretenses
2950 5147 2996 5192 et
3022 5139 3210 5194 Arabes
3234 5181 3248 5205 ,
3281 5142 3554 5200 audiebant

1967 5222 2219 5292 loquentes
2288 5225 2403 5278 illos
2447 5227 2552 5279 suis
2595 5215 2781 5297 linguis
2821 5230 3077 5299 magnalia
3117 5229 3216 5285 Dei
3279 5232 3414 5302 (Act.
3447 5251 3550 5301 HI,

1969 5315 2076 5388 ll).
2113 5314 2325 5369 Etcum
2366 5317 2644 5382 recitaret,
2678 5317 2850 5372 dixit:
2878 5319 3087 5374 Audisti
3121 5338 3262 5378 nunc
3297 5323 3407 5393 jam
3430 5325 3551 5397 Spi-

1969 5409 2128 5462 ritum
2179 5418 2454 5474 sanctum,
2503 5410 2769 5478 quomodo
2827 5412 2896 5466 sit
2937 5413 3171 5470 missus?
3199 5415 3350 5484 Quod
3387 5433 3418 5472 a
3467 5433 3553 5476 me

1969 5651 1972 5654 .
2025 5605 2058 5676 ξ-
2081 5605 2215 5666 Editi,
2227 5605 2352 5655 inter
2373 5615 2474 5654 nos.
2490 5611 2547 5656 At
2561 5613 2690 5662 Mss.
2707 5619 2850 5672 super
2871 5622 2974 5660 nos.
2988 5617 3129 5662 Juxta
3151 5611 3551 5677 Graccum,eph'e-

1960 5679 2362 5802 "ugsttddi‘dimus,
2390 5745 2519 5790 suas,
2545 5745 2608 5780 ex
2637 5738 2743 5802 Mss.
2769 5739 2818 5782 In
2834 5747 2996 5797 graeco
3020 5743 3114 5802 est,
3140 5738 3302 5786 autbn.

2026 5789 2196 5861 {illiti
2219 5789 2460 5861 ferebant,
2487 5789 2758 5861 Armeniam
2773 5803 2818 5861 et
2835 5789 3210 5861 Eappadociam.
3231 5797 3551 5848 Emendantur

1961 5865 2026 5922 ex
2051 5857 2175 5922 uss,
2203 5853 2286 5917 qui
2307 5853 2451 5907 isthic
2469 5869 2631 5920 graeco
2655 5865 2706 5908 et
2739 5857 2886 5910 latino
2908 5853 3068 5910 'textui
3095 5859 3307 5922 vulgatae
3344 5871 3544 5911 consen-

1959 5919 2102 5965 uunt.
