4028 6448
483 324 588 383 5‘13

473 441 692 512 exegisli
744 440 999 512 probav1;
1044 446 1288 509 superest
1314 443 1371 490 ut
1409 442 1463 489 et
1486 442 1542 488 tu
1582 428 1744 488 facias
1767 429 1907 502 quod
1940 444 2061 500 pro-

473 535 667 591 misisti
699 532 989 603 :quoniam
1026 530 1326 585 invenimus
1365 524 1580 597 quando
1628 525 1774 579 misit
1804 522 2061 594 Spiritum

474 635 719 682 sanctum
741 667 754 691 ,
783 638 941 695 quem
978 620 1257 692 promisit;
1291 631 1513 687 respuas
1538 616 1685 672 illam
1715 615 2058 686 scripturam,

472 728 594 790 qua:
638 716 738 771 sub
767 713 985 770 nomine
1025 712 1255 781 Spiritus
1288 708 1456 764 sancti
1497 706 1747 763 fraudare
1771 706 1940 762 voluit
1975 704 2061 761 vel

471 809 726 865 lectorem
748 808 830 860 vet
858 803 1177 859 auditorem.

541 894 769 955 CAPUT
796 894 887 951 Vl.
910 923 980 936 -—
1001 892 1132 947 FIL.
1176 884 1309 945 dixit
1337 907 1349 944 :
1381 886 1495 961 Ego
1528 901 1634 943 non
1662 902 1796 959 nego
1835 886 1887 942 id
1916 884 2061 958 quod

470 994 613 1057 dixi,
644 991 765 1062 quia
796 1000 919 1044 cum
960 986 1241 1056 probatum
1287 984 1421 1037 mihi
1470 982 1629 1038 fuerit
1666 978 1807 1053 quod
1832 980 2061 1049 Spiritus

480 1091 697 1139 sanctus
741 1078 987 1136 docuerit
1031 1076 1307 1132 veritatem
1333 1085 1492 1146 quam
1536 1088 1719 1145 qurero
1746 1116 1759 1138 ,
1792 1073 1939 1127 illam
1970 1087 2058 1126 re-

469 1191 623 1247 spuo.
651 1174 765 1229 Hoc
785 1172 925 1227 enim
957 1170 1224 1227 Sanctitas
1238 1180 1331 1223 tua
1356 1168 1486 1223 milii
1520 1168 1663 1237 legit,
1695 1167 1783 1221 ubi
1804 1166 2061 1235 Spiritum

468 1275 711 1323 sanctum
751 1262 995 1333 Apostoii
1036 1267 1359 1330 acceperunt
1383 1298 1397 1325 ,
1436 1266 1495 1313 et
1531 1259 1583 1312 in
1637 1258 1768 1327 ipsis
1791 1254 2062 1325 Apostolis

469 1372 631 1414 unum
657 1370 841 1429 quaero
868 1356 959 1427 qui
985 1368 1070 1408 me
1093 1353 1282 1409 doceat
1304 1351 1372 1407 de
1402 1346 1573 1418 initio,
1602 1351 1670 1405 de
1697 1348 1893 1415 medio,
1915 1356 1970 1404 et
1990 1347 2061 1404 de

468 1450 595 1506 fine.

539 1545 674 1599 Atto.
704 1540 839 1596 dixit
869 1556 885 1595 :
915 1538 971 1595 Si
996 1538 1190 1609 legeris
1216 1534 1318 1591 hoc
1337 1534 1540 1591 dixisse
1570 1534 1877 1602 Dominum,
1908 1532 2061 1589 Mitto

467 1634 621 1690 vobis
647 1632 906 1703 Spiritum
934 1639 1201 1697 sanctum,
1228 1629 1322 1700 qui
1346 1628 1539 1683 doceat
1559 1640 1657 1681 vos
1681 1625 1913 1694 initium,
1944 1640 2059 1681 me-

466 1727 613 1782 dium
642 1735 695 1780 et
720 1725 911 1789 tinem;
941 1724 1078 1777 bene
1107 1736 1194 1777 me
1222 1720 1473 1791 astringis
1509 1728 1565 1775 ut
1594 1718 1876 1775 ostendam
1923 1728 2061 1789 quos

465 1817 709 1873 docuerit
728 1816 959 1885 Spiritus
984 1823 1220 1869 sanctus.

538 1911 671 1967 FEL.
720 1910 856 1966 dixit
897 1908 1077 1978 :Quia
1122 1906 1380 1961 sanctitas
1430 1913 1521 1961 tua
1572 1902 1677 1960 hoc
1715 1902 1876 1972 dicit,
1916 1900 2060 1975 quod

471 2004 711 2075 Apostoii
762 2004 863 2073 ipsi
910 2009 1238 2072 acceperunt
1283 1999 1541 2070 Spiritum
1600 2006 1842 2054 sanctum
1897 2007 2059 2071 pam-

465 2099 696 2162 eietum;
744 2096 938 2150 iterum
985 2093 1142 2161 dico,
1180 2093 1248 2148 de
1285 2089 1559 2163 Apostolis
1602 2090 1733 2161 ipsis
1780 2104 1945 2162 quem
1974 2103 2062 2145 vo-

468 2191 664 2257 lueris,
718 2189 909 2244 doceat
968 2202 1056 2243 me
1108 2184 1251 2258 quod
1308 2200 1396 2241 me
1451 2184 1777 2239 Manichacus
1843 2183 2057 2255 docuit,

465 2293 557 2337 aut
584 2282 753 2353 ipsius
784 2280 1084 2336 doctrinam
1113 2285 1338 2335 evacuet
1375 2276 1441 2333 de
1466 2276 1749 2333 duodecim
1777 2288 1937 2346 quem
1959 2288 2057 2331 vo-

467 2377 648 2433 lueris.

537 2471 672 2524 Auc.
703 2465 874 2523 dixit:
900 2465 1054 2522 Absit
1092 2465 1249 2537 longe
1297 2477 1327 2518 a
1361 2463 1467 2519 ilde
1510 2462 1890 2534 Apostolorum
1914 2462 1932 2494 '
1957 2504 1972 2531 ,
2001 2468 2061 2517 ut

390 2614 397 2619 .
466 2561 764 2616 doctrinam
790 2556 1020 2615 doceant
1065 2557 1311 2629 sacrilegi
1337 2555 1633 2612 Manichzei.
1675 2554 1781 2612 Sed
1806 2556 2059 2627 quoniam

465 2652 599 2708 dicis
629 2665 793 2706 unum
829 2650 1065 2720 ipsorum
1096 2648 1295 2704 debere
1320 2662 1583 2704 evacuare
1610 2648 1911 2703 doctrinam
1943 2646 2057 2703 Ma-

467 2743 694 2810 nicltaei,
723 2741 888 2797 modo
929 2749 1110 2796 autem
1157 2740 1329 2795 sancti
1377 2740 1619 2809 Apostoli
1669 2752 1780 2794 non
1828 2746 1955 2793 sunt
2005 2738 2059 2792 in

466 2846 730 2906 corpore;
756 2847 859 2904 ego
887 2834 1175 2900 minimus,
1209 2847 1314 2887 non
1353 2832 1527 2886 solum
1565 2832 1802 2886 omnium
1831 2832 2059 2902 Aposto-

465 2926 801 2995 lorum,sed
846 2926 1085 2980 omnium
1134 2924 1713 2999 episcoporum,(nam
1756 2923 1822 2977 ad
1871 2923 2059 2978 merita

469 3020 852 3093 Apossolorum
873 3018 1090 3090 quando
1109 3015 1337 3091 aspiro?)
1365 3025 1622 3087 quantum
1651 3016 1782 3071 mihi
1802 3017 2058 3073 Dominus

467 3114 535 3169 de
574 3114 689 3183 ipso
714 3112 913 3182 Spiritu
954 3125 1053 3166 suo
1091 3110 1272 3181 largiri
1302 3110 1552 3179 dignatus
1586 3116 1668 3164 est
1685 3123 1710 3177 ,‘
1730 3124 1931 3165 evacuo
1953 3106 2055 3165 do-

467 3208 695 3264 otninam
749 3203 1026 3260 Manichaei
1054 3245 1069 3271 ,
1126 3218 1247 3259 cum
1303 3203 1566 3273 coeperint
1634 3200 1737 3274 legi
1781 3202 2058 3275 sequentia

469 3299 609 3354 illius
656 3296 938 3369 epistolas,
980 3310 1139 3367 quam
1175 3302 1229 3351 tu
1279 3295 1396 3366 ipse
1447 3288 1724 3351 Maniebtei
1774 3304 1897 3351 esse
1951 3308 2059 3351 non

470 3406 652 3463 negas.

539 3486 671 3540 Fac.
700 3483 874 3540 dixit:
904 3478 1095 3538 Dixisti
1127 3482 1250 3553 quia
1289 3479 1533 3552 Apostoil
1580 3481 1648 3536 de
1690 3494 1925 3553 corpore
1975 3494 2061 3539 re-

467 3585 780 3645 cesserunt,
830 3576 1106 3646 scriptura:
1149 3587 1333 3630 eorum
1370 3574 1548 3629 valent
1580 3584 1749 3645 usque
1795 3589 1974 3631 nunc:
2004 3582 2061 3632 et

467 3674 589 3743 quia
634 3671 769 3727 dixit
802 3668 1069 3725 Sanctitas
1098 3678 1187 3723 tua
1212 3710 1227 3735 ,
1258 3676 1312 3723 et
1337 3666 1461 3739 quia
1507 3667 1705 3723 dedisti
1744 3677 2058 3741 potestatem

468 3760 679 3821 dicendi
710 3774 828 3833 qua:
854 3760 1188 3817 voluerimus
1217 3760 1335 3814 sine
1360 3758 1467 3813 ulla
1494 3755 1782 3815 formidine
1807 3803 1822 3828 ,
1854 3759 2055 3830 dixisti,

470 3856 687 3915 Evacuo
730 3850 897 3927 legem
946 3853 1219 3909 Μειθίθῦὶεὶ
1252 3870 1265 3907 :
1296 3861 1353 3908 et
1395 3867 1494 3924 ego
1522 3852 1641 3907 dico
1660 3894 1675 3919 ,
1702 3850 1879 3906 Omnis
1909 3853 2059 3908 homo

470 3950 710 4015 mendax,
738 3950 873 4002 solus
901 3945 1040 4000 Deus
1059 3960 1211 4000 uerae:
1240 3943 1411 4018 (Psat.
1440 3958 1562 4013 cxv,
1585 3943 1621 3999 2
1648 3961 1661 4012 ;
1694 3942 1844 3999 Rom.
1870 3956 1947 4010 ut,
1975 3943 2055 4018 4);

470 4046 756 4114 Scriptura:
785 4042 877 4095 Dei
904 4041 1213 4111 loquuntur.

539 4133 768 4189 CAPUT
798 4132 986 4187 Vll.—
1008 4133 1142 4187 Aac.
1169 4129 1302 4185 dixit
1327 4148 1340 4185 :
1363 4128 1443 4185 Tu
1472 4128 1685 4201 quidem
1713 4138 1767 4185 ct
1795 4130 1955 4185 homo
1976 4145 2055 4200 es,

471 4238 525 4287 et
552 4230 691 4283 sicut
725 4242 812 4283 res
861 4226 974 4297 ipsa
1022 4224 1182 4280 modo
1226 4224 1521 4279 indicatura
1566 4232 1681 4290 est,
1711 4224 1959 4279 mendax.
1988 4224 2059 4280 Et

471 4322 722 4393 quoniam
770 4319 978 4374 locutus
1022 4332 1079 4372 es
1120 4331 1237 4386 quae
1266 4315 1473 4371 voluisti
1499 4357 1513 4381 ,
1552 4330 1659 4370 non
1689 4313 1755 4371 de
1786 4314 2061 4385 Scriptura

476 4416 607 4481 Dei;
635 4420 847 4482 oportet
890 4417 943 4467 et
966 4425 1054 4466 me
1079 4409 1225 4481 loqui
1264 4409 1403 4480 quod
1428 4406 1570 4464 volo.
1594 4408 1649 4465 Si
1695 4410 1836 4465 enim
1862 4411 2061 4467 veritas

474 4516 557 4563 est
593 4503 869 4560 Maniciia'i
898 4503 1010 4569 tui,
1038 4516 1138 4557 nec
1181 4516 1209 4555 a
1251 4517 1337 4557 me
1381 4501 1580 4556 destrui
1621 4503 1814 4571 poterit
1848 4520 1859 4557 :
1889 4504 1932 4557 si
1963 4498 2063 4557 fal-

474 4600 605 4657 sitas
653 4606 773 4661 est,
822 4596 944 4667 quid
998 4596 1220 4651 interest
1253 4608 1283 4648 a
1327 4608 1435 4664 quo
1469 4593 1816 4651 destruatur?
1857 4595 2059 4651 Tamen

475 4695 597 4764 quia
626 4690 693 4747 de
738 4689 1112 4760 Apostolorum
1145 4686 1404 4757 scriptura
1431 4686 1605 4741 dixisti
1633 4729 1647 4753 ,
1684 4686 1825 4760 quod
1860 4687 1956 4742 etsi
1989 4687 2063 4741 iiii

477 4800 582 4842 non
610 4785 716 4839 sint
744 4783 799 4837 in
822 4795 1049 4851 corpore
1071 4822 1084 4844 ,
1117 4788 1241 4835 sunt
1265 4778 1352 4833 hic
1371 4778 1650 4849 scriptura:
1676 4792 1864 4833 eorum
1898 4794 1911 4831 :
1940 4785 2065 4833 ante

477 4875 735 4947 assumpti
774 4881 897 4930 sunt
923 4872 1163 4943 Apostoli
1189 4913 1204 4937 ,
1235 4885 1391 4940 quam
1416 4883 1567 4923 error
1592 4866 1868 4923 Manichzei
1908 4875 2063 4925 natus

478 4972 532 5026 in
572 4966 771 5026 mundo
815 4967 1023 5032 fuerat;
1064 4970 1344 5036 pr0pterea
1390 4976 1495 5017 non
1545 4960 1887 5016 inveniuntur
1928 4960 2065 5016 scri—

479 5070 649 5134 pturae
674 5057 1052 5131 Apostolorum
1078 5054 1351 5110 evidenter
1375 5062 1561 5108 contra
1581 5050 1929 5107 Manichreum
1957 5050 2067 5107 dis-

476 5160 734 5210 serentes.
792 5150 1170 5206 Verumtamen
1227 5141 1370 5217 quod
1434 5143 1704 5214 apostolus
1761 5143 1957 5198 Paulus
2010 5143 2064 5198 in

476 5247 675 5318 Spiritu
706 5245 810 5300 isto
851 5249 1038 5299 sancto
1063 5241 1333 5313 paracleto
1375 5253 1534 5310 quem
1575 5246 1889 5309 acceperat,
1922 5238 2065 5292 futu-

479 5346 597 5393 rum
640 5335 945 5407 praeviderit
990 5335 1056 5388 de
1096 5332 1307 5399 talibus,
1358 5331 1527 5402 qualis
1568 5328 1888 5385 Manichacus
1930 5328 2063 5396 fuit,

480 5430 665 5501 quales
715 5430 842 5484 estis
869 5436 927 5483 et
964 5441 1060 5482 vos
1082 5468 1095 5491 ,
1125 5426 1291 5481 recito
1337 5433 1394 5479 ut
1430 5440 1705 5495 agnoscas.
1755 5423 1822 5477 Et
1850 5430 2066 5490 accepta

482 5522 715 5593 Epistola
758 5521 981 5591 apostoli
1012 5520 1156 5574 Pauli
1188 5518 1253 5571 ad
1280 5517 1616 5572 Timotheum
1646 5516 1771 5587 legit
1801 5532 1812 5567 :
1845 5515 2068 5584 Spiritus

485 5626 651 5672 autem
686 5614 948 5683 manifeste
974 5612 1093 5665 dicit
1119 5611 1236 5681 quia
1277 5610 1329 5664 in
1360 5610 1640 5665 novissimis
1664 5607 1967 5679 temporibus
1989 5623 2070 5663 re-

552 5856 572 5891 ι
606 5863 723 5919 vox,
747 5850 1084 5920 spectatorem,
1108 5853 1247 5906 abest
1268 5864 1297 5904 a
1318 5852 1667 5915 mmma'iptis.

1248 318 1337 375 DE
1378 269 1753 375 ACTIS.CUM
1794 312 2035 369 FELICE
2076 310 2473 386 ΜΑΝΙΟΗᾹΞΟ,
2514 318 2574 375 S.
2616 318 2981 378 AUGUSTINI

3663 320 3775 377 528

2169 435 2342 489 cedent
2369 436 2574 506 quidam
2597 455 2626 491 a
2643 437 2764 507 ﬁde,
2788 439 3093 493 attendentes
3121 430 3375 510 spiritibus
3395 438 3766 507 seductoribus,

2169 532 2411 586 doctrinis
2450 531 2813 587 daemoniorum
2840 533 2892 586 in
2923 532 3177 604 hypocrisi
3218 533 3723 604 mendaciloquorum
3747 576 3764 603 ,

2168 623 2498 677 canteriatam
2536 624 2770 677 habentes
2812 624 3169 678 conscientiam
3214 636 3399 688 suam;
3445 624 3771 693 prohibentes

2168 714 2355 769 nubere
2381 756 2396 781 ,
2443 713 2689 769 abstinere
2713 726 2745 767 a
2782 714 2904 769 cibis
2945 729 3069 785 quos
3096 714 3235 771 Deus
3276 718 3459 770 creavit
3500 715 3569 769 ad
3598 718 3769 787 perci-

2168 805 2409 876 piendum
2430 817 2543 859 cum
2566 807 2847 877 gratiarum
2874 808 3070 861 actione
3103 807 3335 876 fidelibus
3360 850 3375 878 ,
3405 814 3452 862 et
3475 809 3537 863 iis
3566 810 3652 879 qui
3676 825 3769 864 τοο

2168 906 2445 967 gnoverunt
2472 900 2727 952 veritatem
2752 910 2771 952 :
2802 899 2918 967 quia
2942 900 3105 952 omnis
3124 906 3355 952 creatura
3385 898 3477 953 Dei
3506 901 3637 953 bona
3669 908 3766 967 est,

2167 996 2213 1043 et
2254 989 2382 1043 nihil
2408 989 2749 1059 abjiciendum
2774 988 2909 1059 quod
2953 1004 3068 1043 cum
3115 992 3393 1062 gratiarum
3430 992 3627 1044 actione
3652 1008 3770 1062 per.

2167 1080 2375 1151 cipitur;
2405 1081 2752 1149 sanctiﬁcatur
2770 1081 2906 1135 enim
2933 1092 3022 1152 per
3045 1081 3249 1135 verbum
3271 1080 3366 1134 Dei
3389 1091 3433 1134 et
3455 1084 3765 1138 orationem.

2172 1170 2297 1226 Htec
2341 1173 2636 1243 prtecipiens
2685 1173 2964 1244 fratribus,
3010 1174 3168 1228 bonus
3214 1174 3315 1228 eris
3359 1175 3589 1229 antistet
3636 1174 3769 1229 Iesu

2168 1263 2355 1317 Christi
2387 1263 2429 1335 (1
2458 1263 2593 1318 Tim.
2623 1279 2673 1319 ιν
2699 1307 2713 1331 ,
2744 1264 2882 1335 1-8).
2919 1266 2980 1320 Et
3012 1279 3134 1320 cum
3177 1265 3407 1336 legeret,
3435 1266 3571 1321 dixit
3602 1283 3616 1319 :
3648 1266 3768 1338 Ego

2167 1353 2270 1409 hoc
2295 1354 2363 1409 de
2394 1355 2547 1409 Vobis
2571 1397 2584 1420 ,
2613 1363 2666 1410 et
2688 1356 2755 1411 de
2783 1355 2974 1410 talibus
3008 1350 3098 1427 qui
3122 1354 3307 1411 dicunt
3330 1357 3559 1427 aliquam
3607 1371 3765 1414 creao

2166 1454 2339 1501 turam
2386 1448 2480 1502 Dei
2524 1448 2851 1503 immundam
2896 1461 3046 1515 esse,
3088 1456 3146 1504 et
3190 1450 3281 1520 qui
3316 1437 3499 1505 dicunt
3543 1464 3767 1508 omnem

2166 1538 2504 1595 concubitum
2535 1547 2589 1595 et
2618 1542 2707 1611 qui
2736 1544 2792 1595 iit
2817 1554 2937 1596 cum
2969 1551 3155 1608 uxore,
3184 1540 3589 1599 fornicationem
3618 1560 3765 1610 esse;

2166 1629 2267 1687 hoc
2292 1639 2374 1687 est
2397 1632 2542 1687 enim
2584 1631 2727 1703 quod
2758 1632 2861 1699 ait,
2892 1632 3221 1687 Prohibentes
3251 1635 3491 1705 nuptias;
3518 1648 3613 1706 per
3635 1636 3767 1705 5βί-

2164 1726 2322 1781 ritum
2352 1726 2643 1797 prophetia:
2680 1726 3013 1797 designatum
3044 1734 3097 1782 et
3136 1738 3443 1797 expressum
3469 1743 3592 1785 esse
3617 1728 3763 1787 dico.

2166 1816 2245 1872 ‘l‘u
2276 1824 2451 1873 autem
2479 1818 2523 1872 si
2553 1830 2711 1888 negas
2740 1832 2953 1873 omnem
2983 1820 3323 1874 concubitum
3350 1820 3764 1878 fornicationem

2164 1918 2304 1974 esse,
2338 1912 2428 1962 aut
2455 1908 2497 1963 si
2527 1907 2661 1963 dicis
2682 1922 2901 1964 omnem
2940 1909 3116 1964 cibum
3159 1909 3448 1965 humanum
3480 1910 3683 1968 licitum
3711 1920 3768 1970 et

2163 2001 2233 2056 ad
2260 2000 2527 2057 edendum
2566 2016 2880 2057 concessum
2918 2002 3227 2058 hominibus
3250 2044 3263 2069 ,
3298 2002 3557 2060 mundum
3594 2020 3721 2061 esse
3745 2048 3763 2075 ,

2165 2104 2271 2147 non
2312 2106 2370 2148 es
2397 2092 2464 2147 de
2492 2091 2594 2147 illis
2622 2108 2755 2164 quos
2785 2094 3123 2164 prophetarit
3147 2090 3455 2165 Apostolus.
3482 2094 3539 2154 Si
3578 2106 3765 2153 autem

2165 2186 2420 2241 inveniris
2444 2186 2498 2240 in
2526 2186 2590 2241 iis
2609 2202 2729 2257 qua:
2754 2186 2891 2253 dixi,
2925 2196 3050 2243 cecc
3086 2188 3256 2244 babes
3284 2191 3586 2261 apostolum
3617 2188 3761 2248 Pau-

2164 2278 2272 2331 lum
2298 2278 2660 2333 destruentem
2701 2286 2755 2333 et
2784 2287 3128 2334 evacuantem
3151 2279 3448 2335 doctrinam
3474 2274 3763 2341 Manicltaai

2163 2371 2347 2427 futuri.
2382 2372 2563 2445 Itaque
2593 2372 2859 2442 responde
2894 2372 2961 2428 ad
2988 2372 3038 2427 id
3061 2372 3201 2443 quod
3228 2373 3499 2445 interrogo
3527 2394 3541 2432 :
3566 2374 3765 2433 Omnis

2163 2465 2475 2521 concubitus
2521 2465 2802 2522 fornicatio
2837 2472 2950 2533 est,
2983 2476 3053 2522 an
3079 2466 3395 2523 concubitus
3424 2482 3545 2524 eum
3582 2483 3766 2527 uxore

2164 2572 2269 2613 non
2299 2566 2380 2613 est
2408 2565 2680 2628 peccatum
2704 2557 2728 2610 l

2230 2646 2458 2706 CAPUT
2489 2646 2619 2703 VIII.
2647 2677 2718 2689 --
2744 2646 2875 2703 Fu.
2902 2646 3035 2703 dixit
3061 2646 3292 2704 :lterum
3333 2648 3461 2704 mihi
3501 2644 3765 2707 recitatur

2162 2743 2301 2813 Quod
2329 2741 2462 2795 dixit
2491 2739 2796 2812 Apostolus.
2832 2739 2899 2793 Et
2930 2740 3216 2795 recitatum
3260 2740 3344 2795 est
3370 2756 3385 2796 :
3417 2734 3643 2811 Spiritus
3666 2759 3765 2798 au-

2164 2836 2260 2889 tem
2286 2833 2552 2903 manifeste
2578 2832 2698 2886 dicit
2722 2873 2735 2896 ,
2764 2836 2820 2888 et
2846 2838 3037 2887 cretei-tt
3080 2842 3198 2903 quae
3236 2842 3400 2903 supra
3445 2841 3591 2889 sunt.
3618 2833 3760 2891 Fas.

2162 2926 2335 2981 dixit:
2365 2924 2685 2979 Manichacus
2700 2932 2812 2979 non
2838 2939 2866 2977 a
2892 2922 2999 2979 dde
3026 2920 3283 2990 recessit,
3309 2924 3446 2980 sicut
3470 2922 3599 2981 dicit
3618 2924 3764 2981 Pau-

2164 3017 2285 3083 lus,
2317 3010 2454 3072 sicut
2486 3017 2677 3072 caeteri
2705 3023 3043 3071 recesserunt
3072 3028 3102 3070 ιι
3130 3015 3235 3071 fide
3276 3014 3433 3087 quasi
3472 3017 3523 3071 in
3546 3026 3761 3074 sectam

2163 3119 2313 3165 suam
2344 3108 2697 3163 :Manichaeus
2724 3116 2901 3164 autem
2931 3122 2961 3163 a
2986 3108 3131 3163 nulla
3152 3116 3297 3164 secta
3317 3108 3559 3177 recessit,
3592 3117 3651 3165 ut
3676 3108 3763 3166 di-

2161 3210 2312 3258 catur
2335 3202 2456 3272 quia
2484 3213 2513 3256 a
2540 3200 2646 3256 iide
2669 3200 2910 3255 recessit.

2232 3318 2367 3375 Auc.
2395 3316 2533 3373 dixit
2562 3336 2575 3373 :
2605 3308 2865 3388 Quoniam
2889 3324 2942 3374 te
2970 3312 3127 3373 video
3152 3310 3297 3377 nolle
3327 3317 3658 3391 reSponderc
3686 3320 3761 3379 ad

2161 3409 2303 3481 quod
2330 3408 2677 3481 interrogaris
2697 3449 2716 3477 ,
2747 3425 2815 3465 ne
2862 3408 3149 3465 inveniaris
3175 3410 3257 3466 vel
3286 3426 3392 3466 non
3424 3420 3605 3469 tenere
3632 3412 3764 3484 Spi-

2162 3503 2322 3559 ritum
2350 3510 2625 3569 sanctum,
2663 3516 2823 3574 quem
2860 3501 2971 3572 jam
2998 3501 3340 3573 probavimus
3379 3502 3600 3559 missum
3630 3520 3762 3563 esse

2161 3593 2432 3668 Apostolis
2455 3636 2472 3663 ,
2503 3593 2585 3651 vel
2610 3611 2716 3651 non
2744 3610 2865 3651 esse
2895 3594 2948 3650 in
2974 3610 3160 3655 eorum
3187 3606 3411 3653 numero
3448 3612 3581 3668 quos
3608 3595 3762 3655 futu-

2162 3698 2252 3745 ros
2281 3686 2477 3744 Paulus
2503 3686 2829 3760 designavit,
2856 3688 2946 3745 ubi
2987 3702 3043 3745 et
3068 3703 3164 3744 vos
3192 3690 3335 3761 ipsos
3375 3692 3760 3763 prophetavit;

2162 3780 2394 3837 breviter
2424 3776 2723 3851 respondeo
2754 3799 2767 3834 :
2800 3778 2870 3837 Ut
2893 3779 3183 3837 secundum
3232 3791 3377 3837 tuum
3424 3784 3762 3842 intellectum

2162 3873 2417 3943 accipiam
2450 3872 2590 3943 quod
2619 3871 2820 3939 dixisti,
2842 3873 3113 3927 llecedeut
3138 3889 3169 3927 a
3197 3870 3301 3929 fide
3324 3890 3338 3927 :
3363 3872 3485 3946 quia
3516 3892 3622 3931 non
3666 3894 3766 3935 re-

2162 3964 2409 4021 ccdunta
2438 3962 2571 4030 fide,
2606 3964 2707 4019 nisi
2736 3962 2813 4019 illi
2842 3963 2931 4035 qui
2961 3963 3174 4022 fuerunt
3198 3965 3249 4021 in
3280 3964 3456 4037 aliqua
3485 3967 3608 4035 lide;
3636 3966 3765 4024 Ma-

2163 4058 2401 4114 nichzeus
2429 4066 2605 4113 autem
2631 4057 2682 4111 in
2705 4055 2848 4111 nulla
2875 4055 2977 4112 fide
3003 4054 3100 4112 fuit
3124 4072 3155 4111 a
3184 4072 3286 4127 qua
3317 4059 3633 4127 recesserit,
3660 4060 3768 4117 sed

2164 4157 2217 4209 in
2245 4169 2348 4224 qua
2377 4150 2475 4206 fuit
2502 4152 2553 4205 in
2583 4165 2644 4205 ea
2672 4151 2963 4221 permansit
2996 4169 3007 4204 :
3038 4150 3140 4206 hoc
3170 4160 3219 4207 te
3248 4152 3540 4224 interrogo,
3573 4164 3766 4212 utrum

2164 4248 2507 4311 Manichacus,
2534 4247 2618 4302 vel
2646 4245 2819 4315 potius
2845 4244 3083 4300 doctrina
3112 4244 3498 4303 daemoniorum
3527 4250 3770 4306 menda-

2165 4342 2493 4412 ciloquorum
2526 4354 2643 4410 qua:
2670 4336 2765 4392 fuit
2792 4338 2843 4391 in
2871 4336 3185 4406 Maniclneo,
3216 4338 3391 4394 nullos
3422 4339 3772 4400 Christianos

2166 4433 2456 4491 catholicos
2504 4431 2810 4498 seduxerit,
2840 4440 2899 4485 ut
2935 4431 3250 4487 recederent
3290 4448 3320 4487 a
3352 4431 3475 4489 fide.
3528 4430 3583 4491 Si
3610 4437 3769 4493 enim

2167 4525 2318 4593 ωηιιί
2358 4542 2388 4580 a
2412 4524 2563 4579 vobis
2586 4565 2601 4589 ,
2630 4532 2683 4579 et
2709 4538 2804 4593 per
2823 4538 2919 4578 vos
2938 4565 2951 4590 ,
2980 4533 3033 4579 et
3058 4539 3152 4592 per
3178 4523 3322 4580 illam
3342 4526 3635 4581 doctrinam
3670 4544 3774 4585 se-

2167 4620 2451 4685 ducuntur,
2481 4627 2539 4672 ut
2577 4616 2830 4672 recedant
2858 4632 2887 4670 a
2921 4615 3051 4681 ﬁde,
3084 4626 3137 4671 et
3176 4617 3454 4673 intendant
3480 4620 3777 4692 spiritibus

2168 4708 2571 4773 seductoribus,
2614 4706 2787 4778 qualis
2817 4705 2868 4761 in
2906 4704 3198 4763 Manicbreo
3246 4707 3376 4776 fuit;
3420 4720 3475 4765 et
3501 4711 3779 4783 incipiant

2169 4802 2347 4859 dicere
2372 4814 2584 4855 omnem
2613 4799 2952 4854 concubitum
2980 4813 3098 4853 esse
3143 4797 3547 4858 fornicationem
3568 4845 3582 4868 ,
3616 4807 3779 4864 unde

2169 4894 2454 4965 Apostolus
2478 4890 2637 4959 dicit,
2673 4888 3001 4945 Prohibentes
3038 4891 3286 4963 nuptias;
3315 4901 3369 4948 et
3391 4893 3650 4965 incipiant
3680 4900 3779 4954 di-

2170 5001 2292 5041 cere
2315 5027 2329 5052 ,
2362 4997 2552 5039 carnes
2580 4997 2713 5052 quas
2742 4980 3028 5039 comedunt
3056 4982 3298 5039 homines
3322 5028 3337 5054 ,
3363 5002 3469 5041 non
3498 5002 3619 5043 esse
3670 4990 3783 5048 Dei

2171 5088 2489 5141 creaturam,
2514 5076 2611 5131 sed
2646 5074 2949 5131 darmonutn
2979 5072 3267 5144 facturam,
3297 5088 3349 5133 et
3374 5094 3494 5135 esse
3523 5080 3783 5138 immun-

2171 5170 2353 5227 ditiam
2379 5211 2392 5235 ,
2425 5166 2762 5224 manifestum
2806 5174 2887 5222 est
2929 5168 2996 5223 de
3026 5166 3109 5222 his
3149 5168 3456 5238 praedixisse
3499 5170 3783 5241 Spiritum

2172 5272 2413 5321 sanctum
2444 5261 2767 5333 paracletum
2795 5260 2885 5331 qui
2912 5260 3102 5316 eratin
3128 5262 3369 5333 apostolo
3397 5262 3558 5319 Paulo
3579 5308 3594 5333 ,
3616 5267 3786 5336 quod

2171 5356 2435 5416 recessuri
2460 5362 2612 5411 erant
2639 5369 2668 5407 a
2699 5352 2822 5422 fide,
2857 5352 3193 5410 intendentcs
3214 5356 3487 5426 spiritibus
3509 5357 3787 5417 seducto-

2173 5451 2341 5517 ribus,
2372 5450 2541 5521 qualis
2573 5447 2669 5502 fuit
2714 5448 2765 5501 in
2806 5445 3115 5502 Manichaee.
3162 5447 3279 5503 Jam
3326 5466 3453 5521 ergo
3489 5453 3609 5521 quia
3669 5470 3791 5525 ego

2175 5541 2457 5613 respondi,
2482 5542 2682 5608 justum
2726 5548 2808 5592 est
2843 5549 2899 5593 ut
2948 5548 2999 5593 tu
3043 5540 3366 5611 respondeas
3412 5542 3479 5596 ad
3509 5543 3650 5613 quod
3691 5547 3792 5602 in-

2176 5636 2437 5707 terrogavi
2464 5677 2479 5700 ,
2513 5643 2691 5687 utrum
2730 5649 2834 5688 non
2861 5633 3007 5689 dicas
3038 5650 3250 5690 omnem
3274 5636 3610 5691 concubitum
3645 5656 3791 5697 esse

2178 5728 2580 5785 fornicationem
2615 5744 2625 5779 ε
2660 5735 2749 5780 aut
2778 5726 2823 5781 si
2853 5725 2917 5781 ad
2949 5726 3048 5781 hoc
3078 5742 3183 5782 non
3207 5729 3283 5782 vis
3305 5728 3631 5799 respondere
3657 5773 3673 5797 ,
3710 5734 3792 5789 ad

2182 5822 2237 5887 id
2271 5822 2410 5893 quod
2439 5819 2609 5892 primo
2635 5818 2955 5893 interrogavi
2983 5821 3266 5894 responde,
3296 5830 3355 5879 ut
3378 5823 3571 5896 pubes
3600 5821 3795 5889 uani.
