4052 6442
239 307 352 366 59.5

235 433 452 490 chzeum
495 443 616 488 esse
651 430 954 502 apostolum
999 427 1240 488 Christi:
1274 435 1366 484 aut
1407 427 1451 484 si
1479 435 1535 484 et
1577 427 1679 484 hoc
1725 445 1830 484 non

235 525 322 580 vis
349 565 362 588 ,
391 524 643 596 permitte
689 539 776 578 mc
817 537 1076 578 evacuare
1112 523 1408 580 doctrinam
1455 523 1653 593 ipsius,
1697 523 1838 594 quod

239 615 468 689 promisi
491 631 612 672 cum
633 615 902 686 legeretur
922 615 1142 686 cpistola
1163 615 1298 686 ejus,
1323 629 1482 686 quam
1509 615 1684 670 dicitis
1707 613 1840 669 Fun-

237 709 502 764 damenti.
891 767 908 772 _

311 799 542 856 CAPUT
581 797 671 853 IX.
699 827 772 840 —-
813 797 945 854 Fu.
979 797 1112 853 dixit
1143 815 1158 851 :
1191 797 1304 869 Ego
1347 798 1650 870 respondeo
1693 799 1760 854 ad
1787 799 1840 854 id

237 891 384 960 quod
415 891 544 946 dicit
567 890 834 946 Sanctitas
864 903 973 958 tua,
1006 889 1128 961 quia
1161 892 1214 946 in
1241 889 1407 946 Paulo
1436 893 1581 948 venit
1612 891 1840 961 Spiritus

239 995 463 1040 sanctus
485 985 808 1054 paracletus.

313 1079 448 1132 AUG.
475 1075 612 1130 dixit
641 1093 654 1131 :
683 1075 802 1130 Non
831 1075 885 1130 in
917 1075 1054 1130 solo.

313 1167 444 1222 ῆι..
471 1167 637 1222 dixit:
661 1175 769 1238 Ego
795 1165 861 1221 de
903 1167 1020 1236 ipso
1044 1181 1142 1238 ago
1167 1181 1181 1222 :
1213 1167 1333 1237 quia
1356 1165 1401 1222 si
1431 1165 1484 1220 in
1517 1167 1765 1237 ipso‘,et
1788 1165 1841 1222 in

241 1275 459 1316 omnes.
489 1261 560 1316 Et
587 1263 632 1316 si
661 1261 712 1315 iu
745 1261 860 1330 ipso
889 1279 898 1314 :
931 1261 1124 1316 Paulus
1145 1261 1284 1316 enim
1325 1259 1376 1314 in
1409 1261 1576 1316 altera
1605 1259 1840 1331 Epistola

235 1355 368 1410 dicit
399 1373 412 1409 :
441 1353 526 1410 Ea:
561 1365 703 1425 parte
732 1357 936 1421 scimus,
969 1362 1016 1409 et
1047 1371 1112 1408 ex.
1139 1363 1280 1422 parte
1303 1355 1662 1424 prophetamus
1681 1371 1700 1408 :
1728 1369 1842 1408 cum

235 1445 428 1502 venerit
456 1455 626 1500 autem
651 1447 784 1515 quod
821 1447 1096 1516 perfectum
1140 1453 1236 1512 est,
1281 1445 1608 1500 abolebantur
1633 1461 1692 1500 ea
1731 1461 1843 1516 qua:

236 1555 300 1592 cx
323 1547 468 1606 parte
511 1538 646 1590 dicta
675 1547 790 1590 sunt
821 1537 860 1608 (Ι
889 1537 1004 1594 Cor.
1035 1553 1160 1602 xm,
1183 1535 1236 1604 9,
1271 1535 1378 1604 10).
1429 1535 1537 1590 Nos
1565 1535 1842 1592 audientes

235 1631 468 1686 Paulum
507 1629 617 1686 'hoc
641 1627 822 1686 dicere
843 1673 856 1695 ,
888 1633 1032 1684 venit
1055 1629 1379 1684 Maniclncus
1405 1645 1526 1684 cum
1577 1629 1840 1699 przedica-

235 1725 384 1778 tione
411 1735 508 1776 sua
533 1765 548 1789 ,
579 1731 632 1778 et
661 1723 994 1792 suscepimus
1021 1737 1142 1778 eum
1167 1723 1460 1778 secundum
1503 1721 1644 1792 quod
1687 1723 1841 1778 Chri-

237 1821 352 1868 stus
397 1813 572 1878 dixit,
609 1811 760 1868 Mitto
797 1815 934 1868 vobis
965 1815 1217 1884 Spiritum
1253 1823 1480 1869 sanctum
1507 1813 1685 1883 (Joan.
1715 1831 1800 1870 va
1822 1857 1837 1880 ,

239 1905 318 1975 7).
363 1905 432 1958 Et
455 1905 651 1958 Paulus
671 1905 816 1960 venit
845 1913 896 1960 et
918 1903 1056 1960 dixit
1083 1905 1206 1974 quia
1238 1913 1290 1960 et
1315 1905 1428 1974 ipse
1455 1913 1708 1960 venturus
1733 1913 1836 1974 est,

237 2003 292 2050 et
311 2001 500 2066 postea
531 2011 688 2052 nemo
711 1997 896 2062 venit;
931 1996 1051 2050 ideo
1091 1995 1430 2064 suscepimus
1467 1995 1836 2051 Manichaeum.

239 2087 304 2144 Et
332 2089 458 2160 quia
489 2089 993 2154 venitManichauts,
1025 2097 1078 2144 et
1108 2105 1202 2159 per
1221 2103 1372 2143 suam
1405 2089 1837 2160 prmdicationem

235 2181 426 2238 docuit
449 2197 552 2238 nos
579 2183 786 2238 initium
807 2224 822 2248 ,
855 2182 1089 2238 medium
1119 2189 1173 2238 et
1195 2181 1355 2238 linem
1389 2197 1402 2236 :
1431 2182 1612 2238 docuit
1639 2197 1738 2238 nos
1769 2181 1840 2239 de

231 2274 437 2330 iabriea
489 2275 716 2342 mundi,
759 2289 927 2344 quare
973 2274 1111 2328 facta
1157 2281 1271 2339 est,
1305 2283 1358 2330 et
1383 2274 1524 2330 unde
1553 2273 1688 2328 facta
1717 2283 1834 2340 est,

235 2377 288 2423 et
313 2368 408 2437 qui
443 2367 723 2432 fecerunt;
757 2367 936 2422 docuit
963 2381 1060 2422 nos
1085 2381 1248 2436 quare
1272 2367 1386 2424 dies
1416 2375 1469 2422 et
1489 2383 1654 2437 quare
1683 2383 1788 2422 nox
1817 2386 1834 2435 ;

237 2459 418 2514 docuit
445 2475 548 2514 nos
577 2459 644 2512 de
665 2473 828 2513 cursu
849 2459 977 2513 solis
1002 2459 1216 2514 etiame
1247 2477 1259 2512 :
1291 2461 1414 2528 quia
1455 2459 1556 2513 hoc
1587 2459 1642 2512 in
1671 2459 1836 2514 Paulo

237 2565 342 2606 non
373 2551 681 2606 audivimus
701 2591 716 2616 ,
739 2565 844 2605 nec
865 2551 914 2604 in
941 2557 1256 2605 cancrorum
1289 2551 1664 2620 Apostolorum
1705 2551 1838 2605 scri-

237 2645 406 2716 pturis
437 2661 450 2698 :
483 2643 589 2698 hoc
619 2642 917 2709 credimus,
950 2641 1069 2712 quia
1113 2641 1226 2710 ipse
1251 2647 1332 2696 est
1359 2641 1688 2697 Paracletus.
1727 2641 1835 2697 Ita-

237 2751 336 2808 que
357 2737 490 2792 illud
519 2737 710 2791 iterum
737 2735 877 2800 dico,
907 2733 1049 2804 quod
1073 2734 1320 2803 superius
1349 2733 1466 2788 dixi
1499 2751 1510 2788 :
1535 2735 1578 2788 si
1607 2735 1830 2790 audiero

239 2828 288 2882 in
328 2827 504 2883 altera
533 2827 824 2896 scriptura,
859 2825 948 2880 ubi
979 2825 1286 2880 Paracletus
1331 2825 1598 2896 loquitur,
1633 2826 1684 2878 id
1712 2835 1792 2880 est
1817 2869 1831 2893 ,

233 2919 470 2992 Spiritus
499 2927 718 2974 sanctus
741 2961 754 2984 ,
783 2917 848 2974 de
876 2932 982 2987 quo
1005 2917 1228 2972 voluero
1271 2917 1602 2988 interrogare
1623 2958 1636 2982 ,
1659 2925 1714 2972 et
1737 2917 1834 2970 do-

239 3012 406 3066 cueris
435 3025 554 3076 me;
583 3009 746 3064 credo
773 3017 824 3064 et
849 3009 1117 3062 renuntio.

301 3101 536 3157 CAPUT
571 3099 640 3156 Χ..
686 3129 758 3140 —-
803 3101 938 3156 Anc.
969 3099 1101 3154 dixit
1133 3117 1145 3152 :
1179 3098 1320 3153 Dicis
1346 3107 1396 3153 te
1425 3099 1544 3154 ideo
1571 3113 1674 3154 non
1703 3113 1830 3154 cre-

240 3196 363 3252 dere
389 3195 654 3266 Spiritum
681 3203 922 3250 sanctum
955 3193 1281 3264 paracletum
1309 3193 1362 3248 in
1395 3195 1556 3248 Paulo
1591 3195 1835 3264 apostolo

239 3287 420 3354 fuisse,
452 3287 578 3358 quia
607 3285 802 3342 Paulus
832 3285 978 3352 dicit,
1013 3285 1094 3340 Ea:
1117 3295 1261 3357 parte
1289 3287 1420 3339 enim
1447 3287 1652 3352 scimus,
1699 3295 1746 3339 et
1773 3301 1836 3340 ea:

241 3391 378 3452 parte
403 3381 771 3450 praplietamus
803 3395 822 3433 :
847 3387 904 3434 c‘t
929 3377 1052 3433 inde
1081 3387 1232 3450 putas
1261 3378 1576 3448 Apustulmn
1605 3393 1702 3448 per
1719 3377 1834 3433 haec

239 3475 398 3531 verba
423 3475 740 3545 prmdixisse
779 3475 1104 3529 velutalium
1143 3483 1424 3529 venturum
1467 3483 1586 3544 post
1633 3489 1711 3540 se,
1745 3477 1834 3545 qui

239 3569 560 3640 pmdicaret
587 3567 765 3622 omnia
797 3583 915 3638 qua:
943 3569 1058 3639 ipse
1085 3583 1188 3622 non
1217 3567 1407 3638 potuit,
1435 3568 1560 3638 quia
1587 3583 1650 3624 ex
1681 3577 1830 3638 parte

241 3663 484 3729 dicebat;
534 3661 756 3716 ethunc
797 3669 856 3716 tu
902 3661 1076 3716 credis
1101 3675 1222 3716 esse
1251 3661 1621 3716 Manichteum.
1653 3661 1834 3716 Primo

241 3771 382 3827 ergo,
411 3771 482 3811 ex
511 3755 624 3825 ipsa
651 3755 885 3810 lectione
927 3753 1170 3824 Apostoli
1211 3753 1435 3808 ostendo
1457 3751 1600 3808 unde
1626 3751 1835 3807 dicebat

235 3847 336 3904 hoc
357 3850 673 3919 Apostolus.
707 3847 926 3914 Deinde,
971 3849 1096 3918 quia
1123 3847 1304 3902 dixisti
1345 3847 1488 3918 quod
1513 3845 1834 3904 Manichzeus

241 3955 330 3996 vos
363 3941 614 3996 docuerit
655 3941 888 4007 initium,
929 3939 1164 3994 medium
1187 3949 1242 3994 et
1267 3939 1449 4006 linem,
1479 3947 1534 3993 et
1565 3941 1834 4008 quomodo

241 4036 320 4090 vel
347 4051 518 4105 quare
562 4031 736 4090 factus
765 4035 834 4088 sit
859 4033 1105 4097 mundus,
1136 4031 1203 4086 de
1236 4047 1395 4086 cursu
1421 4032 1548 4086 solis
1575 4041 1629 4086 et
1653 4031 1792 4086 luna:
1815 4073 1832 4100 ,

243 4137 292 4184 et
317 4128 384 4184 de
408 4129 532 4181 aliis
553 4143 674 4197 quae
703 4125 1134 4182 commemorasti
1159 4139 1173 4189 ;
1207 4139 1312 4178 non
1345 4123 1538 4194 legitur
1575 4123 1628 4177 in
1657 4121 1835 4178 Evan-

244 4221 376 4292 gelio
405 4221 692 4274 Dominum
723 4219 941 4284 dixisse,
989 4217 1138 4272 Mitto
1187 4217 1338 4272 vobis
1375 4217 1704 4272 Paracletum
1744 4218 1834 4287 qui

245 4327 334 4366 vos
361 4313 558 4367 doceat
587 4311 654 4366 de
699 4327 859 4366 cursu
886 4309 1012 4364 solis
1039 4317 1092 4364 et
1129 4309 1291 4363 lunze.
1333 4307 1662 4363 Christianos
1691 4309 1833 4364 enim

249 4403 416 4459 facere
451 4403 704 4469 volebat,
735 4417 840 4456 non
886 4399 1313 4455 mathematicos.
1341 4399 1542 4456 Sufﬁcit
1572 4409 1747 4454 autem
1781 4411 1836 4456 ut

245 4497 490 4552 homines
519 4497 586 4551 de
617 4495 698 4549 his
720 4498 899 4561 rebus,
926 4505 1180 4566 quantum
1209 4495 1260 4548 iu
1287 4493 1466 4548 schola
1495 4493 1832 4561 didicerunt,

247 4593 492 4646 noverint
519 4598 734 4660 propter
757 4591 1017 4644 humanos
1043 4603 1190 4642 usus.
1221 4587 1464 4642 Christus
1501 4595 1678 4641 autem
1707 4603 1836 4641 vcn-

247 4691 419 4738 turum
449 4683 783 4737 Paracletum
811 4681 976 4748 dixit,
1019 4681 1106 4751 qui
1134 4680 1350 4736 inducat
1383 4679 1435 4733 in
1458 4693 1670 4734 omnem
1699 4677 1837 4732 vrri-

249 4789 404 4832 talem
431 4793 447 4830 :
471 4775 568 4832 sed
598 4789 700 4828 non
731 4773 800 4829 ibi
844 4773 950 4838 ait,
997 4771 1207 4826 Initium
1231 4814 1245 4837 ,
1283 4767 1518 4825 medium
1550 4777 1601 4824 et
1638 4769 1832 4834 tinem;

249 4886 346 4925 non
377 4871 488 4936 ait,
511 4868 654 4924 Solis
682 4869 892 4922 etluna:
922 4879 1128 4918 cursus.
1157 4865 1262 4917 Aut
1302 4863 1346 4918 si
1376 4871 1531 4933 putas
1577 4861 1714 4916 hanc
1738 4862 1836 4916 do-

249 4965 472 5019 ctrinam
498 4961 564 5016 ad
607 4959 750 5016 illam
781 4959 1056 5014 veritatem
1083 4957 1370 5026 pertinere,
1399 4969 1557 5026 quam
1595 4969 1692 5024 per
1715 4955 1834 5024 Spi-

249 5055 402 5110 ritum
437 5063 682 5108 sanctmn
711 5051 956 5106 Christus
985 5047 1228 5120 promisit
1255 5091 1268 5116 ,
1315 5047 1589 5116 interrogo
1631 5055 1682 5101 te
1712 5054 1840 5116 quot

251 5151 352 5202 sint
376 5148 570 5202 stellae.
599 5146 654 5201 Si
678 5143 929 5214 accepisti
955 5141 1210 5212 Spiritum
1236 5139 1408 5206 illum,
1447 5139 1516 5194 de
1549 5153 1654 5208 quo
1679 5137 1836 5207 dicis,

253 5243 312 5298 ad
334 5257 490 5315 quem
513 5243 747 5314 pertinet
774 5239 970 5295 docere
997 5237 1098 5294 ista
1116 5279 1130 5302 ,
1160 5251 1278 5308 qua:
1305 5251 1402 5306 ego
1431 5233 1550 5290 dico
1575 5235 1640 5290 ad
1675 5235 1838 5289 disci-

253 5336 445 5406 plinam
469 5345 522 5389 et
547 5333 844 5388 doctrinam
866 5331 1206 5385 Christianam
1227 5343 1328 5382 non
1360 5329 1622 5398 pertinere
1645 5345 1658 5394 ;
1683 5341 1841 5398 opor-

259 5439 328 5482 tet
355 5439 412 5482 ut
439 5427 715 5482 renunties
747 5435 800 5480 et
835 5423 1158 5494 respondeas
1189 5421 1339 5476 mihi.
1375 5421 1674 5476 Debitorem
1699 5420 1841 5474 enim

257 5527 307 5574 te
333 5521 522 5582 fecisti,
551 5527 606 5572 ut
648 5519 690 5572 si
739 5515 864 5586 quid
890 5515 956 5570 de
985 5513 1178 5569 talibus
1213 5515 1631 5578 interrogavere,
1665 5511 1706 5564 si
1735 5527 1840 5564 non

261 5613 626 5682 responderis,
653 5625 756 5664 non
787 5609 836 5662 in
867 5619 918 5662 te
961 5617 1214 5677 appareat
1240 5607 1466 5674 S_;'ritus
1505 5605 1614 5670 ille,
1645 5603 1710 5656 de
1739 5619 1843 5672 quo

264 5703 452 5759 dictum
469 5713 572 5770 est,
593 5701 808 5756 Inducet
829 5703 882 5755 in
909 5717 1104 5757 omnem
1117 5701 1370 5755 caritatum
1395 5697 1573 5768 (J-omi.
1597 5711 1708 5767 xw,
1729 5695 1841 5768 ‘15);

323 5821 338 5852 ι
375 5827 496 5880 uss,
527 5815 641 5880 quia
659 5821 706 5868 et
725 5815 914 5879 ἑταίρω.

1637 313 1840 372 LIBER
1877 313 2148 372 PRIMUS.

3421 329 3527 388 526

1953 429 1997 482 si
2025 429 2108 483 illa
2131 437 2212 484 est
2241 429 2437 486 veritas
2473 445 2578 502 quo
2599 431 2701 489 ista
2723 435 3012 506 pertinent.
3043 437 3224 509 Itaque
3264 441 3400 512 elige
3427 443 3526 500 tibi

1950 527 2124 574 utrum
2167 521 2298 576 velis
2351 530 2404 578 et
2439 533 2654 592 paratus
2701 525 2775 580 sis
2827 527 2957 582 mihi
3003 528 3070 583 de
3115 528 3198 584 his
3239 531 3400 588 rebus
3439 549 3530 588 re-

1948 612 2233 681 spondere,
2265 621 2516 684 tanquam
2563 617 2724 672 homo
2761 618 2848 687 qui
2879 619 3130 690 accepisti
3159 620 3412 692 Spiritum
3439 625 3533 695 qui

1949 705 2238 760 introducit
2265 708 2317 760 in
2333 721 2548 762 omnem
2573 709 2874 776 veritatem,
2899 719 2956 766 et
2977 711 3111 768 dicis
3130 715 3251 784 quia
3273 713 3338 770 ad
3361 715 3532 786 ipsam

1947 799 2224 854 veritatem
2247 799 2484 870 pertinet
2511 802 2648 858 scire
2669 804 2769 858 ista
2787 804 3078 862 mundana.
3105 806 3288 879 Itaque
3315 823 3415 881 ego
3439 811 3534 866 tibi

1947 905 2170 963 possum
2201 908 2263 948 ea
2307 891 2488 949 dicere
2513 909 2630 964 quat
2665 897 2933 966 pertinent
2961 898 3029 954 ad
3057 898 3358 956 doctrinam
3387 902 3534 958 chri-

1947 983 2171 1037 stianum
2207 1001 2222 1038 :
2253 991 2306 1038 tu
2331 993 2510 1038 autem
2539 986 2630 1055 qui
2673 995 2827 1057 putas
2854 987 2922 1044 ad
2962 1005 3080 1045 eam
3106 992 3376 1063 pertinere
3405 1009 3535 1065 quo-

1947 1075 2108 1129 modo
2135 1076 2203 1130 sit
2251 1076 2423 1132 factus
2449 1077 2697 1146 mundus,
2727 1087 2782 1136 et
2813 1097 2931 1152 quae
2968 1093 3194 1154 agantur
3221 1083 3276 1140 in
3305 1086 3526 1156 mundo,

1947 1168 2014 1223 ad
2045 1169 2228 1223 omnia
2261 1169 2393 1224 mihi
2441 1185 2660 1227 necesse
2701 1181 2784 1228 est
2830 1175 3172 1244 respondeas.
3222 1175 3328 1233 Sed
3378 1179 3536 1248 plane

1947 1273 2067 1316 cum
2106 1259 2448 1330 responderis
2470 1303 2485 1330 ,
2517 1263 2838 1333 probaturus
2863 1279 2942 1320 es.
2987 1265 3095 1320 Sed
3133 1275 3420 1338 antequam
3453 1269 3535 1323 iu-

1947 1351 2112 1421 cipias
2161 1353 2376 1422 dicere,
2421 1355 2468 1409 si
2521 1353 2664 1409 forte
2689 1353 2855 1410 habes
2906 1357 3048 1426 quod
3077 1358 3166 1414 ille
3193 1359 3532 1428 conﬂuxerit,

1947 1459 2104 1514 quem
2135 1454 2348 1500 secutus
2393 1461 2450 1501 es
2473 1487 2490 1512 ,
2521 1445 2744 1501 doceam
2775 1461 2876 1518 ego
2905 1447 3052 1516 prius
3079 1449 3222 1520 quod
3275 1451 3533 1519 promisi,

1947 1537 2088 1593 unde
2125 1537 2334 1594 dicebat
2364 1539 2650 1610 Apostolus
2675 1581 2690 1606 ,
2719 1539 2802 1594 Ea:
2827 1547 2970 1610 parte
2987 1541 3173 1596 scimus
3195 1583 3210 1609 ,
3241 1549 3286 1596 et
3309 1559 3372 1598 ea:
3395 1551 3538 1613 parte

1947 1629 2326 1699 prophetanms.

2017 1719 2247 1774 CAPUT
2267 1717 2360 1773 XI.
2392 1749 2462 1760 -—
2493 1719 2716 1774 Dicebat
2739 1719 2903 1786 enim,
2935 1721 3072 1776 sicut
3097 1721 3256 1776 lectio
3279 1722 3391 1792 ipsa
3407 1737 3533 1778 mox

1945 1809 2242 1866 indicatura
2273 1820 2385 1876 cst,
2421 1812 2544 1881 quia
2589 1811 2640 1865 in
2673 1813 2774 1866 ista
2807 1813 2911 1866 vita
2941 1813 3102 1868 homo
3129 1829 3250 1868 cum
3277 1825 3378 1879 est,
3425 1831 3533 1869 non

1945 1909 2120 1971 potest
2149 1903 2360 1972 assequi
2387 1903 2586 1968 omnia;
2615 1903 2710 1958 sed
2749 1917 2814 1958 ex
2839 1913 2991 1974 parte
3027 1905 3402 1975 assequiturin
3433 1905 3532 1960 hac

1943 1995 2048 2050 vita
2082 2013 2095 2049 :
2123 1994 2236 2064 ipse
2263 2005 2441 2050 autem
2469 1995 2700 2066 Spiritus
2739 2007 2958 2052 sanctus
2981 2040 2996 2062 ,
3027 1999 3116 2067 qui
3153 2015 3216 2052 ex
3245 2009 3396 2068 parte
3439 1997 3534 2052 do-

1945 2095 2029 2141 cet
2055 2087 2108 2140 in
2131 2085 2229 2140 hac
2251 2085 2378 2152 vita,
2409 2095 2528 2155 post
2555 2088 2692 2142 hanc
2719 2087 2882 2142 vitam
2911 2088 3214 2144 intruducet
3241 2088 3294 2143 in
3316 2105 3529 2144 omnem

1941 2181 2241 2234 veritatem.
2275 2179 2432 2246 Quod
2461 2187 2520 2233 ut
2567 2181 2905 2250 apertissime
2941 2179 3217 2246 doceatur,
3247 2181 3368 2236 audi
3401 2185 3536 2253 Apo-

1942 2271 2158 2326 stolum.
2193 2269 2260 2324 Et
2285 2287 2405 2324 cmn
2448 2269 2670 2336 diceret,
2703 2287 2769 2326 ex
2803 2271 3062 2342 Apostulo
3091 2272 3218 2342 legit
3248 2290 3262 2327 :
3298 2273 3416 2328 Sive
3441 2291 3534 2328 au-

1945 2373 2042 2418 tem
2075 2365 2354 2434 prophetia:
2367 2364 2762 2430 evacuabuntnr,
2789 2365 2889 2419 sive
2915 2365 3104 2436 lingurc
3127 2366 3408 2434 cessabunt,
3431 2367 3534 2423 sive

1941 2457 2148 2511 scientia
2167 2461 2488 2511 evacuabttur
2514 2471 2534 2510 :
2563 2473 2624 2510 ex
2645 2467 2792 2524 parte
2826 2457 2960 2510 enim
2986 2458 3190 2523 scimus,
3229 2467 3276 2511 et
3299 2475 3364 2513 ea:
3391 2469 3534 2529 parte

1943 2549 2342 2621 prophetarum;
2388 2567 2500 2604 cum
2525 2559 2692 2603 autem
2733 2550 2920 2603 uenerit
2947 2549 3080 2620 quod
3121 2555 3396 2622 perfectum
3421 2561 3531 2620 est,

1940 2641 2076 2712 quod
2098 2658 2158 2695 ex
2182 2651 2324 2712 parte
2341 2645 2417 2696 est
2439 2641 2780 2695 evacuabitur.
2807 2640 2934 2694 Cum
2962 2657 3116 2695 essent
3139 2643 3381 2712 parvulus
3403 2684 3416 2708 ,
3450 2643 3531 2697 lo-

1939 2735 2126 2804 quebar
2157 2743 2208 2786 ut
2235 2735 2494 2804 parvulus,
2515 2733 2770 2804 sepiebant
2796 2739 2940 2803 quasi
2968 2736 3226 2804 parvulus,
3253 2737 3534 2808 cogitabam

1939 2827 2086 2894 quasi
2113 2825 2353 2894 parvulus
2386 2841 2404 2879 :
2431 2841 2544 2879 cum
2567 2835 2732 2878 autem
2761 2827 2926 2894 [hctus
2957 2843 3068 2880 sum
3093 2827 3187 2889 vir,
3216 2827 3445 2880 evacuavi
3471 2843 3534 2883 ea

1940 2933 2053 2988 qua:
2082 2919 2275 2988 parvuli
2297 2927 2454 2970 erant.
2491 2915 2728 2971 Videmus
2751 2917 2882 2971 enim
2921 2933 3056 2971 nunc
3081 2933 3168 2988 per
3190 2919 3448 2990 speculum
3477 2919 3532 2974 in

1940 3011 2221 3079 tcnignmtr,
2247 3019 2364 3062 tunc
2385 3019 2552 3062 autem
2573 3011 2704 3080 facie
2723 3009 2792 3062 ad
2807 3009 2986 3080 faciem
3005 3007 3044 3082 (l
3063 3007 3180 3064 Cor.
3199 3025 3313 3075 xm,
3339 3005 3524 3083 8-12).

1941 3101 2152 3157 Etcum
2185 3102 2403 3170 legeret,
2435 3101 2598 3154 dixit:
2625 3099 2742 3154 Jam
2783 3101 2868 3154 dic
2897 3101 3024 3155 mihi
3065 3111 3155 3170 tu,
3203 3101 3248 3156 si
3289 3111 3530 3173 tempora

1941 3189 2112 3246 futura
2141 3191 2414 3246 Manichrvi
2455 3191 2774 3261 praedicebat
2803 3191 3108 3262 Apostolus,
3135 3201 3309 3248 utrum
3353 3201 3408 3249 tu
3437 3193 3522 3248 vi-

1941 3284 2070 3339 deas
2099 3283 2261 3338 modo
2287 3284 2454 3338 Deum
2481 3281 2614 3338 facie
2638 3283 2704 3337 ad
2726 3279 2938 3338 faciem.
3151 3327 3154 3330 .

2011 3375 2236 3431 CAPUT
2261 3373 2376 3429 XII.
2401 3405 2471 3414 —
2497 3373 2631 3430 Fu.
2679 3373 2814 3429 dixit
2849 3392 2864 3429 :
2895 3373 3010 3430 Non
3047 3382 3250 3430 tantum
3279 3391 3380 3447 ego
3405 3391 3532 3448 pos-

1941 3481 2058 3522 sum
2089 3475 2271 3522 contra
2311 3476 2454 3521 tuam
2482 3467 2763 3534 virtutem,
2791 3465 2914 3536 quia
2945 3465 3078 3520 mira
3107 3467 3276 3523 virtus
3299 3475 3384 3524 est
3407 3483 3531 3540 gra-

1939 3561 2042 3615 dus
2072 3559 2420 3630 episcopalis;
2471 3559 2666 3614 deinde
2699 3567 2886 3614 contra
2925 3557 3071 3630 leges
3113 3559 3527 3629 lmperatorutn:

1939 3663 1993 3710 ct
2038 3653 2282 3724 superius
2329 3652 2491 3722 petivi
2547 3652 2897 3722 compendive
2931 3653 2950 3683 ί
2987 3661 3044 3707 ιιι
3071 3652 3266 3709 doceas
3294 3669 3376 3710 me
3403 3655 3530 3725 quid

1941 3755 2020 3801 est
2047 3745 2277 3811 veritas;
2311 3755 2364 3799 et
2394 3745 2436 3799 si
2464 3743 2710 3799 docueris
2737 3759 2823 3800 me
2859 3743 2986 3816 quid
3015 3753 3098 3802 est
3133 3746 3350 3816 veritas,
3381 3756 3531 3817 pate-

1939 3835 2017 3893 bit
2044 3835 2186 3908 quod
2211 3845 2364 3891 teneo
2381 3835 2719 3890 mendacium
2747 3851 2886 3892 esse.

2013 3935 2151 3984 Are.
2181 3927 2310 3982 dixit
2337 3945 2350 3981 :
2389 3929 2647 3998 Apparuit
2679 3937 2728 3982 te
2755 3929 2982 3998 probare
3007 3943 3112 3984 non
3135 3929 3376 4001 potuisse
3401 3919 3531 4001 apo-

1939 4023 2136 4078 stolum
2173 4021 2373 4076 Chrisﬁ
2417 4035 2537 4076 esse
2569 4020 2916 4076 Maniclneum
2951 4037 3163 4092 :quare
3195 4031 3370 4078 autem
3421 4037 3530 4079 non

1941 4114 2200 4185 potueris,
2231 4112 2466 4168 breviter
2487 4127 2717 4183 expono.
2738 4112 2930 4169 Dixisti
2955 4113 3077 4169 inde
3099 4121 3151 4169 te
3175 4115 3403 4184 probare
3421 4115 3533 4170 Ma-

1939 4205 2204 4262 nichmum
2249 4221 2369 4260 esse
2409 4205 2708 4276 apostolum
2761 4204 2960 4260 Christi
2985 4246 2999 4272 ,
3035 4205 3162 4275 quia
3202 4205 3532 4276 paracletum

1939 4307 2220 4353 venturum
2269 4297 2516 4366 promisit
2571 4296 2816 4352 Christus
2857 4295 3114 4366 Spiritum
3155 4307 3396 4354 sanctum
3431 4315 3444 4352 :
3475 4307 3534 4354 et

1941 4381 2062 4462 quia
2087 4405 2192 4445 non
2215 4390 2483 4444 invenires
2508 4389 2720 4460 quando
2733 4390 2941 4444 venerit
2959 4404 3120 4459 quem
3139 4389 3386 4446 Christus
3404 4405 3532 4463 pro-

1941 4484 2120 4548 misit,
2153 4483 2275 4538 hinc
2307 4491 2358 4537 te
2392 4481 2616 4537 credere
2659 4483 2833 4552 ipsum
2883 4496 3003 4538 esse
3055 4481 3426 4538 Manichzcum.
3458 4484 3532 4540 At

1941 4593 2070 4631 vero
2103 4576 2190 4630 ubi
2223 4575 2441 4646 probavi
2473 4591 2567 4645 per
2613 4574 2914 4646 Scripturas
2943 4583 3177 4642 sanctas,
3207 4576 3533 4634 ecclesiasti-

1942 4685 2034 4724 cas
2053 4710 2068 4736 ,
2087 4669 2386 4746 _canonicas
2409 4711 2424 4736 ,
2455 4667 2664 4737 quando
2691 4669 2898 4722 venerit
2939 4669 3277 4740 apertissime
3301 4669 3530 4739 Spiritus

1942 4772 2180 4828 sanctus,
2210 4777 2370 4832 quem
2395 4771 2675 4816 venturum
2703 4762 2946 4831 promisit
2975 4762 3232 4818 Dominus
3259 4761 3525 4828 Christus,
3599 4800 3601 4803 -

1941 4855 2254 4913 convertiin
2306 4863 2378 4923 te,
2427 4863 2488 4910 ut
2513 4855 2750 4920 diceres,
2779 4855 2980 4910 debere
3023 4854 3117 4909 tibi
3163 4853 3372 4910 ostendi
3401 4853 3530 4923 quid

1943 4951 2186 5007 docuerit
2210 4993 2224 5014 ,
2255 4957 2310 5004 et
2339 4957 2514 5002 utrum
2542 4948 2812 5003 Manichaei
2841 4948 3138 5004 doctrinam
3163 4949 3528 5004 evacuaverit.

1943 5043 2076 5099 Cum
2123 5057 2250 5112 ergo
2277 5040 2672 5110 respondissem
2703 5039 3052 5096 Manicheum
3103 5049 3222 5109 post
3245 5039 3532 5108 Apostolos

1945 5137 2108 5190 fuisse
2135 5135 2186 5189 in
2215 5149 2409 5199 carne;
2443 5134 2657 5187 illorum
2683 5143 2858 5187 autem
2880 5131 3174 5186 doctrinam
3193 5171 3210 5196 ,
3243 5139 3532 5202 antequam

1947 5227 2268 5282 Manichzeus
2319 5234 2474 5280 natus
2495 5231 2658 5285 esset,
2708 5223 2774 5276 ab
2805 5223 2931 5292 ipsis
2959 5222 3124 5276 fuisse
3149 5221 3532 5292 praxiicatam:

1947 5321 2054 5375 dixi
2083 5329 2260 5374 tamen
2291 5333 2452 5373 unum
2499 5318 2734 5387 ipsorum
2779 5314 3158 5384 Apostolorum
3189 5316 3411 5372 Paulum
3437 5332 3533 5388 per

1947 5412 2202 5484 Spiritum
2232 5422 2498 5476 sanctum,
2533 5410 2618 5477 qui
2657 5409 2708 5462 in
2746 5421 2932 5462 omnes
2964 5409 3250 5478 Apostolos
3277 5419 3532 5478 venerat,

1951 5506 2300 5577 prophetasse
2329 5505 2486 5558 etiam
2509 5501 2576 5555 de
2595 5501 2693 5554 ista
2723 5509 2896 5554 vestra
2927 5501 3187 5566 doctrina,
3215 5501 3336 5570 quia
3365 5502 3536 5560 futura

1951 5611 2084 5663 erat,
2122 5609 2172 5650 et
2201 5615 2314 5650 eam
2349 5595 2642 5663 :igqmiiasse
2673 5593 2968 5648 doctrinam
2987 5593 3368 5650 dust-nutrierunt
3395 5609 3536 5648 men-

1953 5695 2390 5761 dactiuqumum;
2422 5689 2510 5742 ubi
2537 5687 2746 5742 ostendi
2773 5703 2832 5744 ea
2855 5729 2868 5752 .
2917 5703 3034 5759 qua}
3057 5689 3188 5748 dixit
3215 5687 3412 5754 Paulus
3447 5685 3540 5744 fu-

2018 5809 2035 5840 ι
2069 5807 2212 5868 Leid.
2243 5813 2292 5854 ιει
2317 5811 2454 5866 νοω,
2479 5801 2769 5854 contenditis.
2835 5809 2892 5854 at.
