4028 6448
524 340 631 435 s27

536 504 654 549 tura
683 494 732 547 in
758 496 869 562 ipsa
893 493 1131 549 doctrina
1154 536 1166 559 ,
1197 491 1260 547 ad
1287 500 1513 545 vestram
1540 486 1927 557 professionem
1954 482 2116 554 pertiv

538 602 687 652 uere,
724 585 771 639 id
804 597 905 653 ρει,
943 586 1349 655 prohibitionem
1381 581 1724 650 nuptiarum;
1752 578 1873 648 quia
1904 589 2114 631 omnem

535 679 897 744 concubitum,
949 689 1002 732 et
1030 694 1149 733 cum
1182 690 1345 731 uxore
1364 715 1377 741 ,
1410 674 1811 729 fornicationem
1842 684 1961 724 esse
1985 668 2116 723 diei—

538 772 605 826 tis
637 790 649 825 :
680 780 733 826 et
771 771 1143 827 abstinentiam
1171 783 1198 821 a
1226 767 1360 822 cibis
1387 780 1519 835 quos
1550 765 1689 819 Deus
1730 762 1961 823 creavit;
1992 759 2113 831 quia

537 865 663 918 novi
690 878 782 917 vos
810 861 1066 932 quosdam
1094 860 1241 913 cibos
1265 858 1447 913 dicere
1477 855 1812 921 immundos,
1850 868 1970 909 eum
2000 853 2113 920 ipse

534 963 788 1024 sequatur
813 962 865 1006 et
884 951 1043 1016 dicat,
1080 949 1256 1003 Omnis
1276 957 1508 1001 creatura
1532 946 1629 1000 Dei
1657 947 1787 999 bona
1815 952 1884 997 est
1907 942 1949 1013 (ι
1975 940 2110 995 Tim.

532 1060 606 1109 ιν,
643 1040 777 1115 1-4).
809 1039 940 1096 Cum
971 1040 1055 1095 hic
1090 1056 1120 1093 a
1147 1049 1197 1095 te
1236 1040 1505 1109 exigerem
1535 1046 1592 1091 ut
1620 1034 1993 1105 responderes,
2027 1032 2113 1087 di-

533 1135 657 1188 xisti
703 1133 1051 1187 Manichacum
1101 1146 1195 1186 vos
1245 1131 1440 1186 docere
1492 1129 1699 1184 initium
1727 1168 1741 1192 ,
1789 1126 2017 1181 medium
2060 1132 2116 1179 et

533 1227 715 1292 linem,
744 1232 797 1279 et
822 1238 1036 1278 cursum
1074 1223 1201 1278 solis
1231 1232 1285 1277 et
1322 1222 1480 1287 lunzc,
1512 1230 1566 1276 et
1591 1229 1781 1275 cmtera
1808 1217 1952 1282 talia,
1993 1230 2113 1285 quae

530 1333 651 1372 cum
680 1332 779 1389 ego
817 1315 1153 1371 ostenderem
1198 1315 1262 1369 ad
1295 1313 1635 1369 christianam
1662 1311 1961 1366 doctrinam
2004 1324 2113 1363 non

532 1409 841 1481 pertinere;
893 1407 1210 1479 respondisti
1238 1407 1537 1477 apostolum
1565 1405 1738 1475 ipsum
1779 1402 2001 1457 Paulum
2034 1400 2116 1455 di-

527 1502 705 1569 xisse,
738 1500 857 1571 quia
888 1515 955 1556 ex
986 1508 1135 1570 parte
1159 1499 1260 1555 scit
1284 1507 1339 1553 et
1366 1513 1431 1552 ex
1476 1504 1627 1568 parte
1663 1494 1965 1566 prophetat.
1996 1491 2113 1546 Dixi

529 1608 629 1646 nos
657 1607 762 1646 non
808 1606 965 1661 posse
993 1590 1130 1645 scire
1158 1589 1332 1644 divina
1352 1630 1366 1655 ,
1400 1602 1520 1643 cum
1550 1600 1734 1642 sumus
1768 1585 1819 1639 in
1852 1583 1951 1638 hac
1972 1582 2111 1647 vita;
2142 1612 2144 1615 -

530 1691 584 1738 et
605 1682 692 1737 hic
720 1683 901 1738 videre
931 1698 1025 1752 per
1052 1681 1322 1751 speculum
1350 1688 1403 1736 ct
1429 1680 1482 1734 in
1509 1678 1789 1750 :cnigmate
1808 1718 1823 1743 ,
1869 1685 1993 1731 tunc
2021 1690 2116 1729 au-

530 1784 638 1831 tem
672 1777 803 1831 facie
846 1774 910 1830 ad
942 1774 1131 1830 faciem
1164 1792 1177 1829 :
1209 1783 1263 1829 et
1291 1772 1513 1844 quaasivi
1545 1788 1573 1825 a
1606 1781 1678 1839 te,
1723 1771 1769 1825 si
1816 1769 1919 1825 hoc
1957 1778 2115 1840 putas

529 1866 729 1922 dixisse
753 1865 1049 1937 apostolum
1076 1864 1334 1931 Paulum,
1379 1862 1520 1934 quod
1560 1870 1816 1917 venturus
1841 1871 1982 1916 esset
2006 1859 2117 1914 Ma-

530 1956 790 2022 nichreus,
820 1957 909 2027 qui
938 1956 1155 2011 doceret
1184 1954 1325 2025 quod
1365 1970 1472 2009 non
1512 1952 1955 2023 poteratPaulus,
1989 1966 2115 2021 per-

530 2048 701 2105 tinere
737 2048 804 2102 ad
850 2057 922 2111 te,
955 2048 1043 2117 qui
1077 2056 1127 2102 te
1164 2047 1297 2102 dicis
1323 2046 1595 2116 accepisse
1635 2046 1806 2116 ipsum
1834 2044 2112 2115 Spiritum,

529 2140 709 2194 videre
727 2140 885 2193 modo
917 2139 1082 2193 Deum
1129 2137 1260 2194 facie
1301 2137 1367 2192 ad
1409 2137 1619 2194 faciem.
1663 2135 1814 2204 Quod
1860 2136 1984 2207 quia
2010 2150 2115 2190 non

528 2241 702 2302 potes,
726 2230 1065 2287 manifestum
1096 2240 1179 2287 est
1205 2230 1501 2300 apostolum
1542 2230 1760 2285 Paulum
1784 2229 1850 2285 de
1884 2229 1972 2284 illa
2011 2229 2113 2283 vita

535 2325 755 2391 dixisse,
780 2325 846 2379 de
867 2340 972 2383 qua
1003 2324 1128 2378 dicit
1155 2332 1209 2378 et
1231 2323 1464 2379 Joannes
1492 2340 1504 2375 :
1529 2322 1876 2389 Dilectissimi,
1903 2321 1999 2391 ﬁlii
2023 2320 2118 2376 Dei

527 2434 721 2483 sumus,
745 2426 791 2470 et
822 2418 1044 2470 nondum
1065 2417 1301 2487 apparuit
1328 2414 1447 2485 quid
1476 2416 1662 2468 erimus
1692 2430 1708 2468 :
1734 2414 1920 2469 scimus
1949 2422 2116 2467 autem

531 2510 649 2579 quia
678 2525 790 2563 cum
833 2509 1147 2579 apparuerit,
1174 2508 1363 2561 similes
1386 2507 1432 2561 ei
1460 2507 1685 2570 erimus;
1715 2506 1954 2574 quoniam
1974 2504 2113 2558 vide-

514 2582 694 2655 ‘bimus
727 2617 839 2655 eum
878 2600 1024 2654 sicuti
1054 2607 1124 2652 est
1151 2598 1193 2669 (I
1215 2597 1372 2651 Joau.
1404 2614 1491 2663 ιιι,
1516 2597 1591 2667 5).
1616 2596 1728 2651 IIoc
1758 2606 1811 2651 tu
1846 2613 1971 2652 cum
2018 2611 2114 2650 au-

529 2692 702 2748 disses
725 2733 739 2757 ,
772 2692 949 2747 dixisti
984 2700 1035 2745 te
1064 2705 1166 2745 non
1198 2691 1377 2745 valere
1406 2698 1590 2744 contra
1619 2704 1791 2743 meam
1820 2688 2070 2742 virtutem
2099 2704 2113 2740 :

528 2801 649 2854 quae
675 2784 841 2838 virtus
869 2798 985 2837 mea
1018 2798 1123 2837 non
1171 2791 1286 2846 est,
1333 2779 1427 2835 sed
1469 2780 1513 2833 si
1545 2778 1721 2850 aliqua
1748 2787 1861 2843 est,
1905 2778 1972 2833 ab
2022 2777 2115 2830 illo

529 2876 662 2931 mihi
687 2875 806 2929 data
832 2885 912 2929 est
942 2874 1007 2928 ad
1036 2872 1430 2942 redarguendos
1456 2886 1691 2937 errores,
1725 2869 1811 2940 qui
1836 2869 2005 2924 virtus
2034 2878 2113 2923 est

530 2969 767 3025 omnium
793 2967 1025 3021 fidelium
1051 2980 1267 3020 suorum
1290 3006 1303 3030 ,
1336 2972 1391 3018 et
1430 2963 1590 3033 pleno
1619 2961 1780 3017 corde
1800 2961 1867 3015 de
1894 2976 1952 3015 se
1984 2975 2117 3030 pra:-

529 3060 875 3117 sumentium.
911 3057 1096 3113 Dixisti
1137 3057 1297 3111 etiam
1326 3054 1465 3125 quod
1496 3063 1547 3109 te
1577 3052 1892 3124 episcopalis
1918 3060 2116 3107 terreat

526 3151 819 3208 auctoritas
858 3168 870 3203 :
904 3165 1025 3204 eum
1061 3148 1242 3203 videas
1281 3156 1479 3216 quanta
1515 3160 1643 3215 pace
1674 3144 1813 3199 inter
1847 3159 1944 3199 nos
1993 3159 2117 3213 agac

529 3261 670 3313 mus,
717 3252 910 3316 quanta
958 3241 1337 3313 tranquillitate
1364 3238 1733 3308 diSputemus;
1764 3236 2114 3307 quemadmo-

527 3343 653 3398 dum
698 3340 924 3411 populus
950 3352 1185 3409 praesens
1213 3335 1410 3390 nullam
1441 3333 1534 3387 tibi
1561 3333 1666 3386 vim
1684 3331 1871 3398 faciat,
1902 3331 2110 3385 nullum

527 3443 787 3491 terrorem
811 3431 1048 3497 incutiat,
1082 3428 1175 3484 sed
1206 3425 1679 3497 tranquillissimus
1720 3423 1932 3491 audiat,
1976 3423 2114 3478 sicut

527 3528 683 3583 decet
706 3523 1061 3581 Christianos.
1095 3519 1282 3575 Dixisti
1311 3519 1471 3573 etiam
1516 3517 1704 3571 timere
1732 3524 1784 3570 te
1830 3514 1978 3586 leges
2004 3513 2111 3569 Im-

524 3629 831 3692 peratorum
861 3635 875 3671 :
903 3616 1005 3672 hoc
1032 3628 1126 3685 pro
1147 3627 1269 3668 vera
1295 3611 1399 3666 fide
1429 3625 1534 3665 non
1564 3608 1794 3674 timeret,
1821 3622 1977 3678 quem
1994 3606 2115 3677 Spi-

526 3714 664 3770 ritus
698 3720 914 3767 sanctns
950 3707 1196 3777 impleret
1226 3721 1238 3759 :
1273 3718 1397 3758 nam
1426 3711 1478 3757 et
1518 3700 1707 3756 Petrus
1752 3699 2023 3768 apostolus
2056 3698 2109 3753 in

527 3806 774 3878 passione
819 3801 1028 3858 Domini
1062 3798 1267 3863 timuit,
1313 3804 1367 3850 et
1412 3804 1498 3850 ter
1524 3794 1770 3863 negavit;
1805 3791 1894 3847 ubi
1933 3798 2111 3845 autem

529 3916 649 3956 cum
683 3898 1005 3969 paracletus,
1037 3908 1193 3965 quem
1224 3890 1469 3946 Christus
1504 3887 1852 3957 promiserat,
1882 3884 2111 3955 Spiritus

527 4000 744 4047 sanctus
774 3987 1042 4058 implevit,
1074 4000 1171 4054 pro
1199 3982 1304 4038 fide
1340 3979 1552 4035 Domini
1591 3977 1873 4034 cruciﬁxus
1899 3986 2009 4043 est;
2058 3984 2112 4031 et

530 4083 620 4139 ille
640 4082 729 4152 qui
758 4080 930 4151 primo
960 4076 1144 4132 habuit
1167 4073 1501 4145 negationem
1536 4069 1762 4137 timoris,
1794 4075 1977 4139 postea
2004 4067 2109 4122 im-

527 4174 693 4246 plevit
757 4168 1198 4243 gloriosissimam
1252 4164 1555 4239 passionem
1609 4161 1980 4217 confessionis.
2029 4159 2109 4216 Tu

527 4270 705 4339 itaque
726 4282 792 4323 ex
822 4264 923 4319 hoc
944 4264 1060 4332 ipso
1082 4259 1223 4330 quod
1255 4258 1441 4312 timere
1473 4265 1524 4311 te
1551 4254 1728 4310 dixisti
1759 4255 1903 4324 leges
1935 4252 2109 4323 Impe-

526 4369 758 4418 ratorum
785 4400 800 4424 ,
843 4354 1082 4427 quamvis
1108 4360 1163 4408 et
1190 4351 1257 4406 de
1289 4349 1498 4403 czeteris
1516 4347 1694 4412 rebus,
1722 4345 1851 4401 satis
1868 4351 2106 4415 apparet,

524 4451 669 4524 quod
713 4465 817 4504 non
858 4444 1126 4501 inveneris
1165 4442 1416 4511 Spiritum
1456 4438 1781 4510 paracletum
1822 4435 2060 4491 veritatis
2092 4450 2105 4487 :

532 4545 651 4616 :;nia
672 4552 725 4598 et
754 4541 797 4595 si
820 4555 924 4595 non
959 4537 1197 4601 timeres,
1227 4533 1346 4587 aliis
1369 4532 1526 4587 rebus
1550 4528 1964 4601 convincereris.

602 4636 734 4691 Fu.
761 4632 895 4688 dixit
926 4648 939 4683 :
970 4630 1036 4684 Et
1069 4626 1305 4697 Apostoli
1333 4626 1644 4679 timuerunt.

508 4790 511 4793 μ
601 4756 738 4808 Anc.
768 4746 901 4801 dixit
927 4760 940 4797 :
970 4743 1283 4797 'I‘imuerunt
1323 4747 1379 4792 ut
1420 4744 1704 4801 caverent,
1733 4751 1838 4789 non
1868 4744 1920 4789 ut
1952 4733 2107 4790 fidem

525 4857 677 4898 suam
701 4833 1077 4906 comprehensi
1103 4831 1314 4887 edicere
1335 4830 1660 4884 dubitarent.
1692 4826 1771 4881 'l‘u
1798 4836 1974 4882 autem
1997 4826 2107 4895 jam

526 4937 651 4992 hinc
700 4931 891 4986 timere
917 4924 1183 4989 debuisti,
1233 4931 1292 4977 ut
1323 4937 1428 4975 non
1477 4920 1562 4974 hic
1601 4928 1652 4973 te
1704 4919 2104 4974 inveniremus:

523 5027 632 5097 jam
664 5025 715 5079 in
747 5020 925 5077 medio
953 5033 1043 5084 es;
1080 5029 1244 5085 quare
1288 5014 1464 5077 times,
1516 5010 1616 5065 nisi
1644 5010 1765 5079 quia
1793 5010 1932 5080 quod
1959 5010 2107 5065 dicas

524 5133 630 5171 non
677 5112 881 5169 habes?
908 5110 1039 5163 Nam
1070 5116 1124 5161 et
1165 5106 1208 5160 si
1254 5104 1608 5173 Imperatores
1647 5102 1951 5168 timuisses,
1982 5110 2107 5156 ante

531 5209 805 5262 tacuisses.
831 5203 983 5257 Nune
1006 5215 1136 5255 vero
1174 5213 1295 5253 cum
1338 5195 1593 5250 hesterno
1620 5194 1706 5249 die
1736 5194 1970 5247 libellum
1993 5192 2104 5247 Cu-

525 5299 692 5355 ratori
737 5295 983 5360 dederis,
1026 5301 1080 5347 et
1110 5290 1320 5361 publice
1348 5286 1723 5351 clamitat/eris,
1757 5301 1875 5340 cum
1907 5286 2109 5340 codici-

531 5394 630 5448 bus
658 5388 762 5443 tuis
791 5396 843 5442 te
886 5393 1124 5456 paratum
1154 5396 1273 5437 esse
1302 5378 1509 5433 incendi
1538 5421 1551 5444 ,
1600 5378 1642 5433 si
1675 5378 1872 5447 aliquid
1903 5378 2024 5431 mali
2054 5377 2106 5431 in

531 5485 659 5554 ipsis
705 5480 861 5534 fuerit
906 5479 1217 5538 inventum;
1269 5472 1407 5527 unde
1460 5470 1571 5526 heri
1647 5472 1789 5540 leges
1832 5469 2105 5539 ﬂagitabas

522 5574 679 5645 quasi
707 5570 880 5634 fortis,
902 5568 1059 5623 hodie
1076 5567 1355 5622 veritatem
1386 5563 1523 5634 fugis
1550 5571 1608 5617 ut
1634 5562 1867 5616 timidus.

599 5681 824 5741 CAPUT
850 5680 989 5735 XIII.
1015 5709 1089 5720 —
1118 5678 1247 5732 FEL.
1286 5677 1451 5731 dixit:
1483 5673 1596 5729 Non
1637 5674 1912 5729 veritatem
1941 5672 2102 5742 fugio.

603 5780 736 5833 Auc.
760 5773 893 5828 dixit
939 5789 950 5823 :
997 5771 1088 5823 Dic
1121 5784 1245 5838 ergo
1268 5810 1281 5833 ,
1310 5768 1355 5820 si
1388 5766 1533 5820 vides
1566 5765 1731 5818 Deum
1762 5762 1895 5818 facie
1925 5763 1993 5817 ad
2030 5764 2106 5817 fa-

557 5866 663 5931 iem
685 5910 702 5937 ,
753 5863 1040 5923 secundum
1087 5860 1516 5931 pollicitationem
1551 5868 1730 5922 tuam;
1763 5857 1884 5926 quia
1922 5856 2102 5912 dixisti

1314 375 1400 430 DE
1437 370 1630 428 ACTIS
1669 368 1807 425 CUM
1847 364 2089 423 FELICE
2127 362 2519 433 MANICII/EO,
2551 368 2610 422 S.
2652 366 3017 424 AUGUSTINI

3694 369 3810 428 528

2227 484 2522 551 apostolum
2547 484 2766 539 Paulum
2793 484 2859 539 de
2888 484 3038 538 vobis
3064 482 3263 539 dixisse
3292 485 3411 554 quia
3439 493 3543 545 tam
3587 487 3807 555 plenam

2224 576 2501 631 veritatem
2533 578 2801 647 accepturi
2826 576 3016 631 essetis
3045 594 3057 628 :
3085 583 3139 630 ut
3165 575 3543 647 intelligamus,
3569 579 3655 632 vel
3687 593 3811 633 cre-

2223 668 2433 737 damus,
2463 669 2775 738 Apostolum
2799 669 3048 724 habuisse
3077 683 3143 723 ex
3171 678 3339 739 parte,
3372 678 3426 723 et
3454 678 3504 724 te
3534 679 3733 725 totum.

2294 760 2424 815 FEL.
2476 760 2651 815 dixit:
2692 759 2809 814 Non
2846 760 3127 817 veritatem
3177 760 3357 831 fugio,
3400 760 3502 816 sed
3522 762 3810 815 veritatem

2225 867 2426 924 quaero.
2454 852 2606 920 Quod
2638 860 2693 908 tu
2714 851 2868 917 dicis,
2897 852 3019 922 quia
3047 868 3152 907 non
3189 860 3364 915 teneo,
3392 852 3652 922 probetur
3675 852 3812 907 mihi

2222 959 2316 1014 per
2343 943 2643 1013 Scripturas
2672 943 2894 998 deitieas
2923 961 2936 997 ;
2968 944 3071 999 hoc
3093 959 3275 1011 quaero
3297 943 3427 1014 jam.

2292 1039 2423 1092 Anc.
2452 1035 2584 1089 dixit
2609 1053 2623 1089 :
2654 1036 2807 1090 Prius
2835 1036 3083 1106 profitere
3107 1045 3157 1091 te
3181 1052 3285 1090 non
3319 1037 3557 1106 potuisse
3573 1036 3810 1107 probare

2219 1127 2570 1183 Manichaeum
2600 1131 2897 1199 apostolum
2921 1129 3047 1184 Jesu
3073 1129 3271 1184 Christi
3296 1148 3311 1183 :
3342 1138 3395 1185 et
3423 1140 3684 1200 quantum
3715 1146 3811 1200 po-

2221 1229 2391 1287 tuero,
2415 1235 2536 1277 cum
2548 1221 2723 1276 omnia
2746 1222 3034 1291 exstirpata
3056 1220 3533 1276 fuerintcontraria
3547 1221 3619 1277 de
3640 1223 3809 1280 corde

2222 1323 2313 1370 tuo
2339 1330 2437 1385 per
2478 1315 2833 1370 ministerium
2855 1330 3054 1380 meum,
3083 1314 3319 1370 donante
3342 1315 3591 1381 Domino,
3620 1316 3809 1373 insero

2222 1406 2315 1462 tibi
2358 1422 2479 1478 qua:
2507 1407 2608 1462 scit
2636 1408 2650 1438 ¹
2682 1407 2907 1462 scientia
2950 1406 3220 1473 veritatis,
3270 1422 3390 1477 quae
3434 1406 3696 1478 perducat
3740 1408 3809 1464 ad

2219 1498 2387 1554 Deum
2412 1540 2428 1566 ,
2460 1497 2674 1553 iuitians
2703 1513 2733 1552 a
2756 1497 2881 1553 fide.

2290 1589 2422 1646 Fac.
2449 1590 2582 1645 dixit
2614 1608 2627 1645 :
2655 1590 2787 1657 Quia
2814 1590 2916 1645 hoc
2934 1589 3069 1646 dicis
3091 1598 3145 1645 tu
3173 1632 3188 1657 ,
3221 1599 3278 1645 ut
3303 1591 3474 1662 legem
3502 1607 3680 1648 meam
3709 1608 3808 1650 ne-

2218 1699 2361 1756 gem,
2393 1692 2447 1739 et
2472 1684 2729 1755 accipiam
2756 1684 2997 1751 alteram,
3027 1684 3306 1740 meliorem
3334 1684 3623 1753 duntaxat,
3659 1687 3808 1758 quod

2219 1791 2402 1849 qumro
2426 1792 2562 1847 ego;
2592 1791 2696 1832 non
2726 1777 2828 1833 hoc
2861 1778 3159 1847 respondeo
3182 1819 3198 1844 ,
3226 1787 3286 1834 ut
3312 1778 3483 1850 legem
3512 1795 3687 1836 meam
3716 1796 3813 1838 ne-

2218 1884 2339 1942 gem
2370 1879 2653 1941 antequam
2682 1871 2905 1927 alteram
2932 1871 3212 1941 accipiam.

2290 1963 2425 2019 Anc.
2464 1963 2600 2018 dixit
2633 1981 2646 2017 :
2676 1963 2781 2019 Sed
2821 1964 2965 2033 prius
2996 1963 3063 2020 de
3106 1979 3233 2021 vase
3274 1964 3513 2022 funditur
3536 1966 3683 2038 quod
3717 1967 3815 2023 ad-

2219 2069 2434 2110 versum
2466 2054 2643 2118 habet,
2676 2064 2729 2111 et
2754 2056 2832 2110 sic
2860 2055 3114 2126 impletur
3137 2056 3281 2126 quod
3311 2058 3512 2113 bonum
3543 2066 3631 2114 est
3664 2076 3680 2113 :
3714 2068 3811 2114 aut

2219 2147 2264 2202 si
2318 2146 2493 2202 adhuc
2544 2146 2755 2201 dubitas
2785 2146 3030 2214 fundere,
3062 2146 3291 2203 defende
3332 2164 3439 2219 quo
3486 2150 3679 2220 plenus
3730 2164 3812 2206 es.

2219 2240 2506 2298 Ostendam
2546 2241 2689 2296 enim
2720 2241 2839 2306 tibi,
2868 2251 3124 2311 quantum
3154 2257 3239 2296 me
3270 2241 3526 2298 Dominus
3550 2242 3816 2313 adjuvat,

2220 2342 2412 2404 quanta
2444 2332 2779 2388 immunditia
2803 2341 2858 2389 et
2886 2332 3238 2404 blasphemiis
3264 2334 3420 2403 plena
3461 2334 3531 2389 sit
3559 2334 3815 2390 doctrina

2219 2414 2538 2492 Manichaei,
2585 2425 2632 2481 si
2684 2425 2962 2495 permittas
2999 2433 3056 2479 ut
3103 2425 3308 2496 legatur
3337 2426 3433 2481 illa
3460 2427 3715 2495 epistola,
3744 2426 3816 2483 de

2219 2518 2370 2586 cujus
2399 2516 2552 2571 initio
2574 2516 2683 2586 jam
2717 2516 3081 2583 tractavimus,
3116 2525 3169 2572 et
3194 2532 3303 2573 non
3330 2518 3548 2587 potuisti
3578 2518 3818 2589 probare

2217 2610 2517 2680 apostolum
2548 2608 2744 2664 Christi
2772 2624 2893 2665 esse
2923 2609 3275 2665 Manichaeum
3310 2629 3323 2664 :
3353 2610 3447 2666 sed
3472 2611 3598 2667 ideo
3629 2627 3816 2669 moras

2220 2702 2468 2767 inuectis,
2502 2716 2570 2758 ne
2594 2710 2789 2758 caetera
2818 2702 3076 2773 legantur,
3104 2702 3191 2756 ubi
3226 2712 3411 2772 aperte
3438 2713 3617 2759 vestra
3644 2706 3818 2761 sacrio

2219 2794 2353 2864 legia
2383 2792 2878 2863 deprehenduntur;
2908 2802 2999 2848 aut
3021 2792 3070 2847 si
3102 2794 3389 2864 permittis,
3413 2794 3679 2864 legantur.

2292 2887 2420 2941 FEL.
2448 2886 2580 2941 dixit
2607 2902 2621 2940 :
2654 2886 2942 2953 Permitto;
2974 2886 3096 2956 quia
3124 2885 3302 2940 dixisti
3329 2885 3505 2940 omnia
3533 2886 3814 2943 immunda

2220 2974 2387 3041 fundi,
2416 2982 2471 3029 et
2497 2974 2575 3030 sic
2602 2973 2738 3028 bona
2771 2974 3013 3029 immitti:
3046 2974 3148 3028 hoc
3174 2974 3316 3029 enim
3346 2973 3542 3029 dictum
3571 2984 3654 3029 est
3676 2976 3817 3031 San-

2219 3067 2416 3123 ctitatis
2442 3076 2563 3122 tuae.
2596 3067 2674 3121 Ad
2706 3066 2845 3137 quod
2872 3076 2924 3121 et
2945 3081 3044 3137 ego
3067 3066 3188 3121 dico
3216 3084 3230 3120 :
3258 3066 3446 3122 Nullus
3469 3082 3662 3137 aquam
3692 3068 3816 3123 fun-

2217 3158 2318 3226 dit,
2346 3158 2447 3213 nisi
2477 3159 2612 3214 alter
2640 3158 2956 3227 impleverit.

2287 3252 2425 3307 Auc.
2455 3250 2624 3305 dixit:
2654 3250 2765 3305 Hoc
2804 3250 2950 3305 vides
2979 3264 3136 3320 quam
3167 3249 3557 3305 inconsiderate
3581 3250 3815 3318 dixeris,

2218 3350 2277 3397 ut
2304 3342 2483 3398 mitius
2512 3342 2719 3412 loquar,
2742 3350 2922 3399 etnon
2952 3340 3125 3396 dicam
3147 3341 3351 3396 insane.
3376 3340 3568 3412 Utique
3593 3341 3661 3397 de
3682 3358 3818 3399 vase

2220 3434 2314 3489 tibi
2347 3432 2748 3489 similitudinem
2794 3433 2944 3503 posui
2982 3451 2996 3486 :
3049 3432 3103 3486 in
3145 3448 3236 3487 vas
3277 3433 3489 3503 plenum
3521 3449 3684 3489 nemo
3713 3450 3817 3504 po-

2218 3534 2322 3582 test
2346 3525 2543 3597 aliquid
2576 3526 2806 3593 mittere,
2843 3526 2943 3583 nisi
2986 3524 3239 3580 fundatur
3279 3525 3408 3581 illud
3436 3542 3542 3596 quo
3588 3527 3816 3598 plenum

2216 3625 2352 3673 erat.

2289 3710 2417 3767 Fas.
2444 3711 2583 3767 dixit
2613 3730 2624 3766 :
2657 3710 2828 3767 Unum
2854 3711 3053 3777 dixisti,
3080 3719 3135 3767 et
3159 3726 3257 3781 ego
3282 3711 3391 3766 dixi
3423 3711 3552 3767 duo.

2287 3804 2421 3859 Ave.
2445 3802 2626 3857 dixit:
2659 3802 2714 3860 Si
2745 3802 2854 3858 duo
2893 3817 3016 3858 vasa
3061 3802 3261 3869 dixisti,
3306 3803 3383 3858 vis
3422 3803 3571 3859 illum
3621 3820 3815 3874 parem

2218 3902 2363 3949 tuum
2386 3894 2653 3950 fundimus
2676 3904 2729 3949 et
2749 3896 3028 3965 implemus
3049 3895 3193 3950 illum
3216 3895 3311 3967 (a),
3336 3904 3392 3950 ut
3416 3896 3588 3965 possis
3608 3906 3665 3953 tu
3688 3897 3819 3956 fun-

2215 3984 2344 4041 dere
2371 3986 2511 4057 quod
2543 3986 2745 4055 habes?

2287 4078 2417 4134 FEL.
2444 4078 2575 4134 dixit
2604 4097 2616 4132 :
2650 4078 2824 4133 Ambo
2852 4094 3008 4134 unam
3032 4095 3219 4149 aquam
3243 4080 3517 4137 habemus.

2287 4171 2421 4226 Ave.
2452 4170 2623 4225 dixit:
2651 4171 2784 4225 Cum
2815 4186 2942 4240 ergo
2986 4172 3144 4226 ambo
3187 4172 3328 4242 pleni
3376 4173 3490 4228 sitis
3532 4188 3668 4243 aqua
3711 4191 3818 4231 vc-

2215 4271 2345 4329 stra,
2374 4261 2500 4332 quid
2543 4261 2900 4331 implehimus,
2934 4272 2990 4317 ut
3018 4263 3304 4318 doceamus
3332 4279 3443 4328 vos,
3480 4264 3580 4318 nisi
3609 4266 3819 4336 aliquis

2214 4363 2448 4409 vestrum
2493 4353 2691 4407 fuderit
2731 4353 2871 4423 quod
2916 4353 3114 4409 habet?
3160 4356 3265 4408 Aut
3304 4356 3347 4409 si
3378 4356 3574 4410 bonum
3604 4367 3712 4424 est,
3755 4368 3819 4414 et

2216 4447 2335 4501 ideo
2360 4446 2515 4501 debet
2548 4446 2714 4500 teneri
2745 4455 2804 4499 ut
2832 4445 3148 4500 defendatur
3172 4457 3224 4502 et
3253 4448 3459 4518 legatur
3489 4449 3577 4503 illa
3604 4453 3819 4519 cpisto-

2216 4539 2286 4605 la,
2314 4538 2588 4593 videamus
2624 4538 2668 4591 si
2696 4537 2776 4592 vel
2801 4547 2992 4592 cmtera
3026 4549 3248 4607 possunt
3274 4539 3505 4604 defendi,
3529 4540 3573 4594 si
3606 4540 3658 4594 in
3689 4542 3822 4610 ipso

2214 4631 2365 4687 initio
2386 4630 2626 4687 defeeisti
2657 4648 2671 4685 :
2701 4639 2793 4685 aut
2820 4631 2865 4685 si
2904 4630 3036 4686 dicis
3065 4642 3116 4687 te
3145 4632 3195 4687 in
3241 4632 3332 4687 illo
3372 4648 3479 4688 non
3517 4632 3813 4700 defecisse,

2214 4724 2385 4799 proba
2413 4723 2565 4778 nobis
2590 4721 2857 4793 quomodo
2885 4722 3206 4778 Manichacus
3232 4724 3302 4779 sit
3338 4724 3613 4793 apostolus
3642 4725 3817 4781 Chri-

2214 4818 2302 4873 sti.

2284 4907 2508 4963 CAPUT
2534 4906 2675 4963 XIV.
2702 4937 2773 4949 —-
2797 4907 2927 4963 FEL.
2955 4906 3086 4961 dixit
3118 4924 3130 4959 :
3162 4905 3406 4961 Christus
3432 4905 3585 4973 dixit,
3626 4909 3821 4977 Spiri-

2217 5011 2325 5056 tum
2355 5010 2594 5057 sanctum
2628 5001 2908 5057 missurum
2951 5015 3031 5067 se,
3072 4999 3161 5069 qui
3192 5000 3243 5053 in
3270 5016 3481 5056 omnem
3519 5000 3819 5058 veritatem

2216 5095 2448 5149 indneaL

2285 5189 2419 5244 Ave.
2453 5187 2585 5242 dixit
2616 5205 2629 5240 :
2661 5185 2716 5241 Si
2743 5185 2906 5241 habes
2936 5185 3103 5249 illum,
3145 5184 3356 5240 attende
3386 5185 3451 5239 ad
3498 5184 3548 5239 id
3577 5186 3728 5256 quod
3761 5196 3822 5244 te

2210 5279 2519 5349 jamdudum
2551 5279 2889 5348 interrogavi.
2918 5277 3104 5331 Dixisti
3135 5276 3276 5330 enim
3306 5276 3372 5330 ad
3402 5277 3566 5345 ipsius
3595 5276 3822 5333 doctri-

2216 5389 2335 5427 nam
2367 5372 2647 5442 pertinere,
2693 5371 2850 5425 etiam
2894 5370 2990 5423 ista
3024 5368 3284 5422 mundana
3328 5382 3698 5438 cognoscere:
3725 5370 3825 5427 dic

2215 5466 2343 5519 mihi
2375 5474 2504 5535 quot
2536 5474 2659 5518 sunt
2684 5462 2875 5529 stellae,
2904 5462 2948 5516 si
2978 5459 3307 5516 introductus
3333 5474 3392 5515 es
3417 5460 3468 5515 in
3499 5460 3658 5515 istam
3691 5479 3823 5518 om-

2216 5572 2333 5612 nem
2357 5558 2647 5610 veritatem.

2278 5674 2295 5704 ι
2330 5678 2403 5720 Er.
2452 5668 2596 5729 Lugd.
2647 5682 2698 5718 et
2720 5677 2860 5729 ven.,
2883 5668 3038 5731 infero
3061 5666 3144 5717 tibi
3167 5678 3276 5731 qua:
3297 5665 3374 5717 sit.
3392 5664 3702 5729 Lov.,iufero
3724 5666 3828 5719 libs

2211 5749 2321 5797 qua:
2342 5734 2445 5797 scit.
2513 5741 2565 5779 at.

2276 5798 2347 5861 (rt)
2377 5796 2527 5861 Illum
2556 5793 2682 5843 forte
2706 5793 2875 5861 Felicis
2917 5805 3104 5861 parens
3128 5798 3263 5861 vocat
3284 5792 3644 5861 _(_tresooni_um,
3668 5793 3829 5861 cujus

2216 5852 2368 5913 vei'lia
2389 5855 2640 5906 retulimus
2655 5868 2816 5917 supra,
2844 5858 2891 5903 in
2915 5852 3244 5904 Ltdmonitione
3283 5855 3414 5904 hisce
3440 5855 3563 5902 Actis
3588 5852 3823 5914 praeﬁxa.
