4094 6440
304 321 410 379 539

369 436 499 490 ἵει.
549 436 682 492 dixit
722 454 735 493 :
780 437 846 494 Et
887 453 987 510 ego
1031 432 1170 509 dico,
1215 438 1338 512 quia
1381 443 1426 496 si
1454 427 1758 498 Paracletus
1783 457 1877 513 per

297 527 581 598 Apostolos
609 529 816 586 locutus
860 540 960 599 est,
1000 540 1054 588 et
1093 540 1190 603 per
1235 533 1454 589 Paulum
1495 552 1509 589 :
1542 545 1594 590 ct
1619 550 1717 606 ego
1753 544 1876 606 peto

295 619 640 678 Sanctitatem
658 630 820 688 tuam,
849 633 906 678 ut
929 623 1017 678 illa
1033 625 1162 680 mibi
1181 626 1436 682 ostendas
1459 643 1578 699 quae
1605 629 1715 698 jam
1740 628 1869 683 dixi.

361 713 497 770 Anc.
539 713 672 769 dixit
717 731 733 769 :
777 713 1045 772 Conlitere
1089 725 1141 772 te
1185 733 1291 774 non
1335 719 1569 791 potuisse
1591 719 1874 775 ostendere

295 805 432 878 quod
463 822 568 879 ego
607 807 949 889 interrogavi,
988 819 1042 868 et
1083 812 1358 869 ostendam
1408 814 1698 870 secundum
1733 813 1874 869 Scri-

294 911 473 972 pturas
501 901 644 973 quod
669 903 930 974 pertineat
953 904 1020 961 ad
1050 905 1209 962 ﬁdem
1231 906 1595 962 Christianam.

361 995 495 1053 Fu.
528 997 703 1054 dixit:
734 999 802 1056 Et
827 1014 947 1072 ego,
979 1000 1024 1055 si
1052 1001 1182 1056 mihi
1203 1001 1444 1057 attuleris
1463 1003 1752 1073 scripturas
1770 1002 1874 1058 Ma-

294 1088 501 1155 nicbaei,
531 1091 764 1164 quinque
791 1102 1037 1150 auctores
1064 1109 1198 1166 quos
1227 1094 1322 1150 tibi
1349 1094 1479 1162 dixi,
1502 1094 1756 1168 quidquid
1785 1109 1872 1152 me

292 1180 726 1253 interrogaveris,
755 1185 924 1256 probo
955 1185 1068 1242 tibi.

356 1273 495 1330 Anc.
528 1273 708 1332 dixit:
747 1275 824 1331 De
865 1276 994 1348 ipsis
1037 1277 1271 1350 quinque
1312 1281 1616 1335 auctoribus
1659 1287 1742 1336 est
1768 1279 1869 1336 ista

289 1366 533 1437 epistola,
566 1367 719 1438 cujus
757 1369 1062 1440 aperuimus
1111 1372 1448 1442 principium,
1476 1380 1530 1427 et
1570 1371 1869 1427 invenimus

291 1460 358 1515 ibi
400 1462 680 1532 scriptum,
738 1462 1052 1519 Manio/nens
1089 1464 1348 1536 apostolus
1392 1464 1517 1519 Jesu
1561 1463 1789 1518 Christi:
1814 1472 1869 1520 et

293 1553 441 1610 video
464 1555 589 1625 quia
617 1555 788 1626 ipsum
833 1557 1149 1628 principium
1176 1573 1281 1612 non
1308 1557 1438 1612 mihi
1475 1556 1723 1627 exponis,
1746 1555 1867 1626 quia

291 1659 389 1700 non
421 1646 620 1715 probas
660 1648 930 1718 quomodo
977 1648 1295 1706 Manichacus
1332 1649 1402 1705 sit
1433 1648 1704 1719 apostolus
1741 1646 1868 1703 Jesu

292 1737 498 1795 Christi.

356 1831 484 1886 FEL.
517 1831 687 1890 dixit:
726 1832 784 1889 Si
832 1833 886 1889 in
930 1833 1031 1890 ista
1080 1835 1097 1867 ¹
1137 1848 1244 1890 non
1299 1833 1485 1906 probo,
1531 1833 1583 1889 in
1633 1830 1868 1888 secundo

292 1923 470 1993 probo.

353 2016 490 2071 Anc.
522 2015 694 2072 dixit:
724 2016 781 2072 In
811 2031 916 2088 quo
940 2017 1213 2073 secundo?

354 2107 485 2164 Fet.
514 2109 686 2167 dixit:
714 2108 771 2164 In
792 2108 1085 2166 Thesauro.

354 2201 490 2258 Anc.
517 2200 650 2257 dixit
685 2219 700 2262 :
739 2201 1071 2258 Thesaurum
1105 2202 1286 2269 istum,
1314 2215 1470 2273 quem
1501 2199 1622 2256 ideo
1645 2199 1734 2254 tali
1764 2213 1864 2254 no-

288 2293 424 2349 mine
450 2293 753 2364 appellatis,
784 2302 841 2349 ut
869 2295 1097 2351 miseros
1137 2293 1423 2360 seducatis,
1465 2292 1584 2364 quis
1611 2290 1865 2362 scripsit?

289 2385 604 2440 Manichacus
634 2385 657 2439 ?
682 2385 818 2441 Nolo
845 2385 974 2441 mihi
1005 2387 1072 2442 ab
1101 2386 1192 2442 illo
1216 2384 1412 2456 probes
1443 2401 1458 2440 :
1490 2385 1612 2455 quia
1639 2383 1728 2438 ille
1751 2383 1862 2438 Ma-

289 2476 522 2531 nichmus
550 2476 823 2545 mentitur,
853 2476 1080 2534 dicendo
1105 2491 1164 2533 se
1190 2491 1310 2534 esse
1337 2475 1477 2548 quod
1503 2491 1609 2531 non
1639 2483 1722 2531 est
1747 2475 1786 2530 '.

351 2565 480 2634 Fxn.
507 2564 687 2622 dixit:
717 2566 796 2621 Tu
826 2566 992 2637 proba
1020 2565 1148 2622 mihi
1176 2582 1270 2637 per
1292 2567 1540 2622 alterum.

350 2659 481 2714 Anc.
515 2657 648 2712 dixit
675 2675 691 2714 :
718 2657 857 2727 Quid
883 2658 963 2712 vis
993 2657 1083 2714 tibi
1109 2658 1368 2730 probem?

349 2747 478 2803 FB]...
504 2747 678 2805 dixit:
703 2747 836 2818 Quia
863 2748 1118 2805 mentitur
1140 2747 1477 2804 Manichacus.

348 2841 482 2896 Anc.
513 2840 688 2896 dixit:
717 2840 851 2908 Quia
879 2848 934 2896 tu
979 2856 1082 2898 non
1114 2849 1268 2912 potes
1309 2840 1536 2911 probare
1572 2855 1755 2896 verum
1781 2839 1863 2896 di-

283 2947 398 2988 cere
436 2933 809 3000 Manichteum,
850 2942 1063 3006 oportet
1101 2943 1159 2990 ut
1200 2948 1299 3006 ego
1333 2933 1553 3004 probem
1578 2934 1858 2990 mentitum

282 3040 393 3082 esse
421 3025 811 3083 Manichamm?

346 3118 476 3175 FsL.
509 3120 645 3175 dixit
674 3138 690 3176 :
715 3120 891 3190 Quare
938 3137 1045 3178 non
1087 3122 1234 3192 potui
1277 3120 1548 3193 probare?
1592 3120 1859 3192 Numquid

281 3213 492 3282 prolata:
518 3223 644 3270 sunt
684 3213 962 3284 scriptura:
1001 3228 1134 3285 quas
1169 3229 1268 3286 ego
1310 3213 1493 3284 petivi,
1523 3221 1577 3270 et
1603 3227 1708 3269 non
1735 3226 1860 3284 pro-

279 3302 391 3359 bavi
403 3305 428 3358 2

342 3397 480 3453 Anc.
512 3395 686 3454 dixit:
725 3395 831 3454 Sed
863 3397 1154 3469 scripturas
1180 3396 1456 3452 Manichtei
1484 3395 1642 3467 petis,
1666 3394 1857 3466 quibus

280 3489 428 3546 ﬁdem
469 3505 577 3546 non
618 3490 914 3548 habemus:
960 3490 1174 3546 aliunde
1211 3490 1396 3561 proba.
1441 3490 1554 3561 Ego
1581 3497 1761 3546 autem
1788 3487 1857 3546 de

279 3582 386 3652 ipsa
411 3585 676 3654 scriptura
700 3583 975 3640 Manicbaei
1003 3583 1098 3638 tibi
1122 3585 1291 3655 probo
1307 3583 1583 3640 mentitum
1604 3597 1724 3640 esse
1746 3581 1858 3639 Ma-

278 3674 559 3741 nicbazum,
594 3683 648 3731 et
671 3675 1070 3746 blasphemasse
1095 3675 1464 3732 Manichaeum.

342 3765 474 3822 Ρη.
502 3767 638 3824 dixit
663 3784 680 3824 :
709 3767 1015 3824 Aii‘erantur
1039 3768 1181 3825 libri.

342 3859 476 3914 Anc.
518 3857 655 3914 dixit
686 3877 701 3915 :
731 3859 974 3916 Praesens
997 3869 1080 3916 est
1103 3861 1332 3931 epistola
1367 3860 1661 3928 Manichaci,
1693 3875 1853 3933 quam

276 3953 446 4009 dicitis
497 3953 872 4012 Fundamenti.
916 3955 1125 4011 Initium
1170 3956 1222 4010 in
1254 3955 1478 4011 aedilicio
1521 3955 1724 4011 nullum
1749 3963 1853 4025 est,

278 4044 375 4099 nisi
397 4043 800 4101 fundamentum
829 4063 844 4099 :
873 4046 920 4101 si
960 4061 1080 4102 enm
1111 4045 1398 4101 ostendero
1427 4045 1480 4100 in
1519 4046 1636 4116 ipso
1664 4044 1855 4101 funda-

278 4145 454 4190 mento
484 4136 692 4191 ruinam
730 4134 946 4206 fecisse,
985 4145 1231 4193 caeteram
1257 4136 1373 4207 ejus
1407 4137 1856 4194 constructionem

277 4226 456 4296 utquid
477 4226 796 4296 quaerimus?

341 4317 570 4376 CAPUT
609 4319 722 4374 XV.
755 4350 826 4360 —
855 4319 985 4375 FEL.
1032 4319 1166 4374 dixit
1210 4339 1223 4374 :
1267 4320 1378 4376 Hoc
1417 4321 1588 4388 dicis,
1640 4320 1694 4374 in
1742 4320 1856 4391 ipsa

279 4409 568 4467 ostendens
607 4411 812 4466 ruinam
852 4425 973 4467 esse
1003 4410 1024 4442 ³
1058 4428 1072 4465 :
1103 4418 1160 4466 et
1197 4426 1297 4482 ego
1339 4411 1480 4477 dico,
1523 4411 1591 4466 da
1626 4413 1857 4468 arbitros

279 4511 500 4570 quantos
543 4510 599 4558 et
635 4509 692 4558 ttt
735 4501 920 4569 habes,
967 4510 1022 4558 et
1059 4501 1152 4558 tibi
1188 4503 1354 4572 probo
1393 4503 1517 4574 quia
1554 4518 1661 4559 non
1700 4519 1855 4560 men-

281 4594 419 4650 titur.

345 4688 477 4742 Auc.
510 4685 683 4741 dixit:
714 4687 866 4743 Absit
895 4702 924 4742 a
949 4687 1105 4743 nobis
1133 4696 1188 4743 et
1213 4702 1241 4742 a
1282 4703 1478 4758 genere
1506 4687 1747 4745 humano
1799 4698 1858 4745 ut

174 4770 178 4776 ’
281 4786 503 4847 quantos
523 4777 609 4832 hic
628 4777 797 4844 vides,
833 4788 1007 4835 tantos
1031 4778 1212 4834 videas
1236 4778 1572 4835 Manichazos.

345 4866 476 4924 FxL.
500 4869 673 4924 dixit:
703 4869 802 4938 Da,
825 4869 955 4937 dixi,
978 4886 1094 4941 quae
1123 4887 1152 4924 a
1185 4881 1236 4926 te
1257 4872 1438 4941 petivi.

347 4962 485 5017 Auc.
515 4960 651 5016 dixit
676 4979 690 5018 :
720 4962 865 5030 Quos
891 4963 972 5017 vis
995 4978 1120 5034 ergo
1143 4973 1199 5018 ut
1222 4963 1505 5028 demtibi?

346 5051 477 5106 FEL.
504 5051 680 5110 dixit:
707 5053 853 5121 Quos
874 5062 928 5108 tu
958 5053 1215 5110 volueris.

348 5145 481 5202 Anc.
533 5144 669 5201 dixit
708 5160 724 5202 :
779 5144 894 5216 Ego
944 5147 1075 5202 istos
1123 5147 1230 5214 do;
1280 5148 1324 5203 si
1368 5147 1534 5206 habes
1567 5148 1854 5217 meliores,

283 5245 417 5305 pete.

338 5372 355 5405 ¹
379 5378 511 5446 [pm
535 5372 649 5446 siin
668 5371 778 5425 isto.
799 5375 967 5425 caeteri
989 5372 1118 5436 libri,
1141 5375 1185 5427 si
1199 5375 1250 5427 in
1270 5381 1361 5428 ista
1382 5389 1401 5428 :
1423 5377 1644 5441 subaudi,
1660 5378 1859 5444 epistola

280 5435 607 5487 Mummi.

337 5499 357 5528 ²
373 5505 442 5546 t-‘r.
470 5499 618 5570 Lugd.
639 5505 697 5570 et
709 5506 828 5549 Ven.
852 5500 925 5570 sic
944 5499 1181 5570 exhibent
1201 5501 1331 5570 hunc
1353 5501 1534 5570 locum:
1553 5509 1675 5570 _Auc.
1694 5502 1822 5556 dixit
1837 5517 1856 5556 :

284 5556 570 5628 πρωινυηῖ
581 5559 739 5628 istum
753 5574 894 5628 quem
907 5560 1020 5628 ideo
1033 5561 1118 5614 tali
1133 5563 1319 5628 nomine
1337 5561 1606 5628 appellatis,
1631 5571 1685 5616 ut
1711 5580 1856 5618 ηυδε-

281 5622 634 5694 tgqss‘educqtis,
659 5620 1020 5694 qgtis'scg‘ipsit?
1041 5631 1145 5694 lin.
1169 5623 1298 5694 dixit
1325 5639 1344 5676 :
1366 5620 1674 5694 himtichw'us.
1739 5637 1853 5694 suo.

427 5682 587 5751 {Nolo
615 5679 734 5734 inihi
754 5683 822 5751 ab_
836 5679 920 5735 illo
958 5686 1147 5749 probes,
1169 5687 1282 5751 quia
1319 5687 1611 5740 umticlta’us
1631 5679 1857 5742 mentitur

279 5741 936 5814 digatdoseessequodnon
956 5741 1043 5814 est.
1075 5741 1164 5814 _ni.

337 5805 360 5837 ⁸
389 5806 465 5858 sic
485 5813 592 5857 uss.
617 5816 674 5859 At
695 5805 830 5872 editi,
851 5809 1044 5861 ostende
1065 5809 1115 5861 in
1135 5819 1242 5876 ipsa
1263 5813 1454 5866 ruinam
1474 5827 1592 5867 esse.

1680 325 1883 384 LIBER
1920 326 2193 387 PRIMUS.

2055 447 2184 502 πει.
2212 448 2343 506 dixit
2371 467 2386 506 :
2415 450 2691 522 Quomodo
2710 451 2840 514 istos
2865 456 3001 514 das?

2050 542 2185 596 Anc.
2216 542 2350 599 dixit
2379 562 2392 600 :
2418 545 2714 606 Praesentes
2737 554 2826 624 qui
2849 569 2947 611 nos
2971 555 3212 614 audiunt.

2050 631 2178 688 FBL.
2212 634 2344 692 dixit
2373 637 2497 695 :lsti
2519 641 2648 697 mihi
2672 658 2778 700 non
2800 644 2998 704 favent.
3083 646 3087 652 ’

2049 726 2196 824 Αυθ.⁸
2213 725 2381 824 dixit:
2410 731 2548 824 Iit-go
2581 742 2636 790 tu
2663 736 2796 794 tales
2839 742 3034 811 quaeris
3067 743 3158 816 qui
3187 745 3281 805 tibi
3321 747 3553 824 faveant,

1978 829 2084 871 non
2108 817 2196 887 qui
2224 821 2468 877 veritati?

2048 907 2178 966 FBL.
2209 911 2342 967 dixit
2363 931 2376 967 :
2397 914 2499 981 Qui
2527 932 2611 973 me
2637 919 2873 990 audiant,
2891 931 2947 981 et
2965 939 3072 983 non
3098 936 3301 986 tantum
3331 947 3437 1001 me,
3455 933 3553 992 sed

1975 1009 2031 1056 et
2067 1001 2236 1105 ipsam
2265 1005 2600 1078 scripturam,
2627 1018 2686 1066 ut
2729 1013 2984 1084 probetur
3009 1033 3078 1075 an
3096 1036 3282 1078 verum
3307 1022 3456 1095 dicit,
3479 1041 3551 1084 an

1973 1101 2244 1149 mentitur.

2043 1185 2178 1243 Anc.
2219 1187 2354 1244 dixit
2398 1207 2412 1244 :
2453 1191 2619 1250 Vides
2659 1211 2789 1270 ergo
2829 1199 2952 1274 quia
2993 1205 3232 1262 audiunt.
3283 1206 3548 1279 Legamus

1972 1285 2163 1334 caetera
2196 1297 2210 1333 :
2239 1282 2360 1352 quia
2390 1290 2447 1338 tu
2474 1283 2631 1342 istam
2655 1289 2931 1358 epistolam
2960 1293 3226 1350 Manichmi
3254 1309 3370 1352 esse
3410 1313 3545 1354 con-

1973 1368 2145 1426 fessus
2168 1387 2248 1429 es.

2044 1461 2174 1517 Fac.
2197 1463 2366 1523 dixit:
2397 1467 2514 1524 Non
2533 1484 2688 1541 nego.

2042 1556 2176 1612 AUC.
2209 1557 2342 1613 dixit
2370 1575 2384 1616 :
2414 1559 2555 1630 Ergo
2582 1561 2806 1632 legatur.

2042 1647 2266 1704 CAPUT
2292 1649 2431 1705 XVI.
2453 1653 2670 1710 —FEL.
2701 1655 2834 1710 dixit
2861 1671 2880 1712 :
2927 1657 3172 1714 Arbitros
3215 1675 3316 1713 non
3355 1659 3545 1718 habeo.

1972 1739 2038 1794 Et
2061 1739 2292 1810 adjecit:
2338 1743 2567 1816 Legatur
2603 1757 2761 1818 caput
2787 1750 2946 1806 illius.
2992 1751 3061 1806 Et
3096 1767 3219 1808 cum
3259 1755 3545 1826 legeretur,

1969 1841 2024 1888 et
2042 1841 2257 1889 ventum
2287 1846 2431 1892 esset
2454 1837 2521 1892 ad
2547 1838 2720 1894 locum
2758 1840 2849 1896 ubi
2885 1843 3139 1915 scriptum
3178 1846 3338 1902 habet
3359 1849 3548 1905 eadem

1969 1925 2212 1996 epistola,
2246 1926 2364 1983 Pax
2390 1928 2483 1985 Dei
2505 1931 2768 1989 invisibilis
2802 1944 2851 1989 et
2882 1937 3106 1992 veritatis
3138 1940 3317 1994 notitia
3348 1942 3548 1996 sitcum

1969 2018 2209 2087 fratribus
2251 2021 2356 2076 suis
2391 2031 2440 2076 et
2473 2023 2805 2093 sharissimis,
2855 2029 2944 2101 qui
2979 2031 3232 2086 mandatis
3267 2033 3548 2091 caelestibus

1969 2113 2180 2168 credunt
2205 2115 2394 2184 pariter
2417 2125 2567 2187 atque
2591 2119 2872 2174 deserviunt
2899 2138 2918 2174 :
2936 2123 3027 2177 sed
3052 2133 3097 2176 et
3119 2124 3323 2179 dextera
3343 2126 3548 2181 luminis

1968 2213 2164 2260 tueatur
2192 2215 2238 2261 et
2264 2207 2444 2279 eripiat
2477 2225 2562 2264 vos
2590 2213 2652 2265 ab
2690 2213 2828 2267 omni
2853 2216 3136 2270 incursione
3169 2217 3412 2288 maligna,
3445 2227 3491 2271 et
3513 2234 3547 2272 a

1967 2296 2144 2366 laqueo
2173 2300 2384 2366 mundi;
2410 2301 2569 2371 pietas
2596 2319 2710 2357 vero
2737 2303 2961 2372 Spiritus
3001 2308 3162 2360 sancti
3194 2309 3370 2362 intima
3397 2309 3550 2363 vestri

1967 2391 2181 2458 pectoris
2236 2391 2500 2463 adaperiat
2526 2435 2542 2461 ,
2602 2404 2657 2448 ut
2704 2395 2827 2464 ipsis
2885 2397 3044 2452 oculis
3104 2399 3311 2453 videatis
3359 2409 3549 2456 vestras

1965 2483 2193 2550 animas;
2218 2483 2365 2540 Felix
2391 2485 2565 2545 dixit:
2613 2487 2684 2542 Da
2719 2490 3034 2560 scripturam
3079 2507 3198 2562 qua:
3238 2492 3336 2547 ista
3365 2493 3550 2548 redar-

1964 2582 2108 2642 gnat.
3511 2599 3514 2602 ~

2035 2671 2168 2727 Anc.
2198 2670 2332 2727 dixit
2358 2689 2372 2726 :
2405 2671 2594 2729 Adhuc
2620 2673 2756 2730 nihil
2779 2675 2904 2730 mali
2924 2675 3241 2744 audivimus,
3275 2675 3376 2732 nisi
3402 2675 3548 2748 quod

1963 2775 2125 2817 ausus
2153 2773 2236 2820 est
2263 2763 2585 2822 Manicbaaus
2612 2766 2909 2838 apostolum
2936 2767 3130 2824 Christi
3159 2784 3218 2824 se
3244 2770 3547 2826 nominare.

1961 2851 2095 2908 Nam
2116 2869 2177 2911 ea
2205 2870 2323 2927 quae
2350 2856 2502 2923 dixit,
2529 2857 2704 2914 adhuc
2725 2859 2792 2914 ad
2819 2860 3099 2916 tectorium
3131 2859 3352 2916 fallaciae
3375 2859 3547 2931 perti-

1962 2955 2111 3014 nent,
2157 2955 2211 3003 et
2251 2948 2318 3004 ad
2363 2951 2574 3006 ovinam
2617 2951 2831 3022 pellem,
2874 2953 3063 3025 quibus
3103 2954 3180 3010 eis
3229 2955 3374 3024 prius
3418 2952 3550 3010 dicit

1961 3041 2124 3097 verba
2151 3041 2311 3108 bona,
2343 3051 2402 3098 ut
2427 3045 2595 3114 possit
2623 3045 2960 3103 introducere
2990 3047 3150 3103 mala.
3180 3047 3286 3104 Sed
3313 3047 3442 3119 quid
3461 3063 3549 3106 ve-

1960 3133 2020 3190 lit
2045 3149 2142 3206 per
2169 3135 2285 3194 haec
2305 3136 2465 3192 verba
2487 3137 2845 3207 introducere,
2875 3139 3170 3196 videamus.
3197 3141 3252 3197 Si
3278 3142 3420 3197 enim
3447 3139 3547 3197 ali-

1959 3225 2087 3296 quid
2137 3227 2263 3284 maii
2299 3228 2676 3300 introduxerit,
2703 3240 2757 3287 et
2791 3232 2893 3288 ista
2933 3233 3096 3289 verba
3138 3234 3276 3290 mala
3307 3244 3464 3291 erunt
3490 3242 3548 3293 et

1959 3317 2260 3375 seductoria
2289 3337 2303 3374 :
2331 3320 2376 3376 si
2412 3331 2588 3377 autem
2618 3323 2816 3394 aliquid
2845 3323 2970 3380 boni
2996 3325 3049 3380 in
3080 3328 3464 3395 posterioribus
3489 3335 3547 3385 et

1958 3412 2070 3468 veri
2094 3411 2307 3481 dixerit,
2335 3414 2654 3472 necessitate
2679 3414 3193 3486 comprehendemus
3221 3421 3261 3472 ι.
3290 3419 3547 3476 Permitte

1958 3521 2086 3578 ergo
2106 3505 2349 3576 legantur
2367 3506 2662 3576 sequentia.

1970 3645 1972 3648 ,
2029 3597 2159 3653 Εει.
2185 3596 2352 3653 dixit:
2383 3596 2442 3653 Si
2467 3589 2593 3669 ergo
2620 3598 2816 3656 asseris
2836 3599 2959 3670 quia
2986 3600 3038 3655 in
3071 3599 3242 3671 primo
3280 3601 3418 3657 bona
3446 3618 3546 3673 po-

1959 3699 2176 3756 nuntur,
2209 3699 2262 3746 et
2301 3697 2484 3760 postea
2525 3688 2663 3744 mala
2705 3689 3099 3758 immittuntur,
3140 3691 3407 3762 quomodo
3441 3708 3545 3764 ego

1959 3781 2055 3838 tibi
2102 3797 2319 3854 possum
2357 3782 2605 3848 credere,
2655 3796 2775 3839 cum
2817 3784 2948 3838 mihi
2991 3783 3162 3854 primo
3203 3783 3340 3839 bona
3387 3784 3544 3843 dixe-

1957 3875 2035 3932 ris
2060 3877 2084 3929 ἰ

2029 3969 2164 4026 Anc.
2190 3967 2325 4024 dixit
2367 3983 2383 4025 :
2432 3967 2546 4039 Ego
2579 3965 2754 4023 adhuc
2794 3966 2893 4022 ista
2949 3981 3049 4023 nec
3089 3967 3227 4023 bona
3267 3967 3402 4035 dixi,
3447 3983 3548 4024 nec

1961 4061 2119 4116 mala.
2158 4058 2299 4116 Nihil
2335 4058 2460 4114 mali
2505 4057 2679 4113 adhuc
2715 4057 3034 4125 audivimus,
3076 4058 3186 4112 dixi
3224 4075 3237 4112 :
3278 4075 3384 4114 non
3410 4057 3542 4124 dixi,

1959 4151 2074 4207 Jam
2099 4150 2297 4222 aliquid
2321 4150 2445 4206 boni
2468 4147 2786 4204 audivimus.
2813 4147 3010 4204 Malum
3051 4149 3192 4204 enim
3215 4149 3341 4203 illud
3369 4149 3547 4204 solum

1961 4241 2090 4308 dixi,
2136 4239 2275 4311 quod
2315 4254 2479 4295 ausus
2531 4249 2612 4294 est
2659 4239 2838 4294 dicere
2878 4254 2938 4294 se
2989 4239 3288 4309 apostolum
3319 4239 3541 4294 Christi.

1963 4333 2137 4388 Verba
2161 4348 2290 4388 vero
2323 4347 2443 4403 quae
2470 4331 2604 4385 dixit
2626 4331 2680 4385 in
2706 4329 3175 4400 consequentibus,
3218 4339 3345 4384 tunc
3383 4340 3546 4384 erunt

1960 4425 2118 4491 mala,
2147 4424 2190 4478 si
2221 4423 2347 4477 mali
2377 4421 2572 4491 aliquid
2597 4421 3018 4488 introduxerint;
3053 4430 3177 4475 tunc
3196 4429 3353 4475 erunt
3376 4420 3541 4484 bona,

1961 4520 2006 4574 si
2033 4518 2157 4574 boni
2179 4515 2374 4586 aliquid
2399 4513 2808 4569 introduxerint.
2827 4513 3080 4569 Permitte
3100 4527 3227 4584 ergo
3243 4520 3299 4568 ut
3313 4527 3547 4583 sequen-

1963 4611 2034 4667 tia
2059 4612 2302 4682 legantur
2328 4627 2343 4663 :
2375 4623 2537 4680 quare
2554 4608 2749 4662 times?

2031 4702 2163 4758 FsL.
2187 4701 2320 4757 dixit
2347 4718 2362 4756 :
2389 4700 2503 4755 Non
2532 4699 2714 4755 timeo.

2034 4797 2166 4852 Anc.
2197 4794 2332 4851 dixit
2362 4810 2377 4851 :
2409 4791 2663 4848 Permitte
2687 4805 2816 4862 ergo
2841 4799 2901 4846 ut
2926 4790 3184 4862 legantur.

2034 4888 2164 4944 FEL.
2192 4887 2326 4943 dixit
2352 4903 2367 4942 :
2394 4885 2679 4957 Legantur.

2033 4979 2257 5038 CAPUT
2284 4977 2448 5035 XVII.
2476 5009 2548 5019 —
2571 4977 2641 5032 Et
2675 4993 2795 5034 cum
2822 4978 3104 5047 legeretur,
3133 4984 3186 5030 et
3208 4983 3424 5029 ventum
3455 4988 3547 5029 es—

1963 5083 2048 5130 set
2075 5073 2141 5128 ad
2169 5074 2345 5128 locum
2373 5071 2460 5127 ubi
2503 5071 2758 5141 scriptum
2796 5069 2972 5134 habet,
3008 5067 3096 5122 Ita
3125 5077 3298 5125 autem
3327 5066 3544 5137 fundata

1961 5178 2080 5223 sunt
2125 5166 2350 5238 ejusdem
2388 5165 2797 5236 splendidissima
2840 5178 2996 5233 regna
3030 5177 3186 5231 supra
3233 5159 3453 5212 lucidam
3496 5167 3547 5211 et

1963 5261 2155 5316 beatam
2181 5270 2386 5326 terram,
2417 5267 2472 5311 ut
2497 5273 2527 5310 ιι
2564 5255 2704 5310 nullo
2723 5270 2941 5323 unquam
2965 5261 3052 5306 aut
3086 5251 3271 5305 moveri
3298 5260 3386 5303 aut
3419 5263 3546 5303 con-

1962 5352 2064 5406 cuti
2091 5350 2321 5422 possint;
2349 5347 2674 5419 Augustinus
2698 5345 2831 5400 dixit
2873 5361 2886 5397 :
2925 5343 3144 5399 Terram
3186 5342 3339 5396 istam
3382 5354 3546 5412 quam

1961 5443 2112 5508 dicit,
2141 5440 2282 5497 unde
2317 5438 2584 5495 habebat?
2629 5436 2779 5492 Fecit
2815 5450 2954 5501 eam,
2998 5449 3067 5490 an
3094 5434 3276 5506 genuit
3305 5447 3445 5500 eam,
3474 5445 3546 5486 an

1963 5535 2180 5606 aequalis
2205 5541 2259 5590 et
2276 5523 2543 5589 coaeterna
2569 5530 2646 5586 illi
2675 5529 2828 5585 erat?
2851 5527 3010 5585 Istam
3038 5527 3158 5588 dico
3179 5534 3379 5584 terram
3405 5523 3543 5580 luci-

1963 5628 2084 5684 dam
2111 5635 2166 5684 et
2185 5626 2394 5682 beatam
2418 5637 2576 5694 quam
2596 5621 2744 5679 dicit.

2027 5815 2044 5848 ι
2083 5820 2132 5864 tn
2166 5817 2296 5873 uss,
2319 5807 2731 5875 reprehendunt.
