4028 6446
493 418 591 475 551

565 538 697 593 Εει..
729 537 863 593 dixit
886 553 900 592 :
926 535 1205 606 Quomodo
1225 535 1481 603 scriptum
1507 538 1607 593 est,
1640 527 1707 582 In
1734 526 1981 596 principio
2009 525 2082 593 fe-
2150 568 2151 571 η

492 630 561 684 cit
591 627 727 683 Deus
748 629 926 683 caelum
952 637 997 682 et
1019 637 1223 686 terram,
1251 633 1298 679 et
1317 633 1450 677 terra
1475 628 1581 675 erat
1600 618 1867 673 invisibilia
1886 626 1931 670 et
1953 614 2085 668 coin-

482 722 764 793 iquiuabiiis
784 731 829 776 et
856 718 1227 790 incomposita?
1247 716 1358 787 Ego
1385 716 1457 770 ita
1487 713 1725 783 intelligo
1754 727 1769 767 :
1802 710 1857 764 ln
1881 706 2081 779 princi-

456 808 461 815 ’
492 814 582 884 pio
609 814 731 869 fecit
758 814 898 867 Deus
922 811 1116 868 ccelum
1143 818 1197 864 et
1235 817 1451 872 terram,
1484 814 1538 861 et
1563 814 1708 862 terra
1737 810 1854 859 erat
1886 820 1899 855 :
1929 798 2081 869 quasi

492 906 613 962 duae
642 916 796 962 terra:
828 905 957 960 mihi
977 903 1224 960 videntur
1247 917 1389 969 esse,
1418 901 1710 958 secundum
1740 897 1883 969 quod
1911 894 2082 951 Mani-

462 1065 465 1069 }
490 997 673 1055 chzeus
694 998 817 1055 dicit
840 996 947 1053 duo
968 1010 1153 1069 regna.

562 1091 697 1145 Auc.
726 1089 859 1143 dixit
903 1106 915 1139 :
962 1088 1097 1154 Quia
1136 1088 1464 1157 Scripturam
1501 1081 1934 1140 commemornsti
1977 1094 2079 1133 ne-

490 1189 675 1245 stram,
731 1194 891 1250 quam
940 1180 1127 1235 soletis
1175 1179 1571 1249 blasphemare,
1621 1176 1690 1230 ad
1734 1189 1821 1229 me
1850 1172 2079 1242 pertinet

490 1287 768 1342 exponere
797 1272 963 1336 illam,
1008 1282 1062 1329 et
1104 1270 1390 1327 ostendere
1428 1269 1545 1335 tibi,
1595 1268 1712 1323 sine
1748 1264 2077 1334 blasphemia

490 1380 610 1420 esse
653 1364 786 1419 illud
835 1366 1088 1433 scriptum
1120 1404 1137 1430 ,
1193 1372 1247 1419 et
1296 1377 1419 1416 cum
1466 1361 1687 1415 veritate
1735 1366 1790 1414 et
1838 1373 1942 1411 non
1988 1371 2078 1411 se-

488 1457 721 1513 cundum
743 1457 1089 1511 Manichaeum
1111 1472 1126 1521 ;
1155 1465 1212 1509 ut
1239 1454 1433 1509 deinde
1455 1463 1509 1509 tu
1529 1453 1612 1509 vei
1639 1454 1691 1507 in
1718 1449 1967 1509 secundis
1987 1448 2078 1503 nii-

488 1548 544 1605 hi
572 1551 900 1620 respondeas
927 1549 1067 1620 quod
1092 1547 1432 1618 interrogavi.

559 1642 691 1700 FEL.
721 1642 853 1697 dixit
884 1660 900 1697 :
931 1641 1271 1711 Respondeo.

559 1735 698 1791 AUC.
736 1734 866 1788 dixit
897 1752 911 1788 :
944 1732 1095 1801 Quod
1124 1733 1379 1802 scriptum
1414 1737 1515 1796 est,
1554 1727 1626 1782 In
1667 1725 1917 1798 principio
1961 1723 2076 1795 fecit

485 1826 628 1882 Deus
656 1825 836 1880 omium
864 1835 911 1880 et
933 1835 1149 1890 terram;
1170 1824 1405 1880 breviter
1430 1820 1704 1890 complexa
1732 1829 1811 1871 est
1839 1818 2077 1883 Scriptu-

484 1934 547 1977 ra
576 1919 701 1990 quid
729 1919 911 1975 iecerit
944 1919 1104 1973 Deus.
1138 1916 1338 1972 Deinde
1362 1916 1485 1985 quia
1514 1913 1750 1969 nondum
1783 1909 2075 1979 apparebat

486 2013 605 2068 haec
632 2022 769 2066 terra
801 2026 959 2083 quam
1001 2011 1215 2075 iecerat,
1253 2018 1538 2077 antequam
1578 2021 1693 2061 eam
1726 2003 2075 2071 distingueret

485 2114 540 2161 et
566 2104 1051 2172 ornaret,,,qualem
1079 2112 1274 2157 terram
1303 2100 1502 2155 fecerat
1544 2100 1700 2161 Dens,
1731 2104 1910 2150 secuta
1938 2093 2076 2149 Scri-

484 2205 639 2268 ptura
668 2195 929 2265 exposuit,
976 2194 1146 2264 qualis
1174 2201 1314 2248 terra
1357 2199 1472 2247 erat
1509 2191 1575 2245 de
1615 2203 1717 2259 qua
1742 2187 1968 2248 dixerat,
2006 2183 2073 2238 lu

483 2287 733 2359 principio
751 2286 866 2355 fecit
890 2284 1029 2340 Deus
1048 2285 1228 2339 calum
1244 2292 1291 2338 et
1314 2293 1498 2337 terram
1522 2296 1539 2335 :
1562 2290 1813 2350 tanquam
1832 2294 1953 2332 cum
1974 2293 2071 2331 au-

483 2377 769 2444 dissemus,
808 2375 875 2431 In
905 2377 1154 2449 principio
1205 2376 1322 2447 fecit
1364 2373 1499 2427 Deus
1538 2372 1718 2428 mlum
1758 2378 1804 2424 et
1850 2381 2066 2436 terram,

483 2484 863 2540 quaereremus,
893 2468 1103 2538 qualem
1128 2476 1343 2531 terram,
1363 2464 1587 2534 subjecit
1608 2472 1662 2516 et
1684 2463 1777 2525 ait,
1806 2462 1961 2514 Terra
1980 2476 2071 2513 au-

486 2568 605 2625 tem,
634 2558 685 2614 id
726 2567 828 2625 est,
860 2559 949 2613 illa
973 2572 1132 2628 quam
1167 2556 1364 2611 fecerat
1400 2556 1556 2621 Deus,
1598 2550 1859 2607 invisibilis
1894 2560 1997 2605 erat
2029 2559 2071 2604 et

482 2650 814 2721 incomposita
836 2649 985 2721 (Gen.
1014 2666 1053 2715 ι,
1082 2650 1135 2714 1,
1159 2646 1235 2719 2).
1261 2646 1376 2702 Non
1403 2659 1533 2719 ergo
1556 2646 1689 2699 duas
1720 2653 1891 2697 terras
1916 2641 2067 2707 dixit,

482 2741 577 2799 sed
620 2742 791 2812 qualis
823 2741 909 2796 illa
956 2740 1117 2796 fuerit
1157 2738 1420 2809 exposuit.
1465 2735 1545 2791 Tu
1587 2738 1763 2805 itaque
1806 2732 2071 2802 reSponde

482 2848 626 2887 nunc
655 2833 784 2887 mihi
827 2831 969 2903 quod
1004 2831 1236 2886 breviter
1265 2826 1623 2898 interrogavi:
1656 2826 1819 2879 Terra
1850 2825 1950 2879 ista
1990 2824 2071 2877 lu-

483 2925 603 2981 cida
632 2934 686 2979 ct
710 2925 864 2981 beata
889 2938 1048 2994 quam
1077 2924 1204 2978 dicit
1230 2920 1569 2986 Manichacus,
1602 2934 1762 2987 supra
1785 2933 1940 2987 quam
1961 2915 2072 2970 fun~

484 3020 606 3075 data
636 3026 789 3074 erant
818 3032 978 3088 regna
1009 3018 1122 3086 Dei,
1153 3017 1220 3073 ab
1253 3017 1371 3086 ipso
1408 3014 1517 3070 Deo
1544 3014 1681 3067 facta
1719 3022 1857 3080 erat,
1886 3028 1952 3066 an
1979 3027 2072 3082 ges

484 3111 595 3168 nita
620 3110 687 3167 de
714 3111 805 3167 illo
832 3118 967 3175 erat,
995 3125 1060 3164 an
1085 3118 1353 3165 coaeterna
1382 3107 1456 3161 illi
1481 3106 1634 3164 erat?
1663 3105 1835 3160 Unum
1878 3105 1945 3158 dc
1979 3102 2073 3157 tri-

483 3203 622 3270 bus,
671 3201 775 3257 nisi
825 3201 1110 3260 molestum
1157 3208 1275 3267 est,
1337 3199 1453 3254 sine
1503 3196 1938 3268 tergiversatione
1982 3210 2070 3250 re-

484 3294 710 3367 sponde.

556 3385 692 3445 FEL.
720 3385 888 3441 dixit:
914 3385 1031 3456 bsa
1054 3399 1113 3441 se
1132 3383 1393 3455 scriptura
1417 3382 1817 3452 interpretatur.

558 3483 690 3537 Auc.
720 3479 887 3535 dixit:
918 3478 974 3535 Si
999 3494 1125 3550 ergo
1155 3478 1296 3533 nosti
1320 3490 1441 3532 esse
1482 3474 1571 3531 hic
1609 3475 1841 3545 aliquem
1872 3472 2068 3536 locum,

486 3574 577 3632 ubi
602 3574 703 3631 hoc
730 3574 873 3630 dicat
897 3573 1181 3644 scriptura,
1216 3571 1340 3643 quia
1370 3570 1516 3627 illam
1539 3577 1737 3641 terram
1780 3566 1861 3622 vel
1889 3565 2073 3637 genuit

487 3668 651 3736 Deus,
681 3667 767 3724 vel
788 3665 932 3730 fecit,
964 3665 1048 3721 vel
1074 3671 1341 3720 comterna
1466 3667 1602 3729 erat,
1627 3659 1773 3730 aperi
1801 3657 1869 3713 ad
1896 3657 2069 3713 locum

486 3773 646 3832 quem
676 3759 835 3825 nosti,
859 3765 914 3813 et
930 3758 1048 3827 lege
1070 3754 1222 3812 mihi.

558 3849 691 3905 FEL.
718 3850 852 3905 dixit
890 3847 1050 3903 :Non
1092 3856 1175 3904 est
1215 3846 1271 3901 in
1311 3845 1413 3901 ista
1451 3842 1735 3913 scriptura,
1780 3841 1873 3896 sed
1912 3840 1964 3894 in
1994 3840 2072 3894 al-

489 3951 601 3997 tera
613 3981 625 3994 .

557 4034 694 4090 Avo.
722 4032 855 4087 dixit
885 4049 897 4085 :
929 4030 1101 4086 Credo
1129 4043 1289 4100 ergo,
1317 4026 1440 4098 quia
1477 4027 1521 4081 si
1563 4040 1666 4098 qua
1695 4034 1778 4081 est
1816 4025 1900 4078 illa
1942 4023 2075 4077 seri-

489 4133 664 4197 ptura,
687 4122 973 4178 meministi
1011 4120 1136 4191 quid
1169 4120 1242 4176 ibi
1284 4117 1500 4173 dixerit.
1532 4115 1716 4186 Itaque
1746 4124 1803 4170 tu
1833 4113 1957 4169 mihi
1986 4130 2071 4168 re-
2114 4194 2117 4201 η

490 4215 691 4288 sponde
709 4256 730 4285 ,
749 4216 835 4285 qui
875 4213 1011 4268 nosti
1038 4212 1181 4267 illam
1209 4210 1521 4280 scripturam
1558 4227 1571 4262 :
1602 4217 1655 4262 et
1679 4208 1722 4261 si
1745 4207 1927 4261 dixero
1952 4205 2073 4274 quia

490 4324 596 4365 non
625 4308 704 4364 sic
728 4307 907 4375 habet,
937 4305 1219 4361 convinces
1242 4318 1347 4359 me.
1371 4302 1426 4358 Si
1453 4310 1627 4356 autem
1650 4300 1730 4355 sic
1752 4314 2070 4369 cognovero,

490 4401 783 4458 secundum
826 4398 933 4453 hoc
951 4397 1161 4467 disputo
1192 4394 1331 4466 quod
1361 4402 1417 4449 tu
1445 4394 1556 4462 ipse
1592 4390 1950 4462 responderis.
1982 4390 2075 4444 Dic

490 4508 619 4565 ergo
646 4508 713 4549 an
752 4491 935 4549 fecerit
972 4500 1169 4547 terram
1200 4490 1353 4544 istam
1403 4487 1544 4542 Deus
1568 4527 1582 4552 ,
1612 4501 1677 4540 an
1702 4484 1978 4556 genuerit,
2007 4500 2073 4539 an

489 4568 758 4655 coaeterna
789 4585 861 4640 illi
885 4582 1046 4638 fuerit
1076 4601 1087 4636 :
1118 4582 1206 4652 qui
1249 4579 1421 4651 legisti
1472 4580 1526 4635 in
1555 4578 1737 4635 nescio
1776 4594 1881 4649 quo
1915 4577 2069 4642 libro,

490 4678 582 4734 ubi
608 4692 728 4733 esse
758 4676 860 4732 hoc
878 4676 1133 4746 scriptum
1167 4674 1320 4729 dicis.

532 4778 535 4781 '
564 4768 693 4824 FEL.
723 4768 855 4823 dixit
883 4784 895 4821 :
926 4766 1058 4835 Quia
1103 4763 1264 4821 modo
1300 4762 1564 4820 Sanetitas
1595 4772 1683 4818 tua
1731 4764 2073 4831 interpretata

492 4869 579 4919 est
592 4861 916 4931 Scripturam
946 4868 1108 4924 tuam,
1126 4857 1393 4928 quomodo
1409 4857 1618 4911 voluisti
1639 4864 1693 4913 et
1710 4856 2000 4926 acceptavi,
2023 4862 2076 4909 et

492 4961 549 5008 tu
578 4953 655 5009 sic
680 4951 809 5007 mihi
836 4957 1049 5023 accepta
1075 4947 1326 5019 quidquid
1347 4948 1552 5002 dixero.

565 5045 698 5098 Auc.
745 5041 877 5096 dixit
926 5060 937 5093 :
988 5039 1206 5094 Interim
1251 5037 1393 5108 quod
1439 5038 1792 5108 interrogavi,
1845 5037 1888 5090 si
1944 5036 2077 5091 nihil

493 5150 580 5191 me
610 5142 794 5190 contra
840 5131 1068 5187 moverit
1110 5140 1363 5200 accepto:
1394 5128 1438 5182 si
1482 5136 1657 5183 autem
1706 5128 1905 5197 aliquid
1957 5143 2074 5183 mo—

494 5229 666 5293 verit,
695 5233 899 5282 motum
946 5236 1124 5281 meum
1172 5220 1351 5275 indico
1400 5218 1526 5287 tibi,
1567 5227 1624 5273 ut
1662 5218 1729 5275 ad
1776 5220 1945 5289 ipsum
1987 5234 2075 5274 rc-

493 5317 776 5391 spondeas.

568 5408 701 5465 FEL.
731 5406 863 5462 dixit
890 5422 906 5462 :
938 5404 1053 5476 Ego
1080 5418 1185 5459 non
1214 5401 1465 5473 respondi
1492 5401 1559 5456 ad
1591 5410 1676 5456 tua
1702 5402 1862 5456 dicta.

532 5568 535 5569 ν
568 5499 709 5555 Ave.
736 5497 871 5553 dixit
902 5514 915 5550 :
946 5495 1079 5563 Quia
1107 5494 1255 5565 prius
1283 5502 1442 5551 estut
1462 5492 1592 5550 mihi
1628 5493 1694 5548 ad
1744 5492 1795 5546 id
1820 5491 1963 5561 quod
1991 5492 2072 5546 in-

496 5591 759 5662 terrogavi
788 5590 1132 5661 respondeas,
1164 5600 1340 5647 tamen
1385 5589 1488 5645 feci
1516 5589 1676 5645 etiam
1701 5598 1759 5643 ut
1804 5588 1896 5643 tibi
1935 5588 2072 5659 priot

497 5683 853 5758 respondeam
886 5701 900 5738 :
932 5682 1070 5738 torte
1107 5698 1213 5738 non
1242 5691 1294 5738 te
1335 5684 1531 5748 movit,
1566 5681 1684 5737 ideo
1728 5696 1831 5736 non
1860 5695 2080 5749 respon-

499 5779 646 5843 disti,
668 5777 804 5835 forte
826 5764 993 5833 etme
1019 5789 1126 5831 non
1149 5776 1402 5841 movebit,
1434 5790 1554 5833 cum
1581 5774 1938 5847 responderis.
1967 5773 2078 5830 Be-

500 5874 709 5948 sponde
724 5888 854 5948 ergo
878 5870 950 5935 ad
968 5870 1110 5948 quod
1138 5871 1476 5941 interrogavi.

1276 416 1364 472 DE
1405 412 1601 469 ACTIS
1627 408 1766 466 CUM
1805 403 2050 462 FELICE
2088 402 2485 471 MANICIl/EO,
2525 405 2585 460 S.
2625 405 2992 462 AUGUSTINI

3680 404 3786 461 532

2259 521 2483 580 CAPUT
2522 522 2705 577 XVIII.
2734 555 2805 565 —
2829 524 2959 579 Fac.
2987 522 3123 579 dixit
3156 539 3167 577 :
3196 522 3535 593 Respondeo.
3588 521 3663 578 Et
3690 523 3790 578 ad-

2183 615 2309 684 jecit
2341 633 2354 668 :
2389 615 2575 670 Dixisti
2602 617 2812 686 ergode
2840 624 2976 671 terra
3010 616 3096 670 illa
3143 615 3194 669 in
3224 631 3325 686 qua
3368 616 3507 671 Dens
3552 614 3784 681 habitat,

2185 723 2253 762 an
2280 708 2414 763 facta
2438 718 2521 765 est
2548 710 2615 763 ab
2651 711 2778 773 illo,
2809 726 2874 764 an
2919 709 3188 778 generavit
3227 708 3402 771 illam,
3443 721 3510 763 an
3553 718 3784 762 coaeter-

2186 815 2251 853 na
2278 800 2351 853 illi
2379 808 2479 854 est.
2511 800 2581 854 Et
2607 815 2705 871 ego
2734 799 2855 854 dico
2880 842 2894 866 ,
2926 800 3047 870 quia
3073 798 3340 869 quomodo
3372 800 3511 853 Deus
3542 805 3786 853 aeternus

2185 900 2287 957 est,
2335 900 2388 945 et
2430 891 2630 947 factura
2659 890 2799 962 apud
2822 891 2968 946 illum
3000 891 3143 945 mdia
3172 899 3283 957 est,
3317 898 3484 945 totum
3515 898 3782 944 attentum

2184 996 2284 1040 est.

2254 1080 2391 1135 huc.
2410 1077 2544 1132 dixit
2569 1095 2584 1132 :
2614 1076 2732 1131 Non
2755 1077 2900 1132 illam
2920 1092 3051 1148 ergo
3074 1077 3274 1148 genuit,
3298 1089 3473 1148 neque
3501 1077 3627 1133 fecit
3649 1076 3675 1129 ?

2254 1173 2384 1227 FEL.
2426 1174 2559 1226 dixit
2592 1190 2603 1225 :
2631 1172 2770 1239 Non,
2801 1173 2893 1227 sed
2924 1182 3004 1227 est
3026 1173 3100 1226 illi
3128 1181 3417 1227 comterna.

2254 1267 2387 1321 Aun.
2415 1266 2593 1321 dixit:
2619 1266 2675 1322 Si
2702 1275 2877 1321 autem
2902 1264 3173 1336 genuisset
3198 1265 3361 1330 illam,
3391 1278 3497 1320 non
3528 1260 3609 1320 illi
3635 1271 3783 1319 esset

2180 1369 2466 1414 coarterna.

2253 1451 2382 1505 FEL.
2416 1451 2586 1506 dixit:
2620 1452 2771 1517 Quod
2798 1451 3053 1517 nascitur,
3086 1449 3245 1505 tinem
3291 1449 3487 1505 habet:
3518 1448 3666 1520 quod
3698 1448 3780 1503 in-

2181 1550 2384 1609 natum,
2408 1557 2514 1596 non
2548 1542 2704 1597 habet
2734 1544 2911 1595 linem.
3090 1566 3091 1569 η

2256 1636 2391 1691 Auc.
2440 1634 2607 1688 dixit:
2638 1634 2843 1701 Quibus
2889 1648 3017 1703 ergo
3059 1641 3176 1689 erat
3214 1633 3305 1689 ille
3350 1641 3535 1703 pater,
3566 1640 3658 1687 aut
3685 1648 3780 1687 cu-

2176 1727 2265 1795 jus
2308 1734 2423 1780 erat
2451 1735 2636 1794 pater,
2664 1741 2821 1796 quem
2866 1725 3025 1779 modo
3078 1735 3280 1795 patrem
3336 1725 3678 1780 nominavit?
3721 1722 3779 1781 Si

2179 1819 2320 1873 enim
2352 1817 2483 1871 nihil
2517 1827 2806 1887 genuerat,
2836 1829 2984 1887 pater
3006 1832 3124 1871 esse
3155 1833 3260 1871 non
3295 1826 3517 1887 poterat.

2254 1910 2380 1963 FEL.
2414 1910 2547 1963 dixit
2580 1928 2594 1963 :
2626 1909 2727 1963 Sed
2750 1918 2871 1963 sunt
2894 1910 2994 1962 alia
3021 1925 3139 1979 qua:
3166 1912 3457 1979 generavit.

2250 2006 2382 2059 Auc.
2412 2004 2543 2057 dixit
2577 2021 2589 2055 :
2621 2003 2711 2057 Illa
2735 2018 2864 2073 ergo
2903 2018 3021 2073 qua:
3046 2003 3354 2073 generavit,
3391 2020 3496 2059 non
3531 2012 3663 2059 sunt
3701 2004 3777 2061 illi

2178 2106 2442 2152 coaeterna
2467 2140 2479 2161 ,
2515 2112 2580 2149 an
2612 2108 2665 2150 ct
2692 2098 2801 2165 ipsa
2834 2106 3098 2151 coaeterna
3127 2097 3295 2151 sunt?

2248 2190 2378 2245 FEL.
2410 2191 2542 2244 dixit
2575 2189 2889 2245 :Coacterna
2933 2198 3056 2245 sunt
3104 2190 3181 2245 illi
3213 2191 3465 2261 quidquid
3497 2192 3643 2247 Deus
3681 2207 3776 2265 ge-

2174 2284 2401 2337 ncravit.

2247 2373 2382 2428 Auc.
2426 2371 2561 2427 dixit
2592 2389 2605 2426 :
2636 2372 2777 2443 Ergo
2826 2372 3046 2437 errasti,
3077 2372 3220 2442 quod
3267 2374 3510 2443 superius
3558 2374 3771 2441 dixisti,

2180 2469 2341 2523 Omne
2365 2468 2498 2539 quod
2525 2468 2749 2521 nascitur
2768 2510 2781 2533 ,
2817 2467 2967 2535 ﬁnem
2996 2466 3165 2520 habet.

2246 2558 2377 2614 Fer.
2404 2558 2569 2613 dixit:
2601 2558 2817 2613 Interim
2866 2558 2988 2628 quia
3027 2554 3321 2615 secundum
3364 2558 3773 2629 generationem

2175 2644 2351 2707 carnis
2378 2652 2584 2705 locutus
2612 2666 2727 2704 sum
2758 2692 2771 2713 ,
2799 2650 2993 2704 erravi.

2246 2744 2379 2799 Auc.
2410 2743 2579 2797 dixit:
2609 2742 2996 2798 Modestissime
3033 2742 3308 2800 confessus
3350 2756 3619 2812 errorem,
3654 2758 3775 2801 me-

2174 2836 2341 2890 rearis
2367 2834 2663 2904 intelligere
2687 2834 2987 2888 veritatem.

2246 2928 2525 2983 FEL.dixit
2558 2944 2569 2979 :
2604 2927 2783 2981 Faciat
2804 2927 2965 2982 Deus.

2246 3022 2378 3075 Auc.
2412 3020 2544 3073 dixit
2577 3038 2589 3072 :
2623 3018 2851 3073 Attende
2874 3032 3003 3088 ergo
3039 3018 3171 3088 jam,
3205 3028 3263 3072 ut
3307 3019 3525 3090 incipias
3569 3035 3775 3092 cogno-

2176 3126 2328 3168 scere
2352 3126 2589 3167 errorem
2620 3102 2897 3181 Scriptura:
2937 3111 3112 3180 hujus.
3137 3109 3195 3166 Si
3229 3126 3347 3181 qum
3374 3116 3552 3181 genuit
3583 3112 3727 3169 Deus
3753 3156 3768 3179 ,

2175 3216 2437 3262 coarterna
2467 3222 2571 3260 non
2602 3212 2726 3259 sunt
2754 3205 2848 3271 illi,
2881 3205 3067 3259 melior
3096 3213 3177 3261 est
3204 3213 3343 3259 terra
3372 3206 3456 3259 illa
3480 3220 3636 3276 quam
3660 3224 3773 3261 non

2176 3299 2446 3369 generavit
2492 3296 2651 3358 Deus,
2714 3295 2802 3349 ubi
2837 3294 3075 3350 habitant
3111 3296 3287 3349 omnia
3328 3311 3444 3364 quae
3494 3298 3773 3367 generavit

2176 3392 2335 3455 Deus,
2364 3404 2523 3460 quam
2552 3398 2747 3444 terram
2777 3387 2909 3443 dicis
2936 3389 3003 3443 ah
3029 3402 3095 3444 eo
3124 3403 3226 3443 non
3253 3398 3579 3458 generatam.

2249 3482 2377 3536 Fu.
2398 3481 2539 3535 dixit
2571 3497 2584 3533 :
2617 3479 2975 3550 Coaequantur
3002 3479 3102 3534 sibi
3132 3480 3329 3545 Omnia,
3361 3489 3413 3534 et
3439 3496 3557 3549 qua:
3595 3495 3772 3551 gene-

2176 3576 2331 3642 ravit,
2364 3583 2417 3630 et
2446 3590 2564 3644 qua:
2594 3588 2697 3629 non
2728 3574 3021 3644 generavit,
3045 3573 3097 3627 id
3127 3580 3228 3639 est,
3246 3582 3385 3627 terra
3413 3572 3499 3627 illa
3519 3572 3607 3629 ubi
3627 3589 3773 3631 com-

2176 3658 2502 3724 morabatur.

2248 3765 2382 3816 Auc.
2411 3759 2542 3813 dixit
2573 3775 2585 3811 :
2617 3757 2772 3826 Quid,
2806 3758 2917 3828 ipse
2944 3758 3033 3828 qui
3063 3758 3373 3828 generavit,
3422 3758 3641 3833 aequalis
3685 3768 3774 3816 est

2178 3855 2281 3909 illis
2301 3854 2564 3919 omnibus,
2596 3860 2689 3907 aut
2708 3852 2877 3922 major
2903 3860 2984 3907 est
3013 3851 3114 3907 illis
3139 3851 3165 3905 τ

2200 3994 2203 3997 .
2249 3946 2378 4000 FEL.
2402 3945 2535 3999 dixit
2560 3963 2573 3998 :
2603 3944 2667 3999 Et
2697 3945 2784 4014 qui
2814 3944 3113 4015 generavit,
3139 3954 3193 3999 et
3220 3958 3353 4015 quos
3382 3945 3687 4017 generavit,
3715 3952 3775 4001 et

2178 4040 2265 4094 ubi
2296 4039 2449 4108 positi
2472 4046 2594 4092 sunt
2619 4038 2661 4104 ¹,
2686 4038 2862 4091 omnia
2893 4037 3114 4105 :equalia
3145 4040 3286 4091 sunt.

2252 4133 2384 4185 Aue.
2413 4128 2542 4183 dixit
2570 4144 2583 4180 :
2615 4126 2783 4182 Unius
2810 4142 2936 4197 ergo
2961 4126 3270 4183 substantia:
3296 4128 3455 4182 sunt?

2250 4222 2378 4276 FEL.
2404 4220 2537 4274 dixit
2568 4237 2580 4274 :
2610 4218 2803 4273 Unius.

2250 4314 2385 4368 Auc.
2408 4312 2541 4365 dixit
2568 4327 2583 4365 :
2613 4310 2725 4365 Hoc
2751 4309 2892 4380 quod
2918 4317 2999 4365 est
3024 4310 3163 4366 Deus
3184 4320 3355 4381 pater,
3382 4310 3484 4365 hoc
3516 4320 3638 4365 sunt
3673 4310 3772 4365 ﬁlii

2179 4405 2364 4476 ipsius,
2394 4403 2494 4457 hoc
2520 4411 2575 4457 et
2606 4411 2743 4456 terra
2773 4401 2901 4455 illa?

2250 4496 2380 4551 FEL.
2403 4494 2540 4548 dixit
2574 4510 2588 4546 :
2620 4493 2732 4548 lloc
2758 4506 2921 4547 unum
2954 4499 3081 4547 sunt
3110 4507 3319 4548 omnes.

2253 4589 2387 4642 Are.
2416 4586 2547 4640 dixit
2579 4602 2591 4638 :
2623 4585 2790 4656 Hujus
2839 4599 2966 4655 ergo
3004 4592 3161 4639 terra:
3200 4599 3305 4639 non
3337 4591 3419 4639 est
3458 4591 3641 4654 pater,
3674 4582 3777 4639 sed

2180 4679 2503 4734 inhabitator
2522 4678 2547 4730 ‘i

2250 4773 2378 4827 Fac.
2409 4772 2540 4825 dixit
2568 4789 2581 4824 :
2608 4770 2803 4825 Etiam.

2251 4864 2385 4917 Auc.
2418 4861 2551 4915 dixit
2584 4879 2595 4914 :
2629 4861 2717 4915 Sic
2747 4874 2844 4916 nec
2871 4860 3052 4930 genuit
3089 4858 3231 4914 illam
3258 4900 3272 4925 ,
3304 4874 3403 4915 nec
3441 4857 3563 4914 fecit
3596 4857 3777 4925 illam,

2180 4955 2447 5027 quomodo
2477 4954 2542 5007 ad
2586 4969 2708 5008 eum
2760 4954 3023 5023 pertineat
3059 4953 3159 5008 nisi
3200 4954 3311 5008 sola
3354 4953 3621 5008 vicinitate
3663 4969 3778 5009 non

2181 5049 2335 5103 video
2360 5088 2375 5112 ,
2404 5045 2672 5116 quomodo
2727 5046 2771 5099 si
2820 5044 3011 5101 habeat
3029 5044 3221 5115 aliquis
3263 5044 3491 5099 vicinum
3522 5044 3724 5099 bonum
3761 5061 3778 5097 :

2184 5148 2239 5195 et
2273 5138 2391 5193 duae
2439 5137 2549 5207 jam
2584 5143 2755 5209 ‘erunt
2809 5149 2897 5191 res
2949 5135 3121 5191 amba:
3176 5135 3463 5206 ingenitae,
3520 5144 3666 5189 terra
3724 5143 3785 5190 et

2182 5240 2353 5303 pater.
3274 5286 3280 5291 .

2254 5322 2386 5376 FEL.
2430 5320 2597 5374 dixit:
2624 5318 2737 5374 lmo
2772 5326 2884 5374 tres
2928 5326 3087 5385 sunt,
3123 5326 3274 5389 pater
3306 5318 3606 5388 ingenitus,
3630 5325 3785 5374 terra

2182 5416 2431 5487 ingenita,
2463 5424 2515 5469 et
2542 5429 2636 5469 aer
2657 5413 2939 5484 ingenitus.

2256 5510 2388 5564 Anc.
2419 5507 2585 5562 dixit:
2610 5504 2724 5561 Hoc
2753 5514 2920 5561 totum
2948 5518 3052 5561 una
3085 5504 3379 5563 substantia
3409 5504 3523 5559 est?

2256 5600 2386 5655 Fu.
2418 5598 2551 5654 dixit
2579 5614 2591 5650 :
2618 5597 2751 5652 Una.

2255 5692 2390 5745 Auc.
2424 5689 2558 5743 dixit
2580 5706 2591 5741 :
2614 5687 2767 5741 Etita
2789 5685 3024 5753 fundata,
3058 5693 3169 5741 uta
3210 5684 3359 5742 nullo
3391 5699 3625 5756 unquam
3662 5701 3795 5745 mo-

2184 5785 2295 5841 veri
2324 5793 2415 5836 aut
2439 5780 2651 5837 concuti
2674 5778 2879 5848 possit?

2255 5878 2271 5907 ι
2309 5874 2435 5938 Apud
2461 5880 2531 5922 Er.
2551 5870 2697 5933 Lugd.
2722 5878 2841 5922 ven.
2865 5876 2998 5933 Lov.,
3021 5876 3173 5935 postia
3194 5876 3319 5922 siml.
3384 5878 3441 5919 tt.
