4094 6454
294 380 399 438 533

362 493 492 550 Fu.
521 491 699 550 dixit:
727 491 888 549 Motio
911 497 966 548 et
984 491 1265 549 concussio
1292 487 1454 548 liabet
1481 489 1807 548 distantiam.

360 588 497 644 Aue.
525 587 692 642 dixit:
721 585 960 642 Habeat:
991 584 1088 641 sed
1117 593 1293 641 tamen
1321 585 1443 640 talia
1482 584 1736 653 fuerunt,
1765 591 1824 644 ut
1850 597 1880 638 a

294 680 437 738 nullo
464 695 702 751 unquam
721 679 924 735 moveri
945 685 1038 732 aut
1053 677 1267 733 concuti
1295 677 1551 748 possent?

360 772 491 828 Fu.
559 771 733 828 dixit:
766 770 862 826 Est
903 769 1154 826 distantia
1213 769 1354 825 inter
1402 767 1607 826 moveri
1648 775 1704 825 et
1753 781 1882 824 con-

291 867 414 923 cuti.

359 960 497 1014 Ave.
521 956 655 1013 dixit
682 973 696 1010 :
723 956 839 1011 Non
862 954 987 1011 inde
1017 963 1068 1011 te
1095 954 1384 1030 interrogo.

359 1049 488 1104 Fu.
514 1049 680 1105 dixit:
703 1048 808 1105 Sed
835 1047 957 1102 inde
982 1062 1070 1103 me
1090 1046 1174 1102 vis
1203 1055 1404 1102 tenere.

359 1145 495 1198 Auc.
531 1141 701 1197 dixit:
729 1139 1008 1210 Quomodo
1034 1139 1136 1208 vis,
1164 1138 1347 1210 accipe
1374 1135 1610 1193 Moveri:
1638 1145 1748 1192 non
1784 1141 1881 1205 pn-

295 1245 420 1291 terat
442 1233 688 1288 moveri?

357 1325 489 1381 Fu.
523 1325 656 1380 dixit
684 1342 698 1380 :
724 1323 840 1380 Non
864 1323 984 1379 dico
1009 1323 1132 1395 quia
1153 1337 1260 1379 non
1288 1328 1496 1394 poterat
1534 1319 1756 1388 moveri,
1785 1317 1880 1374 sed

293 1418 455 1479 motio
483 1417 738 1474 distantia
765 1425 874 1472 est.

359 1513 498 1567 Aes.
528 1510 662 1566 dixit
688 1526 704 1564 :
731 1508 837 1564 Sed
860 1509 932 1564 ita
959 1507 1092 1575 dixi,
1119 1506 1228 1563 lico
1255 1506 1494 1574 moveri,
1520 1519 1620 1560 nec
1644 1502 1877 1562 concuti.

292 1602 402 1658 Non
421 1601 555 1665 dixi,
585 1600 785 1656 Ioveri
814 1598 1032 1670 quidem
1053 1607 1249 1669 potest,
1278 1597 1370 1654 sed
1391 1595 1604 1652 concuti
1645 1610 1751 1650 non
1781 1609 1880 1664 po-

294 1702 422 1755 test;
451 1702 547 1748 aut
564 1732 580 1757 ,
604 1689 828 1748 Cenasti
851 1689 1065 1760 quidem
1095 1696 1290 1760 potest,
1313 1688 1521 1746 moveri
1543 1703 1650 1743 non
1671 1693 1876 1756 potest:

293 1787 380 1843 sed
400 1787 590 1846 ambas
615 1800 703 1844 res
725 1784 835 1842 dixi
853 1823 871 1850 ,
898 1798 1006 1840 non
1034 1797 1189 1854 posse
1227 1796 1328 1838 nec
1356 1780 1559 1836 moveri
1579 1820 1594 1848 ,
1616 1794 1717 1835 nec
1751 1792 1883 1834 oon-

293 1881 413 1936 cuti.

359 1972 489 2028 Fu.
513 1971 678 2028 dixit:
704 1970 780 2025 De
825 1966 1084 2027 ambabus
1127 1965 1290 2022 rebus
1323 1962 1574 2020 distantia
1615 1969 1699 2019 est
1741 1960 1883 2022 inter

291 2063 490 2121 moveri
521 2072 578 2120 et
601 2061 832 2120 concuti.

354 2155 584 2212 CAPUT
603 2154 820 2210 XlX.——
831 2153 964 2208 Anc.
984 2151 1143 2206 dixit:
1159 2149 1422 2221 Legamus
1435 2161 1563 2219 ergo
1579 2145 1876 2217 sequentia,

289 2248 633 2308 videamussi
656 2245 910 2302 Deusiste
935 2244 1028 2315 qui
1045 2243 1262 2299 fundata
1277 2240 1691 2310 habebatregna
1718 2252 1883 2308 super

292 2341 517 2397 lucidam
547 2348 604 2396 et
618 2339 826 2395 beatam
842 2346 1062 2403 terram,
1083 2350 1203 2406 qua:
1221 2349 1251 2388 a
1266 2332 1412 2394 nullo
1425 2345 1658 2402 unquam
1676 2327 1883 2386 moveri

293 2445 342 2490 et
355 2434 571 2490 concuti
597 2441 839 2504 possunt,
857 2430 1130 2486 nemiuem
1153 2427 1347 2494 timuit,
1365 2427 1503 2482 sicut
1526 2422 1810 2495 oportebat
1823 2430 1884 2478 ut

294 2530 562 2585 neminem
587 2528 830 2591 timeret,
857 2525 1014 2595 cuius
1038 2537 1202 2594 regna
1219 2521 1298 2577 sic
1311 2520 1525 2576 iundata
1543 2525 1696 2576 erant
1713 2557 1730 2585 ,
1769 2523 1827 2572 ut
1851 2529 1884 2571 a

294 2623 435 2678 nullo
452 2631 547 2677 aut
572 2621 776 2675 moveri
795 2628 888 2674 aut
901 2616 1113 2673 concuti
1133 2622 1373 2686 possent.
1411 2613 1479 2668 Et
1497 2611 1624 2682 legit
1657 2623 1884 2678 sequenv

294 2717 359 2770 tia
383 2733 396 2769 :
417 2713 583 2769 luta
606 2721 762 2768 unam
787 2728 905 2768 uero
926 2721 1119 2782 partem
1153 2725 1215 2763 ao
1244 2709 1378 2762 latus
1405 2704 1616 2760 illustris
1656 2704 1796 2758 illius
1824 2718 1885 2756 ac

294 2817 664 2863 sauciatam.
687 2806 757 2861 Et
784 2820 904 2861 cum
928 2805 1131 2875 legeret
1151 2799 1520 2873 interrogavit:
1537 2795 1689 2864 Quod
1715 2795 1882 2852 latus?

298 2899 564 2966 dextrum,
580 2912 649 2952 an
676 2895 991 2952 sinistrum?

363 2990 494 3046 Fu.
519 2991 688 3045 dixit:
722 2988 870 3044 Hane
893 2986 987 3041 tibi
1014 2999 1116 3058 ego
1139 2998 1248 3041 non
1285 2995 1508 3054 possum
1544 2977 1886 3050 interpretari

295 3085 608 3154 scripturam
629 3123 644 3147 ,
673 3091 731 3138 et
767 3094 1036 3151 exponere
1058 3079 1200 3150 quod
1225 3077 1298 3134 ibi
1340 3091 1448 3131 non
1477 3082 1560 3131 est
1585 3091 1600 3130 :
1623 3073 1736 3144 ipsa
1779 3071 1886 3128 sibi

296 3177 558 3248 interpres
573 3184 689 3243 est;
717 3190 819 3246 ego
848 3189 954 3230 non
977 3187 1194 3245 possum
1221 3170 1422 3238 dicere,
1441 3183 1514 3226 ne
1536 3167 1675 3224 forte
1700 3165 1884 3222 incur-

297 3285 403 3325 ram
430 3270 484 3324 ln
509 3277 810 3338 peccante.

361 3363 495 3418 Aes.
524 3361 692 3416 dixit:
723 3359 954 3430 Legatur
999 3357 1102 3412 hoc
1143 3368 1271 3427 ergo
1315 3351 1461 3426 quod
1510 3351 1768 3423 sequitur.
1815 3349 1888 3406 Et

293 3469 408 3510 cum
436 3454 655 3524 legeret,
668 3461 725 3508 et
738 3459 955 3507 ventum
973 3457 1118 3505 esset
1131 3447 1196 3504 ad
1223 3447 1399 3502 locum
1415 3445 1505 3502 ubi
1521 3444 1703 3512 habet,
1729 3441 1886 3498 Lucis

293 3561 401 3600 vero
419 3543 724 3599 beatissima
751 3542 929 3608 Pater,
951 3541 1110 3597 sciens
1138 3539 1298 3597 labem
1321 3553 1559 3610 ntagnam
1592 3552 1653 3590 ac
1673 3535 1884 3591 vastita-

293 3648 386 3694 tem
410 3655 529 3711 qua
562 3654 628 3694 ea:
652 3637 866 3694 tenebris
905 3644 1148 3707 surgeret,
1175 3634 1416 3688 adversus
1455 3649 1549 3690 sua
1580 3639 1757 3687 sancta
1786 3631 1886 3685 im-

296 3735 514 3807 pendere
558 3731 766 3797 saecula,
793 3731 900 3786 nisi
939 3729 1076 3802 quod
1120 3728 1359 3784 euntium
1400 3743 1462 3780 ae
1502 3725 1799 3797 praclarum
1837 3730 1886 3778 et

291 3828 470 3881 virtute
500 3835 676 3895 potens
703 3840 886 3879 numen
909 3830 1133 3893 opponat
1155 3861 1171 3888 ,
1192 3837 1290 3890 quo
1315 3827 1512 3891 superet
1540 3818 1692 3875 simstl
1715 3833 1777 3871 ae
1801 3817 1884 3871 de-

293 3927 457 3975 struat
484 3920 697 3988 stirpem
725 3916 1041 3971 tenebrarum
1065 3956 1079 3982 ,
1099 3930 1204 3986 qua
1221 3914 1466 3968 exstincta
1489 3919 1730 3982 perpetua
1747 3909 1884 3980 quies

293 4011 418 4066 lucis
440 4008 626 4064 incolis
642 4016 933 4080 pararetur;
949 4005 1274 4077 Augustinus
1289 4004 1423 4058 dixit
1441 4020 1453 4055 :
1473 4001 1742 4072 Nuncjam
1758 4000 1884 4070 quia

293 4109 570 4172 ceperunt
594 4108 795 4171 aperta:
819 4097 1186 4168 blasphemia,
1211 4096 1260 4151 si
1302 4092 1664 4150 defendendas
1709 4100 1882 4162 putas,

291 4194 374 4250 dic
393 4193 523 4265 quid
540 4194 640 4249 ista
667 4205 798 4263 gens
826 4191 1164 4246 tenebrarum
1182 4228 1198 4254 ,
1223 4199 1380 4258 quem
1397 4184 1607 4240 videtur
1634 4183 1778 4239 Deus
1813 4182 1883 4237 ti-

292 4288 514 4349 muisse,
545 4299 615 4340 ne
639 4298 831 4354 magna
866 4281 1013 4338 labes
1042 4289 1099 4338 et
1122 4280 1341 4336 vastitas
1363 4293 1432 4334 ex
1459 4276 1694 4334 tenebris
1719 4275 1772 4330 in
1801 4287 1885 4332 re-

292 4393 390 4448 gna
413 4377 535 4448 ejus
563 4377 850 4442 irruerent,
879 4387 1076 4429 nocere
1111 4379 1320 4442 poterat
1344 4370 1487 4436 Deo;
1518 4368 1750 4424 maxime
1787 4381 1884 4422 ou-

291 4469 372 4540 jus
399 4483 569 4540 regna
596 4466 840 4536 superius
865 4464 1000 4520 dixit
1035 4465 1108 4519 ita
1159 4458 1398 4527 fundata,
1431 4469 1488 4515 ut
1541 4477 1571 4516 a
1597 4459 1743 4516 nullo
1777 4473 1885 4514 un-

293 4576 448 4631 quam
480 4560 692 4616 moveri
717 4565 806 4614 aut
829 4557 1042 4615 concuti
1070 4561 1308 4626 possent.
1345 4552 1485 4620 Quid
1504 4566 1632 4623 ergo
1678 4551 1754 4607 illi
1801 4551 1884 4606 i‘a-

293 4665 436 4708 ctura
472 4660 592 4708 crat
626 4667 756 4723 gens
781 4650 927 4707 ista?
952 4650 1167 4704 Poterat
1201 4647 1252 4703 ei
1280 4659 1512 4716 nocere,
1537 4658 1606 4702 an
1631 4659 1741 4702 non
1781 4657 1884 4715 po-

295 4747 464 4802 terat?
493 4745 786 4816 Responde
809 4758 973 4800 unum
1004 4757 1034 4798 e
1059 4740 1287 4798 duobus.

359 4838 493 4894 Fu.
519 4838 655 4893 dixit
682 4855 695 4892 :
723 4837 839 4909 Ego
861 4834 1202 4908 respondeo:
1232 4834 1290 4891 Si
1317 4831 1454 4890 nihil
1491 4841 1674 4890 contra
1716 4832 1884 4890 Deum

293 4938 370 4982 est
391 4971 404 4992 ,
440 4928 737 4984 secundum
765 4926 908 4998 quod
949 4926 1091 4983 dixit
1125 4926 1388 4996 scriptura
1427 4923 1731 4991 lianiebau,
1762 4924 1884 4994 quia

295 5029 372 5074 est
391 5021 624 5074 alterum
649 5034 907 5090 regnum;
938 5031 1038 5088 pro
1071 5032 1175 5088 qua
1200 5031 1364 5073 causa
1402 5015 1650 5073 Christus
1689 5016 1885 5073 missus

294 5119 393 5179 est,
425 5120 486 5166 ut
510 5125 612 5166 nos
640 5111 894 5167 liberaret
911 5109 980 5166 de
1001 5110 1195 5179 laqueo
1218 5109 1408 5166 mortis
1423 5109 1614 5181 hujus?
1626 5109 1778 5180 cuius
1799 5119 1885 5166 est

294 5199 389 5257 iste
433 5203 657 5274 laqueus
679 5212 736 5262 et
774 5202 958 5260 mersi
983 5200 1041 5259 Si
1072 5200 1410 5260 adversarius
1458 5201 1635 5258 uellus
1699 5210 1884 5258 contra

295 5291 462 5350 Deum
509 5304 629 5362 est,
671 5295 859 5368 utquid
894 5295 1147 5368 baptizati
1182 5293 1408 5351 sumus!
1431 5292 1631 5365 thuid
1674 5293 1885 5350 Eucha-

294 5384 437 5442 ristia
459 5427 478 5456 ,
517 5386 705 5460 utquid
743 5386 1117 5446 Christianitas
1136 5421 1155 5458 ,
1195 5386 1245 5444 si
1287 5394 1474 5450 00ml!
1529 5385 1701 5444 Deum
1747 5385 1885 5444 nihil

294 5485 373 5531 est
394 5478 420 5533 τ

360 5570 500 5628 Anc.
533 5570 710 5628 dixit:
739 5570 874 5640 Quia
905 5571 1065 5630 video
1091 5580 1144 5630 te
1191 5571 1337 5630 nolle
1362 5573 1688 5644 respondere
1733 5573 1800 5631 ad
1827 5575 1882 5632 id

293 5661 432 5732 quod
459 5673 514 5720 te
532 5665 825 5738 interrogo,
845 5674 906 5723 et
945 5674 1000 5722 te
1025 5666 1375 5738 interrogare
1418 5674 1478 5723 ut
1523 5668 1621 5724 tibi
1653 5683 1880 5741 respon-

293 5751 481 5824 deam;
518 5767 576 5814 et
613 5757 718 5815 hoc
767 5773 875 5815 non
922 5773 1154 5815 recuso:
1185 5758 1312 5814 dum
1360 5767 1538 5816 tamen
1576 5762 1883 5818 memineris

291 5847 417 5921 quia
444 5849 544 5912 tibi
589 5851 940 5925 ilteﬂoganti
967 5867 1068 5924 ego
1109 5850 1516 5924 respoudeo,tu
1549 5861 1724 5910 autem
1753 5855 1880 5910 milii

1667 375 1872 436 LIBER
1910 375 2183 437 PRIMUS.

3464 386 3570 443 534

1993 493 2339 566 interroganti
2384 494 2708 566 respondere
2733 495 2970 554 noluisti.
2995 497 3101 555 Sed
3133 500 3255 570 quia
3279 513 3366 556 me
3405 499 3571 558 inter-

1990 587 2208 655 rogasti,
2241 586 2364 642 audi
2389 588 2529 658 quod
2558 589 2916 661 interrogasti.
2967 591 3074 648 Nos
3107 591 3321 665 quidem
3349 594 3573 651 dicimus

1989 675 2331 734 liberatorem
2372 678 2643 738 Christum
2672 683 2916 752 venisse,
2945 693 3000 740 ‘et
3036 700 3067 740 a
3108 687 3339 756 peccatis
3377 687 3574 742 nostris

1990 764 2217 823 dicimus
2241 783 2340 823 nos
2366 769 2613 837 liberari,
2642 774 2762 843 quia
2783 787 2881 828 nos
2904 789 3012 830 non
3035 789 3218 832 sumus
3232 776 3300 832 de
3323 776 3572 832 substan-

1987 858 2063 913 tia
2087 858 2510 930 Deigeniti,sed
2536 864 2768 935 perejus
2799 865 3030 922 Verbum
3054 867 3178 922 facti
3205 883 3235 922 a
3274 869 3404 924 Deo.
3441 869 3576 923 Mui-

1990 959 2100 1013 tum
2120 959 2295 1016 autem
2323 954 2550 1014 inienst
2569 955 2707 1014 inter
2729 964 2908 1013 natum
2950 960 3018 1015 de
3043 960 3335 1016 substantia
3368 960 3495 1026 Dei,
3524 969 3577 1015 et

1988 1043 2184 1102 factum
2211 1063 2240 1102 a
2267 1049 2379 1103 Deo
2417 1049 2556 1118 quod
2599 1057 2705 1105 non
2731 1060 2813 1108 est
2837 1051 2905 1108 de
2942 1052 3234 1109 substantia
3261 1054 3374 1109 Dei.
3407 1053 3576 1122 Quid-

1993 1137 2122 1207 quid
2148 1143 2278 1209 ergo
2305 1137 2431 1196 fecit
2455 1139 2618 1207 Deus,
2639 1149 2810 1210 potest
2853 1157 2972 1197 esse
3012 1143 3297 1209 mutabile;
3324 1143 3438 1213 ipse
3478 1159 3574 1197 au-

1991 1239 2098 1285 tem
2131 1231 2266 1286 Deus
2293 1246 2398 1286 non
2421 1239 2502 1286 est
2523 1231 2790 1288 mutabilis
2819 1249 2832 1286 :
2860 1234 2981 1304 quia
3003 1250 3107 1290 non
3129 1245 3348 1305 possunt
3377 1236 3575 1306 aequari

1988 1335 2150 1390 opera
2179 1322 2367 1376 artifici
2397 1331 2451 1378 et
2487 1322 2769 1378 conditori.
2800 1324 2878 1379 Tu
2919 1334 3098 1380 autem
3129 1327 3218 1397 qui
3255 1327 3412 1397 paulo
3453 1338 3577 1382 ante

1987 1413 2055 1468 ad
2099 1413 2570 1485 interrogationem
2597 1430 2772 1472 meam
2820 1417 3036 1482 dixisti,
3065 1420 3188 1488 quia
3219 1428 3263 1473 et
3304 1417 3462 1473 Pater
3490 1419 3578 1489 qui

1985 1505 2240 1576 generavit
2266 1507 2335 1560 ibi
2360 1507 2488 1561 lueis
2513 1507 2665 1576 ﬁlios,
2694 1517 2741 1562 et
2769 1523 2872 1575 ser,
2903 1517 2951 1562 et
2972 1509 3088 1580 ipso
3104 1519 3256 1575 terra,
3279 1518 3326 1564 et
3351 1511 3450 1579 ipsi
3480 1509 3578 1578 ﬁlii
3667 1533 3670 1536 ’

1985 1609 2089 1654 una
2109 1595 2388 1652 substantia
2415 1606 2559 1663 sunt,
2589 1607 2635 1652 et
2660 1599 2878 1667 (aquatio
2903 1608 3022 1654 sunt
3043 1600 3254 1666 onustis;
3283 1609 3493 1670 oportet
3519 1608 3579 1654 ut

1989 1689 2139 1746 dicas
2168 1691 2322 1756 mihi,
2343 1689 2468 1752 huic
2491 1689 2803 1748 substantia:
2826 1693 3010 1764 utique
3037 1693 3417 1762 ineorruptibili
3445 1708 3573 1763 queo

1988 1783 2154 1839 modo
2177 1791 2383 1853 poterat
2426 1798 2621 1840 nocere
2657 1799 2790 1856 gens
2818 1785 3174 1840 tenebrarum.
3205 1785 3262 1840 Si
3296 1785 3438 1840 enim
3478 1798 3576 1854 po.

1986 1883 2125 1931 terat
2173 1891 2370 1934 nocere
2414 1877 2464 1933 ei
2485 1918 2500 1944 ,
2552 1892 2657 1933 non
2715 1886 2832 1934 erat
2884 1886 3071 1935 natura
3116 1877 3574 1948 inoonuptibiiist

1985 1966 2032 2022 si
2057 1975 2235 2022 autem
2268 1984 2372 2024 non
2418 1977 2662 2038 poterat,
2703 1969 2849 2024 nulla
2881 1983 3042 2024 causa
3085 1977 3202 2024 erat
3235 1983 3401 2040 quare
3446 1983 3580 2038 pra:-

1987 2057 2115 2120 lium
2141 2060 2368 2131 agitaret
2395 2101 2409 2126 ,
2441 2071 2495 2122 et
2542 2061 2676 2117 illud
2714 2077 2909 2118 numen
2935 2063 3077 2134 quod
3118 2062 3251 2122 dicit
3275 2104 3290 2130 ,
3323 2063 3426 2118 huc
3459 2063 3582 2117 mit-

1987 2157 2142 2207 teret.

2059 2241 2192 2302 Fu.
2232 2241 2410 2299 dixit:
2441 2243 2760 2302 Dilationem
2813 2254 2973 2316 peto,
3019 2253 3079 2300 ut
3121 2245 3319 2317 possim
3357 2259 3579 2318 respon-

1986 2333 2138 2390 dere.

2061 2428 2195 2486 Auc.
2225 2427 2360 2482 dixit
2388 2427 2698 2498 :Qusndoi
2725 2427 2859 2486 Cras
2877 2428 3212 2486 intermissus
3237 2428 3477 2486 sufﬁcit?

2059 2520 2290 2578 CAPUT
2327 2519 2446 2576 XX.
2485 2551 2550 2562 —
2579 2521 2710 2578 Fu.
2741 2522 2876 2578 dixit
2905 2535 2919 2576 t
2947 2521 3242 2580 intermiite
3293 2522 3423 2578 mihi
3474 2531 3579 2579 tres

1988 2613 2124 2683 dies,
2152 2613 2204 2669 id
2231 2624 2335 2682 est,
2366 2613 2546 2679 hodie,
2572 2622 2629 2672 et
2652 2629 2772 2671 cras
2789 2658 2802 2682 ,
2823 2624 2875 2671 et
2901 2617 3175 2686 perendie,
3199 2625 3288 2672 aut
3312 2631 3483 2687 usque
3509 2616 3577 2671 ad

1989 2706 2130 2762 diam
2158 2705 2250 2776 qui
2275 2713 2358 2762 est
2377 2714 2495 2776 post
2510 2705 2868 2776 dominicum,
2895 2707 2948 2762 id
2981 2716 3098 2776 est,
3132 2707 3304 2780 pridie
3329 2707 3448 2764 idus
3486 2707 3583 2763 de-

1989 2798 2242 2854 cembris.

2062 2890 2200 2947 Atio.
2240 2887 2432 2948 ‘dixit:
2467 2886 2636 2946 Video
2689 2896 2744 2946 te
2791 2889 3100 2946 dilationem
3147 2889 3215 2946 ad
3253 2889 3584 2961 responden-

1989 2982 2117 3042 dum
2152 2982 2406 3055 petiisse;
2433 2982 2726 3038 humanum
2769 2991 2853 3038 est
2890 2991 2948 3038 ut
2978 2982 3304 3039 concedatur
3338 2983 3464 3038 tibi:
3487 2981 3582 3038 sed

1990 3079 2037 3136 si
2057 3076 2387 3150 respondere
2417 3089 2525 3134 non
2550 3077 2789 3150 potueris
2805 3077 2871 3134 ad
2902 3079 3258 3149 praestitutum
3279 3077 3442 3146 diem,
3457 3075 3583 3147 quid

1991 3169 2085 3228 ﬂet
2105 3171 2130 3223 ?

2067 3262 2198 3318 Fu.
2229 3261 2366 3317 dixit
2395 3277 2408 3315 ε
2438 3260 2549 3317 Ero
2575 3260 2769 3317 victus.

2063 3354 2198 3409 Ana.
2221 3351 2357 3408 dixit
2387 3369 2402 3408 :
2431 3351 2588 3422 Quid,
2623 3354 2668 3408 si
2697 3351 2940 3424 fugeris?

2063 3446 2193 3502 Fu.
2221 3445 2395 3503 dixit:
2425 3445 2569 3502 Reus
2615 3460 2711 3503 ero
2759 3444 2989 3502 civitatis
3030 3444 3205 3517 huius,
3265 3451 3320 3502 et
3363 3443 3581 3516 ubique,

1991 3547 2046 3596 et
2071 3538 2206 3610 legis
2235 3552 2388 3594 meae.
3623 3529 3631 3536 ’

2063 3634 2200 3689 Anc.
2229 3632 2362 3688 dixit
2389 3649 2404 3688 :
2430 3630 2542 3687 Imo
2582 3631 2687 3687 hoc
2726 3630 2814 3687 dic
2839 3647 2853 3684 :
2877 3631 2940 3687 Si
2975 3632 3165 3702 iugero
3189 3672 3204 3699 ,
3254 3631 3332 3686 sic
3381 3628 3582 3688 habear

1991 3733 2242 3796 tanquam
2273 3725 2318 3780 si
2345 3722 2760 3780 ana‘hemavero
2787 3723 3156 3780 Manicheum.

2063 3817 2194 3874 Fu.
2216 3817 2387 3873 dixit:
2415 3813 2528 3872 Hoc
2553 3815 2732 3874 dicere
2759 3831 2864 3873 non
2894 3831 3132 3887 possum.

2064 3911 2199 3968 Auo.
2231 3909 2372 3966 dixit
2400 3927 2415 3965 :
2437 3910 2578 3984 Ergo
2607 3911 2792 3981 aperte
2835 3910 2990 3967 nobis
3016 3909 3103 3966 dic
3127 3910 3250 3982 quia
3275 3908 3457 3982 fugere
3483 3921 3580 3966 co-

1989 4002 2148 4074 gitas,
2170 4010 2224 4057 et
2243 4009 2404 4057 nemo
2432 4008 2484 4056 te
2501 4007 2665 4056 tenet.

2061 4092 2193 4148 Fu.
2211 4091 2346 4148 dixit
2377 4089 2535 4148 :Non
2555 4089 2720 4163 fugio.

2061 4187 2200 4243 A'uo.
2230 4185 2362 4241 dixit
2395 4199 2408 4240 :
2440 4183 2512 4242 Ut
2550 4183 2745 4253 video,
2776 4197 2886 4240 non
2936 4185 3018 4240 vis
3063 4183 3213 4255 quasi
3243 4185 3413 4241 victus
3456 4183 3582 4241 abs-

1991 4279 2186 4337 cedere
2216 4296 2230 4333 :
2260 4276 2355 4335 sed
2381 4277 2572 4334 saltem
2602 4277 2706 4334 hoc
2727 4277 2812 4333 dic
2840 4318 2856 4346 ,
2885 4275 2942 4333 Si
2971 4273 3155 4348 iugero
3173 4317 3189 4344 ,
3222 4275 3397 4334 victus
3437 4291 3580 4333 sum.

2059 4372 2192 4428 Fu.
2218 4370 2354 4427 dixit
2382 4385 2395 4424 :
2427 4369 2566 4426 Dixi.
2598 4377 2600 4379 ’

2061 4471 2198 4530 Auo.
2225 4468 2396 4525 dixit:
2425 4467 2496 4523 Et
2523 4465 2664 4523 unde
2712 4464 2990 4538 apparebit
3032 4473 3086 4522 te
3128 4463 3327 4538 fugisse
3366 4472 3584 4536 propter

1988 4560 2185 4622 Gesta?

2060 4649 2194 4709 Fu.
2226 4649 2360 4706 dixit
2383 4650 2545 4708 :Jube
2569 4657 2627 4705 ut
2650 4665 2806 4722 quem
2838 4649 3072 4722 elegero,
3101 4663 3222 4707 cum
3243 4649 3360 4722 ipso
3385 4650 3506 4706 sim.

2061 4745 2199 4803 Auo.
2224 4745 2393 4800 dixit:
2423 4743 2576 4815 Elige
2604 4743 2698 4798 tibi
2729 4743 2960 4815 aliquem
2989 4743 3056 4806 de
3084 4743 3436 4818 prmsentibus
3463 4742 3579 4798 istis

1989 4837 2262 4904 fratribus,
2293 4835 2382 4908 qui
2403 4835 2470 4891 ad
2497 4835 2792 4890 cancelium
2817 4833 2979 4890 stant.

2057 4925 2192 4984 Fu.
2220 4927 2351 4983 dixit
2385 4945 2400 4982 :
2426 4926 2538 4984 Sim
2569 4936 2691 4982 cum
2717 4925 2812 4981 illo
2835 4927 2924 4998 qui
2949 4934 3033 4983 est
3059 4927 3114 4982 in
3142 4925 3340 4981 medio.

2061 5020 2196 5075 Anc.
2227 5019 2393 5075 dixit:
2420 5017 2569 5076 Sicut
2593 5018 2688 5076 tibi
2713 5018 2952 5090 elegisti,
2981 5034 3150 5094 usque
3193 5018 3260 5074 ad
3289 5017 3430 5078 diem
3454 5031 3574 5074 cum

1988 5109 2081 5168 illo
2099 5111 2229 5166 eris.

2045 5203 2191 5286 “Fu.
2221 5203 2390 5260 dixit:
2423 5203 2595 5262 Etiam
2614 5246 2630 5276 ,
2661 5211 2718 5260 et
2741 5217 2841 5278 ego
2869 5203 2971 5260 hoc
2995 5200 3294 5262 consentio.

2059 5295 2380 5354 Bomracws
2419 5295 2592 5352 dixit‘
2622 5312 2637 5350 :
2667 5294 2952 5354 Praestabit
2976 5293 3242 5362 Christus,
3262 5301 3321 5351 ut
3362 5294 3408 5358 si
3453 5309 3574 5353 cum

1987 5389 2082 5450 illo
2107 5392 2316 5450 veniam
2333 5432 2349 5464 ,
2377 5389 2697 5448 christianus
2717 5396 2820 5447 est.

2051 5629 2074 5663 ί
2089 5633 2167 5698 ,ιιι
2187 5625 2335 5698 ιιιβα·
2358 5634 2479 5698 ῖεθςι·
2511 5631 2623 5698 μη·
2646 5625 2754 5698 hae?
2775 5629 2830 5697 es
2846 5624 3205 5698 ,ξυνετίοηειε
3224 5623 3400 5698 les-ut.
3420 5636 3435 5673 =
3459 5629 3573 5698 λοοτ

2151 5703 2169 5742 :
2202 5684 2334 5756 elige
2357 5688 2443 5740 tibi
2480 5688 2692 5756 aliquem
2713 5689 2775 5756 de
2796 5685 2904 5756 istis
2913 5684 3226 5756 irruentibus
3239 5684 3469 5756 frhtrilms
3494 5697 3579 5756 qus

1989 5755 2056 5806 ad
2071 5746 2336 5804 cancellzi'm
2354 5756 2496 5801 stant.
2511 5746 2759 5812 Fur.ng
2789 5762 2804 5800 :
2830 5746 2986 5812 etiam
3008 5754 3054 5800 et
3068 5761 3162 5812 ego
3183 5746 3422 5812 consentio
3449 5759 3466 5812 .j
3491 5746 3576 5797 sed

1989 5829 2102 5870 cum
2121 5811 2305 5884 illoqui
2327 5820 2395 5863 est
2427 5810 2670 5884 mmedio.
2697 5820 2812 5884 suo.
2839 5810 2966 5862 dixit
2993 5807 3157 5884 :
3283 5807 3482 5884 elegis“,
3504 5821 3579 5860 us-

1990 5891 2082 5944 que
2102 5877 2168 5927 ad
2193 5871 2322 5927 die":
2335 5887 2446 5926 cum
2465 5872 2549 5927 illo
2570 5872 2686 5928 eris.
2706 5881 2990 5928 Boamcms
3009 5871 3158 5937 dixit,
3177 5879 3273 5924 etc.
3333 5871 3392 5921 Ii.
