4028 6444
537 427 643 483 535

604 543 930 612 Augustinus
968 544 1246 614 episcopus
1287 545 1540 600 Ecclesize
1578 544 1851 600 catholica:
1912 545 2111 615 llippo-

530 636 888 704 neregiensis,
912 636 996 691 his
1025 637 1077 692 in
1104 637 1326 693 ecclesia
1356 652 1535 693 coram
1562 637 1761 707 populo
1781 636 1957 692 Gestis
1980 638 2110 691 sub-

530 731 743 801 scripsi.

1285 432 1375 486 DE
1414 429 1609 487 ACTIS
1648 430 1787 487 CUM
1827 430 2069 489 FELICE

2187 436 2500 504 tNlCHA‘ZO,
2541 438 2598 495 S.
2641 441 3002 500 AUGUSTINI
3674 460 3769 521 536

2294 550 2441 605 Felix
2489 551 2836 621 Christianus,
2881 557 3054 611 cultor
3095 557 3226 629 legis
3273 561 3578 635 Manichaei,
3606 567 3683 626 his
3727 573 3769 627 in

2221 645 2444 701 ecclesia
2474 660 2654 702 coram
2696 649 2889 717 populo
2913 648 3088 705 Gestis
3113 652 3420 725 subscripsi.

2650 860 3758 892 .__.___________________

1476 934 1947 1047 LIBER
2052 932 2877 1043 SECUNDUS.

1728 1117 1937 1180 ACTA
1979 1113 2359 1177 SECUNDJE
2400 1116 2588 1177 DIEI.

2032 1266 2295 1319 ιθζοῦῦὶϐθ

562 1386 815 1461 ‘CAPUT
840 1388 1120 1444 PRIMUM.
1153 1416 1224 1431 -
1249 1391 1384 1447 Cum
1410 1399 1627 1448 ventum
1670 1399 1816 1448 esset
1859 1387 1926 1444 ad
1963 1387 2102 1442 diem

517 1482 891 1549 prazstitutum,
924 1482 973 1536 id
1000 1492 1100 1550 est,
1125 1482 1190 1538 ad
1218 1485 1387 1554 pridie
1407 1484 1586 1540 iduum
1610 1484 1991 1550 decembrium,
2015 1496 2104 1537 res

516 1570 593 1623 sic
617 1571 701 1640 agi
728 1572 889 1639 coepit
917 1572 969 1625 in
995 1573 1218 1629 ecclesia
1246 1575 1418 1629 Pacis.
1459 1576 1793 1631 Aucus'rnvus
1822 1575 2103 1644 episcopus

515 1659 768 1716 Ecclesiae
779 1662 1054 1718 catholicae
1066 1664 1631 1736 Hipponeregiensium
1648 1667 1922 1736 regionum
1934 1664 2068 1719 dixit
2086 1682 2099 1717 :

515 1752 727 1809 Pridem
753 1770 874 1809 cum
896 1770 1199 1813 sermonem
1226 1757 1563 1823 haberemus,
1594 1759 1901 1814 dilationem
1932 1767 1983 1812 te
2005 1773 2099 1827 pe-

517 1847 664 1901 tiisse
706 1851 1033 1917 meministi,
1066 1866 1184 1905 cum
1222 1852 1288 1905 ad
1315 1866 1377 1907 ea
1400 1867 1517 1923 quae
1557 1853 2004 1923 interrogaveram
2046 1851 2098 1905 in

515 1942 769 2007 praesenti
810 1943 1138 2012 respondere
1185 1956 1290 1998 non
1338 1959 1541 2014 posses.
1571 1944 1626 2000 Si
1671 1960 1799 2015 ergo
1846 1953 1951 1998 tam
1992 1943 2100 1998 lato

515 2032 770 2100 temporis
808 2034 978 2103 spatio
1001 2077 1014 2099 ,
1056 2046 1176 2104 post
1216 2036 1355 2090 diem
1385 2035 1587 2092 scilicet
1611 2038 1850 2108 quintum
1900 2034 2098 2106 aliquid

512 2122 842 2191 excogitasti,
864 2125 1145 2194 responde.
1164 2126 1275 2180 Hoc
1295 2127 1437 2181 enim
1463 2137 1586 2182 tunc
1612 2128 2093 2198 interrogaveram:

512 2212 568 2266 Si
609 2214 719 2268 Deo
766 2230 959 2272 nocere
1000 2218 1131 2271 nihil
1181 2227 1426 2287 poterat,
1480 2236 1644 2289 quare
1689 2220 1885 2275 bellum
1934 2220 2099 2289 gessit

511 2318 631 2358 cum
689 2316 843 2376 gente
883 2323 1040 2377 quam
1075 2308 1249 2364 dicitis
1306 2311 1645 2366 tenebrarum
1671 2354 1685 2378 ,
1727 2313 1776 2366 in
1820 2327 1924 2381 quo
1957 2312 2097 2367 bello

514 2404 717 2449 naturae
742 2396 1043 2453 dtemonum
1073 2400 1323 2455 misceret
1366 2401 1713 2457 substantiam
1757 2417 1908 2457 suam
1933 2445 1946 2467 ,
1976 2418 2095 2472 qua:

511 2485 611 2540 hoc
635 2496 716 2542 est
741 2489 883 2558 quod
908 2491 1022 2559 ipse
1042 2533 1056 2555 ,
1089 2492 1227 2547 sicut
1251 2492 1360 2562 jam
1389 2493 1743 2563 interrogatus
1770 2494 1993 2550 dixisti?
2034 2492 2092 2551 Si

508 2584 685 2631 autem
716 2593 909 2635 nocere
937 2581 986 2635 ei
1014 2590 1258 2650 poterat,
1292 2598 1398 2638 non
1440 2584 1895 2655 incorruptibilem
1922 2585 2090 2641 Deum

506 2668 713 2733 colitis,
764 2671 975 2741 qualem
1016 2674 1212 2728 veritas
1259 2682 1323 2728 et
1389 2675 1679 2744 apostolica
1729 2676 1968 2732 doctrina
2013 2685 2094 2733 te-

507 2768 696 2813 statur.

575 2851 743 2907 Feux
762 2853 931 2909 dixit:
962 2855 1045 2910 Ex
1072 2871 1177 2926 quo
1196 2873 1227 2912 a
1255 2858 1545 2914 Sanctitate
1568 2868 1654 2914 tua
1682 2860 1913 2927 recessi,
1945 2869 2004 2915 ut
2022 2860 2091 2917 ad

503 2942 642 2997 diem
675 2947 1018 3002 constitutum
1068 2964 1316 3005 reversus
1358 2966 1562 3017 essem,
1607 2962 1664 3007 ut
1708 2954 2089 3023 responderem

504 3043 608 3089 tua:
650 3037 1086 3107 interrogationi,
1130 3057 1479 3112 quaecumque
1518 3043 1684 3099 velles
1718 3045 2085 3117 interrogare,

501 3136 719 3182 ventum
747 3139 829 3184 est
857 3130 921 3184 ad
952 3130 1091 3186 diem
1122 3151 1134 3185 :
1166 3134 1360 3203 etquia
1384 3134 1581 3189 nullam
1607 3136 1924 3206 scripturam
1946 3138 2087 3194 inter

502 3233 692 3275 manus
714 3220 908 3289 habui,
939 3223 1062 3291 quia
1092 3239 1196 3278 non
1235 3225 1365 3279 mihi
1403 3233 1528 3280 sunt
1565 3225 1786 3282 redditae
1814 3226 1955 3282 unde
1998 3243 2086 3284 me

500 3310 763 3366 instruxere
790 3327 1035 3382 possem;
1063 3315 1242 3371 nullus
1271 3316 1412 3371 enim
1439 3316 1505 3371 ad
1530 3327 1801 3373 certamen
1822 3319 1949 3383 exit,
1981 3320 2083 3374 nisi

500 3404 650 3473 prius
678 3405 952 3460 munitus‘
984 3406 1174 3474 fuerit,
1204 3418 1257 3463 et
1286 3408 1462 3463 nullus
1494 3409 1728 3479 litigator
1766 3418 1941 3479 potest
1962 3411 2079 3466 sine

458 3508 461 3509 '
501 3495 612 3548 suis
642 3494 840 3549 chartis
864 3497 1105 3566 litigare;
1133 3498 1380 3553 similiter
1404 3507 1459 3554 et
1479 3514 1579 3569 ego
1615 3500 1730 3554 sine
1768 3514 1885 3554 mea
1946 3501 2081 3555 scri-

501 3597 653 3655 ptura
680 3589 1006 3659 respondere
1032 3605 1137 3645 non
1171 3605 1406 3660 possum.

566 3680 699 3734 Auo.
727 3681 894 3735 dixit:
934 3680 1093 3736 lstam
1152 3683 1643 3752 tergiversationem
1690 3690 1835 3737 tanto
1872 3682 2079 3739 dierum

495 3772 665 3838 spatio
691 3773 1036 3843 excogitasti,
1065 3789 1184 3844 qua:
1241 3783 1293 3829 te
1323 3774 1373 3828 in
1404 3788 1561 3828 causa
1588 3773 1791 3843 perdita
1819 3782 1872 3828 et
1897 3789 2080 3831 errore

493 3862 753 3932 sacrilego
776 3863 902 3933 quid
928 3866 1253 3935 respondeas
1281 3880 1386 3920 non
1416 3865 1697 3921 habentem
1721 3866 1974 3935 adjuvare
1998 3867 2081 3921 ni-

494 3951 569 4005 hil
610 3954 819 4021 poterit.
851 3954 1045 4009 Notum
1088 3966 1171 4011 est
1213 3958 1355 4011 enim
1402 3957 1649 4012 omnibus
1686 3958 1775 4027 qui
1818 3957 2072 4023 aderant,

492 4058 626 4111 quos
653 4045 811 4099 etiam
839 4060 980 4100 nunc
999 4046 1186 4102 adesse
1213 4047 1386 4114 video,
1408 4055 1459 4102 te
1485 4049 1693 4103 dierum
1722 4058 1923 4103 tantum
1946 4048 2076 4103 dila-

493 4128 690 4182 tionem
718 4128 958 4197 petiisse:
983 4130 1229 4185 debuisse
1248 4140 1426 4185 autem
1456 4141 1638 4199 petere
1658 4132 1818 4186 etiam
1839 4132 2073 4199 codices,

491 4218 701 4287 quando
738 4220 1046 4274 dilationem
1073 4221 1310 4289 petiisti,
1351 4221 1397 4275 si
1436 4221 1519 4275 his
1546 4231 1598 4276 te
1631 4224 1850 4291 putabas
1880 4224 2073 4279 instrui

490 4326 649 4380 posse
688 4313 753 4367 ad
785 4313 1249 4382 respondendum;
1289 4313 1428 4383 quod
1474 4329 1578 4368 non
1620 4313 1814 4370 fecisti.
1840 4314 1979 4370 Novi
2020 4325 2075 4372 te
2116 4366 2129 4377 κ

489 4404 706 4472 petiisse
735 4404 977 4472 codices,
1010 4420 1113 4460 non
1144 4405 1359 4475 quidem
1388 4405 1453 4459 ad
1482 4405 1882 4461 instructionem
1904 4406 2072 4477 inspi-

489 4496 708 4551 ciendos
726 4538 742 4563 ,
765 4512 948 4553 verum
978 4498 1079 4552 hoc
1119 4498 1273 4567 longe
1298 4508 1581 4569 antequam
1609 4509 1820 4569 peteres
1858 4499 2070 4554 dilatio-

489 4602 643 4641 nem:
676 4603 797 4643 cum
823 4603 954 4646 vero
972 4589 1279 4645 dilationem
1312 4581 1527 4660 petiisti,
1558 4590 1799 4647 codicum
1828 4591 1923 4647 tibi
1945 4591 2071 4647 red-

486 4679 781 4735 dendorum
808 4689 863 4736 et
886 4681 1360 4750 inspiciendorum,
1393 4691 1451 4737 ut
1477 4697 1596 4738 esse
1623 4697 1809 4752 posses
1856 4684 2061 4738 instru-

486 4776 641 4839 ctior,
662 4775 856 4829 nullam
888 4775 1055 4830 fecisti
1085 4776 1430 4831 mentionem.

558 4867 685 4922 FEL.
711 4868 843 4923 dixit
869 4886 882 4922 :
918 4868 1073 4924 Modo
1104 4879 1226 4938 peto
1250 4869 1485 4935 codices,
1515 4867 1807 4923 reddantur
1833 4866 1985 4932 mihi,
2015 4874 2072 4923 et

378 4966 386 4974 '
484 4959 641 5012 venio
674 4959 740 5013 ad
774 4967 1045 5014 certamen
1077 4967 1196 5028 post
1220 4958 1476 5020 biduum;
1519 4964 1572 5012 et
1594 4958 1637 5011 si
1680 4958 1853 5014 victus
1885 4957 2063 5023 fuero,

484 5049 623 5119 quod
648 5049 1025 5107 deliberaveris
1041 5092 1056 5115 ,
1087 5051 1275 5107 subeo.

557 5141 690 5197 Aac.
720 5141 888 5197 dixit:
924 5141 1127 5197 Rudem
1155 5149 1207 5195 te
1244 5141 1296 5195 in
1339 5140 1437 5195 ista
1476 5140 1733 5198 scelerata
1778 5149 1923 5198 secta
1960 5157 2065 5197 non

485 5244 603 5286 csse
628 5241 775 5300 puto,
804 5232 943 5302 quod
971 5239 1023 5286 et
1048 5230 1247 5286 fateris.
1270 5230 1385 5285 Non
1414 5240 1467 5286 te
1495 5241 1671 5285 autem
1699 5232 1897 5288 habere
1924 5232 2065 5303 quod

481 5323 830 5392 respondeas,
847 5323 948 5379 etsi
971 5334 1021 5377 tu
1047 5340 1149 5378 non
1171 5316 1405 5388 fatearis,
1421 5325 1594 5378 omnis
1611 5324 1885 5393 homojam
1900 5325 2062 5380 videt.

482 5413 587 5468 Sed
616 5416 734 5482 quia
766 5415 977 5469 codices
1001 5424 1120 5470 tuos
1160 5416 1353 5484 repetis
1374 5455 1389 5480 ,
1412 5415 1500 5484 qui
1526 5415 1626 5469 sub
1653 5415 1826 5484 sigillo
1856 5415 2083 5485 publico

484 5504 1077 5573 custodiuntur,quibus
1104 5506 1355 5575 inspectis
1389 5505 1520 5559 dicis
1544 5512 1595 5559 te
1628 5505 1943 5559 instructum
1971 5519 2064 5559 ve—

484 5600 599 5652 nire
620 5611 777 5667 posse
805 5603 927 5663 post
951 5595 1170 5649 biduum
1194 5612 1208 5660 ;
1242 5596 1366 5649 illud
1394 5595 1531 5664 quod
1559 5596 1665 5664 jam
1694 5603 1929 5662 constat,
1969 5595 2063 5649 ob-

477 5692 633 5761 jectis
654 5686 1036 5759 quaestionibus
1063 5697 1110 5741 te
1134 5687 1455 5757 restiondere
1476 5702 1578 5742 non
1604 5687 1839 5757 potuisse
1864 5687 2059 5742 recole.

546 5850 562 5878 ί
602 5855 691 5895 tm.
728 5852 778 5895 et
801 5852 926 5904 Mss,
952 5840 1195 5893 militatus.

2216 1386 2363 1444 Tolle
2410 1401 2588 1450 autem
2636 1397 2846 1455 codices
2888 1408 3007 1456 tuos
3035 1443 3049 1468 ,
3097 1412 3150 1459 et
3187 1403 3273 1459 dic
3315 1406 3443 1477 quid
3492 1409 3615 1465 inde
3651 1411 3770 1468 velis

2213 1480 2304 1534 tibi
2349 1483 2607 1555 proferri,
2638 1490 2776 1557 quod
2823 1491 2981 1547 modo
3020 1493 3267 1564 inspicias
3305 1505 3360 1551 et
3400 1500 3737 1568 respondeas.

2282 1573 2411 1629 FEL.
2454 1577 2625 1632 dixit:
2658 1579 2853 1638 Omnes
2897 1584 3185 1654 scripturas
3229 1603 3347 1656 quae
3391 1590 3521 1644 mihi
3568 1591 3772 1647 sublata:

2209 1675 2351 1719 sunt.
2400 1666 2500 1721 ista
2541 1671 2681 1724 enim
2727 1674 2946 1741 epistola
2996 1674 3345 1732 Fundamenti
3388 1689 3500 1746 est,
3547 1681 3680 1751 quod
3725 1692 3773 1738 et

2210 1757 2476 1814 Sanctitas
2506 1770 2589 1815 tua
2620 1763 2756 1819 bene
2782 1766 2913 1830 scit,
2945 1769 3085 1837 quod
3122 1778 3177 1824 et
3200 1784 3297 1839 ego
3326 1770 3473 1837 dixi,
3506 1772 3628 1843 quia
3670 1774 3772 1845 ipsa

2208 1852 2442 1907 continet
2472 1854 2702 1923 initium,
2750 1859 2983 1914 medium
3029 1870 3085 1916 et
3111 1862 3292 1918 linem.
3326 1863 3442 1933 Ipsa
3472 1866 3701 1936 legatur,
3727 1877 3774 1923 et

2205 1944 2455 2015 quidquid
2496 1950 2693 2004 malum
2737 1952 2984 2021 obiicitur
3028 1956 3127 2026 legi
3175 1974 3307 2013 meae
3334 2002 3348 2026 ,
3394 1960 3679 2030 probetur:
3728 1971 3774 2018 et

2205 2053 2341 2109 nego
2368 2040 2511 2095 illam
2540 2084 2553 2109 ,
2587 2044 2631 2097 si
2662 2046 2883 2113 probata
2914 2047 3108 2103 fuerint
3135 2050 3220 2104 illa
3238 2036 3472 2108 crimina
3500 2070 3620 2125 quae
3645 2055 3773 2125 obji-

2202 2129 2410 2184 ciuntur
2432 2131 2543 2201 legi
2558 2149 2710 2189 meae.

2273 2222 2406 2278 Aac.
2452 2223 2583 2279 dixit
2611 2243 2624 2278 :
2653 2226 2913 2293 Quoniam
2951 2229 3128 2286 fateris
3156 2232 3293 2289 hanc
3314 2248 3436 2290 esse
3461 2236 3733 2305 epistolam
3754 2277 3769 2304 ,

2201 2314 2286 2368 ubi
2315 2315 2571 2373 doctrina:
2601 2330 2795 2376 vestra:
2826 2323 3031 2378 initium
3051 2364 3065 2391 ,
3116 2326 3349 2381 medium
3379 2336 3433 2384 et
3461 2330 3584 2384 ﬁnis
3613 2330 3773 2385 conti-

2199 2416 2357 2461 netur
2379 2449 2394 2473 ,
2427 2408 2529 2464 hoc
2574 2411 2780 2466 initium
2810 2428 2967 2483 quam
3008 2416 3076 2470 sit
3114 2417 3430 2488 sacrilegum
3450 2461 3465 2486 ,
3498 2420 3591 2474 ubi
3620 2421 3771 2475 Deum

2198 2498 2371 2555 dicitis
2404 2517 2664 2573 pugnasse
2698 2515 2884 2561 contra
2921 2519 3130 2579 gentem
3160 2510 3499 2567 tenebrarum
3524 2554 3539 2576 ,
3572 2523 3623 2567 ct
3677 2513 3773 2567 mi-

2197 2592 2398 2647 scuisse
2443 2603 2643 2650 naturae
2692 2597 2992 2653 daemonum
3042 2601 3383 2671 polluendam
3432 2612 3485 2658 et
3515 2604 3772 2674 ligandam

2197 2694 2400 2753 partem
2428 2703 2577 2743 suam
2599 2730 2612 2753 ,
2658 2705 2777 2759 qua:
2817 2690 2918 2746 hoc
2947 2701 3029 2747 est
3053 2693 3196 2762 quod
3237 2694 3380 2762 ipse;
3424 2704 3536 2750 tam
3567 2696 3772 2751 sacrile-

2194 2790 2318 2845 gum
2346 2788 2428 2833 est
2447 2822 2460 2845 ,
2492 2789 2550 2834 ut
2586 2782 2713 2836 ferri
2743 2783 2830 2837 vix
2858 2785 2925 2839 ab
2954 2785 3288 2841 audientibus
3318 2788 3521 2856 po'ssit:
3558 2787 3658 2843 hoc
3681 2788 3771 2843 ob-

2190 2866 2369 2936 jicitur
2399 2872 2570 2939 primo
2594 2884 2753 2927 sectae
2781 2884 2975 2930 vestrae
2999 2916 3013 2941 ,
3063 2876 3177 2931 sive
3201 2876 3409 2931 initium
3440 2877 3551 2934 hoc
3577 2893 3729 2934 voces
3750 2919 3764 2944 ,

2194 2961 2306 3016 sive
2334 2962 2584 3029 medium,
2620 2965 2733 3021 sive
2758 2967 2940 3034 finem,
2972 2983 3078 3023 non
3107 2970 3260 3025 valde
3289 2970 3342 3025 id
3370 2986 3500 3026 curo
3529 2989 3544 3036 ;
3576 2972 3673 3027 hoc
3695 2982 3768 3027 ta-

2193 3068 2315 3108 men
2354 3054 2421 3109 de
2447 3055 2546 3110 hac
2579 3058 2837 3127 epistola,
2867 3076 3025 3130 quam
3072 3062 3256 3117 fateris
3300 3078 3420 3120 esse
3461 3065 3768 3131 Manicbmi,

2193 3143 2385 3199 lectum
2415 3161 2535 3202 esse
2564 3162 2671 3203 non
2701 3166 2862 3219 negas
2890 3168 2904 3215 ;
2948 3153 3050 3206 hoc
3074 3153 3225 3207 vobis
3252 3154 3525 3224 objicitur,
3561 3156 3659 3211 hoc
3682 3156 3768 3210 de-

2192 3236 2377 3302 fende,
2421 3238 2462 3291 si
2504 3247 2653 3308 potes
2680 3282 2695 3307 ,
2728 3250 2783 3294 ut
2821 3242 2885 3295 ad
2931 3243 3029 3296 alia
3081 3245 3373 3301 veniamus.
3398 3244 3560 3302 Unde
3590 3247 3767 3302 iterum

2190 3332 2502 3402 interrogo:
2536 3334 2579 3387 si
2619 3334 2784 3389 Deum
2824 3336 3275 3407 incorruptibilem
3325 3339 3527 3405 colitis,
3560 3341 3683 3411 quid
3724 3340 3770 3394 ci

2188 3438 2381 3479 nocere
2409 3434 2646 3493 poterat,
2695 3427 2876 3482 nescio
2905 3443 3022 3497 qua:
3048 3444 3179 3498 gens
3222 3429 3445 3486 adversa
3475 3448 3641 3502 quam
3673 3433 3764 3485 fin-

2185 3515 2351 3584 gitis?
2389 3514 2443 3570 Si
2483 3516 2614 3570 nihil
2664 3518 2711 3571 ei
2755 3532 2947 3572 nocere
2992 3527 3228 3587 poterat,
3276 3521 3421 3575 nulla
3464 3536 3634 3577 causa
3679 3521 3770 3575 fuit

2185 3624 2349 3678 quare
2376 3618 2578 3679 partem
2609 3625 2758 3666 suam
2791 3620 2991 3666 natura:
3035 3611 3336 3667 daemonum
3366 3616 3764 3669 commisceret.

2185 3700 2240 3755 Si
2264 3712 2441 3755 autem
2467 3717 2660 3757 nocere
2684 3703 2735 3758 ei
2764 3712 3004 3774 poterat,
3039 3719 3145 3759 non
3176 3706 3342 3761 Deum
3382 3707 3768 3777 incorruptibi-

2183 3792 2286 3846 lem
2314 3793 2504 3847 colitis.
3414 3848 3417 3849 ν

2252 3884 2478 3939 CAPUT
2537 3884 2598 3938 ll.
2645 3916 2716 3926 -—
2750 3886 2880 3941 FEL.
2908 3884 3040 3941 dixit
3070 3905 3081 3940 :
3112 3888 3432 3947 Manichacus
3473 3890 3613 3947 dicit
3638 3890 3767 3945 duas

2181 3992 2300 4033 esse
2339 3988 2556 4034 naturas
2575 4020 2588 4043 ,
2612 3988 2666 4033 et
2694 3980 2853 4034 modo
2878 3980 3001 4034 inde
3025 3980 3284 4050 culpatur,
3314 3983 3436 4051 quia
3466 3983 3611 4038 dixit
3641 3984 3767 4036 duas

2180 4087 2318 4137 esse,
2344 4072 2535 4127 bonam
2559 4082 2611 4128 ct
2630 4074 2842 4129 malam.
2863 4075 3106 4130 Christus
3132 4077 3183 4129 in
3207 4077 3498 4144 Evangelio
3526 4079 3660 4134 duas
3682 4077 3766 4131 di-

2180 4165 2251 4218 cit
2293 4178 2412 4219 esse
2438 4165 2657 4220 arbores
2687 4183 2699 4218 :
2733 4167 2893 4220 Arbor
2917 4166 3045 4221 bona
3072 4184 3326 4237 nunquam
3368 4170 3496 4238 facit
3550 4173 3768 4241 fructum

2178 4255 2407 4322 malum,
2434 4266 2479 4311 et
2521 4257 2669 4310 arbor
2695 4258 2831 4311 mala
2854 4274 3127 4327 nunquam
3169 4260 3289 4329 facit
3316 4259 3545 4327 fructum
3588 4264 3769 4315 bonum

2179 4349 2390 4417 (Matth.
2421 4366 2492 4404 vn
2513 4390 2527 4415 ,
2554 4350 2662 4418 17).
2693 4351 2831 4406 Ecce
2853 4349 2986 4404 duas
3006 4359 3244 4406 naturas.
3276 4351 3477 4407 Deinde
3514 4352 3571 4408 in
3593 4353 3768 4407 Evan-

2176 4442 2314 4511 gelio
2361 4442 2613 4511 scriptum
2652 4450 2736 4497 est
2767 4461 2779 4496 :
2809 4441 3071 4513 Numquid
3098 4444 3279 4498 bonum
3306 4461 3472 4499 semen
3506 4447 3770 4502 seminasti

2176 4538 2225 4591 in
2252 4540 2413 4608 agro?
2446 4538 2592 4593 Unde
2611 4550 2954 4609 apparuerunt
2976 4540 3213 4593 zizania?
3245 4539 3358 4594 Hoc
3381 4541 3625 4596 inimicus
3652 4543 3768 4612 fecit

2177 4629 2285 4699 (Id.
2317 4646 2413 4684 xm
2438 4670 2451 4694 ,
2477 4630 2545 4683 27
2567 4672 2582 4697 ,
2610 4629 2722 4699 28).
2754 4628 2859 4684 Iste
2886 4630 3129 4685 inimicus
3160 4631 3205 4684 si
3232 4647 3338 4686 non
3366 4640 3446 4687 est
3470 4642 3771 4689 extrancus

2174 4737 2202 4774 a
2237 4723 2345 4777 Deo
2368 4763 2383 4789 ,
2415 4723 2666 4791 probetur
2684 4722 2812 4776 mihi
2845 4738 2857 4774 :
2890 4722 2936 4776 si
2962 4723 3027 4777 ad
3055 4723 3220 4778 Deum
3252 4725 3482 4791 pertinet
3512 4726 3769 4780 inimicus

2174 4815 2304 4880 iste,
2337 4816 2495 4885 quale
2513 4830 2695 4869 semen
2727 4816 3045 4870 seminavit?
3070 4816 3200 4870 Item
3226 4816 3277 4870 in
3302 4818 3601 4887 Evangelio
3629 4819 3767 4873 scri-

2174 4916 2319 4977 ptum
2347 4916 2428 4963 est
2448 4948 2461 4974 ,
2494 4906 2706 4961 Christo
2729 4906 2957 4971 dicente,
2982 4908 3105 4976 quia
3134 4907 3187 4961 in
3214 4907 3525 4963 novissimis
3556 4918 3769 4978 tempoo

2173 5001 2319 5056 ribus
2372 5000 2619 5055 thronum
2666 4999 2721 5053 in
2767 4999 2943 5055 medio
2989 4998 3182 5054 sasculo
3229 5009 3427 5068 ponet,
3476 5010 3531 5055 et
3590 5001 3772 5056 mittet

2172 5092 2401 5163 Angelos
2430 5106 2555 5147 suos
2582 5092 2635 5146 in
2666 5094 2926 5147 orientem
2956 5101 3009 5145 et
3036 5091 3362 5147 occidentem
3382 5134 3397 5159 ,
3430 5096 3769 5163 septentrio-

2171 5199 2290 5239 nem
2312 5192 2365 5238 et
2389 5182 2698 5249 meridiem,
2726 5192 2779 5238 et
2799 5182 3140 5253 congregabit
3186 5198 3372 5239 omnes
3410 5194 3609 5254 gentes
3645 5193 3771 5239 ante

2172 5291 2250 5342 se,
2283 5284 2337 5329 et
2365 5273 2632 5344 separabit
2666 5274 2820 5340 illos,
2853 5273 2991 5329 sicut
3031 5284 3231 5344 pastor.
3253 5284 3467 5346 separat
3496 5291 3678 5347 agnos
3704 5275 3772 5330 ab

2172 5366 2356 5421 haedis.
2389 5366 2459 5419 Et
2484 5373 2541 5420 ut
2564 5365 2911 5437 compendive
2935 5364 3108 5420 dicam
3136 5408 3149 5430 ,
3184 5367 3343 5441 agnis
3382 5366 3526 5422 dicet
3560 5386 3575 5422 :
3605 5367 3691 5421 Ite
3720 5368 3770 5419 in

2170 5474 2377 5528 regnum
2406 5457 2539 5527 quod
2576 5457 2708 5511 vobis
2736 5466 2970 5528 paratum
2995 5466 3067 5511 est
3098 5458 3159 5512 ab
3185 5460 3377 5529 origine
3399 5460 3605 5511 mundi.
3644 5460 3773 5513 Hm-

2170 5553 2250 5607 dis
2291 5553 2463 5616 dicet,
2494 5551 2583 5621 qui
2617 5552 2667 5606 in
2691 5551 2903 5608 sinistra
2941 5561 3091 5621 parte
3121 5560 3243 5606 sunt
3272 5569 3285 5605 :
3311 5550 3557 5606 Recedile
3582 5570 3617 5605 a
3648 5568 3729 5605 me
3754 5592 3769 5618 ,

2169 5646 2251 5714 qui
2279 5644 2469 5714 operati
2511 5643 2624 5696 estis
2658 5643 2965 5712 iniquitatem
2997 5659 3015 5696 :
3048 5657 3239 5698 nomen
3271 5644 3411 5697 cnim
3443 5657 3636 5696 meum
3671 5643 3771 5696 ha-

2169 5736 2374 5802 buistis,
2408 5735 2501 5789 sed
2526 5750 2686 5805 opera
2713 5752 2816 5790 non
2845 5735 3083 5799 fecistis;
3117 5736 3182 5789 ite
3209 5736 3262 5789 in
3285 5736 3446 5805 ignem
3473 5743 3771 5799 wternum,

2168 5830 2253 5899 qui
2281 5839 2484 5899 paratus
2506 5842 2575 5883 est
2603 5828 2804 5883 diabolo
2826 5838 2873 5883 et
2900 5828 3090 5893 angelis
3120 5830 3231 5899 ejus
3258 5826 3367 5900 (Id.
3389 5824 3807 5901 “utSt-«51).,
