4094 6454
256 386 372 442 δὸτι
1059 390 1066 404 ι
1581 371 1788 430 LIBER
1825 377 1829 428 ἰ

1930 368 2200 429 manus.
2401 431 2416 443 ,
2594 406 2601 420 .
2732 404 2767 447 ,.,

251 502 347 572 Qui
382 497 510 555 sunt
534 497 626 570 qui
653 509 848 552 nomen
878 493 1084 562 .Christi
1116 493 1335 558 habent,
1365 499 1419 547 et
1458 491 1740 548 mittuntur
1767 491 1820 544 in

253 599 421 664 ignem
467 600 727 646 aeternum
756 602 876 643 cum
919 585 1130 641 diabolo
1167 592 1222 639 et
1262 583 1466 654 angelis
1503 583 1652 652 ejus;
1682 591 1735 638 et
1761 579 1828 636 ad

251 698 401 754 quam
458 690 665 750 partem
715 678 982 749 pertinent
1023 677 1148 738 isti,
1193 675 1384 745 quibus
1426 673 1672 728 Christus
1722 685 1825 725 non

251 773 625 844 permiscetur,
657 780 711 826 et
742 784 934 824 nomen
978 767 1094 838 ejus
1138 766 1387 838 portant?
1416 766 1528 820 Hoc
1555 766 1696 820 enim
1721 765 1830 818 Ma-

250 866 483 922 nichacus
533 864 698 929 dicit,
731 863 851 933 quia
901 876 1034 932 quos
1086 861 1327 917 Christus
1366 861 1615 925 damnat,
1666 859 1830 928 ipsius

249 973 350 1012 non
393 966 540 1010 sunt.
582 955 712 1010 Nam
759 955 955 1009 Paulus
1001 954 1272 1022 apostolus
1313 952 1440 1007 dicit
1483 970 1495 1005 :
1549 951 1829 1005 Prudentia

245 1049 411 1104 carnis
439 1048 647 1101 inimica
673 1056 744 1101 est
769 1045 900 1110 Deo;
931 1046 1028 1116 legi
1067 1045 1198 1098 enim
1231 1043 1324 1097 Dei
1355 1061 1453 1097 non
1483 1054 1553 1096 est
1584 1043 1827 1112 subjecta,

246 1157 332 1195 nec
356 1140 494 1194 enim
515 1148 676 1210 potest
706 1139 878 1209 (Rom.
907 1153 996 1191 vni
1019 1177 1032 1202 ,
1061 1138 1140 1207 7).
1170 1137 1283 1190 Hoc
1327 1135 1647 1189 Manicltzcus
1671 1133 1827 1200 dicit,

246 1233 364 1302 quia
391 1246 515 1300 qua:
542 1229 752 1286 inimica
768 1238 851 1285 est
876 1230 985 1282 Deo
1005 1269 1021 1296 ,
1052 1227 1118 1282 ad
1149 1229 1314 1282 Deum
1342 1241 1447 1280 non
1479 1227 1707 1295 pertinet
1737 1244 1750 1278 :
1784 1225 1830 1280 si

244 1332 418 1377 autem
451 1321 520 1376 ad
561 1322 724 1376 Deum
768 1322 1030 1391 pertinet,
1065 1320 1178 1390 ipse
1220 1320 1317 1374 sibi
1355 1319 1623 1373 inimicum
1656 1319 1780 1374 fecit
1810 1336 1824 1374 :

246 1414 342 1467 hoc
371 1412 702 1467 Manichazus
731 1427 837 1466 non
866 1411 1012 1466 dicit.
1041 1410 1236 1478 Iterum
1270 1411 1464 1465 Paulus
1496 1411 1626 1466 dicit
1656 1429 1668 1465 :
1693 1410 1830 1465 Deus

243 1505 416 1558 muli
456 1504 612 1574 hujus
638 1505 900 1558 excwcavit
928 1513 1114 1564 mentes
1143 1503 1427 1572 inﬁdelium
1444 1546 1458 1568 ,
1491 1505 1558 1556 ad
1586 1520 1686 1558 non
1710 1521 1847 1563 con-.

244 1597 590 1666 templandam
617 1595 895 1650 claritatem
921 1594 1187 1667 Evangelii
1211 1595 1418 1660 Christi,
1450 1597 1537 1665 qui
1566 1607 1637 1650 est
1663 1597 1830 1667 imago

245 1689 330 1744 Dei
359 1689 432 1759 (11
462 1689 584 1745 Cor.
633 1705 704 1756 tv,
733 1689 812 1760 4).
848 1689 964 1759 Ipse
996 1689 1191 1744 Paulus
1230 1689 1419 1742 iterum
1459 1689 1586 1743 dicit
1622 1705 1634 1741 :
1666 1687 1830 1742 Datus

241 1792 310 1836 est
337 1782 468 1834 mihi
511 1781 742 1836 stimulus
768 1781 936 1834 carnis
963 1781 978 1812 ¹
1003 1822 1016 1844 ,
1047 1781 1254 1850 angelus
1279 1789 1490 1841 solante,
1524 1781 1610 1849 qui
1639 1797 1717 1833 me
1741 1797 1829 1834 co-

243 1876 464 1943 lapltizet
492 1873 576 1926 die
601 1889 663 1926 ac
683 1881 1077 1941 nocte:propter
1105 1872 1238 1940 quod
1263 1881 1335 1924 ter
1365 1871 1633 1924 Demittunt
1658 1871 1846 1941 rogavi.

244 1976 294 2018 ιιι
333 1964 610 2019 discederet
642 1980 672 2016 a
713 1979 830 2026 me;
859 1971 904 2016 et
931 1961 1059 2015 dixit
1101 1961 1226 2014 mihi
1258 1976 1276 2014 :
1324 1961 1521 2030 Suﬁicit
1551 1961 1638 2014 tibi
1665 1959 1850 2031 gratia.

243 2074 389 2121 inea;
436 2072 556 2108 nam
604 2055 760 2108 virtus
802 2054 855 2107 in
897 2053 1190 2121 inﬁrmitate
1241 2051 1481 2121 probatur
1532 2051 1654 2123 (Id.
1710 2069 1782 2107 xu
1811 2091 1826 2118 ,

244 2149 370 2217 7-9).
406 2149 551 2203 Ecce
594 2147 718 2217 quid
746 2145 1029 2213 Apostolus
1057 2145 1231 2210 dixit,
1263 2159 1387 2199 ecce
1435 2145 1560 2215 quid
1587 2144 1831 2215 Evange-

245 2240 361 2295 lista
390 2259 403 2294 :
429 2256 553 2294 cum
599 2237 943 2304 Manichmus.
967 2237 1069 2291 hoc
1110 2246 1343 2302 asserat,
1387 2237 1509 2306 quia
1541 2244 1624 2290 est
1654 2245 1846 2299 extra:

247 2348 374 2388 neus
413 2349 447 2388 a
489 2333 634 2396 Deo,
673 2330 762 2402 qui
817 2339 1001 2384 contra
1050 2329 1215 2384 Deum
1262 2329 1476 2384 bellavit
1512 2329 1663 2384 :sive
1706 2329 1844 2398 quia,

245 2424 486 2480 Christus
509 2423 793 2480 cruciﬁxus
813 2432 917 2487 est,
946 2423 1057 2478 sive
1089 2422 1211 2492 quia
1235 2423 1472 2491 Apostoli
1495 2438 1683 2477 omnes
1714 2437 1848 2492 proo,

246 2531 357 2590 pter
387 2521 479 2574 Dei
507 2518 850 2580 mandatum;
883 2517 982 2572 iste
1008 2517 1097 2586 qui
1128 2531 1223 2570 eos
1249 2515 1533 2580 cruciﬁxit,
1559 2516 1644 2570 cui
1678 2530 1829 2570 man-

248 2611 427 2666 datum
457 2611 554 2666 Dei
583 2625 693 2666 non
723 2610 916 2680 placet,
950 2608 1052 2663 hoc
1075 2608 1205 2662 mihi
1232 2606 1374 2663 dicat
1399 2607 1664 2664 Sanctitas
1697 2617 1782 2662 tua
1809 2648 1824 2673 ,

246 2706 286 2760 si
314 2705 378 2758 ad
409 2705 577 2758 Deum
599 2703 852 2774 pertinet.
1027 2764 1032 2767 _

309 2793 538 2849 CAPUT
577 2792 662 2853 lll.
706 2821 777 2832 —
816 2793 952 2848 Anc.
992 2791 1125 2846 dixit
1166 2808 1180 2844 :
1221 2790 1524 2860 Scripturas
1571 2797 1781 2844 sanctas
1809 2831 1824 2855 ,

247 2904 370 2958 quas
397 2903 506 2943 non
536 2887 879 2958 intelligendo
900 2886 1054 2957 longe
1081 2886 1350 2940 averitate
1377 2884 1658 2947 aberratis,
1687 2897 1830 2938 com-

245 2996 543 3038 memorare
587 2980 833 3046 voluisti,
864 2979 1012 3034 velut
1037 2994 1103 3035 ex
1147 2979 1226 3034 eis
1273 2978 1628 3048 patrocinium
1676 2975 1827 3030 adhi-

245 3077 371 3131 bens
411 3074 732 3145 vaniloquiis
763 3074 974 3129 vestris.
1023 3073 1168 3128 Inter
1200 3073 1380 3128 omnia
1432 3080 1610 3126 tamen
1637 3113 1652 3136 ,
1707 3085 1826 3139 qua:

244 3168 430 3237 partim
479 3167 622 3222 sicut
664 3181 786 3220 vere
831 3164 1028 3234 scripta
1069 3173 1225 3231 sunt,
1257 3163 1446 3234 partim
1487 3162 1640 3216 aliter
1667 3176 1824 3232 quam

243 3261 436 3331 scripta
463 3268 591 3314 sunt
634 3257 1062 3314 commemorasti
1080 3299 1093 3321 ,
1122 3271 1383 3326 nusquam
1414 3253 1700 3309 ostendere
1726 3269 1825 3322 po-

242 3351 385 3407 tuisti
405 3351 531 3421 quia
555 3351 694 3406 Deus
731 3350 907 3419 regnis
937 3349 1048 3402 suis
1074 3347 1319 3402 hostilem
1361 3355 1604 3400 naturam
1645 3343 1824 3399 immi-

243 3451 456 3499 nentem
501 3441 763 3511 repellere
783 3440 966 3494 volens
986 3479 1000 3504 ,
1031 3447 1089 3493 ut
1114 3437 1306 3493 habeat
1328 3437 1590 3508 quietem,
1619 3445 1825 3505 partem

242 3550 409 3598 suam,
434 3549 557 3605 quae
588 3535 689 3588 hoc
722 3541 803 3588 est
843 3531 985 3602 quod
1015 3531 1150 3601 ipse,
1174 3540 1376 3585 natura:
1414 3527 1694 3585 contraria:
1719 3526 1827 3581 das-

243 3639 458 3680 monum
508 3625 740 3680 miscens
762 3665 776 3691 ,
809 3623 1045 3693 colligari
1073 3622 1140 3677 ab
1168 3623 1246 3677 eis
1286 3632 1341 3678 et
1367 3619 1717 3676 contaminari
1748 3618 1828 3674 fc-

241 3718 389 3772 cerit.
420 3715 537 3770 Hoc
561 3724 737 3770 autem
764 3724 847 3770 est
878 3713 1018 3784 quod
1048 3714 1198 3770 vobis
1243 3713 1509 3784 objicitur,
1531 3711 1674 3768 unde
1699 3711 1826 3782 quid

243 3806 572 3877 respondeas
599 3821 701 3860 non
726 3804 1066 3871 inveniendo,
1083 3805 1514 3860 commemorasti
1531 3803 1825 3859 divinarum

243 3897 638 3967 Scripturarum
679 3897 928 3966 capitula,
959 3897 1047 3951 ubi
1095 3897 1163 3950 de
1214 3897 1582 3966 peccatoribus
1625 3895 1825 3950 dictum

241 3998 327 4042 est
352 3991 477 4056 quia
513 4003 615 4042 non
655 3988 921 4058 pertinent
949 3987 1014 4042 ad
1043 3987 1251 4042 beatam
1279 3987 1463 4054 vitam,
1483 4003 1641 4057 quam
1673 3987 1826 4042 bonis

238 4088 295 4132 et
334 4076 579 4131 ﬁdelibus
626 4076 788 4131 donat
839 4077 1015 4132 Deus:
1046 4086 1101 4132 et
1145 4077 1242 4130 has
1266 4076 1408 4131 velut
1449 4077 1581 4131 duas
1611 4085 1826 4133 naturas

241 4170 412 4240 accipi
457 4168 712 4235 voluisti,
769 4169 1059 4225 secundum
1113 4169 1460 4224 deliramenta
1524 4168 1822 4224 Manichmi.

241 4259 454 4314 Veritas
493 4269 670 4314 autem
701 4259 856 4325 dicit,
886 4260 1064 4315 omnia
1094 4261 1193 4315 ista
1216 4276 1337 4331 quae
1362 4260 1602 4314 videmus
1631 4271 1686 4316 et
1707 4277 1824 4332 quae

241 4365 348 4404 non
369 4351 648 4417 videmus,
681 4367 800 4421 quae
829 4352 1143 4407 naturaliter
1181 4352 1504 4420 subsistunt,
1528 4367 1558 4405 a
1603 4353 1710 4407 Deo
1740 4351 1820 4407 fa-

239 4452 324 4494 cta
349 4455 501 4496 esse:
519 4442 570 4496 in
593 4441 784 4511 quibus
803 4443 1116 4497 rationalem
1143 4451 1462 4509 creaturam,
1481 4444 1639 4498 etiam
1658 4444 1826 4512 ipsam

241 4531 432 4586 tactam
453 4572 469 4596 ,
502 4532 614 4587 sive
639 4534 690 4587 in
722 4533 940 4603 Angelis
968 4535 1078 4588 sive
1122 4534 1175 4587 in
1207 4533 1513 4588 hominibus
1557 4535 1828 4603 accepisse

241 4620 466 4676 liberum
507 4621 785 4676 arbitrium
811 4640 825 4687 ;
855 4637 960 4693 quo
986 4623 1153 4679 libero
1181 4623 1401 4678 arbitrio
1429 4624 1482 4678 si
1497 4625 1604 4679 Deo
1625 4625 1828 4681 servire

241 4714 432 4781 vellet,
456 4715 749 4769 secundum
795 4716 1118 4770 voluntatem
1158 4731 1220 4770 ac
1251 4715 1420 4786 legem
1444 4717 1574 4784 Dei,
1603 4716 1826 4774 haberet

237 4803 375 4873 apud
417 4818 538 4858 eum
583 4813 838 4859 aeternam
888 4804 1232 4861 felicitatem:
1264 4807 1310 4860 si
1347 4814 1524 4862 autem
1571 4808 1670 4878 legi
1712 4809 1827 4878 ejus

237 4894 390 4949 subdi
421 4895 680 4951 noluisset
703 4936 715 4959 ,
740 4895 832 4952 sed
862 4906 1125 4966 potestate
1153 4912 1248 4951 sua
1277 4913 1370 4952 usa
1401 4907 1586 4953 contra
1615 4900 1734 4969 ejus
1757 4900 1830 4956 fe-

235 4985 398 5038 cisset
421 4985 744 5055 imperium,
772 4986 1060 5042 secundum
1093 4987 1210 5056 ejus
1239 4986 1498 5056 justitiam
1528 5004 1699 5059 postue
1727 4989 1833 5064 de-l

235 5078 359 5132 bitt:
410 5079 733 5146 subjacerct.
769 5080 893 5136 llaec
922 5081 1305 5150 omnipotentia
1348 5081 1440 5136 Dei
1487 5082 1538 5135 in
1582 5082 1854 5140 creandis.

232 5171 483 5225 omnibus
506 5173 549 5235 ²,
571 5172 687 5226 haec
708 5172 912 5243 justitia
938 5173 985 5227 in
1008 5173 1420 5229 remunerandls
1436 5176 1823 5244 peccatoribus.

234 5262 368 5316 Esse
411 5271 591 5317 autem
621 5263 845 5318 liberum
897 5265 1172 5319 arbitrium
1204 5308 1218 5330 ,
1248 5275 1406 5335 atque
1448 5266 1568 5320 inde
1601 5283 1824 5336 peccare

202 5349 502 5422 'qnemque
528 5353 571 5408 si
595 5353 740 5421 velit,
769 5370 873 5408 non
915 5370 1134 5423 peccare
1166 5355 1210 5410 si
1247 5355 1411 5420 nolit,
1445 5373 1550 5411 non
1573 5360 1742 5412 solum
1771 5361 1824 5413 in

227 5443 434 5498 divinis
461 5443 786 5514 Scripturis,
819 5459 948 5514 quas
975 5460 1078 5498 non
1117 5445 1429 5513 intelligitis,
1460 5447 1554 5502 sed
1579 5450 1738 5502 etiam
1770 5451 1823 5504 in

226 5536 414 5589 verbis
450 5537 616 5605 ipsius
664 5535 937 5591 Manichmi
980 5538 1141 5592 vestri
1188 5539 1376 5607 probo.
1432 5541 1824 5598 Circutnclusus

226 5629 377 5682 enim
408 5626 548 5682 videt
587 5628 874 5698 potentiam
901 5629 1171 5696 veritatis,
1202 5639 1386 5685 contra
1413 5647 1567 5701 quam
1603 5641 1822 5689 conatus

294 5787 311 5854 ξ
347 5785 488 5854 inditi,
521 5783 835 5854 carnisntete.
860 5788 1034 5854 Abest,
1060 5801 1200 5847 more,
1232 5794 1627 5854 amanuscriptis.

291 5848 313 5879 ί
347 5847 488 5907 t-ziliti,
513 5847 790 5899 hominibus.
815 5850 982 5900 Melius
1004 5859 1132 5910 Mss»,
1156 5851 1387 5905 omnibus.

3407 383 3511 440 538

1932 486 2108 543 fuerat
2135 487 2291 544 aliam
2324 496 2566 546 naturam
2593 506 2752 567 quam
2779 509 2884 550 non
2914 493 3039 552 fecit
3059 495 3200 552 Deus
3221 538 3236 565 ,
3265 495 3517 556 inducere

1930 590 2114 635 contra
2157 581 2346 650 Deum,
2375 599 2478 638 non
2500 585 2667 640 solida
2698 586 2922 640 veritate
2944 629 2960 653 ,
3002 587 3096 643 sed
3119 589 3260 643 inani
3288 587 3514 660 phanta-

1932 680 2138 726 smate:
2171 681 2345 728 tamen
2386 675 2452 728 ad
2501 677 2865 733 conﬁtendum
2907 695 3092 734 verum
3120 679 3188 735 de
3232 681 3403 738 libero
3429 698 3513 738 ar-

1934 763 2113 828 bitrio,
2147 765 2263 834 plus
2311 765 2364 819 in
2395 781 2459 821 eo
2479 768 2641 822 valuit
2669 777 2855 824 natura
2884 771 3114 825 humana
3159 772 3210 826 in
3257 787 3360 843 qua
3391 789 3514 829 eum

1936 857 2075 911 Deus
2120 857 2508 929 eﬁ'ecit,quam
2548 859 2724 918 fabula
2764 863 3022 935 sacrilega
3067 881 3225 936 quam
3272 866 3370 923 sibi
3398 868 3514 938 ipse

1934 949 2211 1005 conﬁnxit.

2004 1039 2230 1097 CAPUT
2257 1042 2344 1098 IV.
2397 1043 2535 1098 Audi
2585 1060 2713 1116 ergo
2737 1046 2804 1102 de
2850 1047 3017 1104 libero
3056 1051 3297 1117 arbitrio,
3340 1053 3511 1124 primo

1935 1131 2107 1199 ipsum
2137 1132 2437 1197 Dominum,
2461 1135 2550 1191 ubi
2571 1134 2702 1192 duas
2726 1137 2944 1194 arbores
2963 1151 3364 1208 commemorat,
3391 1160 3514 1214 qua-

1935 1237 2050 1275 rum
2072 1223 2397 1279 mentionem
2423 1225 2536 1296 ipse
2548 1225 2718 1280 fecisti
2743 1227 2896 1283 :audi
2917 1229 3203 1298 dicentem,
3230 1232 3330 1286 Aut
3364 1234 3514 1304 facite

1935 1314 2162 1368 arborem
2199 1315 2383 1371 bonam
2407 1327 2454 1371 et
2479 1319 2701 1388 fructum
2722 1320 2832 1389 ejus
2851 1319 3053 1388 bonum,
3084 1332 3177 1376 aut
3189 1325 3341 1394 facile
3367 1325 3518 1379 arbo-

1934 1423 2040 1460 rem
2068 1407 2255 1461 malam
2274 1418 2320 1462 et
2345 1407 2565 1478 fructum
2582 1411 2691 1482 ejus
2707 1410 2895 1465 malum
2909 1411 3121 1483 (Matth.
3137 1430 3232 1480 xu,
3247 1415 3361 1486 35).
3380 1415 3514 1471 Cum

1934 1514 2061 1568 ergo
2089 1498 2233 1564 dicit,
2262 1499 2488 1558 Authoc
2533 1503 2704 1573 facite,
2751 1514 2837 1557 aut
2869 1504 2997 1560 illud
3048 1507 3245 1576 facite;
3274 1517 3512 1577 potesta-

1935 1599 2040 1646 tem
2061 1591 2274 1658 indicat,
2307 1609 2412 1649 non
2433 1603 2696 1650 naturam.
2728 1595 2898 1651 Nemo
2947 1598 3091 1653 enim
3132 1600 3234 1654 nisi
3266 1602 3404 1656 Deus
3432 1602 3508 1656 fa-

1933 1697 2056 1737 cere
2084 1683 2327 1739 arborem
2371 1694 2546 1755 potest
2575 1705 2588 1739 :
2621 1688 2715 1743 sed
2743 1686 2904 1743 habet
2951 1691 3312 1760 unusquisque
3340 1693 3392 1746 in
3421 1707 3514 1747 vo-

1934 1774 2155 1842 luntate,
2184 1786 2274 1830 aut
2298 1777 2495 1848 eligere
2527 1795 2646 1848 qua:
2671 1781 2805 1834 bona
2836 1789 2978 1845 sunt,
3004 1792 3058 1836 et
3083 1797 3202 1837 esse
3230 1783 3388 1838 arbor
3407 1783 3506 1838 bo-

1934 1881 2034 1931 na;
2063 1875 2156 1921 aut
2181 1868 2378 1938 eligere
2405 1885 2523 1940 quae
2549 1872 2684 1926 mala
2714 1879 2857 1937 sunt,
2903 1884 2957 1927 et
2995 1887 3113 1928 esse
3149 1874 3308 1928 arbor
3333 1875 3470 1930 mala
3496 1893 3510 1930 :

1933 1973 2039 2013 non
2067 1959 2186 2028 quia
2209 1961 2346 2015 mala
2373 1962 2482 2031 ipsa
2513 1978 2631 2032 qua:
2675 1963 2960 2034 eliguntur,
3006 1966 3237 2036 aliquam
3279 1966 3515 2024 habeant

1933 2048 1986 2102 in
2016 2064 2074 2104 se
2097 2050 2224 2119 ipsis
2264 2051 2654 2118 substantiam;
2688 2055 2780 2109 sed
2836 2056 2957 2124 quia
2979 2056 3140 2124 Deus,
3178 2057 3356 2114 omnia
3395 2075 3514 2130 qua:

1932 2139 2187 2208 condidit,
2212 2141 2460 2212 gradibus
2482 2143 2594 2199 suis
2620 2145 2878 2211 condidit,
2900 2147 3292 2219 generibusque
3321 2149 3514 2206 distin-

1931 2229 2028 2297 xit,
2057 2231 2292 2288 caelestia
2321 2241 2478 2304 atque
2509 2243 2738 2299 terrena,
2788 2237 3103 2292 immortalia
3129 2248 3288 2309 atque
3307 2249 3514 2296 morta-

1933 2323 2020 2388 lia,
2044 2333 2098 2378 et
2123 2326 2296 2380 omnia
2343 2325 2481 2380 bona
2508 2327 2559 2381 in
2589 2343 2686 2382 suo
2736 2316 2934 2398 genere
2960 2327 3199 2385 condidit
3231 2349 3244 2385 :
3274 2333 3506 2387 animam

1934 2416 2215 2472 habentem
2262 2418 2488 2476 liberum
2532 2420 2831 2485 arbitrium,
2885 2421 2984 2477 sub
3008 2438 3066 2479 se
3110 2424 3227 2494 ipso
3255 2434 3310 2480 et
3352 2441 3511 2496 supra

1931 2518 2124 2564 caetera
2150 2510 2467 2575 collocavit;
2498 2519 2553 2565 ut
2583 2511 2626 2565 si
2667 2512 2890 2567 serviret
2929 2513 3212 2583 superiori,
3257 2513 3506 2572 domina-

1931 2611 2077 2656 retur
2103 2603 2338 2659 inferiori
2363 2621 2378 2670 ;
2402 2593 2646 2660 siautem
2689 2604 2984 2662 offenderet
3014 2607 3364 2678 superiorem,
3397 2624 3510 2678 pte-

1840 2753 1845 2759 .
1932 2710 2054 2748 nam
2082 2711 2147 2750 ex
2167 2695 2419 2752 inferiore
2445 2687 2688 2753 sentiret.
2733 2699 2846 2753 lloe
2871 2714 2999 2769 ergo
3029 2699 3282 2755 Dominus
3305 2701 3514 2768 dicens,

1930 2787 2029 2839 Aut
2053 2788 2202 2857 facite
2229 2787 2376 2854 illud,
2409 2797 2494 2841 aut
2516 2778 2667 2858 facile
2716 2790 2871 2856 illud;
2903 2790 3136 2864 ostendit
3161 2806 3280 2848 esse
3320 2792 3372 2847 in
3417 2807 3512 2863 po-

1935 2886 2122 2934 testate
2151 2879 2276 2949 quid
2306 2878 2561 2945 facerent,
2593 2881 2707 2949 ipse
2759 2897 2982 2938 securus
3023 2892 3077 2938 et
3122 2891 3301 2940 certus
3354 2884 3406 2940 in
3447 2900 3507 2942 se

1931 2979 2179 3042 tanquam
2221 2973 2398 3038 Deus;
2440 2983 2492 3028 et
2538 2974 2658 3044 quia
2710 2974 2756 3029 si
2801 2976 2996 3031 bonum
3041 2975 3319 3047 eligerent,
3367 2993 3510 3047 prte-

1932 3063 2094 3117 ntium
2126 3063 2242 3134 ejus
2280 3065 2601 3134 acciperent,
2649 3066 2693 3120 si
2738 3066 2933 3120 malum
2985 3065 3266 3137 eligerent,
3297 3081 3508 3138 poenam

1931 3154 2048 3225 ejus
2073 3157 2601 3225 sentirentzsemper
2628 3165 2806 3214 autem
2832 3159 3107 3232 illejustus
3151 3170 3234 3216 est
3286 3170 3377 3216 aut
3423 3176 3506 3216 re-

1931 3257 2261 3316 munerator,
2303 3259 2392 3303 aut
2419 3247 2724 3305 damnator.

2002 3337 2227 3395 CAPUT
2287 3341 2350 3395 V.
2400 3372 2472 3382 —
2519 3341 2658 3397 Audi
2703 3357 2830 3414 ergo
2897 3343 3005 3415 jam
3057 3345 3502 3416 quemadmodum

1929 3432 2249 3489 Manichacus
2296 3435 2408 3504 ipse
2456 3444 2562 3490 tam
2616 3450 2914 3506 perversos,
2949 3445 3056 3492 tam
3104 3438 3400 3509 superbus,
3451 3447 3512 3494 ut

1929 3526 2085 3580 aliam
2114 3527 2454 3584 introducens
2475 3538 2740 3597 naturam,
2771 3545 2830 3586 se
2852 3531 3110 3602 aequalem
3150 3531 3262 3588 Deo
3281 3531 3500 3598 faceret,

1932 3618 2098 3673 Deum
2123 3619 2188 3673 ad
2227 3634 2286 3674 se
2314 3619 2488 3689 ipsum
2532 3621 2844 3691 deponeret,
2891 3621 3171 3679 confessus
3215 3622 3286 3678 sit
3334 3632 3511 3679 tamen

1930 3725 2049 3766 esse
2075 3711 2300 3767 liberum
2324 3713 2601 3768 arbitrium
2632 3732 2646 3769 :
2676 3715 2727 3769 in
2750 3713 3026 3771 Thesauro
3047 3723 3250 3781 vestro,
3289 3715 3374 3770 cui
3408 3715 3513 3771 tale

1931 3820 2123 3860 nomen
2153 3805 2217 3860 ad
2245 3805 2587 3876 decipiendos
2630 3807 2877 3864 homines
2919 3808 3210 3876 indidistis,
3243 3817 3388 3864 certe
3425 3810 3504 3863 sic

1931 3899 2184 3968 loquitur,
2215 3899 2356 3969 quod
2399 3908 2454 3954 et
2478 3909 2534 3954 tu
2572 3901 2685 3970 ipse
2714 3901 3012 3972 cognoscis.
3067 3900 3138 3954 Ili
3161 3917 3276 3956 vero
3302 3901 3388 3971 qui
3416 3917 3506 3955 ne-

1930 3996 2168 4066 gligentia
2195 4011 2284 4049 sua
2309 4012 2339 4048 a
2365 3995 2474 4050 labe
2514 3996 2866 4066 praedictorum
2919 3996 3188 4066 spirituum
3231 3995 3442 4066 purgari
3461 4011 3514 4048 se

1931 4087 2132 4140 minime
2185 4087 2518 4156 permiserint,
2565 4087 2917 4158 mandatisque
2972 4087 3152 4140 divinis
3204 4102 3267 4140 ea:
3308 4086 3506 4156 integro

1932 4195 2110 4249 parum
2137 4179 2596 4249 obtemperaverint,
2631 4179 2884 4250 legemque
2909 4179 3004 4233 sibi
3030 4196 3063 4233 a
3087 4195 3177 4232 suo
3203 4179 3468 4232 liberatore
3487 4179 3502 4208 ί

1933 4271 2104 4324 datam
2132 4271 2328 4342 plenius
2357 4287 2556 4325 servare
2603 4271 2872 4337 noluerint,
2907 4287 3062 4346 neque
3101 4281 3154 4325 ut
3181 4270 3380 4325 decebat
3405 4285 3512 4325 sese

1933 4365 2332 4435 gubernaverint,
2361 4375 2467 4420 etc.
2493 4364 2670 4426 Vides,
2706 4365 2759 4420 in
2787 4365 2872 4420 his
2919 4365 3097 4421 verbis
3143 4364 3513 4420 conﬁrmatum

1934 4472 2074 4523 esse,
2107 4458 2267 4513 etiam
2311 4472 2339 4511 a
2411 4456 2682 4512 nesciente
2720 4457 2848 4527 quid
2895 4457 3227 4527 loqueretur,
3285 4457 3513 4513 liberum

1933 4548 2229 4602 arbitrium.
2257 4547 2357 4613 Qui
2388 4548 2530 4602 enim
2561 4561 2775 4603 servare
2818 4547 2988 4618 legem
3025 4561 3132 4603 non
3152 4547 3284 4612 vult,
3332 4549 3384 4602 in
3416 4563 3515 4618 po-

1934 4646 2124 4694 testate
2150 4639 2267 4708 ejus
2295 4647 2397 4704 est,
2427 4639 2472 4693 si
2498 4639 2645 4693 velit.
2677 4637 2792 4693 Non
2821 4641 2960 4694 enim
2990 4639 3148 4706 dixit,
3193 4639 3308 4694 Non
3334 4650 3519 4710 potue-

1933 4731 2068 4796 rint;
2103 4730 2216 4796 sed,
2248 4731 2514 4785 noluerint.
2551 4731 2661 4786 Hoc
2692 4741 2839 4786 certe
2885 4731 3026 4801 quod
3072 4732 3260 4786 nolunt
3301 4745 3517 4787 servare

1935 4821 2129 4890 legem,
2169 4837 2275 4877 non
2303 4839 2334 4876 a
2371 4831 2531 4893 gente
2590 4823 2929 4878 tenebrarum
2971 4831 3268 4894 coguntur:
3298 4823 3342 4879 si
3371 4823 3512 4877 enim

1933 4924 2213 4983 coguntur,
2250 4930 2356 4969 non
2384 4915 2588 4979 nolunt,
2635 4915 2730 4969 sed
2784 4931 2888 4970 non
2934 4923 3198 4985 possunt;
3244 4915 3289 4970 si
3329 4922 3509 4969 autem

1933 5004 2140 5070 nolunt,
2170 5020 2274 5058 non
2304 5005 2487 5075 utique
2513 5015 2776 5076 coguntur
2801 5015 2859 5061 ut
2910 5021 3016 5060 non
3045 5005 3258 5071 faciant,
3293 5003 3385 5059 sed
3414 5019 3512 5059 vo-

1933 5096 2136 5152 luntate
2165 5113 2258 5152 sua
2279 5097 2484 5150 nolunt.
2510 5096 2622 5152 Hoc
2647 5112 2772 5168 ergo
2799 5096 2940 5168 quod
2957 5097 3010 5151 in
3033 5111 3217 5152 eorum
3239 5094 3510 5150 voluntate

1933 5197 2014 5243 est
2043 5198 2095 5242 ut
2129 5187 2316 5252 nolint,
2346 5198 2622 5258 peccatum
2640 5197 2720 5243 est
2745 5197 2892 5243 certe
2918 5187 3034 5242 sine
3059 5187 3233 5255 aliqua
3264 5185 3502 5240 necessi-

1933 5289 2041 5335 tate
2065 5281 2236 5350 gentis
2267 5283 2625 5336 tenebrarum.
2657 5281 2766 5335 Hoc
2810 5295 3036 5350 agnosce
3083 5294 3202 5334 esse
3235 5287 3510 5348 peceatum

1933 5375 2047 5429 sine
2066 5365 2383 5430 necessitate
2407 5377 2580 5445 gentis
2619 5375 2952 5431 tenebrarum
2984 5393 2996 5428 :
3023 5383 3075 5430 et
3101 5373 3224 5430 inde
3249 5375 3396 5430 vides
3411 5390 3513 5428 un-

1932 5465 1998 5521 de
2023 5455 2242 5536 veniant
2263 5483 2449 5524 omnes
2467 5469 2658 5538 Culpa),
2689 5467 2827 5523 unde
2849 5469 3036 5524 merita
3084 5467 3379 5539 culparum,
3409 5484 3512 5524 un-

1932 5558 1998 5614 de
2035 5559 2432 5616 distributiones
2457 5577 2753 5630 poenarum.

2001 5653 2224 5707 CAPUT
2262 5652 2347 5707 γι.
2398 5684 2467 5694 —-
2515 5653 2731 5708 llabetis
2763 5653 2923 5709 etiam
2965 5655 3065 5712 hoc
3109 5655 3160 5711 in
3234 5655 3513 5726 scripturis

1992 5861 2006 5890 ι
2043 5859 2114 5907 Sic
2138 5864 2238 5906 uss.
2259 5864 2314 5908 Al
2329 5857 2463 5921 editi,
2487 5870 2517 5907 a
2541 5864 2635 5908 Deo
2655 5855 2924 5910 liberatore.
