4094 6488
550 407 660 467 539

550 520 892 595 apocrypbis,
913 533 1046 594 quas
1070 532 1241 579 canon
1295 521 1508 593 quidem
1553 518 1848 575 catholicus
1893 530 1999 571 non
2044 514 2139 569 ad-

550 616 733 685 mittit,
770 616 922 671 vobis
956 624 1133 673 autem
1180 622 1327 671 tanto
1377 614 1651 685 graviores
1697 621 1841 680 sunt,
1888 619 2139 683 quantos

549 708 814 765 catholico
859 724 1065 765 canone
1104 708 1468 764 secluduntur.
1518 707 1729 778 Aliquid
1797 706 1959 761 etiam
2017 702 2140 756 inde

547 817 987 870 commemorem,
1010 800 1163 873 cujus
1188 816 1287 873 ego
1320 800 1635 856 auctoritate
1665 816 1772 855 non
1808 808 2011 863 teneor,
2040 794 2137 851 sed

549 902 605 949 tu
637 895 989 950 convinceris.
1020 893 1076 949 ln
1120 892 1342 948 Actibus
1386 894 1598 964 scriptis
1645 906 1674 946 a
1724 890 1911 946 Leutio
1938 890 1977 954 ί,
2006 902 2140 959 quos

547 996 797 1058 tanquam
826 990 989 1041 Actus
1020 987 1399 1056 Apostolorum
1431 986 1635 1053 scribit,
1674 984 1838 1039 babes
1888 984 1959 1038 ita
1992 981 2138 1053 posi-

549 1086 658 1132 tum
685 1097 698 1133 :
727 1075 929 1132 Etenim
958 1079 1185 1147 speciosa
1202 1078 1461 1148 ﬁgmenta,
1485 1088 1531 1131 et
1562 1075 1828 1131 ostentatio
1873 1072 2133 1148 simulata,

544 1175 592 1220 et
618 1169 807 1221 coactio
833 1167 1125 1235 visibilium,
1159 1185 1247 1223 nec
1273 1170 1474 1242 quidem
1491 1186 1553 1223 ex
1573 1166 1781 1241 propria
1803 1174 1986 1233 natura
2014 1179 2139 1235 pro-

543 1260 744 1323 cedunt,
768 1261 856 1314 sed
882 1277 944 1315 ea:
962 1278 1019 1315 eo
1044 1262 1245 1317 homine
1287 1265 1369 1332 qui
1398 1280 1487 1333 per
1514 1276 1567 1316 se
1612 1262 1784 1332 ipsum
1814 1260 2030 1314 deterior
2060 1261 2135 1332 fa-

542 1359 650 1404 ctus
683 1362 754 1406 est
781 1369 870 1423 per
916 1354 1277 1409 seductionem.
1314 1355 1442 1410 Vide
1472 1354 1917 1426 quemadmodum
1947 1353 2053 1419 hic,
2085 1361 2138 1408 et

543 1459 632 1513 per
660 1461 712 1498 se
734 1448 902 1515 ipsum
927 1446 1075 1511 dicit,
1097 1457 1149 1503 et
1176 1465 1264 1520 per
1306 1449 1661 1502 seductionem.
1709 1447 1829 1502 Fuit
1872 1448 2013 1502 enim
2046 1462 2134 1500 se—

541 1534 728 1590 ductor
746 1536 973 1592 hominis
988 1538 1248 1606 diabolus,
1273 1555 1377 1594 non
1395 1548 1578 1593 natura
1596 1548 1861 1609 peccator,
1882 1539 1971 1593 sed
1996 1540 2139 1608 prior

544 1628 816 1685 voluntate
845 1640 1112 1700 peccator.
1166 1631 1270 1689 Sed
1318 1634 1437 1705 quia
1469 1643 1585 1688 erat
1636 1634 1688 1687 in
1723 1631 1953 1687 hominis
1984 1640 2136 1701 pote-

541 1728 679 1775 state
707 1720 973 1778 seductori
1005 1740 1108 1778 non
1155 1726 1475 1791 consentire,
1523 1724 1642 1779 ideo
1691 1725 1918 1795 positum
1955 1732 2054 1788 est,
2085 1730 2137 1778 et

544 1832 634 1885 per
664 1816 916 1886 seipsum,
952 1828 1005 1872 et
1035 1835 1125 1887 per
1151 1812 1487 1873 seductionem
1523 1836 1543 1873 :
1567 1830 1623 1873 ut
1649 1819 1700 1873 in
1718 1834 1783 1873 eo
1812 1818 1952 1889 quod
1987 1818 2133 1889 posi-

544 1913 655 1961 tum
681 1916 784 1974 est,
813 1923 901 1979 per
921 1926 973 1963 se
999 1910 1188 1979 ipsum,
1222 1910 1447 1965 liberum
1489 1911 1765 1965 arbitrium
1791 1927 1804 1975 ;
1834 1910 1886 1963 in
1917 1926 1981 1965 eo
2004 1923 2133 1963 vero

542 1996 680 2067 quod
704 1999 934 2068 positum
955 2009 1055 2066 est,
1078 2000 1531 2074 per'seductionem,
1556 2001 1817 2072 intelligas
1843 1999 2131 2065 diabolum,

541 2104 646 2142 non
676 2104 1046 2158 olipressorem
1070 2092 1238 2157 inviti,
1270 2091 1363 2147 sed
1392 2102 1708 2147 tentatorem
1741 2092 1988 2147 volentis.

610 2181 840 2239 CAPUT
882 2182 989 2238 Vll.
1037 2216 1110 2226 —
1155 2186 1384 2242 Proinde
1430 2186 1551 2259 quia
1609 2202 1706 2257 ego
1758 2184 2031 2257 respondi,
2082 2190 2136 2239 et

539 2282 792 2344 quantum
814 2276 961 2345 potui
992 2277 1207 2348 probavi
1230 2294 1291 2332 ea
1322 2295 1438 2348 quae
1466 2280 1662 2349 scripta
1690 2286 1815 2333 sunt
1858 2278 1909 2333 in
1960 2274 2134 2333 Libris

539 2368 740 2421 sanctis
770 2366 836 2423 de
867 2370 1233 2437 peccatoribus
1261 2380 1313 2425 et
1350 2372 1415 2425 de
1435 2369 1611 2441 justis,
1666 2386 1772 2425 non
1802 2368 1868 2425 ad
1907 2369 2132 2425 diversi-

545 2466 704 2512 tatem
728 2467 1060 2527 naturarum,
1121 2461 1214 2516 sed
1263 2461 1347 2516 ad
1378 2462 1775 2517 distinetionem
1818 2463 2130 2517 meritorum

539 2548 827 2617 pertinere,
859 2550 914 2605 in
937 2550 1128 2621 quibus
1151 2552 1354 2607 meritis
1379 2568 1485 2607 non
1515 2553 1887 2608 necessitatem
1940 2563 2132 2608 natura

538 2638 829 2705 facit;sed
882 2641 1131 2697 voluntas
1168 2643 1417 2712 culpam;
1458 2643 1725 2714 responde
1777 2652 1834 2699 tu
1887 2643 1954 2698 ad
2003 2643 2131 2699 illud

539 2732 681 2802 quod
699 2732 809 2803 jam
835 2731 1273 2806 interrogavl:Si
1324 2735 1433 2792 Deo
1462 2751 1659 2792 nocere
1724 2737 1855 2791 nihil
1897 2744 2128 2807 poterat,

538 2840 701 2894 quare
722 2833 925 2895 partem
951 2842 1121 2896 suam,
1141 2827 1494 2883 substantiam
1509 2844 1680 2897 suam,
1712 2829 1813 2883 hoc
1845 2828 1989 2899 quod
2018 2829 2132 2898 ipse

538 2917 1005 2987 est,polluendam
1038 2929 1092 2975 et
1139 2918 1404 2991 ligandam
1454 2921 1785 2977 daemonibus
1835 2921 2127 2988 miscuerit,

539 3012 684 3083 quod
713 3015 765 3070 in
795 3015 941 3072 nulla
966 3015 1145 3073 divina
1186 3018 1461 3089 Scriptura
1496 3019 1751 3073 canonica
1784 3017 2021 3086 potueris
2050 3018 2130 3071 in-

539 3106 722 3161 venire
758 3125 769 3160 :
801 3107 847 3162 si
877 3116 1052 3163 autem
1081 3124 1276 3164 nocere
1299 3108 1349 3164 ei
1374 3118 1721 3181 poterat,non
1754 3108 1919 3161 Deum
1950 3107 2129 3162 ineor-

540 3197 843 3267 ruptibilem
872 3199 1066 3268 colitis,
1097 3198 1165 3255 de
1185 3216 1291 3270 quo
1336 3200 1620 3270 Apostolus
1641 3199 1787 3264 dicit,
1820 3199 2128 3269 Regiautem

538 3291 837 3347 sa'c‘ulorum
865 3292 1160 3359 immortali,
1185 3292 1437 3359 invisibili,
1465 3292 1853 3363 incorruptibili,
1889 3291 1986 3346 soli
2023 3291 2132 3347 Deo

540 3387 700 3440 honor
718 3396 763 3440 et
787 3385 949 3460 gioria
968 3385 1019 3443 in
1039 3386 1225 3444 siccata
1247 3386 1577 3458 δωσυιονιιιιι(
1604 3385 1619 3438 l
1642 3383 1775 3439 Tim.
1795 3401 1832 3451 ι,
1859 3385 1924 3439 17
1953 3383 1994 3455 ).
2023 3384 2131 3439 De-

540 3478 700 3548 nique
726 3479 864 3534 idem
894 3480 1064 3536 dicit:
1102 3479 1237 3537 Deus
1285 3479 1477 3535 habitat
1523 3480 1685 3535 lucem
1735 3478 2133 3532 inaccessibilem

543 3565 715 3639 (Ibid.
738 3585 810 3634 vr,
839 3567 906 3625 16
936 3570 976 3641 ).
1008 3569 1272 3643 Numquid
1313 3570 1378 3625 ad
1430 3572 1571 3626 illam
1621 3573 1794 3627 lucem
1840 3585 1944 3628 non
1976 3582 2131 3627 acce-

539 3658 672 3714 dunt
701 3662 892 3726 sancti,
926 3661 990 3717 de
1021 3663 1211 3732 quibus
1237 3664 1494 3733 scriptum
1522 3672 1619 3729 est,
1652 3663 1885 3716 Accedite
1901 3664 1968 3716 ad
1989 3678 2122 3731 eum,

538 3760 584 3804 et
605 3750 963 3807 illuminamini
990 3751 1009 3825 (
1041 3751 1186 3809 Psal.
1220 3768 1406 3815 χχχιιι,
1439 3754 1472 3809 6
1499 3753 1518 3827 )
1551 3755 1573 3807 ?
1601 3754 1864 3825 Numquid
1888 3753 1953 3808 ad
1985 3754 2128 3808 illam

538 3843 712 3897 lucem
734 3860 837 3899 non
868 3845 1130 3900 accedunt
1174 3845 1239 3900 de
1283 3845 1473 3916 quibus
1511 3845 1724 3914 dicitur,
1759 3843 1904 3899 Beati
1942 3845 2131 3899 mundo

538 3936 710 4001 corde,
742 3935 979 4003 quoniam
1024 3937 1124 4007 ipsi
1157 3935 1322 3991 Deum
1345 3938 1582 3992 uidebunt
1611 3939 1631 3968 ’
1665 3936 1894 4010 (Matth.
1921 3951 1975 4003 v,
2004 3936 2037 3991 8
2069 3934 2133 4005 )Y

538 4024 643 4080 Sed
668 4026 790 4097 quia
816 4041 922 4081 non
947 4024 1012 4082 ad
1034 4018 1154 4083 eam
1195 4038 1372 4099 potest
1413 4029 1689 4095 accedere,
1723 4030 1823 4084 nisi
1873 4030 1958 4084 cui
1989 4029 2131 4083 Deus

539 4118 655 4188 ipse
684 4117 1037 4174 donaveritut
1063 4118 1300 4189 accedat,
1338 4120 1457 4175 ideo
1487 4136 1582 4191 per
1610 4136 1669 4175 se
1690 4120 1855 4191 ipsam
1888 4121 2131 4177 inacces‘

541 4209 709 4263 sibilis
734 4218 833 4264 est.
864 4208 1032 4265 Nemo
1056 4210 1197 4265 enim
1229 4220 1402 4281 potest
1426 4212 1492 4266 ad
1529 4227 1645 4266 eam
1673 4212 1943 4277 accedere,
1971 4224 2128 4283 quem

541 4299 683 4354 Deus
704 4300 935 4357 noluerit
958 4310 1015 4355 ut
1040 4302 1258 4357 accedat
1289 4302 1411 4358 :cui
1463 4312 1639 4358 autem
1690 4302 1986 4371 donaverit,
2010 4304 2131 4374 ipse

540 4391 777 4449 accedet.
819 4392 1099 4463 Quomodo
1118 4410 1244 4466 ergo
1273 4404 1481 4468 poterat
1518 4397 1605 4451 illa
1632 4412 1762 4469 gens
1791 4396 2129 4453 tenebrarum

538 4484 873 4541 accederead
892 4484 1273 4543 habitationem
1302 4488 1415 4553 Dei,
1475 4489 1565 4545 ubi
1619 4498 1701 4545 est
1746 4487 2129 4545 inaccessibills

540 4576 653 4643 lux,
676 4592 782 4647 quo
803 4592 909 4634 non
934 4579 1139 4635 accedit
1173 4580 1273 4635 nisi
1301 4582 1384 4636 cui
1433 4581 1574 4638 Deus
1602 4580 1921 4638 donaverit?
1949 4582 2055 4637 Aut
2084 4582 2128 4636 si

541 4668 739 4724 donum
768 4681 1048 4742 acceperat
1076 4687 1105 4727 a
1135 4671 1243 4728 Deo
1266 4681 1322 4727 ut
1364 4674 1664 4740 accederet,
1691 4673 1757 4728 ad
1815 4688 2127 4743 expugnan-

539 4758 663 4817 dum
689 4777 906 4834 regnum
926 4762 1021 4819 Dei
1042 4780 1148 4819 non
1170 4764 1340 4833 daret,
1362 4775 1416 4821 et
1462 4780 1567 4821 non
1597 4767 1825 4821 timeret.
1860 4766 1917 4821 Si
1948 4775 2126 4821 autem

536 4852 735 4909 donum
765 4856 870 4911 tale
901 4872 1004 4911 non
1043 4856 1263 4912 dederat
1290 4866 1348 4912 ut
1372 4866 1554 4928 posset
1584 4856 1839 4912 accedere
1865 4872 1880 4923 ;
1903 4871 2124 4912 securus

536 4947 587 5003 in
620 4962 716 5002 suo
746 4963 911 5019 regno
962 4959 1098 5015 erat,
1149 4950 1391 5005 habitans
1442 4950 1861 5006 inaccessibilem
1918 4951 2123 5007 lucem:

535 5041 660 5111 quid
690 5049 898 5111 poterat
925 5035 990 5097 de
1013 5042 1347 5097 tenebrarum
1387 5052 1541 5113 gente
1571 5053 1830 5110 metuere,
1858 5052 1913 5098 ut
1945 5043 1996 5099 ei
2025 5044 2126 5098 mi-

534 5143 710 5190 sceret
753 5143 951 5206 partem
996 5150 1184 5201 suam,
1212 5136 1560 5191 substantiam
1606 5152 1776 5205 suam,
1832 5137 1935 5195 hoc
1985 5136 2128 5209 quod

535 5226 649 5299 ipse
683 5236 794 5297 est,
828 5229 1115 5300 ligandam,
1169 5230 1509 5300 premendam
1539 5272 1554 5297 ,
1610 5233 2073 5288 contaminandam
2107 5275 2125 5303 ,

533 5320 622 5375 ubi
672 5336 777 5375 non
825 5321 997 5376 solum
1048 5321 1421 5379 miserabiliter
1470 5332 1740 5380 teneretur
1770 5366 1784 5391 ,
1833 5326 1926 5381 sed
1963 5326 2123 5381 etiam

535 5413 763 5482 turpiter
846 5414 1223 5485 purgaretur?
1282 5411 1355 5470 Ut
1415 5415 1556 5470 enim
1628 5425 1883 5488 purgetur
1946 5416 2069 5473 inde
2106 5459 2123 5487 ,

536 5502 713 5560 dicitis
738 5505 879 5576 quod
922 5505 1109 5562 audire
1166 5504 1319 5561 nefas
1367 5515 1468 5574 est,
1497 5509 1590 5563 sed
1638 5508 1706 5564 ad
1746 5525 1842 5565 vos
1891 5509 2145 5583 confun-q

598 5663 615 5693 ι
650 5666 709 5725 tn_
724 5661 971 5725 victoriais
992 5662 1238 5725 codicibus
1256 5664 1499 5722 scribitur,
1516 5664 1700 5715 levitio.
1720 5665 1849 5725 Apud
1864 5675 1963 5715 Arn.
1981 5674 2033 5717 et
2049 5674 2122 5718 Er.

534 5721 754 5794 uiuit-io.
795 5723 909 5772 Vide
954 5723 1101 5785 infra,
1142 5724 1316 5775 librum
1357 5726 1421 5775 de
1462 5721 1575 5775 Fide
1616 5721 1781 5778 contra
1825 5730 2123 5794 Manicbaaos,

535 5798 640 5876 ait).
740 5846 897 5914 _l.ugd.
913 5836 1195 5914 _ven._Lov'.,
1225 5848 1566 5914 nonnullispbic
1581 5853 1788 5914 omissis,
1812 5853 1936 5907 hanc
1958 5855 2125 5911 lectio-

536 5920 652 5959 nem
678 5908 878 5974 habent,
903 5908 1273 5976 illuminantiui;
1294 5920 1339 5963 et
1361 5910 1502 5976 illud,
1534 5914 1683 5968 Beati.
1713 5908 1809 5967 etc.
1872 5925 1931 5969 Il.

1335 406 1424 464 DE
1453 405 1648 464 ACTlS
1684 402 1825 461 CUM
1864 396 2106 459 FELICE
2146 392 2545 468 MANICHIEO,
2586 399 2645 456 S.
2686 400 3053 459 AUGUSTINI

2253 513 2456 569 dendos
2517 521 2573 569 et
2626 514 2763 571 forte
2829 516 3111 574 salvandos
3141 557 3159 586 ,
3210 523 3394 575 tacere
3450 534 3567 585 non
3641 537 3843 594 possu-

2250 622 2368 662 mus
2399 625 2412 661 :
2446 616 2503 662 ut
2533 617 2783 679 purgetur
2800 610 2925 665 inde
2945 624 3070 680 pars
3097 611 3408 677 Dei,dlcitis
3427 612 3483 670 in
3507 630 3649 673 nave
3684 618 3846 687 locis,

2248 714 2404 770 quam
2434 701 2600 755 solem
2626 703 2921 773 appellatis,
2945 703 3200 761 facientes
3216 705 3464 776 iniuriam
3494 710 3734 766 Creatori
3750 727 3849 767 so-

2248 790 2334 859 lis,
2364 801 2418 847 et
2446 793 2544 863 ipsi
2572 790 2671 848 soli
2694 809 2851 865 quem
2886 798 2964 852 sic
2989 796 3165 853 dicitis
3184 797 3401 866 factum,
3424 800 3515 856 ubi
3541 811 3689 857 tanta
3720 814 3847 858 Iuro

2247 885 2433 957 pitudo
2448 888 2751 949 celebretur
2778 909 2792 945 :
2821 890 2996 947 dicitis
3034 894 3176 947 enim
3216 893 3324 949 illic
3378 896 3610 965 positum
3641 897 3843 964 Deum,

2246 977 2468 1033 virtutes
2494 994 2616 1035 suas
2639 992 2951 1038 convertere
3001 984 3056 1038 in
3109 986 3393 1053 masculos,
3424 987 3491 1042 ad
3521 989 3843 1045 irritandum

2246 1073 2702 1142 conenpiscentias
2766 1076 3069 1132 dzemonum
3117 1078 3561 1146 feminarum;et
3616 1084 3845 1139 eosdem

2246 1178 2430 1219 rursus
2455 1177 2766 1225 convertere
2792 1170 2843 1225 in
2874 1171 3117 1237 feminas,
3160 1172 3227 1228 ad
3279 1173 3595 1231 irritandam
3636 1191 3845 1232 conon-

2246 1255 2529 1324 piscentias
2568 1259 2869 1316 dzemonum
2897 1264 3291 1331 masculorum;
3325 1274 3383 1321 ut
3408 1281 3529 1321 cum
3554 1267 3846 1324 daemoniis

2246 1344 2489 1415 injiciunt
2532 1348 2827 1419 libidinem,
2892 1354 3135 1410 accensis
3182 1356 3235 1410 in
3278 1356 3475 1413 formas
3501 1360 3758 1414 conﬁctas
3811 1372 3843 1414 a

2246 1435 2375 1495 Deo.
2408 1439 2711 1495 relaxentur
2757 1444 2994 1498 membra
3042 1460 3251 1507 eorum.
3285 1456 3339 1502 et
3376 1449 3455 1502 sic
3495 1448 3687 1503 evadat
3713 1464 3843 1517 pars

2244 1526 2339 1580 Dei
2368 1544 2487 1598 qua:
2517 1530 2584 1584 ibi
2614 1531 3055 1604 fueritcolligata.
3086 1536 3198 1591 Hoc
3225 1546 3429 1592 tantum
3455 1540 3833 1609 opprobrium,

2245 1616 2347 1673 hoe
2368 1630 2569 1675 tantum
2597 1624 2933 1695 sacrilegium
2960 1628 3182 1683 credere
3211 1630 3325 1683 ausi
3349 1630 3495 1697 estis,
3544 1640 3598 1686 et
3642 1632 3843 1701 praedi-

2243 1725 2365 1766 care
2387 1728 2492 1767 non
2517 1714 2791 1774 dubitatis.
2822 1718 2946 1773 Haec
2972 1729 3096 1775 sunt
3118 1721 3291 1777 media
3319 1722 3578 1779 doctrinae
3613 1734 3835 1780 vestrae.

2244 1801 2390 1857 Finis
2416 1820 2543 1859 vero
2564 1807 2683 1876 quis
2710 1810 2835 1863 est?
2872 1810 3022 1877 Quis,
3052 1812 3152 1866 nisi
3178 1813 3297 1884 quia
3321 1829 3427 1868 non
3472 1815 3643 1885 potuit
3688 1817 3839 1872 Deus

2243 1902 2410 1949 totum
2456 1898 2725 1967 purgare?
2768 1901 2834 1954 Et
2875 1902 2997 1971 quia
3029 1916 3134 1957 non
3185 1907 3373 1974 potuit,
3415 1905 3678 1961 facturum
3711 1908 3839 1965 inde

2240 1986 2415 2043 dicitis
2439 1990 2869 2047 veluttectorium
2885 1995 3031 2064 genti
3046 1997 3405 2066 tenebrarum,
3425 2008 3483 2053 ut
3504 2000 3572 2055 ibi
3599 2000 3653 2055 in
3672 2010 3837 2056 teter-

2240 2094 2367 2133 num
2393 2080 2674 2137 damnetur
2703 2084 2845 2155 quod
2889 2088 3101 2157 purgari
3139 2103 3245 2143 non
3278 2091 3470 2159 potuit,
3498 2100 3551 2145 et
3574 2091 3708 2146 nihil
3738 2107 3836 2147 sua

2238 2180 2429 2241 sponte
2448 2174 2732 2230 commisit.
2756 2175 2829 2230 ita
2858 2177 2913 2232 iit
2943 2188 2999 2232 ut
3020 2178 3154 2235 deus
3174 2190 3372 2247 vester,
3403 2197 3507 2237 non
3532 2196 3712 2248 verus,
3736 2181 3835 2238 sed

2240 2262 2414 2329 fictus,
2447 2281 2552 2319 non
2570 2266 2762 2321 alicubi
2816 2270 3156 2338 constitutus,
3189 2271 3289 2328 sed
3335 2275 3389 2327 in
3416 2274 3582 2329 corde
3635 2284 3824 2330 vestro

2239 2353 2575 2425 imaginatus,
2602 2367 2804 2428 partem
2852 2375 3001 2415 suam
3026 2364 3246 2418 misceat
3298 2365 3597 2434 infeliciter,
3639 2378 3833 2438 purget

2238 2448 2482 2517 turpiter,
2541 2450 2755 2507 damnet
2780 2453 3085 2510 crudeliter.
3117 2457 3199 2511 Ad
3224 2457 3337 2513 hac
3377 2475 3506 2531 ergo
3537 2462 3827 2531 responde,

2238 2551 2293 2597 et
2320 2543 2492 2613 incipe
2522 2545 2589 2599 ab
2608 2546 2697 2599 illo
2723 2547 2865 2618 quod
2894 2548 3026 2615 dixi,
3054 2564 3217 2620 quare
3260 2553 3399 2608 Deus
3427 2554 3642 2609 miscuit
3669 2555 3828 2611 istam

2239 2644 2442 2705 partem
2466 2652 2637 2704 suam,
2666 2639 2751 2694 cui
2793 2640 2925 2693 nihil
2966 2657 3163 2698 nocere
3187 2653 3540 2713 poterat;aut
3568 2646 3613 2701 si
3633 2648 3827 2718 potuit,

2237 2729 2505 2798 quomodo
2530 2731 2598 2784 sit
2625 2731 3062 2803 incorruptibilis.

2309 2820 2535 2878 CAPUT
2577 2823 2814 2878 Vill.—
2862 2824 2995 2880 Fu.
3049 2826 3184 2882 dixit
3215 2844 3229 2881 :
3258 2827 3539 2886 Crudelem
3587 2832 3835 2888 asseritis

2236 2910 2585 2967 Manichaeum
2615 2914 2728 2970 haec
2756 2915 3018 2972 dicentem
3055 2934 3068 2972 :
3094 2918 3163 2974 de
3181 2919 3397 2978 Christo
3426 2922 3552 2993 quid
3578 2923 3829 2991 dicimus,

2236 3001 2325 3071 qui
2350 3001 2503 3067 dixit,
2533 3002 2612 3057 Ite
2635 3005 2687 3058 in
2710 3006 2875 3076 ignem
2897 3017 3137 3062 (sternunt
3172 3008 3191 3081 (
3216 3009 3403 3067 Matth.
3447 3026 3581 3081 xxv,
3614 3014 3679 3070 4i
3708 3012 3732 3089 )
3759 3015 3785 3067 Υ

2310 3098 2443 3150 Anc.
2468 3095 2602 3150 dixit
2637 3114 2651 3152 :
2681 3098 3057 3154 Peccatoribus
3085 3100 3185 3156 huc
3209 3102 3363 3158 dixit.
3460 3141 3464 3146 .

2308 3183 2437 3239 Ρη.
2466 3186 2599 3241 dixit
2625 3205 2637 3241 :
2660 3186 2749 3241 isti
2774 3199 3078 3258 peccatores
3107 3207 3272 3262 quare
3296 3207 3401 3249 non
3425 3195 3631 3266 purgati
3660 3206 3791 3253 sunt
3806 3196 3834 3252 ἲ

2307 3279 2442 3335 Anc.
2462 3279 2592 3334 dixit
2620 3300 2632 3336 :
2660 3283 2790 3348 Quia
2819 3285 3127 3340 noluerunt.

2308 3369 2440 3425 FEL.
2468 3372 2595 3427 dixit
2634 3391 2646 3428 :
2674 3374 2804 3442 Quia
2833 3376 3140 3443 noluerunt,
3184 3378 3287 3434 hoc
3313 3378 3543 3437 dixisti?

2308 3463 2441 3517 Anc.
2467 3464 2599 3519 dixit
2631 3481 2645 3518 :
2672 3464 2786 3521 Hoc
2810 3466 2942 3533 dixi,
2973 3469 3094 3538 quia
3123 3470 3431 3526 noluerunt.

2307 3554 2444 3610 FEL.
2474 3556 2644 3612 dixit:
2674 3558 2850 3627 Quare
2869 3561 3202 3617 noluerunt?
3238 3564 3437 3635 Estqni
3467 3580 3574 3621 non
3597 3567 3713 3623 vult
3733 3582 3832 3624 cu-

2235 3646 2387 3704 rari?
2424 3649 2611 3721 estqui
2635 3663 2739 3704 non
2763 3650 2874 3705 vult
2901 3653 3160 3723 purgari?
3187 3655 3377 3725 estqui
3422 3671 3527 3711 non
3578 3658 3693 3713 vult
3714 3659 3834 3715 illu-

2236 3743 2424 3796 minari
2450 3744 2623 3812 ?Quis
2652 3741 2897 3801 infirmus
2923 3752 3006 3799 est
3033 3747 3121 3814 qui
3152 3762 3257 3801 non
3286 3750 3399 3802 vult
3433 3750 3499 3805 ad
3538 3751 3827 3808 sanitatem

2234 3835 2772 3893 venire?Sicrudele
2820 3848 2902 3893 est
2944 3835 3085 3910 quod
3120 3838 3444 3898 Manichtcus
3499 3841 3656 3910 dixit,
3705 3846 3830 3914 quia

2234 3927 2408 3998 aliqua
2435 3943 2557 3998 pars
2581 3929 2672 3985 Dei
2715 3946 2835 4001 quae
2863 3948 2921 3988 se
2939 3948 3165 4004 purgare
3212 3952 3321 3990 non
3351 3936 3540 4007 potuit,
3588 3936 3642 3993 in
3670 3937 3831 4009 globo

2235 4018 2391 4088 ligata
2419 4030 2499 4075 est
2528 4021 2665 4077 :hoc
2692 4024 2909 4080 crudele
2933 4041 3040 4081 non
3067 4037 3168 4094 est,
3202 4038 3259 4083 ut
3283 4028 3527 4086 Christus
3552 4032 3641 4103 qui
3669 4030 3824 4100 dixit,

2236 4109 2350 4181 Ego
2378 4121 2593 4182 prepter
2627 4122 2932 4183 peccatores
2963 4117 3120 4180 veni;
3150 4120 3310 4175 modo
3353 4121 3419 4177 ad
3460 4123 3638 4193 ignem
3669 4131 3828 4179 aeter-

2234 4216 2363 4255 num
2414 4202 2533 4257 illos
2576 4205 2783 4274 mittat,
2827 4206 2979 4276 cujus
3036 4224 3229 4265 nomen
3286 4214 3690 4282 portaverant?
3720 4214 3826 4271 Sed

2234 4292 2502 4361 mandata,
2530 4294 2709 4361 credo,
2734 4312 2839 4351 non
2870 4306 3155 4367 potuerunt
3182 4303 3471 4371 complere.
3501 4304 3556 4359 Si
3577 4304 3683 4360 hoc
3702 4321 3825 4362 crn-

2233 4384 2353 4440 dele
2381 4394 2483 4450 est,
2512 4388 2777 4443 crudelius
2797 4397 2882 4445 est
2901 4398 2956 4445 et
2978 4391 3124 4447 illud.
3146 4393 3203 4448 Si
3248 4394 3377 4449 illud
3412 4396 3685 4453 crudelius
3716 4409 3819 4465 est,

2233 4477 2356 4547 quia
2387 4477 2528 4534 Deus
2554 4480 2675 4536 illus
2699 4494 2805 4536 non
2833 4484 3002 4552 potuit
3030 4501 3276 4556 purgare,
3319 4497 3373 4543 et
3397 4487 3557 4558 globo
3580 4489 3770 4562 iigavit
3801 4510 3814 4561 ;

2233 4580 2286 4626 ct
2312 4571 2363 4626 id
2391 4571 2658 4629 crudelius
2677 4574 2882 4631 videtur
2901 4592 3038 4643 esse,
3068 4595 3201 4649 quos
3231 4581 3478 4638 Christus
3520 4601 3627 4639 non
3655 4588 3823 4655 potuit

2233 4678 2480 4733 purgare,
2513 4664 2579 4718 ad
2611 4665 2787 4735 ignem
2814 4676 3070 4723 aeternum
3107 4672 3317 4728 mittere
3343 4690 3355 4726 :
3386 4673 3489 4730 hoc
3526 4675 3659 4731 mibi
3684 4678 3823 4734 San-

2233 4754 2387 4809 ctitas
2416 4764 2502 4809 tua
2531 4766 2764 4826 esponat
2792 4758 2857 4813 de
2880 4760 2991 4829 ipsa
3020 4762 3356 4820 crudelitate.

2304 4849 2438 4904 Avo.
2469 4848 2599 4903 dixit
2630 4867 2641 4903 :
2672 4850 2726 4906 Si
2757 4865 2818 4906 ea
2856 4868 2974 4923 quae
3010 4855 3119 4925 jam
3164 4856 3293 4923 dixi,
3326 4859 3409 4913 vel
3436 4858 3819 4931 intellexisses,

2232 4941 2315 4997 vel
2340 4950 2392 4998 te
2421 4943 2713 5016 intelligere
2739 4945 2981 5003 fatereris
3011 4952 3029 5016 (
3057 4948 3299 5007 fortassis
3318 4953 3460 5009 enim
3488 4971 3593 5010 non
3617 4954 3823 5013 haben-

2231 5031 2300 5088 do
2320 5032 2445 5104 quid
2467 5035 2631 5099 dicas,
2658 5036 2852 5092 fitixisti
2882 5047 2931 5093 te
2961 5054 3066 5094 non
3091 5041 3539 5115 intelligerequod
3570 5057 3816 5118 apertum

2232 5134 2316 5181 est
2340 5123 2384 5199 ),
2412 5126 2509 5181 ista
2536 5143 2643 5182 non
2665 5128 2890 5185 diceres.
2911 5132 3026 5187 Jam
3057 5135 3197 5189 enim
3228 5135 3459 5193 diximus
3484 5148 3537 5194 et
3570 5136 3845 5210 probavi-'7

2231 5232 2348 5274 mus
2375 5235 2473 5291 per
2492 5220 2699 5277 divinas
2724 5223 3046 5294 Scripturas,
3076 5242 3195 5282 esse
3216 5227 3442 5287 liberum
3488 5233 3774 5290 arbitrium
3802 5253 3815 5290 :

2232 5309 2399 5365 Deum
2431 5321 2607 5368 autem
2635 5329 2754 5369 esse
2775 5315 2925 5372 liberi
2977 5316 3179 5373 arbitrii
3204 5319 3410 5391 justum
3435 5322 3695 5394 iudicem,
3729 5342 3821 5382 re-

2230 5413 2622 5461 muneratoretn
2651 5405 2884 5462 fidelium
2914 5407 3069 5479 eique
3117 5425 3175 5466 se
3217 5410 3614 5485 subjicientium
3650 5425 3705 5473 et
3723 5432 3821 5472 vo-

2231 5496 2451 5552 lentium
2479 5513 2538 5553 se
2563 5500 2763 5567 sanari,
2792 5500 3159 5559 damnatorem
3187 5514 3365 5562 autem
3385 5508 3742 5579 superborum
3768 5514 3822 5567 et

2231 5588 2534 5660 impiorum.
2563 5590 2696 5658 Quia
2716 5606 2845 5662 ergo
2872 5591 2937 5646 ad
2977 5602 3287 5662 peccatores
3324 5598 3595 5657 sanandos
3650 5602 3820 5669 venit,

2229 5689 2381 5736 sanat
2424 5682 2606 5752 utique
2641 5694 2859 5753 peccata
2908 5686 3205 5755 confessos,
3254 5701 3406 5746 sanat
3454 5692 3819 5763 ptenitentes:

2228 5775 2497 5829 neminem
2523 5783 2700 5829 autem
2733 5777 2956 5847 paenitet
2984 5792 3107 5835 cum
3152 5780 3287 5836 alius
3336 5785 3614 5853 peccavit:
3651 5787 3748 5842 sed
3777 5788 3823 5842 si

2228 5877 2313 5927 est
2338 5870 2646 5941 pmnitentia
2667 5870 2812 5941 justa
2838 5881 2894 5929 et
2939 5888 3122 5944 verax,
3149 5874 3291 5932 unde
3315 5885 3371 5934 et
3416 5877 3533 5950 ipse
3558 5879 3822 5937 Dominus
