4028 6440
225 425 318 480 5H
1562 428 1766 486 LIBER
1801 417 2170 486 SECUNDUS.

1945 545 2158 602 Verbum
2182 561 2299 602 caro
2327 546 2517 618 factum
2539 555 2632 620 est,
2664 556 2712 604 et
2739 547 2980 606 habitavit
3025 549 3080 608 in
3105 551 3246 608 nobis
3300 551 3322 628 (
3346 553 3504 612 Joan.
3605 567 3616 574 '

233 544 368 608 dicit,
403 541 532 600 Non
551 543 672 604 veni
705 559 883 602 uncae
925 545 1112 618 iustos,
1139 544 1228 602 sed
1267 554 1551 616 peccatores
1577 545 1628 600 in
1659 547 1820 618 parui-

235 623 428 692 tertiam
455 637 472 706 (
501 634 704 692 Matth.
733 653 810 706 tx,
837 638 940 708 i3)
971 655 986 703 ;
1019 639 1130 708 ipsa
1149 637 1464 708 poenitentia
1493 636 1694 694 indicat
1715 653 1822 692 non

237 731 412 788 aliena:
433 743 558 786 esse
607 741 837 800 naturai,
865 730 961 788 sed
1003 731 1292 788 voluntatis
1347 741 1566 804 nostrae,
1607 731 1652 792 si
1695 729 1825 802 quid

235 821 362 878 forte
381 836 700 890 peccamus.
723 823 858 880 Nam
877 823 924 880 si
945 824 1052 882 alio
1079 833 1354 894 peccante,
1381 823 1542 878 alium
1577 825 1824 893 panitet,

237 931 336 972 non
355 923 442 970 est
465 915 574 974 ista
593 917 852 988 prudens,
887 916 986 974 sed
1010 917 1200 974 insana
1250 917 1584 986 pcenitentia.
1616 915 1820 974 Secun-

237 1007 356 1064 dum
374 1021 474 1062 vos
493 1019 682 1066 autem
727 1010 870 1066 nulla
919 1019 1138 1082 peccata
1161 1017 1308 1066 sunt.
1336 1009 1479 1066 Gens
1503 1009 1645 1066 enim
1677 1019 1826 1068 tene-

235 1101 444 1158 brarum
471 1116 586 1156 non
615 1110 826 1178 peccat.
849 1101 974 1176 quia
1001 1117 1150 1158 suam
1179 1111 1422 1160 naturam
1449 1101 1570 1158 facit
1607 1119 1619 1156 :
1665 1109 1823 1158 natu-

235 1206 288 1246 ra
316 1191 450 1246 lucis
471 1207 582 1246 non
618 1202 818 1262 peccat.
852 1193 972 1263 quia
993 1193 1134 1264 quod
1177 1192 1330 1259 facit,
1363 1193 1537 1248 facere
1590 1193 1816 1260 cogitur.

233 1281 442 1340 Nullum
467 1285 830 1354 ergoinvenis
879 1293 1155 1354 peccatum
1195 1282 1338 1354 quod
1391 1283 1613 1340 thimnet
1661 1283 1818 1350 Deus,

231 1374 436 1430 nullum
497 1375 710 1430 iuvenis
753 1385 1024 1448 peccatum
1070 1373 1211 1448 quod
1287 1372 1598 1446 poenitentia
1646 1372 1817 1442 possit

234 1467 426 1520 sanari.
461 1465 522 1522 Si
549 1477 730 1520 autem
775 1466 1086 1536 ptenitentia
1107 1473 1214 1532 est,
1243 1474 1295 1520 et
1320 1465 1473 1536 culpa
1491 1471 1612 1520 est:
1651 1463 1824 1518 sicul-

233 1567 498 1630 paest,et
525 1560 770 1614 voluntas
805 1569 886 1614 ost
911 1577 932 1612 ι
955 1559 1000 1612 si
1042 1559 1286 1612 voluntas
1329 1565 1410 1612 est
1456 1558 1506 1612 in
1533 1555 1818 1625 peccando,

235 1660 556 1710 natur-anon
596 1659 680 1706 est
707 1667 826 1720 qua:
869 1657 1040 1722 cogat.
1077 1649 1182 1706 Sed
1240 1650 1286 1706 si
1329 1649 1454 1720 quid
1497 1649 1821 1706 infirmitatis

235 1745 530 1814 patiuntur,
556 1743 648 1814 qui
675 1758 782 1798 non
809 1751 1034 1814 possunt
1049 1741 1272 1812 implere
1292 1740 1430 1812 quod
1449 1741 1660 1800 volunt;
1681 1739 1821 1796 unde

233 1836 522 1905 Apostolus
551 1835 746 1890 Paulus
775 1833 924 1902 dicit,
955 1834 1110 1890 Video
1138 1832 1294 1890 aliam
1329 1832 1488 1910 legem
1508 1831 1561 1888 in
1584 1831 1820 1886 membris

235 1928 372 1994 meis,
395 1938 766 1998 repugnantem
792 1928 889 2000 tegi
917 1927 1094 1982 mentis
1122 1941 1266 2006 mete.
1290 1937 1336 1982 et
1361 1927 1698 1998 captivantem
1739 1943 1818 1980 me

233 2021 282 2072 in
301 2021 410 2094 lege
445 2019 662 2089 peccati,
713 2034 824 2092 qua:
865 2028 937 2074 est
979 2019 1032 2074 in
1077 2018 1312 2076 membris
1355 2019 1477 2074 meis
1508 2019 1524 2086 (
1551 2019 1702 2074 Rom.
1726 2034 1816 2086 vn,

233 2111 298 2166 23
325 2111 344 2182 )
375 2111 760 2170 :maniicstum
788 2109 995 2168 esthoc
1037 2109 1250 2166 venisse
1298 2109 1365 2166 de
1395 2109 1613 2164 traduce
1665 2107 1822 2178 primi

235 2205 434 2278 peccati
463 2203 660 2268 Adam,
684 2212 738 2258 et
763 2204 831 2260 de
876 2203 1258 2260 consuetudine
1285 2202 1443 2264 mala.
1475 2203 1606 2260 Nam
1633 2203 1821 2260 hodie-

242 2312 344 2368 que
367 2297 384 2328 ¹
417 2296 588 2354 libera
629 2296 904 2352 voluntate
957 2295 1156 2352 faciunt
1198 2295 1446 2352 homines
1481 2294 1822 2352 consuetudi—

233 2404 374 2456 nem,
399 2404 562 2462 quam
579 2404 704 2444 cum
727 2387 970 2454 fecerint,
989 2386 1142 2444 facile
1160 2402 1414 2458 superare
1441 2402 1546 2442 non
1565 2395 1819 2457 possunt:

233 2483 328 2552 ipsi
357 2483 608 2554 ergosibi
634 2480 1200 2552 deseipsisfecerunt,
1251 2480 1392 2552 quod
1429 2480 1696 2538 contraria
1737 2479 1819 2536 lex

237 2575 438 2630 habitet
467 2577 486 2606 ²
511 2575 568 2630 in
599 2574 852 2632 inumbris
896 2589 1104 2630 eorum.
1140 2572 1246 2630 Sed
1277 2573 1366 2644 qui
1400 2573 1709 2652 concipiunt
1747 2574 1817 2628 ti-

233 2685 438 2726 morem
469 2669 590 2736 Dei,
623 2677 679 2724 et
729 2683 826 2740 per
869 2667 1096 2724 liberum
1151 2667 1430 2724 arbitrium
1481 2667 1716 2722 subdunt
1758 2682 1817 2728 se

233 2760 500 2818 sanandos
522 2761 726 2830 Optimo
753 2759 982 2827 medico,
1002 2767 1056 2814 et
1081 2758 1218 2814 sicut
1237 2759 1377 2814 bono
1398 2759 1648 2824 curatori,
1671 2759 1738 2814 ita
1759 2765 1814 2814 et

231 2854 566 2922 misericordi
587 2854 842 2920 creatori,
873 2868 968 2924 per
995 2853 1346 2910 humilitatem
1390 2851 1739 2908 confessionis
1762 2859 1818 2908 et

231 2948 558 3018 pteoitentize
581 2955 858 3006 sanantur.
881 2946 1106 3018 Superbi
1137 2960 1265 3002 vero
1291 2945 1528 3002 dicentes
1549 2960 1608 3000 se
1621 2944 1816 3016 justus,

231 3049 320 3094 aut
335 3038 567 3095 dicendo
595 3039 722 3108 quia
753 3054 855 3094 non
879 3045 1104 3108 peccant
1128 3037 1250 3108 ipsi,
1294 3035 1388 3092 sed
1435 3035 1578 3092 aliud
1607 3035 1662 3094 in
1708 3035 1813 3092 illis

231 3138 434 3200 peccat,
453 3139 512 3186 et
531 3129 636 3188 alia
659 3139 846 3188 natura
875 3129 942 3186 de
967 3129 1070 3184 illis
1093 3136 1296 3200 peccat,
1329 3143 1422 3197 per
1439 3128 1606 3198 ipsam
1623 3143 1814 3198 super-

231 3222 370 3276 biam
395 3235 546 3276 suam
601 3228 656 3276 et
709 3219 1029 3278 insanabiles
1081 3219 1232 3284 fiunt,
1266 3227 1320 3276 et
1347 3219 1693 3290 experiuntur
1726 3218 1816 3288 ju-

231 3313 648 3383 stumjudicium
679 3311 794 3380 Dei,
826 3311 916 3388 qui
959 3311 1202 3382 superbis
1246 3311 1468 3378 resistit,
1519 3309 1810 3368 humilibus

229 3413 408 3460 autem
453 3403 545 3458 dat
579 3404 802 3474 gratiam
834 3403 852 3471 (
879 3401 1059 3456 Jacobi
1095 3418 1170 3466 IV,
1199 3400 1296 3472 6).
1326 3400 1440 3456 Non
1467 3408 1552 3456 est
1579 3416 1706 3472 ergo
1736 3401 1817 3456 in-

229 3495 446 3568 dignum
468 3503 528 3552 ut
549 3497 691 3554 Deus
712 3493 872 3558 dicat,
903 3493 987 3550 Ite
1027 3493 1080 3548 in
1131 3494 1300 3564 ignem
1335 3502 1598 3564 cateruam,
1625 3493 1705 3549 eis
1724 3495 1816 3564 qui

229 3587 344 3655 ejus
355 3584 778 3642 misericordiam
803 3600 897 3654 per
919 3584 1142 3640 liberum
1165 3583 1444 3640 arbitrium
1459 3595 1774 3654 respuerant
1796 3603 1811 3642 :

231 3685 286 3732 et
329 3677 490 3741 dicat,
533 3675 730 3750 Venite,
787 3675 1032 3732 benedicti
1077 3673 1250 3730 Patris
1297 3675 1414 3744 mei,
1459 3675 1697 3746 percipite
1737 3693 1816 3732 re-

227 3785 380 3840 gnum
409 3766 428 3842 (
458 3768 646 3822 Matth.
670 3783 802 3836 xxv,
831 3767 920 3832 bi,
948 3767 1018 3822 δι
1039 3767 1082 3840 ),
1115 3765 1194 3822 eis
1233 3767 1320 3836 qui
1351 3781 1446 3836 per
1476 3767 1698 3822 liberum
1725 3781 1811 3824 ar-

229 3861 442 3916 bitrium
477 3861 638 3916 ﬁdem
666 3861 784 3932 ejus
807 3869 1173 3932 susceperunt,
1217 3869 1436 3932 peccata
1465 3875 1558 3914 sua
1599 3861 1812 3918 confes-

227 3953 270 4008 si
318 3961 468 4018 sunt,
523 3953 888 4024 paenitentiam
953 3959 1214 4024 egerunt,
1267 3951 1652 4020 displicuerunt
1711 3953 1812 4008 slbi

227 4047 410 4118 quales
435 4046 668 4112 fuerunt,
701 4053 757 4102 et
776 4045 960 4116 quales
987 4061 1082 4116 per
1116 4059 1238 4100 eum
1279 4043 1400 4100 facti
1430 4052 1555 4100 sunt
1584 4043 1658 4098 illi
1687 4043 1808 4114 pla-

228 4148 468 4196 cuerunt.
499 4139 579 4194 Tu
626 4153 754 4210 ergo
779 4138 890 4210 jam
914 4137 982 4194 ad
1026 4138 1128 4194 hoc
1175 4137 1316 4208 quod
1361 4137 1682 4208 interrogavi
1728 4153 1814 4194 re-

227 4230 466 4302 sponde:
497 4229 592 4286 sed
641 4231 920 4302 impetrem
943 4245 974 4286 a
1005 4238 1077 4298 te,
1111 4245 1178 4286 ne
1207 4245 1383 4286 moras
1409 4230 1704 4302 superﬂuas
1729 4231 1806 4288 fa-

227 4325 428 4380 ciamus
459 4343 472 4378 :
505 4323 562 4380 Si
594 4323 706 4380 Deo
729 4339 925 4380 nocere
957 4321 1086 4380 nihil
1119 4331 1348 4392 poterat,
1379 4338 1545 4394 quare
1585 4323 1688 4380 huc
1709 4339 1809 4380 nos

227 4415 419 4470 misit?
467 4415 524 4472 Si
569 4430 764 4472 nouere
819 4422 1046 4486 poterat,
1104 4428 1212 4472 non
1263 4423 1348 4472 est
1396 4415 1810 4488 incorruptibilis

229 4507 390 4564 Deus.

289 4601 522 4658 CAPUT
561 4601 652 4658 IX.
695 4631 769 4642 —
805 4601 936 4660 Fet.
982 4600 1116 4658 dixit
1149 4619 1162 4656 :
1207 4601 1262 4656 Si
1302 4600 1411 4658 Deo
1449 4615 1646 4660 nocere
1675 4603 1806 4660 nihil

227 4704 450 4766 poterat,
473 4711 640 4766 quare
667 4694 770 4752 huc
795 4693 989 4752 Filium
1018 4709 1172 4750 suum
1203 4692 1385 4750 misit?

287 4789 432 4842 Avo.
464 4785 601 4842 dixit
633 4804 647 4842 :
681 4785 814 4840 Vide
847 4785 1290 4856 quemadmodum
1333 4799 1544 4856 semper
1583 4785 1810 4840 interro-

227 4891 332 4948 gas,
367 4886 422 4932 et
445 4877 512 4932 ad
541 4877 863 4948 interrogata
888 4877 1210 4947 respondere
1237 4893 1340 4932 non
1369 4877 1470 4932 vis.
1501 4875 1638 4930 Audi
1669 4876 1808 4948 quod

229 4971 600 5042 interrogasti,
641 4980 912 5026 memento
942 4980 1116 5026 tamen
1147 4980 1197 5026 te
1225 4969 1292 5024 ad
1317 4985 1378 5026 ea
1407 4985 1526 5040 quzc
1556 4969 1674 5024 dico
1703 4987 1806 5026 non

231 5063 582 5136 respondere,
615 5077 704 5118 me
729 5071 908 5118 autem
939 5061 1282 5132 respondere.
1316 5061 1424 5118 Deo
1454 5078 1650 5120 nocere
1679 5063 1806 5118 nihil

227 5161 399 5222 potest
425 5172 442 5210 :
473 5153 568 5210 sed
591 5151 786 5212 filium
811 5168 962 5208 suum
991 5153 1134 5208 misit
1160 5195 1175 5222 ,
1208 5163 1266 5210 ut
1292 5169 1450 5210 carne
1479 5153 1804 5226 indueretur,

227 5251 276 5296 et
313 5244 620 5300 hominibus
647 5255 962 5318 appareret,
991 5255 1300 5318 peccatores
1327 5254 1576 5310 sanaret,
1610 5247 1662 5302 in
1693 5249 1804 5318 ipsa

227 5347 386 5390 carne
411 5345 682 5406 pateretur
725 5349 822 5406 pro
857 5335 1030 5402 nobis,
1073 5351 1232 5406 quam
1271 5337 1494 5406 sumpsit
1536 5352 1599 5392 ex
1631 5337 1802 5394 nobis.

227 5423 280 5484 in
307 5443 404 5482 sua
431 5429 628 5498 quippe
657 5435 842 5482 natura
870 5427 976 5497 pati
999 5427 1129 5482 nihil
1156 5436 1399 5498 poterat;
1431 5428 1552 5498 quia
1581 5429 1632 5484 in
1659 5429 1803 5502 prin-

225 5519 352 5588 cipio
372 5529 474 5574 erat
508 5519 740 5586 Verbum,
765 5528 811 5576 et
849 5518 1066 5574 Verbum
1088 5527 1196 5574 erat
1221 5519 1360 5588 apud
1380 5517 1566 5588 Deum,
1595 5531 1640 5576 et
1665 5519 1804 5578 Deus

227 5621 326 5664 erat
361 5609 594 5668 Verbum.
627 5609 686 5668 lu
709 5608 812 5666 hac
836 5620 1020 5668 natura
1045 5651 1062 5676 ,
1097 5611 1218 5681 quia
1247 5607 1386 5668 Deus
1414 5621 1522 5666 erat
1561 5605 1798 5682 Verbum,

226 5702 330 5767 pati
355 5701 480 5756 nihil
507 5703 602 5758 ille
625 5710 852 5772 poterat.
877 5699 946 5756 Ut
965 5710 1140 5757 autem
1168 5701 1277 5771 pati
1304 5717 1400 5772 pro
1427 5701 1577 5760 nobis
1599 5713 1800 5775 posset,

285 5837 304 5903 ξ
337 5841 408 5888 Er.
429 5838 579 5903 Lugd.
609 5845 724 5903 Ven.
749 5843 876 5898 tum,
903 5835 1070 5903 hodie,
1089 5898 1102 5903 _
1122 5841 1184 5888 lit.

285 5901 306 5932 ι
341 5907 388 5950 In
407 5898 532 5964 nasi,
558 5901 687 5966 quod
709 5905 874 5954 mura
891 5913 970 5954 eos
985 5898 1181 5952 habitet.

3398 435 3506 494 δη

1931 637 2193 706 ι,1,1ιί).
2246 635 2462 694 Verbum
2506 657 2624 696 caro
2667 641 2860 712 factum
2892 653 2998 712 est,
3048 645 3367 704 assumendo
3391 664 3507 704 car-

1931 743 2074 794 nem,
2107 743 2211 784 non
2238 741 2498 786 mutatum
2530 733 2582 788 in
2627 749 2839 790 carnem
2875 753 2889 792 :
2919 737 3208 808 assumpsit
3233 739 3374 794 enim
3405 740 3510 794 hu-

1931 819 2259 888 manitatem,
2288 836 2392 876 non
2417 819 2594 878 amisit
2616 823 2966 882 divinitatem.
2993 825 3171 900 Itaque
3194 829 3332 884 idem
3367 831 3508 886 Deus

1931 921 1982 970 et
2012 912 2152 968 idem
2174 911 2354 984 homo,
2385 915 2438 974 in
2467 927 2648 972 natura
2681 919 2772 974 Dei
2795 919 3012 992 mqualis
3037 919 3202 986 Patri,
3239 923 3292 976 in
3323 934 3508 980 natura

1931 1001 2160 1060 hominis
2207 1005 2375 1060 factus
2423 1007 2680 1074 mortalis,
2741 1009 2793 1064 in
2847 1011 3020 1079 nobis,
3077 1027 3172 1082 pro
3217 1013 3390 1081 nobis,
3443 1013 3510 1070 de

1929 1097 2102 1164 nobis,
2136 1114 2358 1156 manens
2386 1099 2525 1170 quod
2558 1111 2700 1168 erat,
2745 1105 3036 1180 suscipiens
3064 1107 3202 1180 quod
3236 1125 3338 1162 non
3370 1119 3508 1176 erat,

1929 1198 1985 1244 ut
2025 1187 2277 1244 liberaret
2315 1189 2456 1261 quod
2495 1191 2714 1260 fecerat,
2755 1211 2859 1249 non
2907 1197 3048 1268 quod
3087 1208 3224 1252 erat.
3270 1195 3390 1254 Non
3427 1207 3510 1256 est

1928 1293 2054 1348 ergo
2085 1279 2260 1352 passio
2307 1279 2504 1336 Christi
2561 1300 2624 1339 ex
2683 1283 3001 1356 indigentia,
3039 1287 3130 1342 sed
3172 1305 3244 1344 ex
3301 1291 3508 1346 miseri-

1928 1367 2128 1422 cordia.
2173 1369 2405 1426 Praehuit
2442 1373 2582 1426 enim
2628 1375 2925 1446 exemplum
2971 1379 3235 1452 patientiae
3263 1381 3414 1436 nobis
3438 1381 3506 1438 de

1927 1462 2102 1528 nobis,
2133 1461 2184 1516 id
2226 1473 2308 1520 est
2352 1463 2554 1520 homini
2608 1467 2674 1522 de
2721 1467 2954 1534 homine,
2999 1473 3145 1527 carui
3184 1473 3253 1529 de
3302 1490 3504 1532 carne:

1927 1567 2032 1608 non
2061 1563 2235 1609 tamen
2267 1555 2318 1610 in
2347 1555 2434 1611 ilia
2459 1573 2620 1616 carne
2647 1559 2758 1630 ipse
2779 1559 3010 1615 deterior
3036 1563 3240 1630 factus;
3266 1565 3359 1622 sed
3382 1581 3507 1621 caro

1927 1643 1979 1698 in
2011 1643 2103 1700 illo
2133 1647 2324 1702 melior
2353 1647 2488 1703 facta
2531 1659 2632 1705 est.
2677 1651 2809 1708 Pars
2851 1669 2978 1710 vero
3015 1653 3102 1710 dei
3140 1657 3323 1724 vestri,
3363 1657 3507 1714 nulla

1926 1752 2089 1793 carne
2118 1751 2386 1810 assumpta
2417 1739 2544 1814 (non
2576 1743 2718 1798 enim
2747 1743 2869 1800 'erat
2901 1744 2952 1800 in
2983 1755 3140 1818 gente
3169 1748 3508 1806 tenebrarum

1927 1847 2024 1902 pro
2049 1848 2150 1902 qua
2181 1835 2495 1906 pateretur),
2526 1835 2802 1893 descendit
2827 1849 2884 1894 ut
2912 1847 3204 1910 teneretur,
3233 1841 3507 1914 ligaretur,

1927 1923 2270 1992 pollueretur,
2324 1935 2378 1982 et
2419 1928 2622 1998 turpius
2666 1946 2823 2000 quam
2873 1929 3133 2001 ligabatur
3177 1943 3507 2005 purgarctur.

1925 2011 2040 2070 Jam
2071 2015 2212 2070 enim
2241 2015 2307 2072 de
2334 2021 2642 2090 purgatione
2669 2022 2784 2092 ejus
2809 2019 2939 2078 dixi.
2965 2013 3089 2078 Ηιυὸ
3114 2025 3290 2080 omnia
3313 2035 3511 2096 quanto

1926 2103 2222 2176 indigniora
2251 2117 2410 2174 sunt,
2443 2118 2590 2165 tanto
2624 2113 2801 2182 utique
2831 2113 3062 2168 faciliora
3089 2115 3156 2170 ad
3201 2117 3508 2188 intelligen-

1927 2195 2050 2251 dum
2090 2200 2340 2268 quoniam
2388 2201 2440 2255 in
2483 2213 2722 2258 naturam
2773 2203 2866 2259 Dei
2913 2206 3014 2262 ista
3055 2223 3158 2260 non
3190 2207 3406 2264 cadunt.
3440 2207 3510 2263 Et

1925 2287 2062 2342 absit
2097 2303 2124 2340 a
2175 2289 2262 2360 pio
2289 2291 2466 2346 animo
2491 2301 2648 2364 atque
2687 2293 2824 2349 ﬁdeli
2867 2295 2988 2350 talia
3029 2297 3112 2352 de'
3131 2295 3238 2352 Deo
3265 2297 3503 2364 credere,

1925 2379 2035 2436 Deo
2060 2381 2219 2444 bono,
2262 2383 2371 2439 Deo
2398 2401 2547 2450 vero,
2579 2387 2754 2456 qualia
2781 2403 2875 2443 vos
2913 2389 3164 2456 creditis;
3205 2405 3310 2446 non
3349 2406 3506 2460 quem

1927 2473 2221 2544 invenistis,
2254 2475 2346 2532 sed
2373 2491 2528 2548 quem
2559 2477 2802 2534 (insistis.
2851 2479 3136 2554 Responde
3177 2475 3285 2550 jam
3327 2497 3505 2537 nunc:

1925 2565 1980 2623 Si
2009 2569 2114 2622 Deo
2133 2584 2325 2624 nocere
2346 2570 2475 2624 nihil
2491 2579 2716 2641 poterat,
2741 2587 2868 2642 pura
2895 2572 2980 2626 illa
3003 2571 3294 2628 substantia
3313 2574 3498 2644 ipsius,

1925 2659 2069 2714 nulla
2113 2675 2273 2716 carne
2301 2671 2572 2734 assumpta
2603 2661 2654 2718 in
2683 2677 2741 2718 se
2767 2678 2982 2734 passura
3007 2707 3022 2731 ,
3052 2665 3096 2719 si
3127 2663 3252 2736 quid
3287 2677 3504 2734 passura

1925 2757 2060 2816 erat,
2091 2767 2194 2806 non
2223 2751 2272 2806 in
2295 2768 2457 2809 carne
2479 2770 2634 2826 quam
2664 2763 2993 2826 susceperat,
3018 2771 3182 2828 quare
3211 2755 3315 2812 huc
3342 2757 3506 2812 missa

1923 2851 2004 2895 est
2033 2841 2321 2897 secundum
2347 2853 2522 2900 vestra
2547 2845 2884 2917 vaniloquia?

1995 2931 2218 2988 CAPUT
2253 2933 2320 2990 Χ.
2359 2965 2428 2975 -
2467 2933 2596 2991 Fec.
2627 2935 2798 2992 dixit:
2839 2935 2894 2993 Si
2924 2937 3054 2994 nihil
3081 2947 3288 3010 poterat
3326 2939 3504 2998 noceri

1869 3025 1872 3028 ’
1925 3021 2038 3078 Deo
2063 3039 2090 3077 a
2121 3031 2268 3094 parte
2296 3025 2537 3091 adversa,
2581 3035 2634 3082 et
2663 3027 2873 3082 Christo
2916 3029 3048 3086 nihil
3089 3037 3298 3102 poterat
3328 3032 3506 3088 noceri

1923 3113 1989 3166 ab
2013 3115 2234 3169 adversa
2265 3127 2483 3184 natura;
2527 3115 2593 3173 ad
2639 3135 2796 3190 quam
2827 3119 2970 3175 venit
3011 3121 3272 3190 Christus,
3304 3133 3360 3178 ut
3387 3139 3504 3180 eam
3541 3191 3544 3194 ,

1921 3205 2212 3262 liberaret?
2237 3205 2366 3278 Quia
2385 3252 2399 3274 ,
2427 3219 2484 3264 ut
2516 3209 2668 3278 dicis,
2699 3193 2916 3282 propter
2943 3213 3238 3270 libertatem
3267 3225 3504 3270 nostram

1920 3298 2066 3352 venit
2095 3318 2106 3351 :
2137 3313 2262 3370 ergo
2291 3301 2341 3354 in
2368 3303 2668 3372 captivitate
2697 3303 2905 3359 fuimus.
2935 3305 2990 3362 Si
3019 3307 3068 3360 in
3095 3307 3399 3378 captivitate
3423 3317 3502 3364 te—

1921 3389 2198 3458 nebamur,
2229 3401 2281 3447 et
2307 3403 2586 3466 propterea
2610 3395 2853 3454 Christus
2881 3399 3044 3464 venit,
3075 3407 3132 3454 ut
3171 3417 3268 3456 nos
3300 3401 3503 3457 libera-

1919 3491 2008 3539 ret
2054 3483 2120 3540 dc
2149 3485 2471 3556 captivitate,
2509 3491 2596 3562 qui
2639 3507 2735 3548 nos
2776 3493 2988 3548 tenebat
3011 3503 3294 3552 extraneos
3333 3512 3362 3550 a
3394 3497 3503 3552 Deo

1920 3585 2053 3642 erat,
2084 3585 2176 3633 aut
2199 3580 2366 3635 virtus
2395 3581 2508 3636 Dei.
2551 3581 2606 3638 Si
2639 3583 2730 3638 Dei
2759 3586 2929 3640 virtus
2957 3597 3070 3640 erat
3098 3587 3186 3658 qui
3227 3603 3323 3641 nos
3351 3597 3501 3643 tene-

1917 3669 2028 3738 bat,
2060 3671 2244 3751 utquid
2288 3673 2552 3728 Christum
2599 3678 2840 3734 mittchat
2883 3679 2970 3734 ille
3008 3680 3093 3750 qui
3124 3693 3220 3733 nos
3248 3679 3502 3736 tenebat?

1919 3759 1976 3818 Si
1999 3763 2049 3818 in
2083 3763 2246 3834 ipsius
2277 3765 2495 3822 arbitrio
2522 3775 2636 3820 erat
2661 3767 2872 3838 quando
2895 3769 3053 3824 vellet
3075 3769 3340 3826 dimittere
3363 3811 3376 3836 ,
3416 3779 3502 3826 ut-

1917 3853 2043 3925 quid
2109 3855 2349 3911 Christus
2397 3857 2767 3930 crucifigitur?
2814 3860 3090 3916 Neminem
3141 3871 3318 3916 autem
3365 3861 3498 3918 latet

1918 3945 2184 4002 Christum
2234 3949 2561 4004 crucifixum.
2613 3951 2746 4022 Quid
2791 3951 2940 4008 illum
2984 3953 3400 4010 crucifixerunt?
3441 3955 3498 4012 Si

1918 4039 2012 4096 Del
2039 4041 2208 4096 virtus
2227 4049 2328 4110 est,
2358 4043 2486 4098 nihil
2519 4041 2672 4099 nobis
2699 4045 2944 4101 nocebat.
2970 4046 3022 4101 Si
3051 4047 3143 4102 Dei
3171 4048 3341 4103 virtus
3362 4059 3496 4118 erat,

1917 4147 2021 4188 non
2071 4131 2262 4189 fuimus
2305 4135 2444 4206 capti
2477 4135 2614 4206 apud
2661 4135 2803 4190 illum
2851 4155 2864 4191 :
2916 4137 3009 4194 Sed
3048 4137 3197 4208 quasi
3243 4153 3339 4192 nos
3377 4153 3497 4194 cum

1915 4233 2100 4279 nostro
2131 4225 2384 4296 principe,
2419 4228 2571 4296 quasi
2597 4225 2737 4282 illius
2757 4242 2876 4282 cum
2903 4228 3235 4298 parentibus,
3266 4243 3371 4284 non
3400 4245 3497 4284 au-

1917 4324 2022 4372 tem
2071 4315 2296 4373 Romani
2347 4333 2466 4373 cum
2519 4319 2781 4375 Barbaris.
2847 4319 2962 4375 Non
3023 4323 3302 4394 oportebat
3345 4337 3492 4394 ergo,

1915 4407 2036 4477 quia
2061 4421 2184 4462 cum
2202 4409 2392 4463 virtute
2419 4409 2511 4464 Dei
2538 4409 2806 4465 constituti
2833 4427 3068 4478 eramus,
3105 4413 3268 4468 Deum
3301 4413 3496 4470 Filium

1917 4513 2069 4554 suum
2097 4501 2335 4567 mittere,
2364 4509 2422 4555 ut
2445 4502 2651 4557 dicatur
2680 4503 2799 4574 quia
2829 4503 3086 4560 liberator
3116 4517 3294 4562 noster
3323 4507 3494 4562 venit.

1915 4589 1970 4648 Si
2001 4605 2148 4662 paret
2172 4609 2298 4666 ergo
2323 4607 2444 4649 cum
2472 4595 2664 4650 virtute
2705 4595 2798 4651 Dei
2836 4613 2933 4652 nos
2976 4601 3291 4655 constitutos
3319 4614 3436 4656 esse
3478 4617 3492 4654 :

1915 4684 2203 4753 Apostolus
2267 4684 2482 4750 dixit‘,
2538 4685 2762 4742 Christus
2797 4703 2888 4744 nos
2943 4687 3166 4745 liberavit
3217 4691 3280 4745 de
3339 4689 3500 4745 mate-

1915 4775 2046 4831 dicto
2097 4775 2281 4848 Legio;
2324 4781 2441 4848 quia
2479 4781 2718 4852 scriptum
2758 4790 2846 4846 est,
2883 4781 3180 4838 Maledicta;
3219 4785 3378 4838 omnis
3407 4784 3496 4849 qni

1913 4867 2093 4938 pendet
2148 4869 2201 4921 in
2251 4869 2386 4940 tigno
2429 4867 2627 4940 (Galat.
2680 4887 2765 4938 tu,
2814 4873 2918 4938 i5;
2977 4873 3128 4927 Deut.
3181 4889 3314 4953 xui,
3372 4873 3491 4943 25).

1913 4959 2026 5014 Hoc
2077 4961 2217 5016 enim
2265 4963 2548 5032 Apostolus
2601 4965 2748 5020 dicit.
2811 4965 2864 5022 Si
2917 4967 3017 5021 iste
3079 4965 3167 5037 qui
3225 4965 3493 5022 maledicit

1913 5065 2097 5108 Omnes
2153 5053 2242 5123 qui
2301 5055 2534 5126 pendent
2597 5058 2648 5112 in
2707 5058 2894 5126 ligno,
2963 5057 3054 5112 Dei
3123 5059 3289 5111 virtus
3337 5067 3419 5112 est
3477 5075 3492 5118 τ

1913 5147 2155 5202 Christus
2179 5149 2318 5203 enim
2361 5151 2611 5221 pependit
2655 5151 2705 5206 in
2738 5151 2909 5220 ligno,
2950 5159 3004 5206 et
3049 5149 3286 5219 Apostoli
3329 5151 3494 5220 ipsius

1911 5251 2098 5293 omnes
2139 5240 2226 5309 qui
2267 5239 2460 5295 addicti
2514 5249 2638 5296 sunt
2683 5255 2778 5310 pro
2818 5239 2983 5310 ipsius
3029 5247 3294 5310 praecepto
3324 5253 3336 5293 :
3369 5241 3492 5311 quis

1912 5345 2039 5402 ergo
2093 5331 2194 5388 iste
2241 5341 2324 5389 est
2367 5334 2454 5404 qui
2493 5333 2758 5388 maledicit
2808 5347 3022 5388 omnem
3065 5333 3153 5404 qui
3199 5334 3394 5404 pendet
3439 5335 3490 5391 in

1911 5423 2054 5495 ligno
2072 5424 2098 5479 ?
2629 5415 2634 5420 ’

1979 5517 2206 5576 CAPUT
2229 5517 2320 5576 Xl.
2351 5550 2421 5562 —
2449 5517 2581 5576 Anc.
2613 5518 2745 5574 dixit
2773 5533 2785 5572 :
2827 5515 2972 5598 Quos
2998 5519 3238 5579 Christus
3264 5523 3491 5581 redemit

1907 5623 1938 5664 a
1964 5609 2194 5678 diabolo,
2227 5627 2322 5682 per
2346 5611 2751 5666 consensionem
2792 5627 2940 5666 suam
2969 5617 3285 5676 tenebantur
3319 5635 3350 5675 a
3376 5619 3490 5674 dia-

1907 5699 2050 5770 bolo,
2083 5714 2135 5757 et
2163 5701 2218 5757 in
2237 5701 2352 5772 ejus
2380 5701 2681 5756 conditione
2701 5705 2973 5762 constituti
2995 5717 3146 5765 erant
3167 5725 3264 5780 per
3283 5709 3499 5780 justum.

1967 5901 1989 5933 ι
2023 5905 2165 5964 Ven.,
2189 5903 2241 5951 ut
2264 5901 2508 5964 Apostolus
2525 5899 2670 5967 dixit,
2703 5903 2862 5958 addita
2885 5905 3068 5968 vocula,
3091 5907 3158 5955 ut.
3241 5907 3300 5953 It.
