4094 6440
571 352 677 409 543

571 460 666 516 Dei
689 459 967 531 judicium,
987 461 1072 519 cui
1099 460 1370 519 seducenti
1397 470 1779 517 consenserant
1804 476 1902 531 per
1927 460 2151 516 liberum

571 554 870 608 arbitrium.
896 554 1046 609 Sicut
1074 564 1251 609 autem
1285 555 1337 607 in
1370 553 1600 607 hominis
1627 561 1886 623 potestate
1914 551 2009 606 fuit
2033 550 2150 606 dia-

571 644 695 699 bolo
720 647 1042 711 eonsentire,
1073 657 1132 701 ut
1159 645 1518 715 captivaretur
1542 661 1555 711 ;
1582 643 1660 699 sic
1684 644 1737 698 in
1765 644 1929 716 ipsius
1949 642 2147 698 diaboli

569 745 831 805 potestate
858 737 973 805 fuit,
1009 752 1129 792 cum
1168 736 1388 807 angelus
1413 744 1577 804 esset,
1607 751 1851 807 peccare,
1880 742 1940 791 ut
1971 736 2023 790 in
2054 733 2151 789 de-

570 830 735 883 terius
770 838 1081 885 mutaretur.
1110 830 1369 885 Peccator
1394 844 1522 901 ergo
1550 831 1771 901 angelus
1802 846 1896 900 per
1919 829 2149 884 liberum

566 920 842 975 arbitrium
863 962 879 988 ,
912 920 1077 975 suasit
1120 930 1395 991 peceatum
1435 922 1638 977 homini
1677 921 1890 977 habenti
1922 922 2148 977 liberum

566 1011 839 1066 arbitrium
865 1027 880 1076 ;
916 1019 973 1065 ut
1001 1011 1246 1067 diabolus
1277 1015 1321 1068 si
1351 1013 1609 1069 noluisset
1638 1029 1745 1069 non
1774 1023 2068 1085 peccasset,
2094 1021 2152 1070 et

566 1102 725 1157 homo
767 1103 812 1156 si
849 1103 1107 1160 noluisset
1134 1120 1238 1160 non
1268 1108 1646 1163 consensisset.
1677 1106 1811 1163 Cum
1837 1115 2013 1162 autem
2038 1106 2149 1178 jam

565 1194 633 1249 ab
661 1194 751 1249 illo
773 1195 860 1250 cui
898 1206 1243 1253 consenserat
1280 1208 1571 1267 teneretur,
1614 1216 1719 1254 non
1750 1199 1873 1270 quia
1905 1199 2147 1255 diabolus

564 1287 761 1357 aliquid
794 1289 1002 1357 potuit,
1040 1290 1136 1345 sed
1162 1291 1283 1360 quia
1303 1292 1506 1361 justum
1535 1293 1627 1347 Dei
1654 1292 1912 1361 judicium
1938 1293 2066 1358 fuit,
2095 1302 2150 1350 et

563 1378 678 1446 ejus
704 1378 807 1449 legi
849 1379 1222 1450 obtemperare
1260 1384 1428 1438 noluit
1476 1403 1488 1438 :
1527 1386 1648 1455 quia
1676 1400 1802 1457 ergo
1842 1387 1919 1441 sic
1949 1387 2151 1441 invenit

564 1469 805 1526 Christus
832 1483 1143 1543 peceatores
1180 1476 1279 1530 sub
1312 1486 1553 1546 peccato,
1582 1478 1808 1533 redemit
1833 1479 2148 1535 conﬁtentes

562 1577 593 1615 a
619 1563 979 1634 superbiente.
1004 1566 1153 1632 Quod
1181 1576 1355 1621 autem
1388 1568 1439 1622 in
1462 1568 1602 1637 Lege
1628 1570 1856 1637 positum
1888 1578 1989 1635 est,
2022 1569 2145 1622 Ma-

564 1655 775 1710 ledictus
813 1658 975 1711 omnis
1016 1659 1104 1728 qui
1143 1659 1325 1729 pendet
1366 1660 1419 1713 in
1467 1661 1638 1730 ligno;
1678 1662 1821 1715 unde
1861 1662 2148 1732 Apostolus

564 1747 713 1814 dicit,
757 1748 985 1805 Christus
1027 1767 1119 1805 nos
1144 1752 1353 1806 redemit
1391 1753 1453 1806 de
1494 1754 1757 1806 maledicto
1785 1752 1953 1824 Legis,
1982 1757 2147 1824 factus

565 1856 656 1906 pro
697 1840 837 1893 nobis
877 1841 1232 1907 maledictum;
1266 1842 1508 1913 scriptum
1536 1852 1607 1897 est
1634 1846 1795 1910 enim,
1845 1844 2147 1900 Maledictus

563 1931 727 1983 omnis
750 1932 834 2001 qui
865 1932 1042 2000 pendet
1072 1933 1124 1986 in
1154 1933 1289 2003 ligno
1334 1950 1351 1987 :
1395 1949 1504 1988 non
1544 1934 1736 2004 Legem
1782 1935 2143 2005 reprehendit,

561 2022 657 2076 sed
700 2023 1116 2079 misericordiam
1159 2028 1569 2082 commendavit.
1617 2029 1749 2094 Quia
1793 2030 1933 2084 enim
1975 2029 2144 2085 Adam

565 2130 897 2187 peccaverat,
921 2130 974 2175 et
1010 2123 1185 2177 omnis
1226 2124 1317 2179 illa
1359 2142 1532 2181 massa
1576 2136 1631 2182 et
1672 2143 1905 2201 propago
1940 2131 2145 2200 peccati

563 2210 842 2267 maledicta
893 2223 1053 2282 emt;
1106 2217 1363 2273 Dominus
1414 2231 1590 2276 autem
1646 2238 1861 2277 carnem
1906 2224 1973 2278 de
2033 2228 2143 2295 ipsa

563 2317 734 2359 massa
768 2305 1037 2375 suscipere
1066 2308 1267 2377 voluit,
1301 2320 1359 2365 ut
1387 2312 1727 2381 suscipiendo
1765 2316 2142 2371 mortalitatem

561 2408 679 2463 qua:
721 2394 789 2451 de
834 2412 986 2466 pmna
1029 2411 1278 2467 venerat,
1319 2404 1551 2459 solveret
1594 2416 1853 2471 mortem,
1896 2409 2035 2479 quod
2077 2410 2144 2465 de

560 2486 725 2555 gratia
752 2489 998 2545 veniebat
1026 2509 1038 2545 :
1068 2491 1188 2547 ideo
1217 2493 1345 2547 dicit
1371 2495 1501 2558 Lex,
1538 2495 1845 2552 Maledictus
1874 2501 2037 2553 omnis
2058 2500 2144 2569 qui

558 2577 741 2646 pendet
782 2580 835 2633 in
878 2581 1035 2652 liqno.
1080 2582 1222 2638 Mors
1251 2584 1392 2639 enim
1436 2586 1547 2656 ipsa
1591 2587 1855 2657 pendebat
1892 2590 1941 2643 in
1980 2590 2138 2660 ligno,

558 2683 676 2738 qua:
704 2685 848 2727 mors
867 2671 934 2726 de
962 2673 1241 2730 maledicto
1268 2677 1532 2732 veniebat.
1561 2678 1839 2747 Quomodo
1868 2696 1996 2752 ergo
2017 2697 2139 2738 sus-

557 2759 804 2829 cipiendo
857 2765 1668 2836 mortem,interfecitmortem;
1703 2773 1780 2827 sic
1803 2774 2143 2843 suscipiendo

560 2850 897 2907 maledictum
919 2895 935 2920 ,
966 2855 1129 2910 solvit
1170 2858 1530 2915 maledictum.
1575 2860 1728 2918 Unde
1770 2876 1822 2919 et
1854 2866 2142 2935 Apostolus

559 2940 707 3008 dicit,
740 2944 966 3000 Scientes
982 2949 1097 3017 quia
1112 2960 1249 3004 vetus
1278 2951 1426 3006 homo
1455 2965 1622 3007 noster
1646 2956 1798 3010 simul
1815 2960 2045 3026 conﬁxus
2070 2969 2141 3013 est

562 3034 701 3087 cruci
729 3052 844 3089 cum
873 3037 961 3091 illo
990 3037 1163 3109 (Rom.
1193 3057 1267 3109 vi,
1302 3041 1357 3112 6)
1397 3061 1410 3097 :
1460 3044 1582 3115 quia
1613 3044 1679 3101 de
1716 3055 1897 3103 vetere
1927 3048 2141 3107 homine

564 3136 775 3197 nostro,
805 3129 855 3183 id
886 3140 988 3199 est,
1018 3132 1084 3187 de
1113 3144 1258 3190 sorte
1283 3138 1491 3204 mortis,
1520 3156 1638 3208 quae
1659 3142 1905 3197 veniebat
1932 3159 1997 3198 ex
2022 3160 2139 3200 me-

560 3219 661 3272 rito
687 3223 910 3290 peccati,
948 3225 1219 3295 suscipere
1245 3228 1489 3299 dignatus
1510 3239 1592 3287 est
1611 3247 1825 3288 carnem
1856 3237 2138 3292 mortalem

555 3311 622 3366 de.
650 3313 852 3384 virgine
872 3316 1053 3385 Maria,
1082 3319 1133 3373 in
1155 3336 1257 3389 qua
1285 3323 1437 3378 nobis
1461 3334 1514 3380 et
1544 3327 1803 3395 passionis
1825 3338 1878 3384 et
1901 3345 2140 3385 resurre-

555 3405 745 3460 ctionis
774 3410 1036 3477 prmberet
1062 3414 1399 3484 exemplum;
1423 3417 1705 3486 passionis,
1727 3418 1795 3473 ad
1823 3420 2137 3477 ﬁrmandam

556 3497 955 3568 pmnitenliam;
1002 3496 1431 3572 resurrectionis,
1470 3508 1537 3563 ad
1572 3510 1904 3567 excitandam
1945 3528 2133 3585 spem:

555 3596 610 3641 ut
630 3589 761 3646 duas
790 3593 926 3650 vitas
950 3596 1104 3651 nobis
1130 3596 1439 3656 ostenderet
1465 3602 1515 3657 in
1553 3618 1736 3671 carne,
1766 3622 1924 3676 quam
1951 3623 2134 3666 susce-

555 3681 631 3751 pit
653 3682 718 3738 de
748 3685 852 3740 vita
876 3699 1056 3744 nostra
1083 3693 1316 3760 mortali,
1354 3684 1511 3751 unam
1541 3697 1881 3769 laboriosam,
1912 3703 2135 3761 alteram

553 3773 795 3843 beatam;
844 3779 1199 3851 laboriosam,
1231 3802 1387 3856 quam
1415 3780 1644 3847 tolerare
1688 3792 1978 3863 debemus;
2012 3797 2137 3853 bea-

554 3876 679 3933 tam,
709 3886 867 3939 quam
894 3888 1111 3943 sperare
1136 3877 1410 3937 debemus.
1442 3883 1755 3941 Toleramus
1782 3897 1959 3945 autem
1991 3891 2137 3946 labo-

552 3962 747 4017 riosam
801 3968 993 4023 merito
1032 3974 1235 4039 peccati
1279 3975 1446 4029 nostri
1492 3993 1506 4030 :
1559 3978 1649 4033 ille
1686 3994 1863 4037 autem
1903 3985 2137 4040 ostendit

552 4068 668 4109 eam
714 4056 765 4110 in
804 4072 962 4114 carne
1004 4076 1117 4129 sua,
1159 4080 1265 4118 non
1307 4067 1497 4122 merito
1540 4069 1829 4140 iniquitatis
1866 4089 1998 4141 suae,
2038 4077 2133 4133 sed

552 4144 726 4201 ofﬁcio
752 4148 1132 4207 misericordia:
1155 4167 1284 4210 sum.
1317 4156 1447 4211 Nam
1478 4167 1533 4212 ut
1560 4164 1769 4219 noveris
1798 4165 1989 4221 bonam
2013 4184 2134 4225 esse

553 4236 766 4307 Legem,
797 4256 951 4310 quant
984 4252 1036 4298 tu
1060 4245 1450 4314 reprehendere
1468 4252 1701 4315 voluisti,
1724 4255 1837 4325 ipse
1858 4261 2131 4328 apostolus

552 4326 747 4385 Paulus
776 4333 1004 4402 quodam
1031 4336 1147 4393 loco
1187 4338 1320 4395 dixit
1348 4358 1360 4394 :
1392 4341 1499 4397 Lex
1526 4346 1819 4402 subintravit
1839 4391 1854 4417 ,
1886 4326 1940 4404 ut
1973 4352 2134 4406 abun-

551 4422 694 4476 daret
741 4425 994 4481 delictum.
1042 4430 1228 4487 Adhuc
1270 4432 1478 4491 videtur
1521 4438 1666 4494 illam
1700 4442 2127 4512 reprehendere;

548 4511 642 4565 sed
673 4514 794 4568 audi
820 4517 957 4586 quod
983 4521 1259 4590 sequitur:
1296 4522 1396 4579 Ubi
1420 4537 1606 4596 autem,
1636 4511 1826 4602 inquit,
1858 4520 2133 4591 abundavit

548 4603 802 4673 delictum,
826 4613 1246 4679 superabundavit
1272 4627 1318 4670 et
1340 4622 1504 4689 gratia
1530 4621 1643 4693 (Id.
1670 4640 1722 4693 v,
1752 4625 1866 4698 20).
1900 4629 2027 4684 Data
2048 4640 2131 4687 est

547 4698 687 4751 enim
730 4699 814 4755 Iex
862 4704 1103 4773 superbis
1143 4707 1463 4780 hominibus,
1494 4724 1548 4770 et
1590 4718 1792 4774 viribus
1815 4722 1926 4776 suis
1961 4733 2127 4779 totum

546 4790 917 4858 tribuentibus,
950 4805 1005 4850 ut
1040 4813 1159 4852 eum
1199 4801 1422 4872 implere
1448 4820 1552 4861 non
1580 4818 1796 4877 possent
1824 4811 1994 4881 legem
2035 4816 2128 4870 da-

545 4891 672 4948 tam,
724 4888 1155 4953 praevaricatores
1201 4894 1583 4965 invenirentur,
1641 4911 1695 4956 et
1741 4902 1861 4957 facti
1910 4907 1984 4960 rei
2028 4908 2127 4963 sub

544 4976 679 5047 lege,
712 4990 952 5048 peterent
989 4986 1404 5043 misericordiam
1436 5007 1464 5044 a
1493 4992 1624 5067 legis
1653 4994 1957 5053 Conditore.
1990 5001 2123 5055 Pro-

544 5068 666 5123 inde
696 5074 852 5140 paulo
882 5084 996 5144 post
1024 5077 1151 5133 dicit
1182 5080 1318 5136 idem
1346 5086 1618 5153 apostolus
1652 5106 1665 5141 :
1696 5087 1875 5161 Itaque
1903 5094 1985 5147 [ex
2012 5097 2126 5165 qui-

543 5163 655 5216 dem
683 5176 878 5234 sancta,
908 5178 951 5222 et
996 5173 1286 5227 mandatum
1323 5186 1568 5256 sanctum,
1602 5189 1647 5234 et
1682 5183 1902 5253 justum,
1945 5197 1991 5241 et
2026 5163 2124 5243 bo-

545 5272 685 5309 num.
733 5259 834 5313 Sed
885 5278 950 5316 ne
992 5264 1137 5320 dicas
1175 5268 1294 5335 quia
1334 5268 1554 5325 dc-alio
1598 5275 1844 5331 mandato
1890 5278 2034 5347 dicit,
2064 5292 2122 5336 ut

542 5350 785 5405 ostendat
813 5353 933 5423 quia
964 5355 1029 5410 de
1060 5356 1149 5411 illo
1175 5358 1321 5425 dicit,
1349 5361 1415 5417 de
1434 5378 1538 5432 quo
1559 5369 1715 5434 paulo
1736 5379 1858 5425 ante
1892 5371 2116 5440 dixerat,

539 5436 647 5492 Lex
674 5444 967 5501 subintravit
992 5458 1049 5502 ut
1073 5450 1349 5507 abundaret
1383 5455 1654 5535 delictum;
1682 5462 1858 5516 statim
1888 5464 1988 5519 sibi
2018 5436 2118 5535 op;

542 5533 718 5600 posuit
743 5538 1089 5604 qumstionem
1121 5560 1133 5596 :
1164 5542 1314 5611 Quod
1351 5532 1467 5619 ergo
1506 5550 1690 5605 bonum
1715 5595 1728 5618 ,
1762 5554 1886 5607 mihi
1928 5558 2118 5627 factum

539 5633 614 5678 est
641 5629 818 5684 mors?
846 5628 1024 5685 Absit:
1053 5634 1141 5687 sed
1169 5648 1423 5705 peccatum
1444 5681 1458 5705 ,
1487 5651 1542 5694 ut
1562 5656 1807 5712 appareat
1834 5658 2114 5716 peccatum,

539 5732 626 5784 per
650 5718 831 5774 bonum
852 5721 973 5775 mihi
994 5736 1255 5794 operatum
1282 5738 1353 5783 est
1382 5743 1589 5787 mortem
1625 5734 1733 5805 (Id.
1764 5751 1853 5803 vn,
1886 5738 1973 5803 12,
2003 5741 2113 5812 i5).

540 5807 665 5862 Erat
692 5812 830 5867 enim
868 5823 1143 5883 peccatum
1163 5858 1179 5886 ,
1205 5819 1300 5875 sed
1330 5837 1436 5878 non
1471 5827 1760 5895 apparebat
1787 5807 2111 5899 peccatum:

1358 350 1445 405 DE
1486 346 1683 405 ACTIS
1721 347 1861 405 CUM
1902 341 2155 402 FELICE
2196 343 2589 415 MANICHAEO,
2635 348 2691 405 S.
2725 350 3092 410 AUGUSTINI

3736 365 3852 422 5M

2261 456 2383 513 data
2424 470 2507 515 est
2543 460 2626 516 lex
2680 464 2947 534 superbo,
2993 466 3118 522 fecit
3166 478 3350 526 contra
3392 471 3592 543 legem,
3645 486 3702 532 et
3744 494 3850 550 ap-

2259 552 2434 621 paruit
2490 565 2764 623 peccatum
2788 600 2804 626 ,
2850 560 2991 629 quod
3051 572 3185 627 erat,
3240 566 3333 621 sed
3384 582 3488 622 non
3532 574 3851 641 apparebat.

2258 644 2535 713 Apparens
2592 656 2768 703 autem
2830 660 3102 721 peccatum
3157 654 3456 714 humiliavit
3507 664 3845 731 superbum,

2258 733 2565 793 humiliatus
2608 741 2869 809 superbus
2917 741 3089 801 factus
3130 754 3215 802 est
3266 749 3532 819 paenitens
3559 794 3576 820 ,
3626 754 3694 811 de
3735 770 3858 826 pm-

2257 826 2479 884 nitentia
2549 833 2826 902 impetrata
2890 845 2974 892 est
3028 839 3413 898 misericordia.
3467 845 3674 903 Audisti
3719 864 3859 922 ergo

2255 921 2397 989 quod
2439 920 2796 995 interrogasti,
2845 931 3115 999 responde
3152 933 3294 1002 quod
3324 934 3597 1008 interrogo
3636 957 3655 994 :
3701 920 3857 995 Nihil

2255 1025 2449 1068 nocere
2474 1024 2682 1085 poterat
2703 1032 2836 1088 gens
2860 1022 3204 1079 tenebrarum
3227 1025 3337 1082 Deo
3354 1043 3369 1094 ;
3386 1042 3553 1098 quare
3578 1029 3682 1087 huc
3704 1031 3859 1087 misit

2253 1116 2459 1178 partem
2508 1125 2659 1169 suam
2712 1115 3037 1174 miscendam
3085 1128 3141 1176 et
3193 1122 3533 1192 polluendam
3576 1139 3609 1181 a
3656 1135 3855 1182 natura

2254 1200 2596 1258 daemonum?

2325 1291 2552 1349 CAPUT
2589 1294 2705 1352 XII.
2754 1328 2828 1339 —
2871 1300 3002 1356 FEL.
3049 1302 3216 1359 dixit:
3247 1304 3305 1361 Si
3332 1307 3386 1362 in
3414 1307 3635 1365 arbitrio
3656 1316 3855 1366 nostro

2253 1398 2458 1455 sumus,
2492 1403 2650 1445 nemo
2680 1393 2950 1450 neminem
2975 1406 3130 1466 cogat
3175 1414 3188 1452 :
3235 1399 3448 1469 quando
3481 1401 3721 1469 voluero,
3752 1416 3855 1459 ero

2251 1476 2591 1534 christianos.
2638 1479 2898 1540 Voluntas
2927 1486 3081 1541 nobis
3114 1487 3368 1558 subiacet,
3412 1500 3506 1546 aut
3545 1505 3666 1549 esse
3700 1491 3853 1547 chri-

2251 1571 2500 1640 stianum,
2532 1583 2625 1628 aut
2650 1590 2755 1631 non
2777 1592 2917 1634 esse.

2321 1662 2458 1719 Anc.
2501 1662 2633 1719 dixit
2673 1683 2687 1718 :
2728 1667 2859 1734 Quia
2889 1669 3134 1727 voluntas
3161 1671 3315 1727 nobis
3354 1673 3583 1745 adjaeet,
3623 1676 3859 1733 manife-

2251 1762 2392 1809 stum
2439 1765 2542 1821 est,
2574 1766 2627 1813 et
2666 1757 2767 1815 hoc
2799 1759 2868 1815 de
2907 1760 3102 1817 divinis
3144 1762 3431 1834 Seriptnris
3470 1766 3660 1833 docui;
3704 1768 3851 1838 quod

2249 1855 2468 1902 coactus
2489 1857 2572 1903 est
2597 1851 2754 1905 etiam
2784 1850 2980 1908 invitus
2999 1854 3201 1922 dicere,
3240 1858 3400 1912 etiam
3440 1857 3531 1914 ille
3562 1861 3651 1930 qui
3672 1875 3772 1915 vos
3795 1861 3850 1916 in

2250 1938 2409 1994 islum
2433 1939 2643 2009 induxit
2669 1958 2929 1999 errorem.
2961 1945 3115 2013 Quod
3155 1956 3333 2003 autem
3362 1949 3517 2016 dicis,
3549 1950 3715 2005 Nemo
3754 1968 3850 2005 co-

2248 2040 2418 2101 gatur,
2445 2033 2647 2102 quando
2672 2028 2898 2105 voluero,
2924 2054 3009 2093 ero
3038 2040 3342 2097 christianus
3369 2058 3385 2095 :
3410 2058 3570 2098 nemo
3605 2045 3763 2113 plane
3794 2053 3846 2100 te

2248 2122 2415 2193 cogit;
2456 2126 2668 2194 quando
2701 2128 2954 2197 volueris,
2987 2140 3104 2186 esto
3133 2149 3147 2185 :
3189 2134 3312 2203 quia
3351 2149 3417 2189 ex
3456 2135 3729 2190 voluntate
3758 2144 3849 2192 tua

2249 2213 2353 2270 huc
2391 2218 2618 2286 venisti,
2649 2228 2704 2275 et
2748 2235 2814 2277 ex
2861 2222 3129 2280 voluntate
3168 2215 3257 2280 tua
3292 2226 3392 2281 ista
3436 2227 3739 2297 disputasti.
3779 2226 3850 2284 Et

2250 2321 2328 2361 va:
2370 2309 2628 2367 voluntati
2680 2313 2874 2382 malae,
2926 2315 2968 2370 si
3018 2315 3157 2370 mala
3210 2326 3331 2383 est;
3385 2332 3485 2389 pax
3539 2319 3696 2374 bonae
3745 2334 3846 2375 vo-

2249 2397 2437 2453 luntati
2466 2443 2481 2467 ,
2542 2402 2586 2456 si
2631 2402 2767 2459 bona
2823 2414 2924 2461 est.
2983 2405 3110 2462 Sive
3155 2416 3336 2464 autem
3379 2410 3517 2464 mala
3566 2411 3665 2476 sit,
3719 2412 3835 2467 sive

2248 2487 2384 2544 bona
2426 2492 2515 2558 sit,
2566 2493 2812 2550 voluntas
2844 2506 2946 2551 est.
2990 2497 3191 2554 Bonam
3234 2500 3559 2557 voluntatem
3603 2502 3848 2573 sequitur

2246 2595 2443 2637 corona
2469 2625 2483 2649 ,
2535 2585 2729 2640 malam
2777 2588 3018 2659 sequitur
3052 2604 3243 2661 'pazna.
3289 2593 3429 2649 Deus
3453 2594 3619 2664 judex
3656 2595 3849 2651 volun-

2246 2680 2413 2727 tatum
2453 2682 2557 2742 est,
2601 2686 2813 2733 creator
2854 2689 3033 2736 autem
3063 2692 3393 2740 naturarum.
3431 2684 3489 2742 Si
3521 2702 3651 2757 ergo
3687 2696 3845 2757 putas

2246 2766 2363 2835 cogi
2403 2774 2455 2821 te
2493 2775 2553 2822 ut
2595 2768 2671 2824 sis
2711 2769 3068 2839 christianus,
3102 2775 3225 2831 audi
3257 2791 3288 2831 a
3337 2776 3490 2832 nobis
3534 2777 3756 2833 omnino
3793 2787 3847 2834 te

2246 2872 2351 2913 non
2393 2860 2533 2929 cogi.
2587 2859 2772 2932 Cogita
2816 2864 2993 2933 potius
3035 2880 3155 2936 qua:
3195 2867 3386 2937 audis,
3431 2870 3734 2940 perpende,
3791 2869 3846 2926 in

2242 2956 2333 3003 tua
2372 2950 2646 3007 voluntate
2690 2968 2749 3009 es
2801 2973 2815 3008 :
2858 2958 3101 3012 examina
3156 2969 3212 3014 ut
3260 2960 3530 3030 prudens,
3573 2962 3620 3017 si
3664 2971 3846 3018 tamen

2244 3041 2297 3095 in
2347 3050 2398 3096 te
2465 3051 2549 3098 est
2603 3043 2711 3098 ulla
2760 3046 3041 3114 prudentia
3094 3050 3179 3105 vel
3223 3052 3492 3118 humana,
3550 3061 3727 3107 utrum
3780 3067 3845 3107 ea

2243 3147 2362 3202 quae
2389 3132 2529 3189 dicta
2554 3144 2699 3204 sunt,
2727 3137 2951 3194 veritate
2994 3139 3123 3195 fulta
3155 3141 3294 3208 sint;
3338 3151 3515 3198 utrum
3552 3152 3608 3199 tu
3644 3145 3761 3213 ipse
3790 3143 3845 3200 in

2243 3226 2520 3283 Manichzei
2550 3231 2711 3285 vestri
2740 3232 3049 3290 defensione
3074 3235 3362 3306 deieceris,
3402 3239 3541 3295 sicut
3578 3250 3841 3311 apparet:

2242 3328 2297 3375 et
2316 3321 2532 3391 quando
2562 3324 2816 3394 volueris,
2854 3337 2971 3384 esto
3011 3329 3153 3400 quod
3182 3332 3419 3388 nondum
3463 3347 3544 3401 es,
3573 3342 3629 3389 et
3655 3334 3846 3392 desine

2241 3428 2362 3471 esse
2391 3416 2533 3486 quod
2559 3433 2637 3473 es.

2311 3505 2537 3564 CAPUT
2559 3509 2694 3566 XIII.
2723 3542 2796 3552 —
2814 3512 2945 3570 FEL.
2973 3514 3105 3571 dixit
3129 3534 3143 3572 :
3172 3516 3312 3575 Ecce
3328 3518 3439 3589 jam
3459 3521 3837 3592 compendive,

2238 3606 2299 3653 ut
2336 3597 2471 3654 dixit
2499 3598 2765 3657 Sanctitas
2806 3612 2891 3658 tua
2924 3623 2937 3660 :
2968 3620 3067 3661 nec
3095 3608 3308 3664 chartas
3341 3611 3674 3667 cumulemus
3708 3614 3725 3643 ⁸
3747 3652 3768 3682 ,
3796 3612 3842 3668 si

2239 3689 2334 3747 tibi
2373 3690 2581 3761 placet,
2622 3694 2764 3763 quod
2803 3696 2969 3765 petivi
3010 3698 3259 3767 pridem:
3292 3699 3396 3757 huc
3419 3703 3579 3769 veni;
3612 3704 3842 3761 ostende

2238 3780 2368 3835 mihi
2395 3784 2693 3851 veritatem,
2726 3795 2783 3840 ut
2808 3787 2937 3841 illud
2970 3790 3112 3859 quod
3141 3799 3298 3848 teneo
3319 3835 3334 3861 ,
3368 3804 3553 3864 pareat
3590 3798 3717 3866 quia
3742 3812 3839 3853 ve-

2238 3874 2369 3929 ritas
2411 3890 2516 3930 non
2560 3885 2644 3931 est
2664 3919 2679 3944 ,
2714 3888 2767 3932 et
2797 3878 2963 3935 habes
2990 3896 3075 3936 me
3122 3892 3362 3952 paratum
3389 3885 3455 3940 ad
3480 3888 3834 3944 credendum.

2309 3970 2446 4024 Auo.
2478 3968 2612 4024 dixit
2647 3989 2660 4025 :
2687 3971 2803 4026 lam
2830 3974 3043 4043 quidem
3073 3976 3215 4045 quod
3247 3987 3395 4033 tenes
3416 4021 3430 4045 ,
3463 3980 3592 4034 satis
3613 3988 3840 4050 apparet

2236 4060 2360 4130 quia
2386 4061 2581 4117 veritas
2621 4078 2728 4118 non
2760 4074 2860 4119 est.
2905 4066 3063 4121 Absit
3104 4070 3245 4122 enim
3289 4084 3319 4123 a
3350 4070 3600 4126 cordibus
3640 4073 3839 4127 verita-

2236 4160 2342 4207 tem
2370 4156 2722 4224 qumrentium
2747 4158 2827 4212 vel
2851 4161 3166 4228 tenentium,
3193 4169 3249 4215 ut
3269 4163 3489 4218 credant
3514 4165 3683 4220 Deum
3707 4167 3835 4220 Stib-

2236 4247 2482 4302 stantiam
2513 4264 2662 4303 suam
2696 4251 3010 4308 necessitate
3050 4264 3295 4310 coactum
3336 4258 3590 4312 mersisse
3627 4259 3836 4314 daemo-

2214 4353 2361 4395 .num
2384 4347 2586 4394 natura:
2607 4341 2872 4411 ligandam
2901 4353 3060 4415 atque
3080 4346 3435 4416 polluendam.
3465 4350 3667 4407 Absita
3700 4352 3837 4409 ﬁde-

2234 4429 2372 4486 libus
2397 4432 2621 4489 credere
2643 4434 2809 4490 Deum
2839 4436 2905 4492 ad
2934 4436 3265 4495 liberandam
3294 4441 3643 4497 substantiam
3676 4460 3831 4500 suam

2232 4533 2546 4580 convertere
2573 4541 2631 4581 se
2652 4526 2703 4580 in
2736 4529 3003 4585 masculos
3027 4540 3211 4587 contra
3234 4531 3459 4588 feminas
3481 4575 3496 4601 ,
3520 4543 3573 4589 et
3593 4536 3649 4589 in
3677 4535 3837 4592 femi-

2232 4630 2330 4671 nas
2356 4626 2541 4673 contra
2571 4621 2839 4675 masculos
2863 4621 2928 4677 ad
2956 4637 3142 4679 eorum
3181 4627 3671 4697 concupiscentiam
3705 4630 3835 4685 irri-

2234 4710 2471 4765 tandam.
2507 4711 2660 4766 Absit
2686 4728 2716 4767 a
2745 4713 2992 4770 ﬁdelibus
3030 4717 3249 4774 credere
3281 4720 3443 4775 Deum
3473 4720 3831 4779 substantiam

2232 4814 2379 4854 suam
2398 4843 2412 4866 ,
2446 4816 2601 4872 quam
2634 4805 2746 4873 ipse
2772 4804 3103 4863 daemonibus
3129 4810 3347 4879 mersit,
3377 4820 3561 4882 postea
3590 4813 3644 4868 in
3673 4824 3833 4871 aeter-
3872 4858 3877 4863 .

2231 4911 2355 4950 num
2397 4898 2670 4955 damnare.
2699 4900 2811 4954 IIoc
2851 4917 2977 4971 ergo
3006 4905 3129 4973 quia
3153 4906 3349 4959 veritas
3378 4921 3483 4960 non
3513 4916 3628 4972 est,
3656 4914 3833 4965 mani-

2231 4988 2421 5045 festum
2450 4999 2549 5045 est.
2593 4990 2698 5046 Sed
2727 4994 2847 5062 quia
2875 4994 2956 5048 vis
2982 4995 3076 5049 tibi
3108 5010 3202 5066 pro
3229 4996 3328 5052 ista
3354 4996 3584 5054 falsitate
3605 5002 3829 5069 expulsa

2228 5089 2387 5151 atque
2408 5083 2645 5137 convicta
2664 5125 2679 5149 ,
2712 5085 2950 5153 pateﬁeri
2981 5086 3276 5151 veritatem,
3304 5088 3347 5143 si
3375 5088 3500 5159 quid
3529 5088 3598 5145 de
3624 5104 3829 5161 cogno-

2228 5172 2420 5226 scenda
2455 5173 2556 5251 ﬁde
2580 5173 2839 5230 catholica
2869 5175 3043 5232 adhuc
3067 5187 3280 5246 movet,
3312 5178 3379 5233 ab
3398 5179 3551 5235 initio
3574 5179 3700 5238 ﬁdei
3725 5197 3828 5251 po-

2228 5262 2355 5317 teris
2385 5249 2605 5318 erudiri.
2636 5264 2845 5319 Etenim
2885 5276 3066 5335 aptum
3098 5270 3426 5339 perceptioni
3454 5271 3696 5327 veritatis
3728 5249 3828 5327 Iin-

2225 5356 2617 5410 commutabilis
2642 5355 2767 5410 facit
2795 5358 2877 5426 pia
2904 5357 3036 5413 ﬁdes
3069 5378 3083 5415 :
3113 5374 3142 5414 a
3167 5375 3270 5430 qua
3296 5360 3397 5417 ﬁde
3417 5363 3656 5433 quisquis
3688 5363 3821 5419 inci-

2225 5460 2351 5514 pere
2377 5446 2624 5515 noluerit,
2652 5448 2911 5519 supcrbus
2939 5449 3066 5505 foris
3096 5453 3424 5519 remanebit,
3455 5463 3509 5509 et
3528 5453 3595 5509 ad
3634 5454 3687 5509 id
3716 5468 3829 5525 quo

2227 5539 2427 5606 tendit,
2467 5540 2552 5595 vel
2577 5555 2683 5609 quo
2719 5542 2829 5595 vult
2859 5544 3168 5611 pervenire,
3200 5545 3419 5615 perduci
3448 5562 3554 5602 non
3596 5548 3821 5617 poterit.

2223 5627 2327 5684 Sed
2357 5630 2477 5701 quia
2502 5629 2611 5699 jam
2637 5628 2728 5685 illa
2752 5629 2955 5687 falsitas
2977 5631 3257 5690 manifesta
3283 5643 3383 5701 est,
3408 5635 3691 5692 anathema
3719 5636 3825 5694 fal-

2288 5783 2303 5814 ι
2329 5788 2413 5855 Δῐιὶιί.
2438 5782 2588 5845 Lugd.
2608 5790 2734 5855 .Ven.
2762 5791 2813 5834 et
2842 5792 2972 5855 ωντ,
2996 5788 3173 5839 omissa
3194 5793 3608 5855 mterpunctione,
3647 5796 3720 5848 sic
3740 5808 3821 5849 .0-

2224 5852 2365 5907 gunt,
2388 5851 2472 5896 tua
2492 5844 2551 5895 ne
2571 5844 2766 5897 chartas
2786 5844 3098 5900 cumulemus.
3146 5859 3200 5901 at.
