4094 6460
253 375 360 442 διδ

253 499 464 557 sitatem
486 536 502 562 ,
533 503 592 551 ut
629 490 804 565 possis
829 489 1063 562 incipere
1086 495 1241 560 aptus
1262 501 1383 544 esse
1405 486 1472 543 ad
1509 499 1840 559 cognoscen—

255 591 378 647 dam
406 589 706 646 veritatem.

325 681 553 738 CAPUT
577 679 719 736 XIV.
746 707 818 721 —-
841 678 972 734 FEL.
997 676 1132 732 dixit
1161 693 1178 732 :
1201 675 1336 732 Cum
1355 674 1659 746 apparuerit
1683 671 1836 738 mihi,

257 775 376 846 quia
407 772 540 828 mihi
567 787 675 827 non
699 779 949 842 apparet,
979 769 1102 840 quia
1129 760 1296 823 altera
1322 766 1454 822 mihi
1494 780 1600 821 non
1629 771 1842 819 ostensa

258 877 358 935 est,
382 882 489 922 non
513 880 732 936 possum
753 864 1118 920 anathemare.

326 961 463 1015 Auc.
491 958 624 1013 dixit
661 974 676 1013 :
707 955 1142 1012 Anathemandus
1169 961 1252 1010 est
1279 967 1429 1010 error
1453 952 1541 1022 qui
1566 950 1693 1007 dicit
1718 963 1845 1006 cor-

260 1049 564 1122 ruptibilem
589 1050 778 1115 Deum,
799 1062 868 1101 an
897 1063 1002 1102 non
1024 1054 1109 1103 est
1132 1043 1597 1102 anathemandus?

329 1142 460 1198 FEL.
487 1141 658 1197 dixit:
683 1140 881 1197 lterum
901 1139 1008 1195 dic.

329 1232 469 1288 Ave.
489 1229 627 1286 dixit
654 1247 670 1286 :
699 1228 1137 1286 Anathemandus
1161 1237 1246 1284 est
1276 1241 1432 1284 error
1451 1226 1540 1298 qui
1570 1225 1698 1282 dicit
1721 1240 1846 1281 cor-

261 1321 567 1392 ruptibilem
592 1320 760 1377 Deum
781 1363 796 1388 ,
825 1335 890 1374 an
915 1335 1021 1376 non
1049 1329 1134 1376 est
1154 1318 1612 1376 anathemandus‘i

245 1392 252 1404 “
327 1411 458 1466 Fu.
491 1411 627 1466 dixit
653 1427 668 1464 :
691 1411 969 1478 Quaeratur
989 1410 1034 1465 si
1063 1410 1210 1465 dicit.

325 1502 466 1559 Anc.
493 1502 662 1560 dixit:
693 1502 807 1574 Ego
843 1502 947 1558 hoc
974 1502 1336 1573 interrogavi,
1364 1501 1466 1571 Qui
1504 1501 1632 1558 dicit
1658 1515 1848 1557 corru-

261 1593 500 1665 ptibilem
529 1595 727 1664 Deum,
756 1593 1176 1650 anathemandus
1199 1602 1300 1659 est,
1332 1609 1398 1648 an
1428 1593 1569 1649 non?

327 1685 460 1741 Fu.
493 1685 679 1741 dixit:
719 1685 819 1754 Qui
864 1685 992 1740 dicit
1033 1684 1432 1754 corruptibilem
1477 1684 1681 1754 Deum,
1722 1698 1852 1740 ana-

261 1779 580 1836 themandus
607 1787 722 1846 est;
751 1779 852 1836 hoc
870 1777 1000 1833 mihi
1027 1777 1255 1849 objicis?

329 1875 468 1930 Anc.
494 1871 631 1928 dixit
657 1887 672 1926 :
702 1870 815 1927 Hoc
845 1869 1138 1942 interrogo.

255 2005 260 2010 -
329 1965 462 2022 an.
489 1964 625 2021 dixit
653 1983 667 2020 :
698 1963 1106 2034 Corruptibilem
1134 1963 1301 2019 Deum
1325 1962 1458 2019 dicis
1477 2004 1494 2030 ,
1525 1977 1631 2019 non
1671 1971 1850 2020 autem

263 2059 400 2131 quod
423 2059 598 2130 primo
623 2056 840 2126 dixisti,
871 2058 994 2128 quia
1022 2065 1226 2128 partem
1247 2070 1400 2112 suam
1423 2055 1572 2113 dedit
1595 2055 1850 2113 adversa-

264 2151 388 2208 riis?

329 2243 464 2300 Anc.
494 2241 630 2298 dixit
655 2259 670 2297 :
691 2239 908 2298 Interim
931 2240 1072 2312 quod
1108 2241 1379 2312 interrogo
1417 2241 1682 2312 responde
1710 2257 1722 2294 :
1750 2241 1853 2310 Qui

264 2334 390 2392 dicit
414 2334 816 2406 corruptibilem
843 2334 1011 2391 Deum
1030 2348 1182 2404 esse,
1208 2334 1628 2392 anathemandus
1653 2344 1757 2404 est,
1783 2351 1851 2393 an

268 2429 402 2484 non?

334 2521 465 2578 FEL.
495 2521 630 2577 dixit
657 2538 670 2574 :
705 2520 893 2577 Valde.

332 2615 469 2670 Auc.
495 2613 632 2669 dixit
663 2631 676 2667 :
710 2613 810 2682 Qui
836 2611 965 2668 dicit
992 2611 1394 2681 corruptibilem
1441 2625 1561 2668 esse
1606 2619 1850 2668 naturam

269 2716 318 2764 et
342 2705 694 2762 substantiam
719 2705 836 2772 Dei,
861 2703 1283 2759 anathemandus
1301 2712 1404 2770 est,
1431 2719 1498 2759 an
1525 2720 1631 2760 non
1650 2705 1676 2758 ‘I

333 2802 463 2858 Fac.
493 2800 630 2856 dixit
659 2817 672 2853 :
699 2799 816 2855 Non
851 2798 1085 2854 intellexi
1105 2797 1247 2868 quod
1274 2797 1470 2854 dixisti.

331 2895 471 2950 Anc.
503 2891 640 2947 dixit
664 2908 679 2946 :
707 2891 821 2946 Hoc
847 2890 969 2946 dico
1007 2889 1148 2961 quod
1171 2890 1348 2945 omnis
1376 2889 1542 2945 homo
1577 2891 1852 2961 intelligit,

268 2988 352 3059 qui
377 3003 488 3042 non
519 3000 579 3042 se
605 2985 757 3056 ﬁngit
807 2999 912 3039 non
954 2983 1250 3054 intelligere
1293 3000 1308 3036 :
1341 2982 1593 3038 Naturam
1632 2991 1686 3037 et
1723 2982 1852 3037 sub-

268 3079 517 3134 stantiam
549 3076 678 3143 Dei,
710 3073 763 3130 id
793 3082 910 3140 est,
943 3072 1069 3128 illud
1098 3072 1270 3143 ipsum
1301 3071 1554 3142 quidquid
1580 3079 1662 3128 est
1690 3072 1852 3142 Deus,

269 3171 352 3241 qui
385 3169 522 3226 dicit
554 3182 675 3224 esse
698 3165 1098 3237 corruptibilem
1122 3207 1139 3234 ,
1185 3164 1610 3221 anathemandus
1638 3174 1754 3233 est,
1785 3182 1858 3226 an

270 3281 370 3323 non
384 3266 408 3319 2

333 3356 466 3412 Fac.
498 3353 632 3410 dixit
659 3371 674 3410 :
700 3352 876 3409 Etiam
900 3350 1324 3407 anathemandus
1354 3359 1474 3418 est,
1503 3350 1547 3406 si
1574 3350 1856 3422 probatum

269 3450 423 3508 fuerit
446 3463 571 3504 esse
599 3462 808 3503 verum.

334 3543 473 3597 Anc.
506 3538 640 3594 dixit
669 3555 684 3592 :
711 3535 955 3592 Nondum
985 3535 1076 3591 tibi
1103 3534 1210 3589 dixi
1235 3576 1251 3602 ,
1279 3534 1401 3605 quia
1431 3532 1754 3590 Manichaius
1779 3535 1858 3590 ili-

268 3633 338 3688 cit
363 3629 766 3700 corruptibilem
798 3634 1041 3682 naturam
1069 3626 1191 3691 Dei;
1217 3626 1310 3681 sed
1341 3624 1443 3680 hoc
1465 3625 1556 3680 tibi
1582 3625 1712 3693 dixi,
1735 3626 1857 3696 quia

269 3727 591 3796 quicumque
614 3721 716 3776 hoc
735 3720 895 3787 dicit,
927 3717 1346 3774 anathemandus
1365 3725 1466 3773 est.

341 3817 470 3871 Fu.
502 3815 637 3870 dixit
664 3831 679 3868 :
703 3813 770 3868 Et
793 3827 894 3884 ego
929 3810 1210 3882 respondi,
1241 3811 1433 3866 Etiam.

339 3907 568 3965 CAPUT
594 3906 708 3962 XV.
737 3937 810 3947 —
831 3908 962 3961 Anc.
983 3903 1119 3959 dixit
1144 3922 1158 3958 :
1191 3904 1320 3958 Pars
1351 3903 1436 3958 illa
1462 3919 1581 3975 qua:
1611 3904 1858 3960 tenebra-

271 4017 392 4056 rum
424 4000 566 4071 genti
593 3999 758 4054 mixta
783 4005 864 4054 cst
881 4039 898 4065 ,
929 3996 996 4051 de
1023 3995 1115 4051 Dei
1146 4004 1333 4050 natura
1356 4005 1438 4051 est
1456 4036 1470 4063 ,
1498 4011 1564 4051 an
1587 3995 1656 4051 de
1682 3996 1856 4066 aliqua

271 4095 372 4150 alia
405 4093 626 4148 natura?

343 4187 474 4243 πει..
498 4185 632 4240 dixit
662 4203 675 4239 :
706 4184 784 4240 De
811 4182 927 4238 Dei.

342 4280 479 4334 Auc.
511 4275 645 4331 dixit
672 4294 686 4330 :
713 4273 866 4342 Quod
891 4273 958 4328 de
984 4272 1077 4327 Dei
1117 4279 1303 4326 natura
1334 4279 1446 4337 est,
1481 4271 1584 4327 hoc
1607 4282 1691 4328 est
1715 4273 1860 4343 quod

275 4370 435 4434 Deus,
467 4383 536 4423 an
561 4365 704 4422 aliud
729 4363 854 4436 quid
883 4362 1023 4434 quod
1053 4378 1157 4418 non
1187 4372 1269 4418 est
1293 4363 1434 4418 Deus
1449 4363 1473 4416 ’ἶ

345 4463 476 4517 ιεἐι.
507 4461 637 4516 dixit
669 4478 684 4514 :
717 4459 792 4514 Ita
825 4465 907 4513 “est
937 4474 950 4510 :
985 4456 1126 4526 quod
1165 4455 1234 4510 de
1271 4456 1380 4511 Deo
1421 4465 1530 4522 est,
1574 4458 1713 4512 Deus
1742 4467 1856 4526 est,

274 4552 566 4610 secundum
598 4549 740 4622 quod
767 4549 1020 4619 scriptum
1049 4555 1130 4602 est
1160 4563 1172 4600 :
1202 4546 1317 4601 Lux
1351 4546 1479 4601 lucet
1519 4548 1573 4601 in
1609 4550 1821 4604 tenebris
1842 4591 1858 4618 ,

273 4657 320 4701 et
346 4646 564 4701 tenebris
582 4659 694 4699 eam
713 4658 815 4697 non
831 4639 1316 4711 comprehenderunt
1336 4636 1513 4712 (Joan.
1536 4654 1587 4706 ι,
1620 4640 1698 4710 5).
1722 4638 1861 4695 Deus

273 4739 408 4793 enim
446 4738 616 4792 lunia:
653 4743 762 4799 est,
806 4743 855 4790 et
891 4732 1106 4788 tenebrat
1148 4731 1203 4785 in
1239 4747 1298 4784 eo
1337 4747 1436 4786 non
1473 4739 1590 4786 sunt
1631 4729 1676 4802 (I
1702 4731 1858 4786 Joan.

271 4831 449 4898 1,5).

343 4925 483 4978 Auc.
512 4920 645 4976 dixit
672 4939 685 4974 :
708 4920 852 4976 Bene
879 4917 1238 4989 respondisti,
1279 4917 1402 4988 quia
1427 4924 1482 4972 et
1505 4916 1756 4987 quidquid
1793 4916 1861 4973 de

275 5016 369 5070 Dei
403 5024 592 5068 natura
618 5021 727 5077 est,
759 5012 898 5066 Deus
923 5019 1038 5079 est,
1067 5017 1123 5065 et
1137 5009 1276 5066 Deus
1297 5008 1386 5062 lux
1413 5015 1514 5074 est,
1547 5018 1601 5063 et
1632 5008 1863 5063 tenebris

274 5109 325 5163 in
349 5124 418 5164 eo
447 5122 554 5163 non
584 5113 739 5172 sunt,
767 5112 823 5160 et
844 5104 964 5159 talis
988 5103 1078 5159 lux
1101 5102 1234 5157 luxit
1257 5101 1310 5155 in
1340 5100 1574 5156 tenebris
1595 5141 1610 5166 ,
1643 5109 1696 5154 et
1717 5108 1864 5156 tene-

269 5201 386 5255 brae
407 5213 528 5254 eam
545 5213 651 5252 non
669 5179 1205 5266 comprehenderunt.
1228 5190 1514 5246 Videamus
1533 5205 1660 5261 ergo
1684 5199 1859 5245 utrum

271 5288 602 5346 Manichaaus
639 5297 842 5359 partem
863 5285 960 5341 Dei
982 5300 1087 5341 non
1114 5283 1257 5339 dicat
1282 5297 1400 5338 esse
1421 5280 1858 5352 comprehensam

268 5397 302 5436 a
332 5381 569 5437 tenebris
587 5421 604 5447 ,
635 5395 741 5435 non
771 5379 930 5434 etiam
958 5375 1125 5433 teneri
1147 5375 1358 5446 ligatam
1382 5415 1398 5441 ,
1431 5389 1536 5428 non
1563 5375 1719 5428 etiam
1745 5389 1860 5428 ma-

269 5474 508 5529 eulatam
533 5480 588 5528 et
611 5471 884 5542 pollutam,
915 5470 991 5526 sic
1016 5478 1075 5524 ut
1096 5469 1327 5538 indigeat
1351 5465 1710 5522 misericordia
1731 5467 1862 5522 libe-

269 5564 473 5620 ratoris
510 5572 565 5618 et
592 5561 906 5633 purgatoris.
937 5561 990 5616 Si
1014 5567 1192 5614 autem
1231 5558 1345 5612 haec
1372 5557 1534 5624 dicit,
1567 5558 1858 5613 secundum

271 5664 326 5710 te
352 5655 516 5710 etiam
537 5696 552 5719 ,
595 5661 647 5708 et
671 5649 958 5708 secundum
985 5665 1139 5706 veras
1161 5647 1522 5704 confessiones
1548 5657 1663 5703 tuas
1682 5691 1696 5714 ,
1727 5664 1857 5703 ana-

269 5745 600 5802 tliemandus
623 5753 723 5810 est;
745 5745 865 5815 quia
890 5752 1092 5813 partem
1115 5741 1208 5797 Dei
1233 5752 1287 5798 et
1310 5750 1546 5798 naturam
1579 5741 1693 5808 Dei,
1715 5741 1857 5812 quod

266 5847 358 5897 est
386 5838 502 5910 ipse
529 5837 696 5905 Deus,
717 5835 845 5894 dicit
871 5833 1308 5906 comprehensam
1334 5848 1366 5889 a
1391 5831 1621 5890 tenebris
1649 5841 1704 5890 et
1727 5833 1850 5904 liga-

1557 367 1764 426 LIBER
1798 362 2184 423 SECUNDUS.

3421 373 3526 430 546

1951 487 2058 532 tam
2086 486 2140 533 et
2168 476 2421 547 pollutam
2453 473 2474 532 ε’
2494 477 2635 549 quod
2655 485 2710 534 tu
2730 477 2844 550 ipse
2863 478 3152 535 secundum
3179 480 3529 554 Evangelium

1947 569 2170 640 loquens
2206 585 2312 625 non
2340 571 2554 640 potuisti
2581 571 2790 637 dicere;
2821 571 2915 627 sed
2942 587 3129 628 verum
3157 573 3368 640 dixisti,
3409 579 3532 647 quia

1950 658 2040 715 tua:
2059 660 2190 715 lucet
2218 663 2271 715 in
2296 663 2507 716 tenebris
2526 704 2541 729 ,
2565 671 2609 716 et
2636 663 2851 718 tenebras
2875 680 2987 718 eam
3011 681 3112 719 non
3135 668 3531 738 comprehende-

1947 760 2084 808 runt.
2113 752 2437 809 Manichieus
2463 768 2591 824 ergo
2615 755 3040 813 anathemandus
3060 761 3088 823 ,‘
3102 759 3194 829 qui
3214 758 3380 828 dixit,
3411 763 3534 832 quia

1948 841 2040 897 lux
2064 843 2337 898 tenebrata
2366 853 2448 898 est
2475 847 2528 898 in
2571 846 2805 901 tenebris
2826 887 2842 916 ,
2883 856 2938 903 et
2966 848 3203 906 tenebrae
3240 865 3358 906 eam
3387 866 3535 909 com~

1952 935 2370 1006 prehenderunt.
2471 998 2485 1012 ο

1949 1051 1954 1066 ί
2021 1026 2154 1082 Ρει..
2186 1026 2319 1082 dixit
2352 1045 2365 1082 :
2409 1028 2516 1085 Sed
2545 1038 2600 1084 et
2627 1031 2717 1100 qui
2758 1032 3043 1100 polluitur,
3072 1041 3126 1090 et
3165 1035 3255 1106 qui
3293 1044 3532 1105 tenetur,

1952 1118 2232 1186 liberatur;
2251 1129 2308 1176 et
2331 1135 2431 1177 nos
2449 1123 2494 1176 si
2516 1122 2701 1192 polluti
2729 1138 2934 1193 sumus,
2965 1127 3298 1184 mttndamur.

2021 1210 2155 1267 Anc.
2199 1211 2334 1266 dixit
2363 1229 2376 1265 :
2413 1211 2518 1269 Sed
2551 1213 2652 1270 hoc
2676 1213 2744 1269 de
2769 1215 2860 1270 Dei
2889 1226 3074 1272 natura
3099 1235 3206 1276 non
3235 1231 3379 1278 recte
3402 1222 3537 1278 dici-

1954 1311 2059 1370 tur,
2087 1304 2186 1360 sed
2211 1304 2279 1360 de
2307 1305 2400 1361 illa
2425 1321 2543 1376 quae
2573 1306 2735 1376 pollui
2767 1316 2961 1377 potest,
2980 1319 3126 1367 recte
3149 1312 3342 1368 dicitur
3370 1332 3382 1368 :
3416 1317 3538 1386 quia

1953 1396 2207 1467 polluitur
2240 1405 2298 1452 et
2335 1398 2624 1454 mandatur
2652 1417 2665 1454 :
2697 1399 2765 1455 de
2799 1401 2888 1457 illa
2918 1417 3046 1459 vero
3084 1421 3202 1475 quae
3239 1407 3403 1477 pollui
3434 1423 3539 1464 non

1952 1496 2158 1559 potest,
2180 1488 2331 1544 vides
2348 1503 2471 1545 cum
2491 1499 2687 1562 quanto
2712 1494 2993 1564 sacrilegio
3013 1495 3218 1553 dicatur
3235 1539 3252 1564 ,
3279 1499 3538 1556 Polluitur

1954 1585 2011 1633 et
2037 1578 2356 1647 mundatur;
2393 1581 2624 1638 maxime
2659 1584 2781 1653 quia
2810 1584 2889 1640 sic
2929 1585 3104 1642 dicitis
3127 1590 3412 1658 quamdam
3446 1593 3542 1650 Dei

1954 1681 2159 1742 partem
2184 1687 2305 1730 esse
2344 1674 2600 1744 pollutam
2625 1716 2641 1742 ,
2674 1685 2734 1730 ut
2772 1686 3053 1750 propterea
3091 1679 3282 1749 ligetur
3308 1683 3362 1738 in
3386 1692 3544 1741 aeter-

1953 1778 2081 1820 num
2123 1763 2283 1835 globo
2315 1765 2696 1835 tenebrarum,
2736 1768 2856 1838 quia
2903 1784 3009 1825 non
3059 1771 3228 1840 potuit
3278 1774 3540 1829 mundari.

1955 1855 2069 1912 Hoc
2089 1857 2178 1926 qui
2205 1871 2314 1911 non
2335 1856 2660 1924 anathemat,
2692 1858 2882 1914 falsum
2911 1861 3074 1930 paulo
3097 1871 3222 1918 ante
3247 1865 3541 1933 respondit,

1953 1947 2079 2018 quia
2114 1949 2289 2004 omnis
2329 1949 2420 2019 qui
2464 1950 2594 2006 dicit
2634 1952 3038 2022 corruptibilem
3076 1954 3290 2022 Deum,
3327 1936 3545 2012 anathe-

1955 2041 2183 2098 mandus
2211 2051 2315 2098 est.
2497 2047 2502 2052 '

2025 2134 2252 2192 CAPUT
2291 2135 2434 2191 XVI.
2470 2166 2532 2178 —
2555 2137 2688 2193 an.
2716 2138 2888 2194 dixit:
2920 2139 3032 2196 Hoc
3073 2140 3215 2211 quod
3244 2141 3380 2199 dixit
3406 2141 3544 2198 San-

1955 2227 2110 2282 ctitas
2159 2235 2246 2281 tua
2271 2267 2285 2292 ,
2316 2228 2438 2297 quia
2471 2242 2594 2298 pars
2618 2244 2738 2299 qua:
2763 2243 2822 2284 se
2867 2245 2972 2286 non
2999 2231 3274 2288 mundavit
3298 2233 3366 2288 ab
3393 2234 3544 2288 coin-

1955 2317 2262 2388 quinatione
2308 2319 2480 2390 gentis
2528 2320 2868 2376 tenebrarum
2916 2340 2930 2376 :
2980 2332 3036 2378 et
3078 2324 3156 2379 sic
3205 2324 3337 2380 dicit
3381 2325 3546 2381 Mani-

1955 2407 2156 2474 cbteus,
2185 2409 2308 2480 quia
2337 2425 2442 2465 non
2469 2420 2594 2466 sunt
2618 2412 2766 2468 missi
2791 2412 2843 2467 in
2874 2427 3094 2484 regnum
3119 2415 3232 2470 Dei.
3265 2416 3378 2471 Hoc
3402 2417 3544 2472 enim

1955 2501 2156 2556 asseris
2187 2508 2241 2556 tu
2264 2541 2279 2566 ,
2323 2502 2448 2572 quia
2474 2500 2712 2557 damnati
2758 2512 2880 2558 sunt
2910 2522 2924 2558 :
2967 2505 3059 2559 sed
3094 2505 3410 2561 Manichacus
3439 2523 3546 2562 non

1957 2590 2062 2646 hoc
2078 2591 2230 2659 dicit,
2255 2592 2378 2663 quia
2404 2588 2639 2647 damnati
2666 2602 2790 2648 sunt
2812 2595 2830 2626 ί
2853 2636 2869 2662 ,
2899 2595 2993 2651 sed
3019 2595 3086 2650 ad
3126 2596 3419 2652 custodiam
3447 2613 3546 2668 po-

1958 2682 2046 2738 siti
2072 2691 2196 2738 sunt
2223 2682 2365 2739 illius
2389 2684 2562 2754 gentis
2589 2685 2949 2741 tenebrarum.

2029 2776 2163 2831 Auc.
2206 2775 2374 2830 dixit:
2406 2775 2481 2830 De
2510 2776 2608 2831 ista
2649 2787 2799 2847 parte
2839 2785 3014 2834 tecum
3043 2794 3144 2851 ago
3164 2821 3180 2846 ,
3226 2797 3386 2852 quam
3414 2781 3548 2839 dicis

1959 2866 2213 2936 pollutam
2243 2868 2455 2937 purgari
2485 2886 2496 2922 :
2527 2877 2708 2938 postea
2735 2871 2780 2924 si
2810 2885 2944 2941 opus
2978 2866 3173 2937 fuerit,
3215 2873 3282 2928 de
3313 2875 3400 2927 illa
3429 2891 3548 2944 qua:

1961 2956 2137 3026 ﬁgitur
2165 2957 2218 3012 in
2244 2957 2402 3029 globo
2439 2958 2573 3028 ejus.
2605 2955 2821 3015 Interim
2852 2977 2971 3032 quae
3015 2970 3305 3034 purgatur,
3347 2965 3546 3036 polluta

1959 3057 2093 3104 erat.
3119 3075 3121 3078 ‘

2032 3141 2164 3196 Fac.
2195 3141 2329 3196 dixit
2357 3160 2370 3195 :
2403 3143 2533 3211 Quae
2561 3144 2844 3214 polluitur,
2875 3154 2930 3202 et
2958 3147 3261 3204 mundatur.

2030 3233 2164 3290 Auc.
2195 3233 2329 3288 dixit
2359 3250 2372 3287 :
2405 3233 2506 3302 Qui
2530 3251 2656 3306 ergo
2677 3235 2804 3292 dicit
2833 3246 3076 3294 naturam
3111 3239 3205 3297 Dei
3229 3249 3286 3298 et
3311 3242 3548 3300 substan-

1961 3323 2087 3377 tiam
2111 3323 2226 3391 Dei,
2259 3333 2313 3379 ct
2342 3324 2395 3379 id
2420 3325 2574 3395 quod‘
2591 3326 2732 3383 Deus
2752 3337 2854 3396 est,
2879 3345 3036 3399 posse
3065 3331 3250 3401 pollui,
3273 3332 3444 3404 ligari,
3469 3337 3551 3390 in-

1961 3417 2168 3486 quinari
2195 3431 2224 3470 a
2255 3427 2414 3488 gente
2449 3419 2820 3489 tenebrarum,
2848 3438 2955 3479 non
2979 3433 3063 3479 est
3089 3426 3548 3485 anathemandus?

2031 3508 2162 3563 FEL.
2211 3510 2344 3564 dixit
2392 3510 2682 3572 :Chri'stus
2725 3513 2869 3569 unde
2911 3530 3009 3571 nos
3055 3517 3366 3574 mundavit?
3404 3519 3548 3578 unde

1962 3614 2059 3655 nos
2094 3601 2378 3656 liberavit?

2031 3692 2167 3747 Anc.
2199 3691 2334 3747 dixit
2366 3711 2380 3747 :
2421 3693 2677 3751 Christus.
2701 3711 2809 3751 non
2840 3706 3044 3766 partem
3075 3699 3200 3766 Dei,
3249 3717 3357 3757 non
3395 3711 3548 3760 natu-

1962 3796 2078 3837 ram
2107 3781 2202 3837 Dei
2227 3782 2510 3851 liberavit;
2539 3785 2633 3842 sed
2661 3785 2918 3842 facturam
2942 3804 3100 3858 quam
3128 3790 3256 3850 fecit
3275 3834 3289 3858 ,
3319 3792 3374 3849 in
3415 3809 3546 3866 pec-

1961 3883 2138 3929 catum
2166 3875 2442 3931 cadentem
2472 3891 2566 3946 per
2592 3877 2817 3934 liberum
2857 3879 3132 3937 arbitrium
3154 3924 3169 3951 ,
3209 3899 3304 3940 sua
3341 3887 3550 3944 miseri-

1961 3968 2141 4024 cordia
2169 3968 2429 4024 liberavit.
2458 3971 2588 4026 Eam
2621 3987 2734 4029 rem
2752 3973 3027 4028 mundavit
3049 3990 3168 4045 quin
3192 3977 3354 4047 pollui
3391 3989 3548 4049 pote-

1961 4067 2076 4126 rat,
2108 4074 2226 4115 eam
2263 4076 2378 4117 rem
2426 4062 2674 4118 liberavit
2717 4079 2836 4134 quae
2876 4065 3126 4136 captivari
3159 4080 3399 4139 poterat,
3430 4087 3548 4128 eam

1962 4165 2079 4206 rem
2123 4153 2331 4207 sanavit
2371 4169 2492 4224 quae
2535 4154 2796 4211 inﬁrmari
2840 4167 3066 4227 poterat.
3099 4160 3254 4217 Modo
3281 4171 3456 4218 autem
3483 4164 3551 4222 de

1963 4244 2073 4300 Deo
2094 4285 2109 4310 ,
2137 4244 2206 4301 de
2235 4255 2421 4301 natura
2463 4247 2591 4314 Dei,
2619 4248 2687 4305 de
2710 4249 3008 4308 substantia
3035 4252 3166 4321 Dei,
3209 4254 3274 4311 de
3304 4270 3369 4311 co
3410 4258 3551 4327 quod

1965 4339 2104 4395 Deus
2133 4349 2215 4406 est
2241 4341 2507 4411 loquimur
2532 4361 2544 4397 :
2572 4351 2779 4412 poterat
2801 4345 2987 4416 pollui,
3010 4363 3078 4403 an
3107 4365 3210 4405 non
3239 4354 3482 4420 poterat?

2035 4433 2261 4491 CAPUT
2290 4436 2531 4491 XVll.—
2549 4437 2679 4494 Fac.
2700 4439 2832 4496 dixit
2860 4458 2874 4496 :
2904 4443 3092 4499 Anima
3134 4455 3312 4502 nostra
3347 4461 3412 4503 ex
3443 4448 3554 4505 Deo

1964 4532 2084 4592 est,
2113 4541 2234 4596 qua:
2264 4527 2458 4595 polluta
2484 4530 2605 4584 est?
2637 4530 2693 4586 Si
2723 4547 2827 4587 non
2855 4543 2936 4588 est
2964 4550 3032 4590 ex
3064 4536 3172 4592 Deo
3191 4577 3207 4604 ,
3239 4540 3425 4610 utquid
3458 4556 3554 4609 pro

1943 4615 2054 4669 illa
2079 4613 2322 4671 Christus
2347 4619 2629 4700 cruciﬁxus
2655 4622 2774 4676 est?
2813 4623 2869 4678 Si
2896 4639 3024 4695 ergo
3051 4635 3202 4695 paret
3238 4629 3360 4699 quia
3401 4629 3556 4686 Chri-

1965 4713 2340 4776 stuspropter
2367 4709 2598 4764 animam
2638 4721 2872 4767 nostrain
2915 4715 3200 4773 cruciﬁxus
3242 4729 3358 4786 est,
3405 4729 3555 4790 paret

1948 4798 2089 4865 quia
2114 4813 2177 4853 ex
2206 4798 2317 4854 Deo
2355 4809 2438 4856 est
2461 4842 2475 4868 ,
2505 4810 2558 4857 et
2587 4802 2786 4872 polluta
2814 4814 2962 4873 erat,
3004 4817 3059 4864 et
3098 4810 3214 4879 ipse
3237 4825 3356 4866 eam
3400 4827 3558 4866 mun.

1967 4889 2129 4947 davit.

2039 4983 2172 5039 Auc.
2201 4983 2334 5038 dixit
2363 4985 2510 5056 :Ego
2537 5002 2642 5042 non
2670 4989 2839 5044 solum
2867 4991 3097 5046 animam
3115 5034 3129 5059 ,
3163 4992 3256 5048 sed
3280 5001 3334 5049 et
3359 5008 3552 5064 corpus

1968 5083 2208 5130 nostrum
2233 5085 2287 5130 et
2317 5091 2530 5132 omnem
2559 5080 2856 5136 creaturam
2888 5091 2942 5137 et
2969 5084 3296 5153 spiritualem
3337 5094 3392 5140 et
3429 5099 3552 5140 cor-

1968 5169 2203 5238 poralem
2229 5184 2296 5224 ex
2334 5169 2446 5225 Deo
2469 5185 2588 5226 esse
2612 5172 2730 5227 dico
2772 5191 2786 5227 :
2828 5175 2950 5244 quia
2977 5175 3080 5229 hoc
3108 5175 3268 5232 habet
3292 5177 3552 5235 catholica

1968 5259 2120 5314 ﬁdes.
2149 5259 2253 5314 Sed
2295 5259 2438 5316 aliud
2465 5271 2549 5316 est
2585 5263 2727 5332 quod
2769 5262 2836 5319 de
2873 5280 2932 5321 se
2978 5266 3115 5322 Deus
3154 5268 3376 5337 genuit,
3408 5271 3551 5340 quod

1967 5350 2072 5405 hoc
2093 5358 2175 5405 est
2197 5351 2337 5422 quod
2367 5352 2500 5424 ipse;
2529 5353 2672 5408 aliud
2689 5339 2864 5409 autem
2891 5355 3032 5426 quod
3054 5355 3181 5413 fecit
3211 5359 3370 5416 Deus.
3401 5339 3551 5429 Quod

1969 5442 2107 5497 Deus
2133 5443 2336 5514 genuit,
2367 5445 2570 5514 aequale
2592 5452 2674 5500 est
2697 5445 2837 5499 Patri
2869 5464 2883 5500 :
2912 5448 3052 5516 quod
3082 5449 3222 5505 Deus
3248 5449 3372 5507 fecit
3396 5495 3410 5517 ,
3443 5469 3549 5509 non

1965 5542 2045 5587 est
2073 5535 2276 5603 mqualc
2301 5535 2571 5590 conditum
2602 5537 2884 5592 conditori.
2923 5539 3078 5595 Aliud
3117 5551 3293 5597 autem
3325 5543 3549 5599 dicimus

1966 5640 2031 5679 ex
2072 5625 2180 5680 Deo
2216 5640 2366 5692 esse,
2399 5626 2540 5696 quod
2568 5629 2758 5684 melius
2785 5629 2979 5684 dicitur
3018 5631 3085 5688 de
3113 5633 3224 5688 Deo
3262 5649 3398 5702 esse,
3428 5636 3550 5705 quia

1963 5781 2130 5893 mium
2171 5788 2297 5843 Mss,
2337 5778 2423 5832 sed
2447 5780 2736 5836 Manichwus
2769 5783 2858 5836 hoc
2903 5786 3178 5853 ἀέρα,ᾳώ
3212 5801 3306 5840 non
3337 5787 3552 5843 dmum
3605 5791 3616 5797 ’
