  <div class='ocr_page' id='page_1' title='image "/cluster/home/n/w/nwhite01/storage/ocr_20150623/42/hvd.32044015471493/279.png"; bbox 0 0 4028 6424; ppageno 0'>
   <div class='ocr_carea' id='block_1_1' title="bbox 557 333 663 392">
    <p class='ocr_par' dir='ltr' id='par_1_1' title="bbox 557 333 663 392">
     <span class='ocr_line' id='line_1_1' title="bbox 557 333 663 392; baseline -0.019 0"><span class='ocrx_word' id='word_1_1' title='bbox 557 333 663 392; x_wconf 70' lang='grc' dir='ltr'>εισι</span> 
     </span>
    </p>
   </div>
   <div class='ocr_carea' id='block_1_2' title="bbox 558 441 2138 520">
    <p class='ocr_par' dir='ltr' id='par_1_2' title="bbox 558 441 2138 520">
     <span class='ocr_line' id='line_1_2' title="bbox 558 441 2138 520; baseline -0.006 -14"><span class='ocrx_word' id='word_1_2' title='bbox 558 451 662 507; x_wconf 84' lang='lat' dir='ltr'><strong>hoc</strong></span> <span class='ocrx_word' id='word_1_3' title='bbox 681 447 920 520; x_wconf 83' lang='lat' dir='ltr'><strong>estquod</strong></span> <span class='ocrx_word' id='word_1_4' title='bbox 937 447 1088 520; x_wconf 73' lang='lat' dir='ltr'><strong>ipse,</strong></span> <span class='ocrx_word' id='word_1_5' title='bbox 1116 448 1252 505; x_wconf 81' lang='lat' dir='ltr'><strong>sicut</strong></span> <span class='ocrx_word' id='word_1_6' title='bbox 1276 447 1576 517; x_wconf 73' lang='lat' dir='ltr'><strong>unigenitus</strong></span> <span class='ocrx_word' id='word_1_7' title='bbox 1605 446 1770 501; x_wconf 85' lang='lat' dir='ltr'><strong>Filius</strong></span> <span class='ocrx_word' id='word_1_8' title='bbox 1789 485 1804 510; x_wconf 91' lang='lat'><strong>,</strong></span> <span class='ocrx_word' id='word_1_9' title='bbox 1843 444 1981 498; x_wconf 86' lang='lat' dir='ltr'><strong>sicut</strong></span> <span class='ocrx_word' id='word_1_10' title='bbox 2010 441 2138 498; x_wconf 79' lang='lat' dir='ltr'><strong>Ver-</strong></span> 
     </span>
    </p>
   </div>
   <div class='ocr_carea' id='block_1_3' title="bbox 558 537 2140 613">
    <p class='ocr_par' dir='ltr' id='par_1_3' title="bbox 558 537 2140 613">
     <span class='ocr_line' id='line_1_3' title="bbox 558 537 2140 613; baseline -0.006 -12"><span class='ocrx_word' id='word_1_11' title='bbox 558 543 690 602; x_wconf 76' lang='lat' dir='ltr'><strong>hum</strong></span> <span class='ocrx_word' id='word_1_12' title='bbox 736 545 852 612; x_wconf 83' lang='lat' dir='ltr'><strong>ejus</strong></span> <span class='ocrx_word' id='word_1_13' title='bbox 882 555 977 612; x_wconf 81' lang='lat' dir='ltr'><strong>per</strong></span> <span class='ocrx_word' id='word_1_14' title='bbox 1001 542 1143 613; x_wconf 77' lang='lat' dir='ltr'><strong>quod</strong></span> <span class='ocrx_word' id='word_1_15' title='bbox 1185 541 1322 596; x_wconf 78' lang='lat' dir='ltr'><strong>facta</strong></span> <span class='ocrx_word' id='word_1_16' title='bbox 1355 547 1480 596; x_wconf 81' lang='lat' dir='ltr'><strong>sunt</strong></span> <span class='ocrx_word' id='word_1_17' title='bbox 1505 539 1683 594; x_wconf 85' lang='lat' dir='ltr'><strong>omnia</strong></span> <span class='ocrx_word' id='word_1_18' title='bbox 1713 537 1889 610; x_wconf 74' lang='lat' dir='ltr'><strong>(Joau.</strong></span> <span class='ocrx_word' id='word_1_19' title='bbox 1921 553 1975 601; x_wconf 86' lang='grc' dir='ltr'>ι,</span> <span class='ocrx_word' id='word_1_20' title='bbox 2019 537 2074 607; x_wconf 75' lang='lat'><strong>3)</strong></span> <span class='ocrx_word' id='word_1_21' title='bbox 2123 546 2140 591; x_wconf 86' lang='lat' dir='ltr'><strong>t</strong></span> 
     </span>
    </p>
   </div>
   <div class='ocr_carea' id='block_1_4' title="bbox 557 630 2141 702">
    <p class='ocr_par' dir='ltr' id='par_1_4' title="bbox 557 630 2141 702">
     <span class='ocr_line' id='line_1_4' title="bbox 557 630 2141 702; baseline -0.004 -14"><span class='ocrx_word' id='word_1_22' title='bbox 557 635 663 691; x_wconf 82' lang='lat' dir='ltr'><strong>alia</strong></span> <span class='ocrx_word' id='word_1_23' title='bbox 690 649 816 690; x_wconf 83' lang='lat' dir='ltr'><strong>vero</strong></span> <span class='ocrx_word' id='word_1_24' title='bbox 839 635 918 690; x_wconf 83' lang='lat' dir='ltr'><strong>sic</strong></span> <span class='ocrx_word' id='word_1_25' title='bbox 936 634 1162 689; x_wconf 79' lang='lat' dir='ltr'><strong>dicimus</strong></span> <span class='ocrx_word' id='word_1_26' title='bbox 1185 649 1252 688; x_wconf 76' lang='lat' dir='ltr'><strong>ex</strong></span> <span class='ocrx_word' id='word_1_27' title='bbox 1273 633 1414 696; x_wconf 70' lang='lat' dir='ltr'><strong>Deo,</strong></span> <span class='ocrx_word' id='word_1_28' title='bbox 1437 631 1560 702; x_wconf 86' lang='lat' dir='ltr'><strong>quia</strong></span> <span class='ocrx_word' id='word_1_29' title='bbox 1582 631 1734 693; x_wconf 83' lang='lat' dir='ltr'><strong>dixit,</strong></span> <span class='ocrx_word' id='word_1_30' title='bbox 1761 639 1818 686; x_wconf 76' lang='lat' dir='ltr'><strong>et</strong></span> <span class='ocrx_word' id='word_1_31' title='bbox 1843 630 1978 683; x_wconf 74' lang='lat' dir='ltr'><strong>facta</strong></span> <span class='ocrx_word' id='word_1_32' title='bbox 1997 635 2141 691; x_wconf 84' lang='lat' dir='ltr'><strong>sunt;</strong></span> 
     </span>
    </p>
   </div>
   <div class='ocr_carea' id='block_1_5' title="bbox 557 720 2144 794">
    <p class='ocr_par' dir='ltr' id='par_1_5' title="bbox 557 720 2144 794">
     <span class='ocr_line' id='line_1_5' title="bbox 557 720 2144 794; baseline -0.005 -10"><span class='ocrx_word' id='word_1_33' title='bbox 557 726 866 794; x_wconf 72' lang='lat' dir='ltr'><strong>mandavit.</strong></span> <span class='ocrx_word' id='word_1_34' title='bbox 893 735 946 782; x_wconf 81' lang='lat' dir='ltr'><strong>et</strong></span> <span class='ocrx_word' id='word_1_35' title='bbox 971 725 1257 780; x_wconf 80' lang='lat' dir='ltr'><strong>constituta</strong></span> <span class='ocrx_word' id='word_1_36' title='bbox 1284 732 1407 779; x_wconf 82' lang='lat' dir='ltr'><strong>sunt</strong></span> <span class='ocrx_word' id='word_1_37' title='bbox 1433 722 1608 793; x_wconf 72' lang='lat' dir='ltr'><strong>(Puri.</strong></span> <span class='ocrx_word' id='word_1_38' title='bbox 1639 735 1836 778; x_wconf 71' lang='lat' dir='ltr'><strong>canvnl</strong></span> <span class='ocrx_word' id='word_1_39' title='bbox 1855 757 1870 788; x_wconf 89' lang='lat'><strong>,</strong></span> <span class='ocrx_word' id='word_1_40' title='bbox 1898 721 1976 790; x_wconf 79' lang='lat'><strong>5).</strong></span> <span class='ocrx_word' id='word_1_41' title='bbox 2009 720 2144 776; x_wconf 81' lang='lat' dir='ltr'><strong>Hine</strong></span> 
     </span>
    </p>
   </div>
   <div class='ocr_carea' id='block_1_6' title="bbox 555 810 2145 884">
    <p class='ocr_par' dir='ltr' id='par_1_6' title="bbox 555 810 2145 884">
     <span class='ocr_line' id='line_1_6' title="bbox 555 810 2145 884; baseline -0.003 -12"><span class='ocrx_word' id='word_1_42' title='bbox 555 826 643 872; x_wconf 82' lang='lat' dir='ltr'><strong>est</strong></span> <span class='ocrx_word' id='word_1_43' title='bbox 669 817 844 871; x_wconf 83' lang='lat' dir='ltr'><strong>animo</strong></span> <span class='ocrx_word' id='word_1_44' title='bbox 865 857 878 881; x_wconf 93' lang='lat'><strong>,</strong></span> <span class='ocrx_word' id='word_1_45' title='bbox 905 831 975 872; x_wconf 77' lang='lat' dir='ltr'><strong>ex</strong></span> <span class='ocrx_word' id='word_1_46' title='bbox 1002 815 1088 871; x_wconf 76' lang='lat' dir='ltr'><strong>his</strong></span> <span class='ocrx_word' id='word_1_47' title='bbox 1109 830 1229 884; x_wconf 84' lang='lat' dir='ltr'><strong>quae</strong></span> <span class='ocrx_word' id='word_1_48' title='bbox 1262 813 1388 870; x_wconf 83' lang='lat' dir='ltr'><strong>fecit</strong></span> <span class='ocrx_word' id='word_1_49' title='bbox 1414 815 1557 870; x_wconf 87' lang='lat' dir='ltr'><strong>Deus</strong></span> <span class='ocrx_word' id='word_1_50' title='bbox 1575 851 1590 880; x_wconf 94' lang='lat'><strong>,</strong></span> <span class='ocrx_word' id='word_1_51' title='bbox 1619 830 1723 869; x_wconf 90' lang='lat' dir='ltr'><strong>non</strong></span> <span class='ocrx_word' id='word_1_52' title='bbox 1753 811 1881 867; x_wconf 89' lang='lat' dir='ltr'><strong>illud</strong></span> <span class='ocrx_word' id='word_1_53' title='bbox 1911 810 2058 882; x_wconf 82' lang='lat' dir='ltr'><strong>quod</strong></span> <span class='ocrx_word' id='word_1_54' title='bbox 2078 811 2145 868; x_wconf 76' lang='lat' dir='ltr'><strong>de</strong></span> 
     </span>
    </p>
   </div>
   <div class='ocr_carea' id='block_1_7' title="bbox 559 903 2146 978">
    <p class='ocr_par' dir='ltr' id='par_1_7' title="bbox 559 903 2146 978">
     <span class='ocr_line' id='line_1_7' title="bbox 559 903 2146 978; baseline -0.003 -16"><span class='ocrx_word' id='word_1_55' title='bbox 559 923 618 962; x_wconf 85' lang='lat' dir='ltr'><strong>se</strong></span> <span class='ocrx_word' id='word_1_56' title='bbox 642 907 823 978; x_wconf 88' lang='lat' dir='ltr'><strong>genuit</strong></span> <span class='ocrx_word' id='word_1_57' title='bbox 846 907 1004 961; x_wconf 89' lang='lat' dir='ltr'><strong>Deus.</strong></span> <span class='ocrx_word' id='word_1_58' title='bbox 1039 905 1162 960; x_wconf 90' lang='lat' dir='ltr'><strong>ldeo</strong></span> <span class='ocrx_word' id='word_1_59' title='bbox 1191 905 1421 960; x_wconf 76' lang='lat' dir='ltr'><strong>Verbum</strong></span> <span class='ocrx_word' id='word_1_60' title='bbox 1453 905 1592 975; x_wconf 87' lang='lat' dir='ltr'><strong>quod</strong></span> <span class='ocrx_word' id='word_1_61' title='bbox 1613 904 1679 960; x_wconf 88' lang='lat' dir='ltr'><strong>de</strong></span> <span class='ocrx_word' id='word_1_62' title='bbox 1699 919 1757 960; x_wconf 83' lang='lat' dir='ltr'><strong>se</strong></span> <span class='ocrx_word' id='word_1_63' title='bbox 1776 904 1960 974; x_wconf 84' lang='lat' dir='ltr'><strong>genuit</strong></span> <span class='ocrx_word' id='word_1_64' title='bbox 1983 943 1998 968; x_wconf 91' lang='lat'><strong>,</strong></span> <span class='ocrx_word' id='word_1_65' title='bbox 2025 903 2146 973; x_wconf 73' lang='lat' dir='ltr'><strong>poi-</strong></span> 
     </span>
    </p>
   </div>
   <div class='ocr_carea' id='block_1_8' title="bbox 559 997 2144 1068">
    <p class='ocr_par' dir='ltr' id='par_1_8' title="bbox 559 997 2144 1068">
     <span class='ocr_line' id='line_1_8' title="bbox 559 997 2144 1068; baseline -0.001 -16"><span class='ocrx_word' id='word_1_66' title='bbox 559 997 631 1053; x_wconf 87' lang='lat' dir='ltr'><strong>lui</strong></span> <span class='ocrx_word' id='word_1_67' title='bbox 663 1012 770 1052; x_wconf 87' lang='lat' dir='ltr'><strong>non</strong></span> <span class='ocrx_word' id='word_1_68' title='bbox 814 997 1014 1065; x_wconf 82' lang='lat' dir='ltr'><strong>potuit,</strong></span> <span class='ocrx_word' id='word_1_69' title='bbox 1051 1012 1150 1052; x_wconf 88' lang='lat' dir='ltr'><strong>nec</strong></span> <span class='ocrx_word' id='word_1_70' title='bbox 1176 1006 1384 1068; x_wconf 85' lang='lat' dir='ltr'><strong>potest,</strong></span> <span class='ocrx_word' id='word_1_71' title='bbox 1421 1013 1517 1052; x_wconf 89' lang='lat' dir='ltr'><strong>nec</strong></span> <span class='ocrx_word' id='word_1_72' title='bbox 1544 997 1754 1068; x_wconf 79' lang='lat' dir='ltr'><strong>poterit.</strong></span> <span class='ocrx_word' id='word_1_73' title='bbox 1779 997 1974 1052; x_wconf 80' lang='lat' dir='ltr'><strong>Anima</strong></span> <span class='ocrx_word' id='word_1_74' title='bbox 2016 1005 2144 1050; x_wconf 77' lang='lat' dir='ltr'><strong>Vero</strong></span> 
     </span>
    </p>
   </div>
   <div class='ocr_carea' id='block_1_9' title="bbox 558 1086 2140 1157">
    <p class='ocr_par' dir='ltr' id='par_1_9' title="bbox 558 1086 2140 1157">
     <span class='ocr_line' id='line_1_9' title="bbox 558 1086 2140 1157; baseline 0.001 -19"><span class='ocrx_word' id='word_1_75' title='bbox 558 1103 716 1157; x_wconf 87' lang='lat' dir='ltr'><strong>quam</strong></span> <span class='ocrx_word' id='word_1_76' title='bbox 747 1086 870 1141; x_wconf 80' lang='lat' dir='ltr'><strong>fecit</strong></span> <span class='ocrx_word' id='word_1_77' title='bbox 896 1087 1181 1141; x_wconf 79' lang='lat' dir='ltr'><strong>rectricem</strong></span> <span class='ocrx_word' id='word_1_78' title='bbox 1203 1088 1442 1156; x_wconf 86' lang='lat' dir='ltr'><strong>corporis</strong></span> <span class='ocrx_word' id='word_1_79' title='bbox 1464 1123 1480 1154; x_wconf 91' lang='lat'><strong>,</strong></span> <span class='ocrx_word' id='word_1_80' title='bbox 1509 1097 1568 1142; x_wconf 87' lang='lat' dir='ltr'><strong>ut</strong></span> <span class='ocrx_word' id='word_1_81' title='bbox 1594 1087 1818 1142; x_wconf 73' lang='lat' dir='ltr'><strong>serviret</strong></span> <span class='ocrx_word' id='word_1_82' title='bbox 1843 1086 2104 1156; x_wconf 75' lang='lat' dir='ltr'><strong>superiori</strong></span> <span class='ocrx_word' id='word_1_83' title='bbox 2123 1125 2140 1153; x_wconf 88' lang='lat'><strong>,</strong></span> 
     </span>
    </p>
   </div>
   <div class='ocr_carea' id='block_1_10' title="bbox 558 1178 2146 1246">
    <p class='ocr_par' dir='ltr' id='par_1_10' title="bbox 558 1178 2146 1246">
     <span class='ocr_line' id='line_1_10' title="bbox 558 1178 2146 1246; baseline -0.002 -11"><span class='ocrx_word' id='word_1_84' title='bbox 558 1179 921 1238; x_wconf 84' lang='lat' dir='ltr'><strong>dominaretur</strong></span> <span class='ocrx_word' id='word_1_85' title='bbox 947 1178 1216 1245; x_wconf 78' lang='lat' dir='ltr'><strong>inferiori,</strong></span> <span class='ocrx_word' id='word_1_86' title='bbox 1259 1180 1312 1234; x_wconf 89' lang='lat' dir='ltr'><strong>id</strong></span> <span class='ocrx_word' id='word_1_87' title='bbox 1341 1190 1454 1246; x_wconf 77' lang='lat' dir='ltr'><strong>est,</strong></span> <span class='ocrx_word' id='word_1_88' title='bbox 1485 1180 1709 1236; x_wconf 59' lang='lat' dir='ltr'><strong>set-tiret</strong></span> <span class='ocrx_word' id='word_1_89' title='bbox 1734 1180 1878 1241; x_wconf 81' lang='lat' dir='ltr'><strong>Deo.</strong></span> <span class='ocrx_word' id='word_1_90' title='bbox 1905 1179 2146 1234; x_wconf 85' lang='lat' dir='ltr'><strong>domina-</strong></span> 
     </span>
    </p>
   </div>
   <div class='ocr_carea' id='block_1_11' title="bbox 559 1269 2145 1341">
    <p class='ocr_par' dir='ltr' id='par_1_11' title="bbox 559 1269 2145 1341">
     <span class='ocr_line' id='line_1_11' title="bbox 559 1269 2145 1341; baseline -0.001 -15"><span class='ocrx_word' id='word_1_91' title='bbox 559 1279 704 1326; x_wconf 90' lang='lat' dir='ltr'><strong>retur</strong></span> <span class='ocrx_word' id='word_1_92' title='bbox 729 1271 976 1341; x_wconf 87' lang='lat' dir='ltr'><strong>corpori,</strong></span> <span class='ocrx_word' id='word_1_93' title='bbox 1003 1279 1306 1340; x_wconf 80' lang='lat' dir='ltr'><strong>eontempta</strong></span> <span class='ocrx_word' id='word_1_94' title='bbox 1333 1271 1425 1326; x_wconf 86' lang='lat' dir='ltr'><strong>Dei</strong></span> <span class='ocrx_word' id='word_1_95' title='bbox 1449 1271 1568 1341; x_wconf 80' lang='lat' dir='ltr'><strong>lege</strong></span> <span class='ocrx_word' id='word_1_96' title='bbox 1609 1287 1705 1341; x_wconf 85' lang='lat' dir='ltr'><strong>per.</strong></span> <span class='ocrx_word' id='word_1_97' title='bbox 1728 1279 2006 1341; x_wconf 83' lang='lat' dir='ltr'><strong>peccatum</strong></span> <span class='ocrx_word' id='word_1_98' title='bbox 2035 1269 2145 1340; x_wconf 80' lang='lat' dir='ltr'><strong>pol-</strong></span> 
     </span>
    </p>
   </div>
   <div class='ocr_carea' id='block_1_12' title="bbox 551 1362 2143 1433">
    <p class='ocr_par' dir='ltr' id='par_1_12' title="bbox 551 1362 2143 1433">
     <span class='ocr_line' id='line_1_12' title="bbox 551 1362 2143 1433; baseline -0.002 -12"><span class='ocrx_word' id='word_1_99' title='bbox 551 1365 667 1421; x_wconf 85' lang='lat' dir='ltr'><strong>luta</strong></span> <span class='ocrx_word' id='word_1_100' title='bbox 698 1372 799 1430; x_wconf 79' lang='lat' dir='ltr'><strong>est;</strong></span> <span class='ocrx_word' id='word_1_101' title='bbox 831 1365 970 1422; x_wconf 85' lang='lat' dir='ltr'><strong>Deus</strong></span> <span class='ocrx_word' id='word_1_102' title='bbox 989 1373 1165 1420; x_wconf 88' lang='lat' dir='ltr'><strong>autem</strong></span> <span class='ocrx_word' id='word_1_103' title='bbox 1187 1364 1606 1421; x_wconf 80' lang='lat' dir='ltr'><strong>misericordiam</strong></span> <span class='ocrx_word' id='word_1_104' title='bbox 1633 1373 1892 1433; x_wconf 69' lang='lat' dir='ltr'><strong>praestans</strong></span> <span class='ocrx_word' id='word_1_105' title='bbox 1916 1362 2001 1418; x_wconf 88' lang='lat' dir='ltr'><strong>his</strong></span> <span class='ocrx_word' id='word_1_106' title='bbox 2025 1378 2143 1432; x_wconf 72' lang='lat' dir='ltr'><strong>qua:</strong></span> 
     </span>
    </p>
   </div>
   <div class='ocr_carea' id='block_1_13' title="bbox 558 1453 2147 1527">
    <p class='ocr_par' dir='ltr' id='par_1_13' title="bbox 558 1453 2147 1527">
     <span class='ocr_line' id='line_1_13' title="bbox 558 1453 2147 1527; baseline -0.002 -15"><span class='ocrx_word' id='word_1_107' title='bbox 558 1455 710 1522; x_wconf 75' lang='lat' dir='ltr'><strong>fecit,</strong></span> <span class='ocrx_word' id='word_1_108' title='bbox 745 1456 889 1511; x_wconf 88' lang='lat' dir='ltr'><strong>misit</strong></span> <span class='ocrx_word' id='word_1_109' title='bbox 918 1455 1107 1512; x_wconf 87' lang='lat' dir='ltr'><strong>Filium</strong></span> <span class='ocrx_word' id='word_1_110' title='bbox 1137 1471 1232 1527; x_wconf 87' lang='lat' dir='ltr'><strong>per</strong></span> <span class='ocrx_word' id='word_1_111' title='bbox 1259 1471 1415 1526; x_wconf 82' lang='lat' dir='ltr'><strong>quem</strong></span> <span class='ocrx_word' id='word_1_112' title='bbox 1442 1453 1565 1512; x_wconf 81' lang='lat' dir='ltr'><strong>fecit</strong></span> <span class='ocrx_word' id='word_1_113' title='bbox 1585 1495 1598 1522; x_wconf 91' lang='lat'><strong>,</strong></span> <span class='ocrx_word' id='word_1_114' title='bbox 1622 1465 1680 1512; x_wconf 83' lang='lat' dir='ltr'><strong>et</strong></span> <span class='ocrx_word' id='word_1_115' title='bbox 1708 1471 1803 1525; x_wconf 84' lang='lat' dir='ltr'><strong>per</strong></span> <span class='ocrx_word' id='word_1_116' title='bbox 1831 1455 1976 1513; x_wconf 86' lang='lat' dir='ltr'><strong>illum</strong></span> <span class='ocrx_word' id='word_1_117' title='bbox 2009 1453 2147 1510; x_wconf 60' lang='lat' dir='ltr'><strong>refe»</strong></span> 
     </span>
    </p>
   </div>
   <div class='ocr_carea' id='block_1_14' title="bbox 557 1547 2147 1618">
    <p class='ocr_par' dir='ltr' id='par_1_14' title="bbox 557 1547 2147 1618">
     <span class='ocr_line' id='line_1_14' title="bbox 557 1547 2147 1618; baseline 0 -16"><span class='ocrx_word' id='word_1_118' title='bbox 557 1549 648 1603; x_wconf 81' lang='lat' dir='ltr'><strong>cit.</strong></span> <span class='ocrx_word' id='word_1_119' title='bbox 680 1547 903 1618; x_wconf 84' lang='lat' dir='ltr'><strong>Quando</strong></span> <span class='ocrx_word' id='word_1_120' title='bbox 929 1548 1266 1606; x_wconf 81' lang='lat' dir='ltr'><strong>condendam</strong></span> <span class='ocrx_word' id='word_1_121' title='bbox 1295 1558 1409 1605; x_wconf 79' lang='lat' dir='ltr'><strong>erat</strong></span> <span class='ocrx_word' id='word_1_122' title='bbox 1435 1547 1576 1618; x_wconf 78' lang='lat' dir='ltr'><strong>quod</strong></span> <span class='ocrx_word' id='word_1_123' title='bbox 1605 1564 1711 1604; x_wconf 87' lang='lat' dir='ltr'><strong>non</strong></span> <span class='ocrx_word' id='word_1_124' title='bbox 1733 1555 1867 1615; x_wconf 78' lang='lat' dir='ltr'><strong>erat,</strong></span> <span class='ocrx_word' id='word_1_125' title='bbox 1891 1557 1989 1618; x_wconf 81' lang='lat' dir='ltr'><strong>per</strong></span> <span class='ocrx_word' id='word_1_126' title='bbox 2016 1547 2147 1603; x_wconf 74' lang='lat' dir='ltr'><strong>Ven-</strong></span> 
     </span>
    </p>
   </div>
   <div class='ocr_carea' id='block_1_15' title="bbox 561 1640 2146 1712">
    <p class='ocr_par' dir='ltr' id='par_1_15' title="bbox 561 1640 2146 1712">
     <span class='ocr_line' id='line_1_15' title="bbox 561 1640 2146 1712; baseline -0.001 -12"><span class='ocrx_word' id='word_1_127' title='bbox 561 1642 685 1700; x_wconf 82' lang='lat' dir='ltr'><strong>hum</strong></span> <span class='ocrx_word' id='word_1_128' title='bbox 730 1640 1002 1700; x_wconf 78' lang='lat' dir='ltr'><strong>conditum</strong></span> <span class='ocrx_word' id='word_1_129' title='bbox 1041 1652 1130 1700; x_wconf 85' lang='lat' dir='ltr'><strong>est</strong></span> <span class='ocrx_word' id='word_1_130' title='bbox 1168 1641 1426 1712; x_wconf 84' lang='lat' dir='ltr'><strong>tquando</strong></span> <span class='ocrx_word' id='word_1_131' title='bbox 1469 1641 1813 1698; x_wconf 74' lang='lat' dir='ltr'><strong>reﬁciendum</strong></span> <span class='ocrx_word' id='word_1_132' title='bbox 1842 1651 1960 1697; x_wconf 84' lang='lat' dir='ltr'><strong>erat</strong></span> <span class='ocrx_word' id='word_1_133' title='bbox 2005 1643 2146 1712; x_wconf 86' lang='lat' dir='ltr'><strong>quod</strong></span> 
     </span>
    </p>
   </div>
   <div class='ocr_carea' id='block_1_16' title="bbox 561 1733 2150 1804">
    <p class='ocr_par' dir='ltr' id='par_1_16' title="bbox 561 1733 2150 1804">
     <span class='ocr_line' id='line_1_16' title="bbox 561 1733 2150 1804; baseline 0.001 -16"><span class='ocrx_word' id='word_1_134' title='bbox 561 1733 904 1802; x_wconf 82' lang='lat' dir='ltr'><strong>depravatum</strong></span> <span class='ocrx_word' id='word_1_135' title='bbox 927 1733 1124 1799; x_wconf 63' lang='lat' dir='ltr'><strong>morat,</strong></span> <span class='ocrx_word' id='word_1_136' title='bbox 1152 1741 1394 1804; x_wconf 76' lang='lat' dir='ltr'><strong>suscepta</strong></span> <span class='ocrx_word' id='word_1_137' title='bbox 1421 1743 1502 1790; x_wconf 85' lang='lat' dir='ltr'><strong>est</strong></span> <span class='ocrx_word' id='word_1_138' title='bbox 1530 1735 1656 1790; x_wconf 72' lang='lat' dir='ltr'><strong>inde</strong></span> <span class='ocrx_word' id='word_1_139' title='bbox 1682 1743 1934 1790; x_wconf 76' lang='lat' dir='ltr'><strong>creatura</strong></span> <span class='ocrx_word' id='word_1_140' title='bbox 1955 1734 2030 1790; x_wconf 80' lang='lat' dir='ltr'><strong>de</strong></span> <span class='ocrx_word' id='word_1_141' title='bbox 2048 1735 2150 1789; x_wconf 81' lang='lat' dir='ltr'><strong>vir-</strong></span> 
     </span>
    </p>
   </div>
   <div class='ocr_carea' id='block_1_17' title="bbox 559 1825 2146 1897">
    <p class='ocr_par' dir='ltr' id='par_1_17' title="bbox 559 1825 2146 1897">
     <span class='ocr_line' id='line_1_17' title="bbox 559 1825 2146 1897; baseline -0.009 -1"><span class='ocrx_word' id='word_1_142' title='bbox 559 1827 681 1896; x_wconf 70' lang='grc' dir='ltr'>ιίιια</span> <span class='ocrx_word' id='word_1_143' title='bbox 706 1827 868 1882; x_wconf 70' lang='lat' dir='ltr'><strong>Maria</strong></span> <span class='ocrx_word' id='word_1_144' title='bbox 885 1863 899 1891; x_wconf 75' lang='lat'><strong>.</strong></span> <span class='ocrx_word' id='word_1_145' title='bbox 929 1835 986 1882; x_wconf 90' lang='lat' dir='ltr'><strong>ut</strong></span> <span class='ocrx_word' id='word_1_146' title='bbox 1012 1840 1108 1897; x_wconf 81' lang='lat' dir='ltr'><strong>per</strong></span> <span class='ocrx_word' id='word_1_147' title='bbox 1135 1825 1190 1882; x_wconf 87' lang='lat' dir='ltr'><strong>id</strong></span> <span class='ocrx_word' id='word_1_148' title='bbox 1211 1825 1354 1896; x_wconf 81' lang='lat' dir='ltr'><strong>quod</strong></span> <span class='ocrx_word' id='word_1_149' title='bbox 1379 1836 1493 1882; x_wconf 86' lang='lat' dir='ltr'><strong>erat</strong></span> <span class='ocrx_word' id='word_1_150' title='bbox 1525 1827 1717 1890; x_wconf 85' lang='lat' dir='ltr'><strong>homo,</strong></span> <span class='ocrx_word' id='word_1_151' title='bbox 1751 1826 2146 1882; x_wconf 46' lang='lat' dir='ltr'><strong>demonstration</strong></span> 
     </span>
    </p>
   </div>
   <div class='ocr_carea' id='block_1_18' title="bbox 558 1917 2148 1989">
    <p class='ocr_par' dir='ltr' id='par_1_18' title="bbox 558 1917 2148 1989">
     <span class='ocr_line' id='line_1_18' title="bbox 558 1917 2148 1989; baseline 0.001 -17"><span class='ocrx_word' id='word_1_152' title='bbox 558 1928 648 1982; x_wconf 90' lang='lat' dir='ltr'><strong>tur</strong></span> <span class='ocrx_word' id='word_1_153' title='bbox 678 1918 877 1982; x_wconf 78' lang='lat' dir='ltr'><strong>homini</strong></span> <span class='ocrx_word' id='word_1_154' title='bbox 919 1926 974 1973; x_wconf 86' lang='lat' dir='ltr'><strong>et</strong></span> <span class='ocrx_word' id='word_1_155' title='bbox 1009 1918 1136 1988; x_wconf 83' lang='lat' dir='ltr'><strong>quid</strong></span> <span class='ocrx_word' id='word_1_156' title='bbox 1179 1917 1551 1974; x_wconf 67' lang='lat' dir='ltr'><strong>sustinendum</strong></span> <span class='ocrx_word' id='word_1_157' title='bbox 1575 1927 1634 1974; x_wconf 85' lang='lat' dir='ltr'><strong>et</strong></span> <span class='ocrx_word' id='word_1_158' title='bbox 1658 1917 1784 1989; x_wconf 82' lang='lat' dir='ltr'><strong>quid</strong></span> <span class='ocrx_word' id='word_1_159' title='bbox 1826 1919 2148 1988; x_wconf 78' lang='lat' dir='ltr'><strong>sperandum</strong></span> 
     </span>
    </p>
   </div>
   <div class='ocr_carea' id='block_1_19' title="bbox 562 2011 2147 2082">
    <p class='ocr_par' dir='ltr' id='par_1_19' title="bbox 562 2011 2147 2082">
     <span class='ocr_line' id='line_1_19' title="bbox 562 2011 2147 2082; baseline -0.001 -16"><span class='ocrx_word' id='word_1_160' title='bbox 562 2021 722 2067; x_wconf 83' lang='lat' dir='ltr'><strong>esset.</strong></span> <span class='ocrx_word' id='word_1_161' title='bbox 754 2013 932 2082; x_wconf 89' lang='lat' dir='ltr'><strong>itaque</strong></span> <span class='ocrx_word' id='word_1_162' title='bbox 963 2023 1148 2067; x_wconf 87' lang='lat' dir='ltr'><strong>natura</strong></span> <span class='ocrx_word' id='word_1_163' title='bbox 1177 2011 1372 2080; x_wconf 86' lang='lat' dir='ltr'><strong>Verbi,</strong></span> <span class='ocrx_word' id='word_1_164' title='bbox 1411 2013 1710 2069; x_wconf 81' lang='lat' dir='ltr'><strong>substantia</strong></span> <span class='ocrx_word' id='word_1_165' title='bbox 1748 2013 2001 2082; x_wconf 73' lang='lat' dir='ltr'><strong>unigeniti</strong></span> <span class='ocrx_word' id='word_1_166' title='bbox 2029 2011 2147 2066; x_wconf 80' lang='lat' dir='ltr'><strong>Filii</strong></span> 
     </span>
    </p>
   </div>
   <div class='ocr_carea' id='block_1_20' title="bbox 565 2099 2147 2172">
    <p class='ocr_par' dir='ltr' id='par_1_20' title="bbox 565 2099 2147 2172">
     <span class='ocr_line' id='line_1_20' title="bbox 565 2099 2147 2172; baseline -0.001 -16"><span class='ocrx_word' id='word_1_167' title='bbox 565 2100 659 2156; x_wconf 88' lang='lat' dir='ltr'><strong>Dei</strong></span> <span class='ocrx_word' id='word_1_168' title='bbox 688 2099 822 2156; x_wconf 83' lang='lat' dir='ltr'><strong>nihil</strong></span> <span class='ocrx_word' id='word_1_169' title='bbox 860 2116 1014 2172; x_wconf 83' lang='lat' dir='ltr'><strong>passa</strong></span> <span class='ocrx_word' id='word_1_170' title='bbox 1040 2109 1123 2156; x_wconf 87' lang='lat' dir='ltr'><strong>est</strong></span> <span class='ocrx_word' id='word_1_171' title='bbox 1157 2101 1244 2158; x_wconf 87' lang='lat' dir='ltr'><strong>vel</strong></span> <span class='ocrx_word' id='word_1_172' title='bbox 1269 2116 1303 2161; x_wconf 68' lang='grc' dir='ltr'><strong>ιι</strong></span> <span class='ocrx_word' id='word_1_173' title='bbox 1343 2103 1774 2170; x_wconf 69' lang='lat' dir='ltr'><strong>persecutoribus</strong></span> <span class='ocrx_word' id='word_1_174' title='bbox 1805 2101 2032 2167; x_wconf 77' lang='lat' dir='ltr'><strong>Judtels,</strong></span> <span class='ocrx_word' id='word_1_175' title='bbox 2065 2101 2147 2155; x_wconf 74' lang='lat' dir='ltr'><strong>vel</strong></span> 
     </span>
    </p>
   </div>
   <div class='ocr_carea' id='block_1_21' title="bbox 561 2189 2149 2262">
    <p class='ocr_par' dir='ltr' id='par_1_21' title="bbox 561 2189 2149 2262">
     <span class='ocr_line' id='line_1_21' title="bbox 561 2189 2149 2262; baseline 0.002 -17"><span class='ocrx_word' id='word_1_176' title='bbox 561 2206 592 2245; x_wconf 92' lang='lat' dir='ltr'><strong>a</strong></span> <span class='ocrx_word' id='word_1_177' title='bbox 633 2189 845 2246; x_wconf 81' lang='lat' dir='ltr'><strong>diabolo</strong></span> <span class='ocrx_word' id='word_1_178' title='bbox 886 2192 1083 2261; x_wconf 23' lang='lat' dir='ltr'><strong>angelo.</strong></span> <span class='ocrx_word' id='word_1_179' title='bbox 1105 2192 1246 2249; x_wconf 76' lang='lat' dir='ltr'><strong>malo</strong></span> <span class='ocrx_word' id='word_1_180' title='bbox 1273 2202 1646 2262; x_wconf 77' lang='lat' dir='ltr'><strong>persequente.</strong></span> <span class='ocrx_word' id='word_1_181' title='bbox 1681 2192 1786 2248; x_wconf 87' lang='lat' dir='ltr'><strong>Sed</strong></span> <span class='ocrx_word' id='word_1_182' title='bbox 1812 2194 1934 2262; x_wconf 70' lang='lat' dir='ltr'><strong>quia</strong></span> <span class='ocrx_word' id='word_1_183' title='bbox 1978 2191 2149 2248; x_wconf 73' lang='lat' dir='ltr'><strong>induit</strong></span> 
     </span>
    </p>
   </div>
   <div class='ocr_carea' id='block_1_22' title="bbox 563 2283 2149 2362">
    <p class='ocr_par' dir='ltr' id='par_1_22' title="bbox 563 2283 2149 2362">
     <span class='ocr_line' id='line_1_22' title="bbox 563 2283 2149 2362; baseline 0.001 -23"><span class='ocrx_word' id='word_1_184' title='bbox 563 2298 621 2339; x_wconf 86' lang='lat' dir='ltr'><strong>se</strong></span> <span class='ocrx_word' id='word_1_185' title='bbox 646 2298 808 2338; x_wconf 81' lang='lat' dir='ltr'><strong>carne</strong></span> <span class='ocrx_word' id='word_1_186' title='bbox 827 2320 852 2362; x_wconf 21' lang='lat'><strong>,‘</strong></span> <span class='ocrx_word' id='word_1_187' title='bbox 871 2283 1042 2339; x_wconf 84' lang='lat' dir='ltr'><strong>induit</strong></span> <span class='ocrx_word' id='word_1_188' title='bbox 1063 2299 1123 2340; x_wconf 86' lang='lat' dir='ltr'><strong>se</strong></span> <span class='ocrx_word' id='word_1_189' title='bbox 1153 2299 1212 2344; x_wconf 84' lang='lat' dir='ltr'><strong>re</strong></span> <span class='ocrx_word' id='word_1_190' title='bbox 1239 2284 1470 2349; x_wconf 77' lang='lat' dir='ltr'><strong>mortali,</strong></span> <span class='ocrx_word' id='word_1_191' title='bbox 1494 2299 1554 2340; x_wconf 90' lang='lat' dir='ltr'><strong>re</strong></span> <span class='ocrx_word' id='word_1_192' title='bbox 1582 2284 1820 2354; x_wconf 83' lang='lat' dir='ltr'><strong>passibili</strong></span> <span class='ocrx_word' id='word_1_193' title='bbox 1840 2321 1856 2350; x_wconf 90' lang='lat'><strong>,</strong></span> <span class='ocrx_word' id='word_1_194' title='bbox 1887 2298 1947 2340; x_wconf 84' lang='lat' dir='ltr'><strong>re</strong></span> <span class='ocrx_word' id='word_1_195' title='bbox 1976 2291 2149 2340; x_wconf 66' lang='lat' dir='ltr'><strong>mota-</strong></span> 
     </span>
    </p>
   </div>
   <div class='ocr_carea' id='block_1_23' title="bbox 563 2375 2150 2447">
    <p class='ocr_par' dir='ltr' id='par_1_23' title="bbox 563 2375 2150 2447">
     <span class='ocr_line' id='line_1_23' title="bbox 563 2375 2150 2447; baseline 0 -15"><span class='ocrx_word' id='word_1_196' title='bbox 563 2375 684 2442; x_wconf 82' lang='lat' dir='ltr'><strong>hili,</strong></span> <span class='ocrx_word' id='word_1_197' title='bbox 717 2375 778 2430; x_wconf 81' lang='lat' dir='ltr'><strong>in</strong></span> <span class='ocrx_word' id='word_1_198' title='bbox 807 2375 1036 2446; x_wconf 81' lang='lat' dir='ltr'><strong>ecquod</strong></span> <span class='ocrx_word' id='word_1_199' title='bbox 1056 2391 1118 2434; x_wconf 86' lang='lat' dir='ltr'><strong>se</strong></span> <span class='ocrx_word' id='word_1_200' title='bbox 1143 2376 1344 2444; x_wconf 77' lang='lat' dir='ltr'><strong>induit,</strong></span> <span class='ocrx_word' id='word_1_201' title='bbox 1373 2392 1562 2445; x_wconf 84' lang='lat' dir='ltr'><strong>passus</strong></span> <span class='ocrx_word' id='word_1_202' title='bbox 1581 2385 1667 2433; x_wconf 85' lang='lat' dir='ltr'><strong>est</strong></span> <span class='ocrx_word' id='word_1_203' title='bbox 1687 2377 1943 2447; x_wconf 82' lang='lat' dir='ltr'><strong>quidquid</strong></span> <span class='ocrx_word' id='word_1_204' title='bbox 1986 2378 2150 2432; x_wconf 67' lang='lat' dir='ltr'><strong>uoluit</strong></span> 
     </span>
    </p>
   </div>
   <div class='ocr_carea' id='block_1_24' title="bbox 555 2465 2148 2537">
    <p class='ocr_par' dir='ltr' id='par_1_24' title="bbox 555 2465 2148 2537">
     <span class='ocr_line' id='line_1_24' title="bbox 555 2465 2148 2537; baseline 0.001 -15"><span class='ocrx_word' id='word_1_205' title='bbox 555 2465 632 2522; x_wconf 83' lang='lat' dir='ltr'><strong>ad</strong></span> <span class='ocrx_word' id='word_1_206' title='bbox 667 2467 964 2536; x_wconf 78' lang='lat' dir='ltr'><strong>exemplum</strong></span> <span class='ocrx_word' id='word_1_207' title='bbox 995 2467 1297 2537; x_wconf 63' lang='lat' dir='ltr'><strong>patientius,</strong></span> <span class='ocrx_word' id='word_1_208' title='bbox 1325 2477 1381 2522; x_wconf 91' lang='lat' dir='ltr'><strong>et</strong></span> <span class='ocrx_word' id='word_1_209' title='bbox 1404 2468 1720 2524; x_wconf 74' lang='lat' dir='ltr'><strong>reiermavlt.</strong></span> <span class='ocrx_word' id='word_1_210' title='bbox 1735 2469 1841 2524; x_wconf 85' lang='lat' dir='ltr'><strong>hoc</strong></span> <span class='ocrx_word' id='word_1_211' title='bbox 1883 2469 1948 2524; x_wconf 81' lang='lat' dir='ltr'><strong>ad</strong></span> <span class='ocrx_word' id='word_1_212' title='bbox 1975 2484 2148 2524; x_wconf 68' lang='lat' dir='ltr'><strong>exesu-</strong></span> 
     </span>
    </p>
   </div>
   <div class='ocr_carea' id='block_1_25' title="bbox 565 2558 2149 2630">
    <p class='ocr_par' dir='ltr' id='par_1_25' title="bbox 565 2558 2149 2630">
     <span class='ocr_line' id='line_1_25' title="bbox 565 2558 2149 2630; baseline -0.001 -15"><span class='ocrx_word' id='word_1_213' title='bbox 565 2558 708 2629; x_wconf 84' lang='lat' dir='ltr'><strong>plum</strong></span> <span class='ocrx_word' id='word_1_214' title='bbox 732 2558 971 2628; x_wconf 68' lang='lat' dir='ltr'><strong>justitim.</strong></span> <span class='ocrx_word' id='word_1_215' title='bbox 1017 2558 1094 2614; x_wconf 79' lang='lat' dir='ltr'><strong>Tu</strong></span> <span class='ocrx_word' id='word_1_216' title='bbox 1122 2558 1285 2624; x_wconf 81' lang='lat' dir='ltr'><strong>modo</strong></span> <span class='ocrx_word' id='word_1_217' title='bbox 1305 2558 1393 2614; x_wconf 86' lang='lat' dir='ltr'><strong>dio</strong></span> <span class='ocrx_word' id='word_1_218' title='bbox 1413 2559 1550 2614; x_wconf 76' lang='lat' dir='ltr'><strong>mihi</strong></span> <span class='ocrx_word' id='word_1_219' title='bbox 1569 2559 1642 2614; x_wconf 78' lang='lat' dir='ltr'><strong>de</strong></span> <span class='ocrx_word' id='word_1_220' title='bbox 1676 2559 1774 2615; x_wconf 83' lang='lat' dir='ltr'><strong>Dei</strong></span> <span class='ocrx_word' id='word_1_221' title='bbox 1802 2567 1985 2630; x_wconf 83' lang='lat' dir='ltr'><strong>parte,</strong></span> <span class='ocrx_word' id='word_1_222' title='bbox 2007 2559 2149 2629; x_wconf 76' lang='lat' dir='ltr'><strong>quod</strong></span> 
     </span>
    </p>
   </div>
   <div class='ocr_carea' id='block_1_26' title="bbox 569 2650 2148 2721">
    <p class='ocr_par' dir='ltr' id='par_1_26' title="bbox 569 2650 2148 2721">
     <span class='ocr_line' id='line_1_26' title="bbox 569 2650 2148 2721; baseline 0.001 -15"><span class='ocrx_word' id='word_1_223' title='bbox 569 2650 709 2706; x_wconf 88' lang='lat' dir='ltr'><strong>Deus</strong></span> <span class='ocrx_word' id='word_1_224' title='bbox 733 2657 834 2716; x_wconf 87' lang='lat' dir='ltr'><strong>est.</strong></span> <span class='ocrx_word' id='word_1_225' title='bbox 864 2658 1040 2704; x_wconf 91' lang='lat' dir='ltr'><strong>utrum</strong></span> <span class='ocrx_word' id='word_1_226' title='bbox 1071 2651 1232 2720; x_wconf 87' lang='lat' dir='ltr'><strong>pollui</strong></span> <span class='ocrx_word' id='word_1_227' title='bbox 1257 2651 1458 2720; x_wconf 78' lang='lat' dir='ltr'><strong>possit,</strong></span> <span class='ocrx_word' id='word_1_228' title='bbox 1490 2667 1558 2706; x_wconf 85' lang='lat' dir='ltr'><strong>an</strong></span> <span class='ocrx_word' id='word_1_229' title='bbox 1579 2667 1706 2708; x_wconf 85' lang='lat' dir='ltr'><strong>non.</strong></span> <span class='ocrx_word' id='word_1_230' title='bbox 1729 2651 1792 2708; x_wconf 76' lang='lat' dir='ltr'><strong>Si</strong></span> <span class='ocrx_word' id='word_1_231' title='bbox 1817 2661 2016 2721; x_wconf 82' lang='lat' dir='ltr'><strong>potest,</strong></span> <span class='ocrx_word' id='word_1_232' title='bbox 2045 2659 2148 2707; x_wconf 77' lang='lat' dir='ltr'><strong>neu</strong></span> 
     </span>
    </p>
   </div>
   <div class='ocr_carea' id='block_1_27' title="bbox 561 2741 2151 2813">
    <p class='ocr_par' dir='ltr' id='par_1_27' title="bbox 561 2741 2151 2813">
     <span class='ocr_line' id='line_1_27' title="bbox 561 2741 2151 2813; baseline 0.001 -15"><span class='ocrx_word' id='word_1_233' title='bbox 561 2750 650 2798; x_wconf 83' lang='lat' dir='ltr'><strong>est</strong></span> <span class='ocrx_word' id='word_1_234' title='bbox 689 2741 1140 2806; x_wconf 75' lang='lat' dir='ltr'><strong>incommutabilis</strong></span> <span class='ocrx_word' id='word_1_235' title='bbox 1181 2743 1354 2809; x_wconf 76' lang='lat' dir='ltr'><strong>Deus;</strong></span> <span class='ocrx_word' id='word_1_236' title='bbox 1385 2751 1441 2798; x_wconf 90' lang='lat' dir='ltr'><strong>et</strong></span> <span class='ocrx_word' id='word_1_237' title='bbox 1465 2744 1554 2813; x_wconf 88' lang='lat' dir='ltr'><strong>qui</strong></span> <span class='ocrx_word' id='word_1_238' title='bbox 1586 2742 1689 2799; x_wconf 84' lang='lat' dir='ltr'><strong>hoc</strong></span> <span class='ocrx_word' id='word_1_239' title='bbox 1731 2743 1892 2810; x_wconf 76' lang='lat' dir='ltr'><strong>dicit,</strong></span> <span class='ocrx_word' id='word_1_240' title='bbox 1935 2743 2151 2799; x_wconf 72' lang='lat' dir='ltr'><strong>anathe</strong></span> 
     </span>
    </p>
   </div>
   <div class='ocr_carea' id='block_1_28' title="bbox 566 2832 2153 2904">
    <p class='ocr_par' dir='ltr' id='par_1_28' title="bbox 566 2832 2153 2904">
     <span class='ocr_line' id='line_1_28' title="bbox 566 2832 2153 2904; baseline 0.004 -18"><span class='ocrx_word' id='word_1_241' title='bbox 566 2832 795 2887; x_wconf 73' lang='lat' dir='ltr'><strong>mandas</strong></span> <span class='ocrx_word' id='word_1_242' title='bbox 815 2841 898 2887; x_wconf 87' lang='lat' dir='ltr'><strong>est</strong></span> <span class='ocrx_word' id='word_1_243' title='bbox 930 2850 942 2884; x_wconf 91' lang='lat'><strong>:</strong></span> <span class='ocrx_word' id='word_1_244' title='bbox 970 2833 1017 2890; x_wconf 77' lang='lat' dir='ltr'><strong>si</strong></span> <span class='ocrx_word' id='word_1_245' title='bbox 1047 2839 1226 2888; x_wconf 79' lang='lat' dir='ltr'><strong>autem</strong></span> <span class='ocrx_word' id='word_1_246' title='bbox 1253 2849 1357 2888; x_wconf 84' lang='lat' dir='ltr'><strong>non</strong></span> <span class='ocrx_word' id='word_1_247' title='bbox 1385 2843 1601 2904; x_wconf 80' lang='lat' dir='ltr'><strong>potest,</strong></span> <span class='ocrx_word' id='word_1_248' title='bbox 1631 2834 1786 2890; x_wconf 75' lang='lat' dir='ltr'><strong>vides.</strong></span> <span class='ocrx_word' id='word_1_249' title='bbox 1807 2836 2153 2892; x_wconf 71' lang='lat' dir='ltr'><strong>anatlteman-</strong></span> 
     </span>
    </p>
   </div>
   <div class='ocr_carea' id='block_1_29' title="bbox 565 2921 2149 2997">
    <p class='ocr_par' dir='ltr' id='par_1_29' title="bbox 565 2921 2149 2997">
     <span class='ocr_line' id='line_1_29' title="bbox 565 2921 2149 2997; baseline 0.001 -18"><span class='ocrx_word' id='word_1_250' title='bbox 565 2921 693 2979; x_wconf 79' lang='lat' dir='ltr'><strong>dum</strong></span> <span class='ocrx_word' id='word_1_251' title='bbox 722 2937 842 2988; x_wconf 86' lang='lat' dir='ltr'><strong>esse</strong></span> <span class='ocrx_word' id='word_1_252' title='bbox 859 2922 1210 2980; x_wconf 77' lang='lat' dir='ltr'><strong>Maniohaeum</strong></span> <span class='ocrx_word' id='word_1_253' title='bbox 1228 2963 1243 2991; x_wconf 92' lang='lat'><strong>,</strong></span> <span class='ocrx_word' id='word_1_254' title='bbox 1271 2925 1360 2995; x_wconf 88' lang='lat' dir='ltr'><strong>qui</strong></span> <span class='ocrx_word' id='word_1_255' title='bbox 1377 2925 1736 2997; x_wconf 80' lang='lat' dir='ltr'><strong>didtpartem</strong></span> <span class='ocrx_word' id='word_1_256' title='bbox 1759 2927 1884 2994; x_wconf 86' lang='lat' dir='ltr'><strong>Dei,</strong></span> <span class='ocrx_word' id='word_1_257' title='bbox 1908 2936 2149 2983; x_wconf 81' lang='lat' dir='ltr'><strong>naturam</strong></span> 
     </span>
    </p>
   </div>
   <div class='ocr_carea' id='block_1_30' title="bbox 569 3015 2150 3091">
    <p class='ocr_par' dir='ltr' id='par_1_30' title="bbox 569 3015 2150 3091">
     <span class='ocr_line' id='line_1_30' title="bbox 569 3015 2150 3091; baseline 0.004 -21"><span class='ocrx_word' id='word_1_258' title='bbox 569 3015 690 3082; x_wconf 89' lang='lat' dir='ltr'><strong>Dei,</strong></span> <span class='ocrx_word' id='word_1_259' title='bbox 723 3015 773 3071; x_wconf 89' lang='lat' dir='ltr'><strong>id</strong></span> <span class='ocrx_word' id='word_1_260' title='bbox 794 3015 936 3086; x_wconf 91' lang='lat' dir='ltr'><strong>quod</strong></span> <span class='ocrx_word' id='word_1_261' title='bbox 966 3024 1049 3071; x_wconf 85' lang='lat' dir='ltr'><strong>est</strong></span> <span class='ocrx_word' id='word_1_262' title='bbox 1075 3017 1233 3083; x_wconf 90' lang='lat' dir='ltr'><strong>Deus,</strong></span> <span class='ocrx_word' id='word_1_263' title='bbox 1259 3019 1468 3075; x_wconf 82' lang='lat' dir='ltr'><strong>venisse</strong></span> <span class='ocrx_word' id='word_1_264' title='bbox 1499 3020 1600 3075; x_wconf 92' lang='lat' dir='ltr'><strong>huc</strong></span> <span class='ocrx_word' id='word_1_265' title='bbox 1628 3035 1814 3091; x_wconf 88' lang='lat' dir='ltr'><strong>puram</strong></span> <span class='ocrx_word' id='word_1_266' title='bbox 1846 3021 1910 3075; x_wconf 86' lang='lat' dir='ltr'><strong>ad</strong></span> <span class='ocrx_word' id='word_1_267' title='bbox 1936 3030 2150 3091; x_wconf 78' lang='lat' dir='ltr'><strong>gentem</strong></span> 
     </span>
    </p>
   </div>
   <div class='ocr_carea' id='block_1_31' title="bbox 569 3107 2152 3183">
    <p class='ocr_par' dir='ltr' id='par_1_31' title="bbox 569 3107 2152 3183">
     <span class='ocr_line' id='line_1_31' title="bbox 569 3107 2152 3183; baseline 0.004 -21"><span class='ocrx_word' id='word_1_268' title='bbox 569 3107 909 3170; x_wconf 78' lang='lat' dir='ltr'><strong>tenebrarum</strong></span> <span class='ocrx_word' id='word_1_269' title='bbox 925 3108 1142 3177; x_wconf 68' lang='grc' dir='ltr'>ιιμιω</span> <span class='ocrx_word' id='word_1_270' title='bbox 1169 3117 1330 3180; x_wconf 77' lang='lat' dir='ltr'><strong>atque</strong></span> <span class='ocrx_word' id='word_1_271' title='bbox 1351 3111 1640 3181; x_wconf 71' lang='lat' dir='ltr'><strong>pollutam,</strong></span> <span class='ocrx_word' id='word_1_272' title='bbox 1672 3118 1733 3166; x_wconf 83' lang='lat' dir='ltr'><strong>ut</strong></span> <span class='ocrx_word' id='word_1_273' title='bbox 1758 3110 1994 3183; x_wconf 71' lang='lat' dir='ltr'><strong>buligeat</strong></span> <span class='ocrx_word' id='word_1_274' title='bbox 2017 3111 2152 3168; x_wconf 83' lang='lat' dir='ltr'><strong>solvi</strong></span> 
     </span>
    </p>
   </div>
   <div class='ocr_carea' id='block_1_32' title="bbox 569 3197 932 3277">
    <p class='ocr_par' dir='ltr' id='par_1_32' title="bbox 569 3197 932 3277">
     <span class='ocr_line' id='line_1_32' title="bbox 569 3197 932 3277; baseline -0.011 -21"><span class='ocrx_word' id='word_1_275' title='bbox 569 3211 636 3256; x_wconf 79' lang='lat' dir='ltr'><strong>ac</strong></span> <span class='ocrx_word' id='word_1_276' title='bbox 663 3197 932 3277; x_wconf 78' lang='lat' dir='ltr'><strong>mundari.</strong></span> 
     </span>
    </p>
   </div>
   <div class='ocr_carea' id='block_1_33' title="bbox 640 3288 2152 3354">
    <p class='ocr_par' dir='ltr' id='par_1_33' title="bbox 640 3288 2152 3354">
     <span class='ocr_line' id='line_1_33' title="bbox 640 3288 2152 3354; baseline 0.007 -10"><span class='ocrx_word' id='word_1_277' title='bbox 640 3288 866 3354; x_wconf 74' lang='lat' dir='ltr'><strong>CAPUT</strong></span> <span class='ocrx_word' id='word_1_278' title='bbox 920 3289 1104 3352; x_wconf 68' lang='lat' dir='ltr'><strong>XVIII.</strong></span> <span class='ocrx_word' id='word_1_279' title='bbox 1131 3293 1353 3354; x_wconf 53' lang='lat' dir='ltr'><strong>wFaL.</strong></span> <span class='ocrx_word' id='word_1_280' title='bbox 1394 3293 1578 3350; x_wconf 65' lang='lat' dir='ltr'><strong>dixit:</strong></span> <span class='ocrx_word' id='word_1_281' title='bbox 1603 3293 1716 3351; x_wconf 67' lang='lat' dir='ltr'><strong>Hoc</strong></span> <span class='ocrx_word' id='word_1_282' title='bbox 1757 3301 1816 3352; x_wconf 87' lang='lat' dir='ltr'><strong>tu</strong></span> <span class='ocrx_word' id='word_1_283' title='bbox 1858 3295 2037 3353; x_wconf 69' lang='lat' dir='ltr'><strong>dixisti</strong></span> <span class='ocrx_word' id='word_1_284' title='bbox 2083 3296 2152 3354; x_wconf 60' lang='grc' dir='ltr'><strong>ὼ</strong></span> 
     </span>
    </p>
   </div>
   <div class='ocr_carea' id='block_1_34' title="bbox 559 3380 1420 3454">
    <p class='ocr_par' dir='ltr' id='par_1_34' title="bbox 559 3380 1420 3454">
     <span class='ocr_line' id='line_1_34' title="bbox 559 3380 1420 3454; baseline 0.006 -15"><span class='ocrx_word' id='word_1_285' title='bbox 559 3380 767 3450; x_wconf 74' lang='lat' dir='ltr'><strong>animo,</strong></span> <span class='ocrx_word' id='word_1_286' title='bbox 797 3383 927 3454; x_wconf 27' lang='lat' dir='ltr'><strong>quin.</strong></span> <span class='ocrx_word' id='word_1_287' title='bbox 949 3398 1020 3444; x_wconf 80' lang='lat' dir='ltr'><strong>ex</strong></span> <span class='ocrx_word' id='word_1_288' title='bbox 1047 3385 1162 3442; x_wconf 86' lang='lat' dir='ltr'><strong>Deo</strong></span> <span class='ocrx_word' id='word_1_289' title='bbox 1188 3401 1292 3447; x_wconf 84' lang='lat' dir='ltr'><strong>non</strong></span> <span class='ocrx_word' id='word_1_290' title='bbox 1309 3396 1420 3445; x_wconf 76' lang='lat' dir='ltr'><strong>est.</strong></span> 
     </span>
    </p>
   </div>
   <div class='ocr_carea' id='block_1_35' title="bbox 550 3474 2148 3554">
    <p class='ocr_par' dir='ltr' id='par_1_35' title="bbox 550 3474 2148 3554">
     <span class='ocr_line' id='line_1_35' title="bbox 550 3474 2148 3554; baseline 0.009 -30"><span class='ocrx_word' id='word_1_291' title='bbox 550 3521 553 3524; x_wconf 89' lang='lat'><strong>.</strong></span> <span class='ocrx_word' id='word_1_292' title='bbox 638 3475 776 3543; x_wconf 62' lang='lat' dir='ltr'><strong>Aug.</strong></span> <span class='ocrx_word' id='word_1_293' title='bbox 821 3474 956 3538; x_wconf 61' lang='lat' dir='ltr'><strong>dixit</strong></span> <span class='ocrx_word' id='word_1_294' title='bbox 985 3493 998 3534; x_wconf 71' lang='grc' dir='ltr'>ε</span> <span class='ocrx_word' id='word_1_295' title='bbox 1025 3492 1137 3533; x_wconf 82' lang='lat' dir='ltr'><strong>non</strong></span> <span class='ocrx_word' id='word_1_296' title='bbox 1169 3478 1322 3545; x_wconf 67' lang='lat' dir='ltr'><strong>dixi;</strong></span> <span class='ocrx_word' id='word_1_297' title='bbox 1366 3479 1462 3536; x_wconf 87' lang='lat' dir='ltr'><strong>sed</strong></span> <span class='ocrx_word' id='word_1_298' title='bbox 1499 3480 1609 3537; x_wconf 70' lang='lat' dir='ltr'><strong>dini</strong></span> <span class='ocrx_word' id='word_1_299' title='bbox 1639 3482 1770 3552; x_wconf 81' lang='lat' dir='ltr'><strong>quia</strong></span> <span class='ocrx_word' id='word_1_300' title='bbox 1799 3498 1864 3538; x_wconf 77' lang='lat' dir='ltr'><strong>ex</strong></span> <span class='ocrx_word' id='word_1_301' title='bbox 1901 3485 2010 3540; x_wconf 87' lang='lat' dir='ltr'><strong>Doo</strong></span> <span class='ocrx_word' id='word_1_302' title='bbox 2043 3494 2148 3554; x_wconf 87' lang='lat' dir='ltr'><strong>est,</strong></span> 
     </span>
    </p>
   </div>
   <div class='ocr_carea' id='block_1_36' title="bbox 570 3568 1970 3643">
    <p class='ocr_par' dir='ltr' id='par_1_36' title="bbox 570 3568 1970 3643">
     <span class='ocr_line' id='line_1_36' title="bbox 570 3568 1970 3643; baseline 0.006 -22"><span class='ocrx_word' id='word_1_303' title='bbox 570 3577 820 3637; x_wconf 86' lang='lat' dir='ltr'><strong>tanquam</strong></span> <span class='ocrx_word' id='word_1_304' title='bbox 847 3582 876 3621; x_wconf 91' lang='lat' dir='ltr'><strong>a</strong></span> <span class='ocrx_word' id='word_1_305' title='bbox 905 3569 1011 3624; x_wconf 91' lang='lat' dir='ltr'><strong>Deo</strong></span> <span class='ocrx_word' id='word_1_306' title='bbox 1039 3568 1198 3635; x_wconf 83' lang='lat' dir='ltr'><strong>facta,</strong></span> <span class='ocrx_word' id='word_1_307' title='bbox 1230 3587 1334 3625; x_wconf 92' lang='lat' dir='ltr'><strong>non</strong></span> <span class='ocrx_word' id='word_1_308' title='bbox 1362 3581 1612 3643; x_wconf 84' lang='lat' dir='ltr'><strong>tanquam</strong></span> <span class='ocrx_word' id='word_1_309' title='bbox 1635 3590 1665 3629; x_wconf 91' lang='lat' dir='ltr'><strong>a</strong></span> <span class='ocrx_word' id='word_1_310' title='bbox 1697 3575 1804 3632; x_wconf 83' lang='lat' dir='ltr'><strong>Deo</strong></span> <span class='ocrx_word' id='word_1_311' title='bbox 1829 3586 1970 3632; x_wconf 79' lang='lat' dir='ltr'><strong>nata.</strong></span> 
     </span>
    </p>
   </div>
   <div class='ocr_carea' id='block_1_37' title="bbox 634 3658 2148 3743">
    <p class='ocr_par' dir='ltr' id='par_1_37' title="bbox 634 3658 2148 3743">
     <span class='ocr_line' id='line_1_37' title="bbox 634 3658 2148 3743; baseline 0.009 -27"><span class='ocrx_word' id='word_1_312' title='bbox 634 3658 766 3720; x_wconf 72' lang='grc' dir='ltr'>Εει..</span> <span class='ocrx_word' id='word_1_313' title='bbox 797 3660 970 3728; x_wconf 81' lang='lat' dir='ltr'><strong>dixit:</strong></span> <span class='ocrx_word' id='word_1_314' title='bbox 997 3663 1181 3720; x_wconf 69' lang='lat' dir='ltr'><strong>Dixisti</strong></span> <span class='ocrx_word' id='word_1_315' title='bbox 1207 3664 1274 3720; x_wconf 87' lang='lat' dir='ltr'><strong>de</strong></span> <span class='ocrx_word' id='word_1_316' title='bbox 1301 3667 1483 3721; x_wconf 76' lang='lat' dir='ltr'><strong>anim</strong></span> <span class='ocrx_word' id='word_1_317' title='bbox 1503 3668 1623 3738; x_wconf 80' lang='lat' dir='ltr'><strong>quia</strong></span> <span class='ocrx_word' id='word_1_318' title='bbox 1653 3683 1758 3724; x_wconf 91' lang='lat' dir='ltr'><strong>non</strong></span> <span class='ocrx_word' id='word_1_319' title='bbox 1788 3678 1875 3726; x_wconf 84' lang='lat' dir='ltr'><strong>est</strong></span> <span class='ocrx_word' id='word_1_320' title='bbox 1912 3687 1976 3728; x_wconf 69' lang='lat' dir='ltr'><strong>ea</strong></span> <span class='ocrx_word' id='word_1_321' title='bbox 2020 3673 2148 3743; x_wconf 88' lang='lat' dir='ltr'><strong>Deo,</strong></span> 
     </span>
    </p>
   </div>
   <div class='ocr_carea' id='block_1_38' title="bbox 566 3753 2152 3829">
    <p class='ocr_par' dir='ltr' id='par_1_38' title="bbox 566 3753 2152 3829">
     <span class='ocr_line' id='line_1_38' title="bbox 566 3753 2152 3829; baseline 0.008 -18"><span class='ocrx_word' id='word_1_322' title='bbox 566 3753 667 3812; x_wconf 76' lang='lat' dir='ltr'><strong>sed</strong></span> <span class='ocrx_word' id='word_1_323' title='bbox 703 3753 906 3816; x_wconf 66' lang='lat' dir='ltr'><strong>[animo</strong></span> <span class='ocrx_word' id='word_1_324' title='bbox 935 3756 1074 3822; x_wconf 75' lang='lat' dir='ltr'><strong>Dei.</strong></span> <span class='ocrx_word' id='word_1_325' title='bbox 1100 3758 1240 3829; x_wconf 66' lang='lat' dir='ltr'><strong>quia</strong></span> <span class='ocrx_word' id='word_1_326' title='bbox 1272 3758 1392 3814; x_wconf 76' lang='lat' dir='ltr'><strong>sine</strong></span> <span class='ocrx_word' id='word_1_327' title='bbox 1419 3761 1542 3815; x_wconf 74' lang='lat' dir='ltr'><strong>Deo</strong></span> <span class='ocrx_word' id='word_1_328' title='bbox 1567 3761 1696 3817; x_wconf 81' lang='lat' dir='ltr'><strong>nihil</strong></span> <span class='ocrx_word' id='word_1_329' title='bbox 1720 3772 1810 3818; x_wconf 72' lang='lat' dir='ltr'><strong>est</strong></span> <span class='ocrx_word' id='word_1_330' title='bbox 1836 3782 1850 3818; x_wconf 87' lang='lat'><strong>:</strong></span> <span class='ocrx_word' id='word_1_331' title='bbox 1885 3765 1984 3821; x_wconf 76' lang='lat' dir='ltr'><strong>hoc.</strong></span> <span class='ocrx_word' id='word_1_332' title='bbox 2009 3767 2152 3822; x_wconf 77' lang='lat' dir='ltr'><strong>enim</strong></span> 
     </span>
    </p>
   </div>
   <div class='ocr_carea' id='block_1_39' title="bbox 565 3845 2153 3925">
    <p class='ocr_par' dir='ltr' id='par_1_39' title="bbox 565 3845 2153 3925">
     <span class='ocr_line' id='line_1_39' title="bbox 565 3845 2153 3925; baseline 0.006 -19"><span class='ocrx_word' id='word_1_333' title='bbox 565 3845 700 3906; x_wconf 66' lang='lat' dir='ltr'><strong>dicit</strong></span> <span class='ocrx_word' id='word_1_334' title='bbox 749 3855 839 3915; x_wconf 82' lang='lat' dir='ltr'><strong>tu.</strong></span> <span class='ocrx_word' id='word_1_335' title='bbox 886 3857 941 3906; x_wconf 89' lang='lat' dir='ltr'><strong>et</strong></span> <span class='ocrx_word' id='word_1_336' title='bbox 979 3862 1092 3908; x_wconf 67' lang='lat' dir='ltr'><strong>non</strong></span> <span class='ocrx_word' id='word_1_337' title='bbox 1136 3851 1221 3907; x_wconf 73' lang='lat' dir='ltr'><strong>vis</strong></span> <span class='ocrx_word' id='word_1_338' title='bbox 1269 3863 1580 3910; x_wconf 71' lang='lat' dir='ltr'><strong>asseverare</strong></span> <span class='ocrx_word' id='word_1_339' title='bbox 1625 3855 1751 3925; x_wconf 79' lang='lat' dir='ltr'><strong>quia</strong></span> <span class='ocrx_word' id='word_1_340' title='bbox 1784 3863 1858 3913; x_wconf 74' lang='lat' dir='ltr'><strong>ait</strong></span> <span class='ocrx_word' id='word_1_341' title='bbox 1909 3858 2020 3915; x_wconf 86' lang='lat' dir='ltr'><strong>Deo</strong></span> <span class='ocrx_word' id='word_1_342' title='bbox 2069 3867 2153 3916; x_wconf 74' lang='lat' dir='ltr'><strong>eat</strong></span> 
     </span>
    </p>
   </div>
   <div class='ocr_carea' id='block_1_40' title="bbox 567 3952 765 3992">
    <p class='ocr_par' dir='ltr' id='par_1_40' title="bbox 567 3952 765 3992">
     <span class='ocr_line' id='line_1_40' title="bbox 567 3952 765 3992; baseline -0.01 0"><span class='ocrx_word' id='word_1_343' title='bbox 567 3952 632 3992; x_wconf 80' lang='lat' dir='ltr'><strong>an</strong></span> <span class='ocrx_word' id='word_1_344' title='bbox 639 3953 708 3992; x_wconf 77' lang='grc' dir='ltr'>ιω</span> <span class='ocrx_word' id='word_1_345' title='bbox 715 3952 765 3990; x_wconf 73' lang='lat'><strong>3..</strong></span> 
     </span>
    </p>
   </div>
   <div class='ocr_carea' id='block_1_41' title="bbox 637 4027 1902 4097">
    <p class='ocr_par' dir='ltr' id='par_1_41' title="bbox 637 4027 1902 4097">
     <span class='ocr_line' id='line_1_41' title="bbox 637 4027 1902 4097; baseline 0.01 -15"><span class='ocrx_word' id='word_1_346' title='bbox 637 4029 775 4097; x_wconf 72' lang='lat' dir='ltr'><strong>Acs.</strong></span> <span class='ocrx_word' id='word_1_347' title='bbox 797 4027 935 4085; x_wconf 79' lang='lat' dir='ltr'><strong>dixit</strong></span> <span class='ocrx_word' id='word_1_348' title='bbox 963 4045 1028 4086; x_wconf 81' lang='lat' dir='ltr'><strong>:u</strong></span> <span class='ocrx_word' id='word_1_349' title='bbox 1053 4031 1168 4087; x_wconf 84' lang='lat' dir='ltr'><strong>Deo</strong></span> <span class='ocrx_word' id='word_1_350' title='bbox 1189 4041 1290 4097; x_wconf 84' lang='lat' dir='ltr'><strong>est.</strong></span> <span class='ocrx_word' id='word_1_351' title='bbox 1311 4033 1413 4089; x_wconf 74' lang='lat' dir='ltr'><strong>sed</strong></span> <span class='ocrx_word' id='word_1_352' title='bbox 1444 4034 1582 4092; x_wconf 78' lang='lat' dir='ltr'><strong>facta</strong></span> <span class='ocrx_word' id='word_1_353' title='bbox 1608 4046 1690 4092; x_wconf 76' lang='lat' dir='ltr'><strong>eat</strong></span> <span class='ocrx_word' id='word_1_354' title='bbox 1713 4053 1743 4093; x_wconf 88' lang='lat' dir='ltr'><strong>a</strong></span> <span class='ocrx_word' id='word_1_355' title='bbox 1773 4039 1902 4095; x_wconf 77' lang='lat' dir='ltr'><strong>Deo.</strong></span> 
     </span>
    </p>
   </div>
   <div class='ocr_carea' id='block_1_42' title="bbox 639 4118 2151 4199">
    <p class='ocr_par' dir='ltr' id='par_1_42' title="bbox 639 4118 2151 4199">
     <span class='ocr_line' id='line_1_42' title="bbox 639 4118 2151 4199; baseline 0.01 -25"><span class='ocrx_word' id='word_1_356' title='bbox 639 4118 770 4174; x_wconf 74' lang='lat' dir='ltr'><strong>FEL.</strong></span> <span class='ocrx_word' id='word_1_357' title='bbox 814 4119 945 4176; x_wconf 70' lang='lat' dir='ltr'><strong>dixit</strong></span> <span class='ocrx_word' id='word_1_358' title='bbox 975 4138 989 4174; x_wconf 75' lang='grc' dir='ltr'><strong>ι</strong></span> <span class='ocrx_word' id='word_1_359' title='bbox 1020 4123 1125 4178; x_wconf 84' lang='lat' dir='ltr'><strong>Aut</strong></span> <span class='ocrx_word' id='word_1_360' title='bbox 1166 4122 1341 4190; x_wconf 81' lang='lat' dir='ltr'><strong>facta,</strong></span> <span class='ocrx_word' id='word_1_361' title='bbox 1381 4133 1474 4179; x_wconf 85' lang='lat' dir='ltr'><strong>aut</strong></span> <span class='ocrx_word' id='word_1_362' title='bbox 1516 4128 1710 4195; x_wconf 82' lang='lat' dir='ltr'><strong>missa,</strong></span> <span class='ocrx_word' id='word_1_363' title='bbox 1753 4142 1844 4185; x_wconf 87' lang='lat' dir='ltr'><strong>aut</strong></span> <span class='ocrx_word' id='word_1_364' title='bbox 1885 4131 2044 4199; x_wconf 81' lang='lat' dir='ltr'><strong>data,</strong></span> <span class='ocrx_word' id='word_1_365' title='bbox 2085 4147 2151 4189; x_wconf 83' lang='lat' dir='ltr'><strong>ex</strong></span> 
     </span>
    </p>
   </div>
   <div class='ocr_carea' id='block_1_43' title="bbox 568 4208 2154 4287">
    <p class='ocr_par' dir='ltr' id='par_1_43' title="bbox 568 4208 2154 4287">
     <span class='ocr_line' id='line_1_43' title="bbox 568 4208 2154 4287; baseline 0.009 -21"><span class='ocrx_word' id='word_1_366' title='bbox 568 4208 678 4266; x_wconf 88' lang='lat' dir='ltr'><strong>Deo</strong></span> <span class='ocrx_word' id='word_1_367' title='bbox 705 4217 804 4264; x_wconf 88' lang='lat' dir='ltr'><strong>est.</strong></span> <span class='ocrx_word' id='word_1_368' title='bbox 845 4209 987 4280; x_wconf 79' lang='lat' dir='ltr'><strong>Ergo</strong></span> <span class='ocrx_word' id='word_1_369' title='bbox 1016 4211 1058 4265; x_wconf 85' lang='lat' dir='ltr'><strong>si</strong></span> <span class='ocrx_word' id='word_1_370' title='bbox 1087 4227 1153 4268; x_wconf 75' lang='lat' dir='ltr'><strong>ex</strong></span> <span class='ocrx_word' id='word_1_371' title='bbox 1180 4213 1292 4267; x_wconf 89' lang='lat' dir='ltr'><strong>Deo</strong></span> <span class='ocrx_word' id='word_1_372' title='bbox 1316 4223 1398 4268; x_wconf 85' lang='lat' dir='ltr'><strong>est</strong></span> <span class='ocrx_word' id='word_1_373' title='bbox 1418 4255 1434 4281; x_wconf 92' lang='lat'><strong>,</strong></span> <span class='ocrx_word' id='word_1_374' title='bbox 1477 4224 1532 4270; x_wconf 87' lang='lat' dir='ltr'><strong>et</strong></span> <span class='ocrx_word' id='word_1_375' title='bbox 1567 4219 1765 4286; x_wconf 87' lang='lat' dir='ltr'><strong>polluta</strong></span> <span class='ocrx_word' id='word_1_376' title='bbox 1796 4232 1896 4287; x_wconf 88' lang='lat' dir='ltr'><strong>est,</strong></span> <span class='ocrx_word' id='word_1_377' title='bbox 1927 4231 1982 4277; x_wconf 84' lang='lat' dir='ltr'><strong>et</strong></span> <span class='ocrx_word' id='word_1_378' title='bbox 2007 4223 2154 4280; x_wconf 82' lang='lat' dir='ltr'><strong>venit</strong></span> 
     </span>
    </p>
   </div>
   <div class='ocr_carea' id='block_1_44' title="bbox 565 4301 2150 4385">
    <p class='ocr_par' dir='ltr' id='par_1_44' title="bbox 565 4301 2150 4385">
     <span class='ocr_line' id='line_1_44' title="bbox 565 4301 2150 4385; baseline 0.009 -28"><span class='ocrx_word' id='word_1_379' title='bbox 565 4301 810 4358; x_wconf 79' lang='lat' dir='ltr'><strong>Christus</strong></span> <span class='ocrx_word' id='word_1_380' title='bbox 830 4316 949 4358; x_wconf 89' lang='lat' dir='ltr'><strong>eam</strong></span> <span class='ocrx_word' id='word_1_381' title='bbox 975 4303 1206 4361; x_wconf 86' lang='lat' dir='ltr'><strong>liberare</strong></span> <span class='ocrx_word' id='word_1_382' title='bbox 1233 4304 1300 4361; x_wconf 88' lang='lat' dir='ltr'><strong>de</strong></span> <span class='ocrx_word' id='word_1_383' title='bbox 1330 4307 1652 4377; x_wconf 84' lang='lat' dir='ltr'><strong>pollutione;</strong></span> <span class='ocrx_word' id='word_1_384' title='bbox 1675 4311 1802 4382; x_wconf 87' lang='lat' dir='ltr'><strong>quid</strong></span> <span class='ocrx_word' id='word_1_385' title='bbox 1825 4314 2010 4385; x_wconf 83' lang='lat' dir='ltr'><strong>culpas</strong></span> <span class='ocrx_word' id='word_1_386' title='bbox 2039 4316 2150 4372; x_wconf 74' lang='lat' dir='ltr'><strong>Illa-</strong></span> 
     </span>
    </p>
   </div>
   <div class='ocr_carea' id='block_1_45' title="bbox 567 4394 872 4464">
    <p class='ocr_par' dir='ltr' id='par_1_45' title="bbox 567 4394 872 4464">
     <span class='ocr_line' id='line_1_45' title="bbox 567 4394 872 4464; baseline -0.02 -9"><span class='ocrx_word' id='word_1_387' title='bbox 567 4394 872 4464; x_wconf 73' lang='lat' dir='ltr'><strong>niclucum?</strong></span> 
     </span>
    </p>
   </div>
   <div class='ocr_carea' id='block_1_46' title="bbox 637 4487 2152 4562">
    <p class='ocr_par' dir='ltr' id='par_1_46' title="bbox 637 4487 2152 4562">
     <span class='ocr_line' id='line_1_46' title="bbox 637 4487 2152 4562; baseline 0.009 -18"><span class='ocrx_word' id='word_1_388' title='bbox 637 4488 774 4546; x_wconf 79' lang='lat' dir='ltr'><strong>Auo.</strong></span> <span class='ocrx_word' id='word_1_389' title='bbox 828 4487 960 4546; x_wconf 87' lang='lat' dir='ltr'><strong>dixit</strong></span> <span class='ocrx_word' id='word_1_390' title='bbox 989 4505 1002 4542; x_wconf 89' lang='lat'><strong>:</strong></span> <span class='ocrx_word' id='word_1_391' title='bbox 1035 4489 1169 4558; x_wconf 83' lang='lat' dir='ltr'><strong>Quia</strong></span> <span class='ocrx_word' id='word_1_392' title='bbox 1205 4505 1308 4562; x_wconf 87' lang='lat' dir='ltr'><strong>ego</strong></span> <span class='ocrx_word' id='word_1_393' title='bbox 1335 4492 1454 4550; x_wconf 82' lang='lat' dir='ltr'><strong>dice</strong></span> <span class='ocrx_word' id='word_1_394' title='bbox 1489 4495 1719 4552; x_wconf 78' lang='lat' dir='ltr'><strong>animum</strong></span> <span class='ocrx_word' id='word_1_395' title='bbox 1759 4513 1865 4553; x_wconf 90' lang='lat' dir='ltr'><strong>non</strong></span> <span class='ocrx_word' id='word_1_396' title='bbox 1901 4510 2152 4558; x_wconf 77' lang='lat' dir='ltr'><strong>naturam</strong></span> 
     </span>
    </p>
   </div>
   <div class='ocr_carea' id='block_1_47' title="bbox 568 4578 2153 4664">
    <p class='ocr_par' dir='ltr' id='par_1_47' title="bbox 568 4578 2153 4664">
     <span class='ocr_line' id='line_1_47' title="bbox 568 4578 2153 4664; baseline 0.01 -30"><span class='ocrx_word' id='word_1_397' title='bbox 568 4578 689 4648; x_wconf 70' lang='lat' dir='ltr'><strong>Dei,</strong></span> <span class='ocrx_word' id='word_1_398' title='bbox 717 4579 810 4634; x_wconf 87' lang='lat' dir='ltr'><strong>sed</strong></span> <span class='ocrx_word' id='word_1_399' title='bbox 856 4579 1044 4638; x_wconf 82' lang='lat' dir='ltr'><strong>factam</strong></span> <span class='ocrx_word' id='word_1_400' title='bbox 1078 4597 1111 4638; x_wconf 85' lang='lat' dir='ltr'><strong>a</strong></span> <span class='ocrx_word' id='word_1_401' title='bbox 1141 4583 1269 4650; x_wconf 79' lang='lat' dir='ltr'><strong>Deo,</strong></span> <span class='ocrx_word' id='word_1_402' title='bbox 1301 4600 1398 4654; x_wconf 83' lang='lat' dir='ltr'><strong>per</strong></span> <span class='ocrx_word' id='word_1_403' title='bbox 1440 4586 1665 4644; x_wconf 88' lang='lat' dir='ltr'><strong>liberum</strong></span> <span class='ocrx_word' id='word_1_404' title='bbox 1709 4591 1984 4647; x_wconf 73' lang='lat' dir='ltr'><strong>arbitrium</strong></span> <span class='ocrx_word' id='word_1_405' title='bbox 2029 4609 2153 4664; x_wconf 85' lang='lat' dir='ltr'><strong>pee-</strong></span> 
     </span>
    </p>
   </div>
   <div class='ocr_carea' id='block_1_48' title="bbox 563 4675 2148 4750">
    <p class='ocr_par' dir='ltr' id='par_1_48' title="bbox 563 4675 2148 4750">
     <span class='ocr_line' id='line_1_48' title="bbox 563 4675 2148 4750; baseline 0.011 -27"><span class='ocrx_word' id='word_1_406' title='bbox 563 4683 737 4736; x_wconf 87' lang='lat' dir='ltr'><strong>casse,</strong></span> <span class='ocrx_word' id='word_1_407' title='bbox 769 4677 822 4724; x_wconf 91' lang='lat' dir='ltr'><strong>et</strong></span> <span class='ocrx_word' id='word_1_408' title='bbox 845 4679 1069 4739; x_wconf 79' lang='lat' dir='ltr'><strong>peccato</strong></span> <span class='ocrx_word' id='word_1_409' title='bbox 1093 4687 1212 4730; x_wconf 83' lang='lat' dir='ltr'><strong>esse</strong></span> <span class='ocrx_word' id='word_1_410' title='bbox 1238 4675 1510 4744; x_wconf 66' lang='lat' dir='ltr'><strong>pollutum,</strong></span> <span class='ocrx_word' id='word_1_411' title='bbox 1534 4688 1590 4734; x_wconf 90' lang='lat' dir='ltr'><strong>et</strong></span> <span class='ocrx_word' id='word_1_412' title='bbox 1611 4695 1708 4750; x_wconf 85' lang='lat' dir='ltr'><strong>per</strong></span> <span class='ocrx_word' id='word_1_413' title='bbox 1732 4681 1826 4736; x_wconf 84' lang='lat' dir='ltr'><strong>Dei</strong></span> <span class='ocrx_word' id='word_1_414' title='bbox 1850 4685 2148 4741; x_wconf 66' lang='lat' dir='ltr'><strong>misericoro</strong></span> 
     </span>
    </p>
   </div>
   <div class='ocr_carea' id='block_1_49' title="bbox 563 4758 2150 4842">
    <p class='ocr_par' dir='ltr' id='par_1_49' title="bbox 563 4758 2150 4842">
     <span class='ocr_line' id='line_1_49' title="bbox 563 4758 2150 4842; baseline 0.009 -26"><span class='ocrx_word' id='word_1_415' title='bbox 563 4758 702 4816; x_wconf 84' lang='lat' dir='ltr'><strong>diam</strong></span> <span class='ocrx_word' id='word_1_416' title='bbox 731 4759 786 4814; x_wconf 90' lang='lat' dir='ltr'><strong>in</strong></span> <span class='ocrx_word' id='word_1_417' title='bbox 815 4761 1123 4830; x_wconf 68' lang='lat' dir='ltr'><strong>paenitentia</strong></span> <span class='ocrx_word' id='word_1_418' title='bbox 1149 4763 1424 4821; x_wconf 83' lang='lat' dir='ltr'><strong>liberatam</strong></span> <span class='ocrx_word' id='word_1_419' title='bbox 1453 4785 1467 4823; x_wconf 68' lang='grc' dir='ltr'><strong>ι</strong></span> <span class='ocrx_word' id='word_1_420' title='bbox 1497 4777 1551 4825; x_wconf 90' lang='lat' dir='ltr'><strong>tu</strong></span> <span class='ocrx_word' id='word_1_421' title='bbox 1585 4779 1761 4826; x_wconf 87' lang='lat' dir='ltr'><strong>autem</strong></span> <span class='ocrx_word' id='word_1_422' title='bbox 1799 4773 1967 4842; x_wconf 86' lang='lat' dir='ltr'><strong>ipsam</strong></span> <span class='ocrx_word' id='word_1_423' title='bbox 1994 4785 2150 4831; x_wconf 77' lang='lat' dir='ltr'><strong>natu-</strong></span> 
     </span>
    </p>
   </div>
   <div class='ocr_carea' id='block_1_50' title="bbox 564 4851 2150 4936">
    <p class='ocr_par' dir='ltr' id='par_1_50' title="bbox 564 4851 2150 4936">
     <span class='ocr_line' id='line_1_50' title="bbox 564 4851 2150 4936; baseline 0.01 -29"><span class='ocrx_word' id='word_1_424' title='bbox 564 4866 678 4907; x_wconf 88' lang='lat' dir='ltr'><strong>ram</strong></span> <span class='ocrx_word' id='word_1_425' title='bbox 706 4851 821 4919; x_wconf 90' lang='lat' dir='ltr'><strong>Dei,</strong></span> <span class='ocrx_word' id='word_1_426' title='bbox 853 4852 994 4923; x_wconf 91' lang='lat' dir='ltr'><strong>quod</strong></span> <span class='ocrx_word' id='word_1_427' title='bbox 1025 4854 1165 4910; x_wconf 87' lang='lat' dir='ltr'><strong>Deus</strong></span> <span class='ocrx_word' id='word_1_428' title='bbox 1193 4866 1294 4924; x_wconf 89' lang='lat' dir='ltr'><strong>est,</strong></span> <span class='ocrx_word' id='word_1_429' title='bbox 1328 4859 1491 4913; x_wconf 89' lang='lat' dir='ltr'><strong>Deum</strong></span> <span class='ocrx_word' id='word_1_430' title='bbox 1515 4859 1582 4914; x_wconf 91' lang='lat' dir='ltr'><strong>de</strong></span> <span class='ocrx_word' id='word_1_431' title='bbox 1611 4861 1720 4916; x_wconf 88' lang='lat' dir='ltr'><strong>Deo</strong></span> <span class='ocrx_word' id='word_1_432' title='bbox 1749 4863 1883 4918; x_wconf 88' lang='lat' dir='ltr'><strong>dicis</strong></span> <span class='ocrx_word' id='word_1_433' title='bbox 1910 4866 1962 4920; x_wconf 93' lang='lat' dir='ltr'><strong>in</strong></span> <span class='ocrx_word' id='word_1_434' title='bbox 1989 4876 2150 4936; x_wconf 89' lang='lat' dir='ltr'><strong>gente</strong></span> 
     </span>
    </p>
   </div>
   <div class='ocr_carea' id='block_1_51' title="bbox 563 4942 2150 5019">
    <p class='ocr_par' dir='ltr' id='par_1_51' title="bbox 563 4942 2150 5019">
     <span class='ocr_line' id='line_1_51' title="bbox 563 4942 2150 5019; baseline 0.012 -23"><span class='ocrx_word' id='word_1_435' title='bbox 563 4942 901 5004; x_wconf 81' lang='lat' dir='ltr'><strong>tenebrarum</strong></span> <span class='ocrx_word' id='word_1_436' title='bbox 922 4954 1134 5014; x_wconf 76' lang='lat' dir='ltr'><strong>captant</strong></span> <span class='ocrx_word' id='word_1_437' title='bbox 1157 4955 1316 5018; x_wconf 88' lang='lat' dir='ltr'><strong>atque</strong></span> <span class='ocrx_word' id='word_1_438' title='bbox 1333 4950 1593 5019; x_wconf 79' lang='lat' dir='ltr'><strong>pollutum</strong></span> <span class='ocrx_word' id='word_1_439' title='bbox 1617 4969 1631 5006; x_wconf 75' lang='grc' dir='ltr'>ε</span> <span class='ocrx_word' id='word_1_440' title='bbox 1655 4963 1710 5008; x_wconf 85' lang='lat' dir='ltr'><strong>et</strong></span> <span class='ocrx_word' id='word_1_441' title='bbox 1735 4955 1957 5010; x_wconf 81' lang='lat' dir='ltr'><strong>multum</strong></span> <span class='ocrx_word' id='word_1_442' title='bbox 1987 4959 2150 5015; x_wconf 85' lang='lat' dir='ltr'><strong>inter-</strong></span> 
     </span>
    </p>
   </div>
   <div class='ocr_carea' id='block_1_52' title="bbox 560 5035 2148 5117">
    <p class='ocr_par' dir='ltr' id='par_1_52' title="bbox 560 5035 2148 5117">
     <span class='ocr_line' id='line_1_52' title="bbox 560 5035 2148 5117; baseline 0.01 -26"><span class='ocrx_word' id='word_1_443' title='bbox 560 5043 644 5092; x_wconf 90' lang='lat' dir='ltr'><strong>est</strong></span> <span class='ocrx_word' id='word_1_444' title='bbox 669 5035 808 5094; x_wconf 88' lang='lat' dir='ltr'><strong>inter</strong></span> <span class='ocrx_word' id='word_1_445' title='bbox 837 5036 889 5092; x_wconf 91' lang='lat' dir='ltr'><strong>id</strong></span> <span class='ocrx_word' id='word_1_446' title='bbox 919 5037 1060 5107; x_wconf 89' lang='lat' dir='ltr'><strong>quod</strong></span> <span class='ocrx_word' id='word_1_447' title='bbox 1087 5038 1154 5094; x_wconf 90' lang='lat' dir='ltr'><strong>de</strong></span> <span class='ocrx_word' id='word_1_448' title='bbox 1179 5054 1237 5095; x_wconf 87' lang='lat' dir='ltr'><strong>se</strong></span> <span class='ocrx_word' id='word_1_449' title='bbox 1259 5041 1400 5098; x_wconf 80' lang='lat' dir='ltr'><strong>Deus</strong></span> <span class='ocrx_word' id='word_1_450' title='bbox 1417 5045 1624 5113; x_wconf 81' lang='lat' dir='ltr'><strong>genuit,</strong></span> <span class='ocrx_word' id='word_1_451' title='bbox 1641 5049 1863 5117; x_wconf 82' lang='lat' dir='ltr'><strong>etquod</strong></span> <span class='ocrx_word' id='word_1_452' title='bbox 1890 5049 2017 5105; x_wconf 81' lang='lat' dir='ltr'><strong>fecit</strong></span> <span class='ocrx_word' id='word_1_453' title='bbox 2042 5063 2148 5108; x_wconf 89' lang='lat' dir='ltr'><strong>non</strong></span> 
     </span>
    </p>
   </div>
   <div class='ocr_carea' id='block_1_53' title="bbox 561 5126 2146 5212">
    <p class='ocr_par' dir='ltr' id='par_1_53' title="bbox 561 5126 2146 5212">
     <span class='ocr_line' id='line_1_53' title="bbox 561 5126 2146 5212; baseline 0.013 -30"><span class='ocrx_word' id='word_1_454' title='bbox 561 5126 731 5200; x_wconf 77' lang='lat' dir='ltr'><strong>dese,</strong></span> <span class='ocrx_word' id='word_1_455' title='bbox 754 5129 850 5186; x_wconf 88' lang='lat' dir='ltr'><strong>sed</strong></span> <span class='ocrx_word' id='word_1_456' title='bbox 873 5146 938 5188; x_wconf 75' lang='lat' dir='ltr'><strong>ex</strong></span> <span class='ocrx_word' id='word_1_457' title='bbox 957 5132 1159 5198; x_wconf 79' lang='lat' dir='ltr'><strong>nihilo,</strong></span> <span class='ocrx_word' id='word_1_458' title='bbox 1183 5133 1244 5190; x_wconf 79' lang='lat' dir='ltr'><strong>.id</strong></span> <span class='ocrx_word' id='word_1_459' title='bbox 1273 5144 1376 5202; x_wconf 90' lang='lat' dir='ltr'><strong>est,</strong></span> <span class='ocrx_word' id='word_1_460' title='bbox 1400 5144 1519 5192; x_wconf 83' lang='lat' dir='ltr'><strong>enm</strong></span> <span class='ocrx_word' id='word_1_461' title='bbox 1545 5140 1766 5196; x_wconf 77' lang='lat' dir='ltr'><strong>omnino</strong></span> <span class='ocrx_word' id='word_1_462' title='bbox 1791 5157 1896 5198; x_wconf 87' lang='lat' dir='ltr'><strong>non</strong></span> <span class='ocrx_word' id='word_1_463' title='bbox 1915 5153 2083 5212; x_wconf 77' lang='lat' dir='ltr'><strong>esset,</strong></span> <span class='ocrx_word' id='word_1_464' title='bbox 2115 5159 2146 5202; x_wconf 66' lang='grc' dir='ltr'><strong>ιι</strong></span> 
     </span>
    </p>
   </div>
   <div class='ocr_carea' id='block_1_54' title="bbox 560 5219 1861 5294">
    <p class='ocr_par' dir='ltr' id='par_1_54' title="bbox 560 5219 1861 5294">
     <span class='ocr_line' id='line_1_54' title="bbox 560 5219 1861 5294; baseline 0.012 -20"><span class='ocrx_word' id='word_1_465' title='bbox 560 5219 670 5278; x_wconf 86' lang='lat' dir='ltr'><strong>Deo</strong></span> <span class='ocrx_word' id='word_1_466' title='bbox 695 5223 899 5292; x_wconf 77' lang='lat' dir='ltr'><strong>accepit</strong></span> <span class='ocrx_word' id='word_1_467' title='bbox 925 5232 980 5277; x_wconf 93' lang='lat' dir='ltr'><strong>ut</strong></span> <span class='ocrx_word' id='word_1_468' title='bbox 1003 5232 1166 5293; x_wconf 81' lang='lat' dir='ltr'><strong>esset,</strong></span> <span class='ocrx_word' id='word_1_469' title='bbox 1187 5225 1240 5280; x_wconf 88' lang='lat' dir='ltr'><strong>id</strong></span> <span class='ocrx_word' id='word_1_470' title='bbox 1263 5234 1365 5294; x_wconf 82' lang='lat' dir='ltr'><strong>est,</strong></span> <span class='ocrx_word' id='word_1_471' title='bbox 1393 5238 1455 5284; x_wconf 86' lang='lat' dir='ltr'><strong>ut</strong></span> <span class='ocrx_word' id='word_1_472' title='bbox 1479 5229 1861 5290; x_wconf 74' lang='lat' dir='ltr'><strong>institueretur.</strong></span> 
     </span>
    </p>
   </div>
   <div class='ocr_carea' id='block_1_55' title="bbox 633 5301 1525 5388">
    <p class='ocr_par' dir='ltr' id='par_1_55' title="bbox 633 5301 1525 5388">
     <span class='ocr_line' id='line_1_55' title="bbox 633 5301 1525 5388; baseline 0.012 -22"><span class='ocrx_word' id='word_1_473' title='bbox 633 5301 763 5383; x_wconf 58' lang='grc' dir='ltr'><strong>Βεμ.</strong></span> <span class='ocrx_word' id='word_1_474' title='bbox 791 5313 960 5372; x_wconf 71' lang='lat' dir='ltr'><strong>dixit:</strong></span> <span class='ocrx_word' id='word_1_475' title='bbox 989 5317 1128 5387; x_wconf 80' lang='lat' dir='ltr'><strong>Ergo</strong></span> <span class='ocrx_word' id='word_1_476' title='bbox 1154 5333 1278 5388; x_wconf 86' lang='lat' dir='ltr'><strong>pars</strong></span> <span class='ocrx_word' id='word_1_477' title='bbox 1305 5319 1403 5376; x_wconf 77' lang='lat' dir='ltr'><strong>Dei</strong></span> <span class='ocrx_word' id='word_1_478' title='bbox 1425 5329 1525 5376; x_wconf 75' lang='lat' dir='ltr'><strong>est.</strong></span> 
     </span>
    </p>
   </div>
   <div class='ocr_carea' id='block_1_56' title="bbox 629 5401 2142 5491">
    <p class='ocr_par' dir='ltr' id='par_1_56' title="bbox 629 5401 2142 5491">
     <span class='ocr_line' id='line_1_56' title="bbox 629 5401 2142 5491; baseline 0.016 -36"><span class='ocrx_word' id='word_1_479' title='bbox 629 5401 764 5459; x_wconf 81' lang='lat' dir='ltr'><strong>Avo.</strong></span> <span class='ocrx_word' id='word_1_480' title='bbox 792 5405 930 5460; x_wconf 81' lang='lat' dir='ltr'><strong>dixit</strong></span> <span class='ocrx_word' id='word_1_481' title='bbox 957 5424 970 5461; x_wconf 86' lang='lat'><strong>:</strong></span> <span class='ocrx_word' id='word_1_482' title='bbox 999 5408 1122 5464; x_wconf 83' lang='lat' dir='ltr'><strong>Jam</strong></span> <span class='ocrx_word' id='word_1_483' title='bbox 1149 5410 1239 5466; x_wconf 86' lang='lat' dir='ltr'><strong>tibi</strong></span> <span class='ocrx_word' id='word_1_484' title='bbox 1259 5412 1464 5469; x_wconf 74' lang='lat' dir='ltr'><strong>dictum</strong></span> <span class='ocrx_word' id='word_1_485' title='bbox 1491 5423 1588 5482; x_wconf 88' lang='lat' dir='ltr'><strong>est,</strong></span> <span class='ocrx_word' id='word_1_486' title='bbox 1616 5432 1724 5473; x_wconf 80' lang='lat' dir='ltr'><strong>non</strong></span> <span class='ocrx_word' id='word_1_487' title='bbox 1752 5429 1833 5474; x_wconf 73' lang='lat' dir='ltr'><strong>est</strong></span> <span class='ocrx_word' id='word_1_488' title='bbox 1861 5435 1982 5491; x_wconf 63' lang='lat' dir='ltr'><strong>pars</strong></span> <span class='ocrx_word' id='word_1_489' title='bbox 2001 5423 2098 5479; x_wconf 79' lang='lat' dir='ltr'><strong>Dei</strong></span> <span class='ocrx_word' id='word_1_490' title='bbox 2129 5443 2142 5479; x_wconf 90' lang='lat'><strong>:</strong></span> 
     </span>
    </p>
   </div>
   <div class='ocr_carea' id='block_1_57' title="bbox 558 5495 2142 5583">
    <p class='ocr_par' dir='ltr' id='par_1_57' title="bbox 558 5495 2142 5583">
     <span class='ocr_line' id='line_1_57' title="bbox 558 5495 2142 5583; baseline 0.015 -33"><span class='ocrx_word' id='word_1_491' title='bbox 558 5505 613 5550; x_wconf 90' lang='lat' dir='ltr'><strong>et</strong></span> <span class='ocrx_word' id='word_1_492' title='bbox 637 5495 820 5565; x_wconf 83' lang='lat' dir='ltr'><strong>accipe</strong></span> <span class='ocrx_word' id='word_1_493' title='bbox 847 5502 1116 5568; x_wconf 87' lang='lat' dir='ltr'><strong>quomodo</strong></span> <span class='ocrx_word' id='word_1_494' title='bbox 1140 5504 1401 5564; x_wconf 65' lang='lat' dir='ltr'><strong>intelligas</strong></span> <span class='ocrx_word' id='word_1_495' title='bbox 1427 5509 1590 5563; x_wconf 78' lang='lat' dir='ltr'><strong>Deum</strong></span> <span class='ocrx_word' id='word_1_496' title='bbox 1615 5515 2032 5583; x_wconf 74' lang='lat' dir='ltr'><strong>omnipotentem</strong></span> <span class='ocrx_word' id='word_1_497' title='bbox 2068 5519 2142 5574; x_wconf 80' lang='lat' dir='ltr'><strong>fa-</strong></span> 
     </span>
    </p>
   </div>
   <div class='ocr_carea' id='block_1_58' title="bbox 557 5591 2143 5677">
    <p class='ocr_par' dir='ltr' id='par_1_58' title="bbox 557 5591 2143 5677">
     <span class='ocr_line' id='line_1_58' title="bbox 557 5591 2143 5677; baseline 0.018 -35"><span class='ocrx_word' id='word_1_498' title='bbox 557 5596 784 5648; x_wconf 84' lang='lat' dir='ltr'><strong>ctorem.</strong></span> <span class='ocrx_word' id='word_1_499' title='bbox 815 5591 1003 5648; x_wconf 83' lang='lat' dir='ltr'><strong>Omnia</strong></span> <span class='ocrx_word' id='word_1_500' title='bbox 1031 5611 1150 5665; x_wconf 79' lang='lat' dir='ltr'><strong>quae</strong></span> <span class='ocrx_word' id='word_1_501' title='bbox 1179 5600 1794 5677; x_wconf 71' lang='lat' dir='ltr'><strong>ii.unt,otqttod:qnisque</strong></span> <span class='ocrx_word' id='word_1_502' title='bbox 1813 5610 2143 5675; x_wconf 79' lang='lat' dir='ltr'><strong>facit,aut~de</strong></span> 
     </span>
    </p>
   </div>
   <div class='ocr_carea' id='block_1_59' title="bbox 557 5687 2145 5773">
    <p class='ocr_par' dir='ltr' id='par_1_59' title="bbox 557 5687 2145 5773">
     <span class='ocr_line' id='line_1_59' title="bbox 557 5687 2145 5773; baseline 0.018 -38"><span class='ocrx_word' id='word_1_503' title='bbox 557 5693 616 5737; x_wconf 88' lang='lat' dir='ltr'><strong>se</strong></span> <span class='ocrx_word' id='word_1_504' title='bbox 636 5690 738 5750; x_wconf 89' lang='lat' dir='ltr'><strong>est,</strong></span> <span class='ocrx_word' id='word_1_505' title='bbox 761 5692 852 5738; x_wconf 90' lang='lat' dir='ltr'><strong>aut</strong></span> <span class='ocrx_word' id='word_1_506' title='bbox 879 5700 945 5741; x_wconf 84' lang='lat' dir='ltr'><strong>ex</strong></span> <span class='ocrx_word' id='word_1_507' title='bbox 972 5687 1168 5759; x_wconf 88' lang='lat' dir='ltr'><strong>aliquo,</strong></span> <span class='ocrx_word' id='word_1_508' title='bbox 1191 5702 1280 5747; x_wconf 89' lang='lat' dir='ltr'><strong>aut</strong></span> <span class='ocrx_word' id='word_1_509' title='bbox 1302 5709 1367 5749; x_wconf 81' lang='lat' dir='ltr'><strong>ex</strong></span> <span class='ocrx_word' id='word_1_510' title='bbox 1396 5695 1579 5753; x_wconf 87' lang='lat' dir='ltr'><strong>nihilo.</strong></span> <span class='ocrx_word' id='word_1_511' title='bbox 1606 5698 1778 5757; x_wconf 89' lang='lat' dir='ltr'><strong>llomo</strong></span> <span class='ocrx_word' id='word_1_512' title='bbox 1799 5704 1917 5773; x_wconf 86' lang='lat' dir='ltr'><strong>quia</strong></span> <span class='ocrx_word' id='word_1_513' title='bbox 1941 5721 2044 5762; x_wconf 90' lang='lat' dir='ltr'><strong>non</strong></span> <span class='ocrx_word' id='word_1_514' title='bbox 2065 5718 2145 5764; x_wconf 87' lang='lat' dir='ltr'><strong>est</strong></span> 
     </span>
    </p>
   </div>
   <div class='ocr_carea' id='block_1_60' title="bbox 549 5775 2141 5868">
    <p class='ocr_par' dir='ltr' id='par_1_60' title="bbox 549 5775 2141 5868">
     <span class='ocr_line' id='line_1_60' title="bbox 549 5775 2141 5868; baseline 0.016 -35"><span class='ocrx_word' id='word_1_515' title='bbox 549 5775 1078 5852; x_wconf 71' lang='lat' dir='ltr'><strong>mnipotens,de~se</strong></span> <span class='ocrx_word' id='word_1_516' title='bbox 1098 5781 1262 5840; x_wconf 80' lang='lat' dir='ltr'><strong>lilium</strong></span> <span class='ocrx_word' id='word_1_517' title='bbox 1286 5785 1411 5844; x_wconf 79' lang='lat' dir='ltr'><strong>facit</strong></span> <span class='ocrx_word' id='word_1_518' title='bbox 1437 5807 1450 5846; x_wconf 88' lang='lat'><strong><em>:</em></strong></span> <span class='ocrx_word' id='word_1_519' title='bbox 1475 5799 1538 5848; x_wconf 80' lang='lat' dir='ltr'><strong>ex</strong></span> <span class='ocrx_word' id='word_1_520' title='bbox 1559 5791 1734 5868; x_wconf 86' lang='lat' dir='ltr'><strong>aliquo</strong></span> <span class='ocrx_word' id='word_1_521' title='bbox 1751 5837 1766 5865; x_wconf 90' lang='lat'><strong>,</strong></span> <span class='ocrx_word' id='word_1_522' title='bbox 1795 5797 1930 5855; x_wconf 86' lang='lat' dir='ltr'><strong>sicut</strong></span> <span class='ocrx_word' id='word_1_523' title='bbox 1951 5801 2141 5860; x_wconf 73' lang='lat' dir='ltr'><strong>artifex</strong></span> 
     </span>
    </p>
   </div>
   <div class='ocr_carea' id='block_1_61' title="bbox 1345 325 3058 393">
    <p class='ocr_par' dir='ltr' id='par_1_61' title="bbox 1345 325 3058 393">
     <span class='ocr_line' id='line_1_61' title="bbox 1345 325 3058 393; baseline -0.001 -7"><span class='ocrx_word' id='word_1_524' title='bbox 1345 332 1432 387; x_wconf 84' lang='lat' dir='ltr'><strong>DE</strong></span> <span class='ocrx_word' id='word_1_525' title='bbox 1470 329 1666 388; x_wconf 81' lang='lat' dir='ltr'><strong>ACTIS</strong></span> <span class='ocrx_word' id='word_1_526' title='bbox 1700 328 1842 385; x_wconf 76' lang='lat' dir='ltr'><strong>CUM</strong></span> <span class='ocrx_word' id='word_1_527' title='bbox 1880 325 2126 382; x_wconf 79' lang='lat' dir='ltr'><strong>FELICE</strong></span> <span class='ocrx_word' id='word_1_528' title='bbox 2157 325 2548 393; x_wconf 65' lang='lat' dir='ltr'><strong>MNiCHrEO,</strong></span> <span class='ocrx_word' id='word_1_529' title='bbox 2592 327 2650 383; x_wconf 91' lang='lat' dir='ltr'><strong>S.</strong></span> <span class='ocrx_word' id='word_1_530' title='bbox 2691 327 3058 387; x_wconf 80' lang='lat' dir='ltr'><strong>AUGUSTINI</strong></span> 
     </span>
    </p>
   </div>
   <div class='ocr_carea' id='block_1_62' title="bbox 3713 341 3808 404">
    <p class='ocr_par' dir='ltr' id='par_1_62' title="bbox 3713 341 3808 404">
     <span class='ocr_line' id='line_1_62' title="bbox 3713 341 3808 404; baseline 0 -3"><span class='ocrx_word' id='word_1_531' title='bbox 3713 341 3808 404; x_wconf 70' lang='grc' dir='ltr'><strong>εκ</strong></span> 
     </span>
    </p>
   </div>
   <div class='ocr_carea' id='block_1_63' title="bbox 2253 440 3810 512">
    <p class='ocr_par' dir='ltr' id='par_1_63' title="bbox 2253 440 3810 512">
     <span class='ocr_line' id='line_1_63' title="bbox 2253 440 3810 512; baseline 0.008 -17"><span class='ocrx_word' id='word_1_532' title='bbox 2253 455 2314 495; x_wconf 83' lang='lat' dir='ltr'><strong>ex</strong></span> <span class='ocrx_word' id='word_1_533' title='bbox 2332 440 2470 510; x_wconf 74' lang='lat' dir='ltr'><strong>ligno</strong></span> <span class='ocrx_word' id='word_1_534' title='bbox 2485 457 2754 509; x_wconf 83' lang='lat' dir='ltr'><strong>aream,ex</strong></span> <span class='ocrx_word' id='word_1_535' title='bbox 2773 453 2991 512; x_wconf 82' lang='lat' dir='ltr'><strong>argento</strong></span> <span class='ocrx_word' id='word_1_536' title='bbox 3008 443 3295 500; x_wconf 76' lang='lat' dir='ltr'><strong>vasculum.</strong></span> <span class='ocrx_word' id='word_1_537' title='bbox 3311 445 3488 500; x_wconf 86' lang='lat' dir='ltr'><strong>Potuit</strong></span> <span class='ocrx_word' id='word_1_538' title='bbox 3504 446 3646 504; x_wconf 77' lang='lat' dir='ltr'><strong>enim</strong></span> <span class='ocrx_word' id='word_1_539' title='bbox 3659 449 3810 512; x_wconf 75' lang='lat' dir='ltr'><strong>facere</strong></span> 
     </span>
    </p>
   </div>
   <div class='ocr_carea' id='block_1_64' title="bbox 2249 532 3810 608">
    <p class='ocr_par' dir='ltr' id='par_1_64' title="bbox 2249 532 3810 608">
     <span class='ocr_line' id='line_1_64' title="bbox 2249 532 3810 608; baseline 0.01 -24"><span class='ocrx_word' id='word_1_540' title='bbox 2249 532 2539 598; x_wconf 86' lang='lat' dir='ltr'><strong>vasculum,</strong></span> <span class='ocrx_word' id='word_1_541' title='bbox 2556 534 2646 586; x_wconf 87' lang='lat' dir='ltr'><strong>sed</strong></span> <span class='ocrx_word' id='word_1_542' title='bbox 2664 549 2763 587; x_wconf 89' lang='lat' dir='ltr'><strong>non</strong></span> <span class='ocrx_word' id='word_1_543' title='bbox 2782 535 2945 603; x_wconf 83' lang='lat' dir='ltr'><strong>potuit</strong></span> <span class='ocrx_word' id='word_1_544' title='bbox 2960 534 3131 590; x_wconf 78' lang='lat' dir='ltr'><strong>facere</strong></span> <span class='ocrx_word' id='word_1_545' title='bbox 3145 547 3418 606; x_wconf 82' lang='lat' dir='ltr'><strong>argentum</strong></span> <span class='ocrx_word' id='word_1_546' title='bbox 3441 557 3453 592; x_wconf 90' lang='lat'><strong>:</strong></span> <span class='ocrx_word' id='word_1_547' title='bbox 3472 541 3635 608; x_wconf 89' lang='lat' dir='ltr'><strong>potuit</strong></span> <span class='ocrx_word' id='word_1_548' title='bbox 3657 543 3810 602; x_wconf 73' lang='lat' dir='ltr'><strong>facere</strong></span> 
     </span>
    </p>
   </div>
   <div class='ocr_carea' id='block_1_65' title="bbox 2249 625 3810 700">
    <p class='ocr_par' dir='ltr' id='par_1_65' title="bbox 2249 625 3810 700">
     <span class='ocr_line' id='line_1_65' title="bbox 2249 625 3810 700; baseline 0.009 -24"><span class='ocrx_word' id='word_1_549' title='bbox 2249 637 2448 690; x_wconf 83' lang='lat' dir='ltr'><strong>arcam,</strong></span> <span class='ocrx_word' id='word_1_550' title='bbox 2468 625 2559 677; x_wconf 87' lang='lat' dir='ltr'><strong>sed</strong></span> <span class='ocrx_word' id='word_1_551' title='bbox 2583 640 2690 678; x_wconf 89' lang='lat' dir='ltr'><strong>non</strong></span> <span class='ocrx_word' id='word_1_552' title='bbox 2717 625 2884 694; x_wconf 85' lang='lat' dir='ltr'><strong>potuit</strong></span> <span class='ocrx_word' id='word_1_553' title='bbox 2909 625 3083 680; x_wconf 80' lang='lat' dir='ltr'><strong>facere</strong></span> <span class='ocrx_word' id='word_1_554' title='bbox 3107 628 3323 698; x_wconf 82' lang='lat' dir='ltr'><strong>lignum.</strong></span> <span class='ocrx_word' id='word_1_555' title='bbox 3351 630 3426 684; x_wconf 72' lang='lat' dir='ltr'><strong>Ex</strong></span> <span class='ocrx_word' id='word_1_556' title='bbox 3447 630 3614 683; x_wconf 86' lang='lat' dir='ltr'><strong>nihilo</strong></span> <span class='ocrx_word' id='word_1_557' title='bbox 3631 642 3810 700; x_wconf 81' lang='lat' dir='ltr'><strong>autent,</strong></span> 
     </span>
    </p>
   </div>
   <div class='ocr_carea' id='block_1_66' title="bbox 2249 714 3814 787">
    <p class='ocr_par' dir='ltr' id='par_1_66' title="bbox 2249 714 3814 787">
     <span class='ocr_line' id='line_1_66' title="bbox 2249 714 3814 787; baseline 0.008 -20"><span class='ocrx_word' id='word_1_558' title='bbox 2249 727 2316 784; x_wconf 78' lang='lat' dir='ltr'><strong>ex</strong></span> <span class='ocrx_word' id='word_1_559' title='bbox 2340 729 2406 768; x_wconf 87' lang='lat' dir='ltr'><strong>eo</strong></span> <span class='ocrx_word' id='word_1_560' title='bbox 2431 714 2573 784; x_wconf 86' lang='lat' dir='ltr'><strong>quod</strong></span> <span class='ocrx_word' id='word_1_561' title='bbox 2602 731 2821 784; x_wconf 83' lang='lat' dir='ltr'><strong>prorsus</strong></span> <span class='ocrx_word' id='word_1_562' title='bbox 2847 732 2954 771; x_wconf 86' lang='lat' dir='ltr'><strong>non</strong></span> <span class='ocrx_word' id='word_1_563' title='bbox 2980 725 3062 774; x_wconf 84' lang='lat' dir='ltr'><strong>est</strong></span> <span class='ocrx_word' id='word_1_564' title='bbox 3089 718 3264 773; x_wconf 75' lang='lat' dir='ltr'><strong>facere</strong></span> <span class='ocrx_word' id='word_1_565' title='bbox 3301 728 3358 774; x_wconf 92' lang='lat' dir='ltr'><strong>ut</strong></span> <span class='ocrx_word' id='word_1_566' title='bbox 3394 719 3499 787; x_wconf 87' lang='lat' dir='ltr'><strong>sit,</strong></span> <span class='ocrx_word' id='word_1_567' title='bbox 3531 723 3698 777; x_wconf 89' lang='lat' dir='ltr'><strong>nullus</strong></span> <span class='ocrx_word' id='word_1_568' title='bbox 3731 725 3814 780; x_wconf 88' lang='lat' dir='ltr'><strong>ho-</strong></span> 
     </span>
    </p>
   </div>
   <div class='ocr_carea' id='block_1_67' title="bbox 2250 805 3815 879">
    <p class='ocr_par' dir='ltr' id='par_1_67' title="bbox 2250 805 3815 879">
     <span class='ocr_line' id='line_1_67' title="bbox 2250 805 3815 879; baseline 0.01 -23"><span class='ocrx_word' id='word_1_569' title='bbox 2250 805 2451 858; x_wconf 89' lang='lat' dir='ltr'><strong>minum</strong></span> <span class='ocrx_word' id='word_1_570' title='bbox 2490 814 2682 874; x_wconf 86' lang='lat' dir='ltr'><strong>potest.</strong></span> <span class='ocrx_word' id='word_1_571' title='bbox 2729 806 2868 860; x_wconf 89' lang='lat' dir='ltr'><strong>Deus</strong></span> <span class='ocrx_word' id='word_1_572' title='bbox 2904 815 3084 862; x_wconf 90' lang='lat' dir='ltr'><strong>autem</strong></span> <span class='ocrx_word' id='word_1_573' title='bbox 3114 808 3236 876; x_wconf 81' lang='lat' dir='ltr'><strong>quia</strong></span> <span class='ocrx_word' id='word_1_574' title='bbox 3275 808 3614 879; x_wconf 88' lang='lat' dir='ltr'><strong>omnipotens</strong></span> <span class='ocrx_word' id='word_1_575' title='bbox 3647 822 3742 876; x_wconf 90' lang='lat' dir='ltr'><strong>est,</strong></span> <span class='ocrx_word' id='word_1_576' title='bbox 3769 827 3815 870; x_wconf 89' lang='lat' dir='ltr'><strong>et</strong></span> 
     </span>
    </p>
   </div>
   <div class='ocr_carea' id='block_1_68' title="bbox 2249 895 3812 970">
    <p class='ocr_par' dir='ltr' id='par_1_68' title="bbox 2249 895 3812 970">
     <span class='ocr_line' id='line_1_68' title="bbox 2249 895 3812 970; baseline 0.008 -20"><span class='ocrx_word' id='word_1_577' title='bbox 2249 895 2317 952; x_wconf 87' lang='lat' dir='ltr'><strong>de</strong></span> <span class='ocrx_word' id='word_1_578' title='bbox 2337 912 2396 952; x_wconf 89' lang='lat' dir='ltr'><strong>se</strong></span> <span class='ocrx_word' id='word_1_579' title='bbox 2425 896 2615 954; x_wconf 81' lang='lat' dir='ltr'><strong>Filium</strong></span> <span class='ocrx_word' id='word_1_580' title='bbox 2643 899 2848 968; x_wconf 72' lang='lat' dir='ltr'><strong>genuit,</strong></span> <span class='ocrx_word' id='word_1_581' title='bbox 2875 907 2929 956; x_wconf 89' lang='lat' dir='ltr'><strong>et</strong></span> <span class='ocrx_word' id='word_1_582' title='bbox 2957 915 3024 958; x_wconf 69' lang='lat' dir='ltr'><strong>ex</strong></span> <span class='ocrx_word' id='word_1_583' title='bbox 3050 900 3217 958; x_wconf 87' lang='lat' dir='ltr'><strong>nihilo</strong></span> <span class='ocrx_word' id='word_1_584' title='bbox 3243 901 3498 958; x_wconf 87' lang='lat' dir='ltr'><strong>mundum</strong></span> <span class='ocrx_word' id='word_1_585' title='bbox 3523 903 3660 970; x_wconf 81' lang='lat' dir='ltr'><strong>fecit,</strong></span> <span class='ocrx_word' id='word_1_586' title='bbox 3686 917 3734 960; x_wconf 90' lang='lat' dir='ltr'><strong>et</strong></span> <span class='ocrx_word' id='word_1_587' title='bbox 3757 923 3812 963; x_wconf 80' lang='lat' dir='ltr'><strong>ex</strong></span> 
     </span>
    </p>
   </div>
   <div class='ocr_carea' id='block_1_69' title="bbox 2249 990 3816 1072">
    <p class='ocr_par' dir='ltr' id='par_1_69' title="bbox 2249 990 3816 1072">
     <span class='ocr_line' id='line_1_69' title="bbox 2249 990 3816 1072; baseline 0.006 -28"><span class='ocrx_word' id='word_1_588' title='bbox 2249 990 2378 1045; x_wconf 88' lang='lat' dir='ltr'><strong>limo</strong></span> <span class='ocrx_word' id='word_1_589' title='bbox 2418 991 2688 1048; x_wconf 81' lang='lat' dir='ltr'><strong>hominem</strong></span> <span class='ocrx_word' id='word_1_590' title='bbox 2728 993 2974 1056; x_wconf 72' lang='lat' dir='ltr'><strong>territavit</strong></span> <span class='ocrx_word' id='word_1_591' title='bbox 3004 1012 3016 1050; x_wconf 89' lang='lat'><strong>:</strong></span> <span class='ocrx_word' id='word_1_592' title='bbox 3043 1004 3103 1050; x_wconf 92' lang='lat' dir='ltr'><strong>ut</strong></span> <span class='ocrx_word' id='word_1_593' title='bbox 3130 1012 3225 1065; x_wconf 88' lang='lat' dir='ltr'><strong>per</strong></span> <span class='ocrx_word' id='word_1_594' title='bbox 3254 997 3382 1051; x_wconf 87' lang='lat' dir='ltr'><strong>istas</strong></span> <span class='ocrx_word' id='word_1_595' title='bbox 3425 1006 3535 1054; x_wconf 86' lang='lat' dir='ltr'><strong>tres</strong></span> <span class='ocrx_word' id='word_1_596' title='bbox 3578 1003 3816 1072; x_wconf 65' lang='lat' dir='ltr'><strong>potentias</strong></span> 
     </span>
    </p>
   </div>
   <div class='ocr_carea' id='block_1_70' title="bbox 2251 1083 3810 1149">
    <p class='ocr_par' dir='ltr' id='par_1_70' title="bbox 2251 1083 3810 1149">
     <span class='ocr_line' id='line_1_70' title="bbox 2251 1083 3810 1149; baseline 0.006 -11"><span class='ocrx_word' id='word_1_597' title='bbox 2251 1083 2557 1139; x_wconf 88' lang='lat' dir='ltr'><strong>ostenderet</strong></span> <span class='ocrx_word' id='word_1_598' title='bbox 2601 1085 2935 1142; x_wconf 70' lang='lat' dir='ltr'><strong>ell‘ectionem</strong></span> <span class='ocrx_word' id='word_1_599' title='bbox 2979 1102 3129 1142; x_wconf 86' lang='lat' dir='ltr'><strong>suam</strong></span> <span class='ocrx_word' id='word_1_600' title='bbox 3172 1088 3226 1142; x_wconf 92' lang='lat' dir='ltr'><strong>in</strong></span> <span class='ocrx_word' id='word_1_601' title='bbox 3271 1090 3518 1146; x_wconf 87' lang='lat' dir='ltr'><strong>omnibus</strong></span> <span class='ocrx_word' id='word_1_602' title='bbox 3547 1091 3810 1149; x_wconf 74' lang='lat' dir='ltr'><strong>valentem.</strong></span> 
     </span>
    </p>
   </div>
   <div class='ocr_carea' id='block_1_71' title="bbox 2247 1174 3818 1261">
    <p class='ocr_par' dir='ltr' id='par_1_71' title="bbox 2247 1174 3818 1261">
     <span class='ocr_line' id='line_1_71' title="bbox 2247 1174 3818 1261; baseline 0.009 -34"><span class='ocrx_word' id='word_1_603' title='bbox 2247 1174 2350 1244; x_wconf 78' lang='lat' dir='ltr'><strong>Qui</strong></span> <span class='ocrx_word' id='word_1_604' title='bbox 2374 1176 2390 1206; x_wconf 87' lang='grc'>¹</span> <span class='ocrx_word' id='word_1_605' title='bbox 2419 1175 2486 1232; x_wconf 87' lang='lat' dir='ltr'><strong>de</strong></span> <span class='ocrx_word' id='word_1_606' title='bbox 2517 1191 2577 1231; x_wconf 86' lang='lat' dir='ltr'><strong>se</strong></span> <span class='ocrx_word' id='word_1_607' title='bbox 2602 1177 2742 1246; x_wconf 89' lang='lat' dir='ltr'><strong>quod</strong></span> <span class='ocrx_word' id='word_1_608' title='bbox 2775 1177 2929 1242; x_wconf 76' lang='lat' dir='ltr'><strong>fecit,</strong></span> <span class='ocrx_word' id='word_1_609' title='bbox 2969 1194 3070 1235; x_wconf 76' lang='lat' dir='ltr'><strong>nec</strong></span> <span class='ocrx_word' id='word_1_610' title='bbox 3106 1179 3296 1236; x_wconf 78' lang='lat' dir='ltr'><strong>fecisse</strong></span> <span class='ocrx_word' id='word_1_611' title='bbox 3329 1180 3588 1240; x_wconf 70' lang='lat' dir='ltr'><strong>dicendus</strong></span> <span class='ocrx_word' id='word_1_612' title='bbox 3613 1193 3710 1248; x_wconf 85' lang='lat' dir='ltr'><strong>est,</strong></span> <span class='ocrx_word' id='word_1_613' title='bbox 3727 1187 3818 1261; x_wconf 71' lang='lat' dir='ltr'><strong>sed</strong></span> 
     </span>
    </p>
   </div>
   <div class='ocr_carea' id='block_1_72' title="bbox 2250 1269 3818 1343">
    <p class='ocr_par' dir='ltr' id='par_1_72' title="bbox 2250 1269 3818 1343">
     <span class='ocr_line' id='line_1_72' title="bbox 2250 1269 3818 1343; baseline 0.008 -21"><span class='ocrx_word' id='word_1_614' title='bbox 2250 1269 2515 1336; x_wconf 81' lang='lat' dir='ltr'><strong>genuisse.</strong></span> <span class='ocrx_word' id='word_1_615' title='bbox 2546 1269 2698 1338; x_wconf 83' lang='lat' dir='ltr'><strong>Quod</strong></span> <span class='ocrx_word' id='word_1_616' title='bbox 2721 1279 2897 1326; x_wconf 87' lang='lat' dir='ltr'><strong>autem</strong></span> <span class='ocrx_word' id='word_1_617' title='bbox 2919 1286 2984 1326; x_wconf 79' lang='lat' dir='ltr'><strong>ex</strong></span> <span class='ocrx_word' id='word_1_618' title='bbox 3013 1273 3210 1343; x_wconf 85' lang='lat' dir='ltr'><strong>aliquo,</strong></span> <span class='ocrx_word' id='word_1_619' title='bbox 3232 1273 3465 1332; x_wconf 77' lang='lat' dir='ltr'><strong>sicutde</strong></span> <span class='ocrx_word' id='word_1_620' title='bbox 3497 1285 3638 1330; x_wconf 84' lang='lat' dir='ltr'><strong>terra</strong></span> <span class='ocrx_word' id='word_1_621' title='bbox 3663 1277 3818 1336; x_wconf 61' lang='lat' dir='ltr'><strong>benti»</strong></span> 
     </span>
    </p>
   </div>
   <div class='ocr_carea' id='block_1_73' title="bbox 2250 1363 3822 1433">
    <p class='ocr_par' dir='ltr' id='par_1_73' title="bbox 2250 1363 3822 1433">
     <span class='ocr_line' id='line_1_73' title="bbox 2250 1363 3822 1433; baseline 0.008 -18"><span class='ocrx_word' id='word_1_622' title='bbox 2250 1375 2396 1427; x_wconf 87' lang='lat' dir='ltr'><strong>nem,</strong></span> <span class='ocrx_word' id='word_1_623' title='bbox 2421 1378 2526 1416; x_wconf 91' lang='lat' dir='ltr'><strong>non</strong></span> <span class='ocrx_word' id='word_1_624' title='bbox 2557 1363 2634 1417; x_wconf 90' lang='lat' dir='ltr'><strong>sic</strong></span> <span class='ocrx_word' id='word_1_625' title='bbox 2659 1363 2780 1418; x_wconf 79' lang='lat' dir='ltr'><strong>fecit</strong></span> <span class='ocrx_word' id='word_1_626' title='bbox 2811 1365 3087 1422; x_wconf 80' lang='lat' dir='ltr'><strong>hominem</strong></span> <span class='ocrx_word' id='word_1_627' title='bbox 3110 1366 3177 1422; x_wconf 84' lang='lat' dir='ltr'><strong>de</strong></span> <span class='ocrx_word' id='word_1_628' title='bbox 3207 1377 3368 1433; x_wconf 76' lang='lat' dir='ltr'><strong>terra.</strong></span> <span class='ocrx_word' id='word_1_629' title='bbox 3387 1377 3449 1428; x_wconf 79' lang='lat' dir='ltr'><strong>ut</strong></span> <span class='ocrx_word' id='word_1_630' title='bbox 3467 1368 3604 1430; x_wconf 83' lang='lat' dir='ltr'><strong>alius</strong></span> <span class='ocrx_word' id='word_1_631' title='bbox 3633 1370 3822 1427; x_wconf 67' lang='lat' dir='ltr'><strong>disce-</strong></span> 
     </span>
    </p>
   </div>
   <div class='ocr_carea' id='block_1_74' title="bbox 2251 1455 3820 1532">
    <p class='ocr_par' dir='ltr' id='par_1_74' title="bbox 2251 1455 3820 1532">
     <span class='ocr_line' id='line_1_74' title="bbox 2251 1455 3820 1532; baseline 0.008 -23"><span class='ocrx_word' id='word_1_632' title='bbox 2251 1455 2322 1509; x_wconf 86' lang='lat' dir='ltr'><strong>rit</strong></span> <span class='ocrx_word' id='word_1_633' title='bbox 2363 1455 2533 1524; x_wconf 84' lang='lat' dir='ltr'><strong>ipsam</strong></span> <span class='ocrx_word' id='word_1_634' title='bbox 2573 1465 2766 1512; x_wconf 83' lang='lat' dir='ltr'><strong>terram</strong></span> <span class='ocrx_word' id='word_1_635' title='bbox 2805 1459 2948 1514; x_wconf 88' lang='lat' dir='ltr'><strong>unde</strong></span> <span class='ocrx_word' id='word_1_636' title='bbox 2991 1461 3191 1514; x_wconf 68' lang='lat' dir='ltr'><strong>laceret</strong></span> <span class='ocrx_word' id='word_1_637' title='bbox 3230 1459 3501 1518; x_wconf 81' lang='lat' dir='ltr'><strong>hominem</strong></span> <span class='ocrx_word' id='word_1_638' title='bbox 3525 1502 3544 1528; x_wconf 84' lang='lat'><strong>,</strong></span> <span class='ocrx_word' id='word_1_639' title='bbox 3573 1465 3820 1532; x_wconf 75' lang='lat' dir='ltr'><strong>quomodo</strong></span> 
     </span>
    </p>
   </div>
   <div class='ocr_carea' id='block_1_75' title="bbox 2251 1542 3823 1620">
    <p class='ocr_par' dir='ltr' id='par_1_75' title="bbox 2251 1542 3823 1620">
     <span class='ocr_line' id='line_1_75' title="bbox 2251 1542 3823 1620; baseline 0.008 -22"><span class='ocrx_word' id='word_1_640' title='bbox 2251 1542 2376 1599; x_wconf 84' lang='lat' dir='ltr'><strong>fecit</strong></span> <span class='ocrx_word' id='word_1_641' title='bbox 2415 1545 2552 1601; x_wconf 86' lang='lat' dir='ltr'><strong>Deus</strong></span> <span class='ocrx_word' id='word_1_642' title='bbox 2591 1557 2868 1617; x_wconf 83' lang='lat' dir='ltr'><strong>argentum</strong></span> <span class='ocrx_word' id='word_1_643' title='bbox 2913 1550 3214 1620; x_wconf 71' lang='lat' dir='ltr'><strong>argentario</strong></span> <span class='ocrx_word' id='word_1_644' title='bbox 3254 1549 3392 1616; x_wconf 77' lang='lat' dir='ltr'><strong>unde</strong></span> <span class='ocrx_word' id='word_1_645' title='bbox 3427 1551 3626 1612; x_wconf 68' lang='lat' dir='ltr'><strong>iaceret</strong></span> <span class='ocrx_word' id='word_1_646' title='bbox 3654 1567 3823 1614; x_wconf 73' lang='lat' dir='ltr'><strong>uascu-</strong></span> 
     </span>
    </p>
   </div>
   <div class='ocr_carea' id='block_1_76' title="bbox 2249 1635 3823 1713">
    <p class='ocr_par' dir='ltr' id='par_1_76' title="bbox 2249 1635 3823 1713">
     <span class='ocr_line' id='line_1_76' title="bbox 2249 1635 3823 1713; baseline 0.006 -19"><span class='ocrx_word' id='word_1_647' title='bbox 2249 1635 2362 1694; x_wconf 84' lang='lat' dir='ltr'><strong>lum</strong></span> <span class='ocrx_word' id='word_1_648' title='bbox 2401 1637 2538 1694; x_wconf 85' lang='lat' dir='ltr'><strong>:sed</strong></span> <span class='ocrx_word' id='word_1_649' title='bbox 2561 1639 2676 1709; x_wconf 79' lang='lat' dir='ltr'><strong>ipse</strong></span> <span class='ocrx_word' id='word_1_650' title='bbox 2705 1639 2829 1696; x_wconf 80' lang='lat' dir='ltr'><strong>fecit</strong></span> <span class='ocrx_word' id='word_1_651' title='bbox 2857 1681 2872 1708; x_wconf 95' lang='lat'><strong>,</strong></span> <span class='ocrx_word' id='word_1_652' title='bbox 2918 1649 2971 1696; x_wconf 85' lang='lat' dir='ltr'><strong>et</strong></span> <span class='ocrx_word' id='word_1_653' title='bbox 3018 1641 3160 1712; x_wconf 86' lang='lat' dir='ltr'><strong>quod</strong></span> <span class='ocrx_word' id='word_1_654' title='bbox 3206 1657 3313 1698; x_wconf 82' lang='lat' dir='ltr'><strong>nou</strong></span> <span class='ocrx_word' id='word_1_655' title='bbox 3349 1652 3467 1704; x_wconf 85' lang='lat' dir='ltr'><strong>erat</strong></span> <span class='ocrx_word' id='word_1_656' title='bbox 3502 1653 3560 1702; x_wconf 87' lang='lat' dir='ltr'><strong>ut</strong></span> <span class='ocrx_word' id='word_1_657' title='bbox 3599 1655 3752 1713; x_wconf 83' lang='lat' dir='ltr'><strong>esset,</strong></span> <span class='ocrx_word' id='word_1_658' title='bbox 3775 1654 3823 1704; x_wconf 86' lang='lat' dir='ltr'><strong>et</strong></span> 
     </span>
    </p>
   </div>
   <div class='ocr_carea' id='block_1_77' title="bbox 2251 1729 3816 1806">
    <p class='ocr_par' dir='ltr' id='par_1_77' title="bbox 2251 1729 3816 1806">
     <span class='ocr_line' id='line_1_77' title="bbox 2251 1729 3816 1806; baseline 0.011 -24"><span class='ocrx_word' id='word_1_659' title='bbox 2251 1729 2394 1799; x_wconf 91' lang='lat' dir='ltr'><strong>quod</strong></span> <span class='ocrx_word' id='word_1_660' title='bbox 2419 1730 2541 1784; x_wconf 90' lang='lat' dir='ltr'><strong>inde</strong></span> <span class='ocrx_word' id='word_1_661' title='bbox 2562 1747 2744 1786; x_wconf 87' lang='lat' dir='ltr'><strong>rursus</strong></span> <span class='ocrx_word' id='word_1_662' title='bbox 2768 1741 2929 1800; x_wconf 87' lang='lat' dir='ltr'><strong>esset,</strong></span> <span class='ocrx_word' id='word_1_663' title='bbox 2961 1734 3102 1806; x_wconf 80' lang='lat' dir='ltr'><strong>quod</strong></span> <span class='ocrx_word' id='word_1_664' title='bbox 3126 1735 3236 1805; x_wconf 85' lang='lat' dir='ltr'><strong>jam</strong></span> <span class='ocrx_word' id='word_1_665' title='bbox 3259 1737 3376 1806; x_wconf 82' lang='lat' dir='ltr'><strong>ipso</strong></span> <span class='ocrx_word' id='word_1_666' title='bbox 3399 1753 3468 1794; x_wconf 78' lang='lat' dir='ltr'><strong>ex</strong></span> <span class='ocrx_word' id='word_1_667' title='bbox 3487 1740 3656 1797; x_wconf 68' lang='lat' dir='ltr'><strong>nitido</strong></span> <span class='ocrx_word' id='word_1_668' title='bbox 3679 1755 3816 1798; x_wconf 76' lang='lat' dir='ltr'><strong>crea-</strong></span> 
     </span>
    </p>
   </div>
   <div class='ocr_carea' id='block_1_78' title="bbox 2250 1824 3822 1898">
    <p class='ocr_par' dir='ltr' id='par_1_78' title="bbox 2250 1824 3822 1898">
     <span class='ocr_line' id='line_1_78' title="bbox 2250 1824 3822 1898; baseline 0.009 -24"><span class='ocrx_word' id='word_1_669' title='bbox 2250 1831 2398 1876; x_wconf 89' lang='lat' dir='ltr'><strong>verat</strong></span> <span class='ocrx_word' id='word_1_670' title='bbox 2430 1832 2485 1877; x_wconf 91' lang='lat' dir='ltr'><strong>ut</strong></span> <span class='ocrx_word' id='word_1_671' title='bbox 2511 1832 2671 1879; x_wconf 88' lang='lat' dir='ltr'><strong>esset.</strong></span> <span class='ocrx_word' id='word_1_672' title='bbox 2699 1824 2787 1879; x_wconf 91' lang='lat' dir='ltr'><strong>Sic</strong></span> <span class='ocrx_word' id='word_1_673' title='bbox 2814 1840 2941 1895; x_wconf 83' lang='lat' dir='ltr'><strong>ergo</strong></span> <span class='ocrx_word' id='word_1_674' title='bbox 2970 1841 3183 1896; x_wconf 85' lang='lat' dir='ltr'><strong>corpus,</strong></span> <span class='ocrx_word' id='word_1_675' title='bbox 3208 1828 3286 1884; x_wconf 87' lang='lat' dir='ltr'><strong>sio</strong></span> <span class='ocrx_word' id='word_1_676' title='bbox 3313 1829 3514 1898; x_wconf 81' lang='lat' dir='ltr'><strong>anima,</strong></span> <span class='ocrx_word' id='word_1_677' title='bbox 3533 1833 3612 1888; x_wconf 80' lang='lat' dir='ltr'><strong>sic</strong></span> <span class='ocrx_word' id='word_1_678' title='bbox 3639 1834 3822 1888; x_wconf 71' lang='lat' dir='ltr'><strong>uitelli-</strong></span> 
     </span>
    </p>
   </div>
   <div class='ocr_carea' id='block_1_79' title="bbox 2243 1915 3823 1995">
    <p class='ocr_par' dir='ltr' id='par_1_79' title="bbox 2243 1915 3823 1995">
     <span class='ocr_line' id='line_1_79' title="bbox 2243 1915 3823 1995; baseline 0.006 -24"><span class='ocrx_word' id='word_1_679' title='bbox 2243 1915 2390 1986; x_wconf 72' lang='lat' dir='ltr'><strong>gitur</strong></span> <span class='ocrx_word' id='word_1_680' title='bbox 2411 1917 2654 1984; x_wconf 77' lang='lat' dir='ltr'><strong>universa</strong></span> <span class='ocrx_word' id='word_1_681' title='bbox 2665 1926 2914 1976; x_wconf 69' lang='lat' dir='ltr'><strong>creatura</strong></span> <span class='ocrx_word' id='word_1_682' title='bbox 2938 1917 3118 1978; x_wconf 71' lang='lat' dir='ltr'><strong>factae</strong></span> <span class='ocrx_word' id='word_1_683' title='bbox 3131 1921 3276 1988; x_wconf 78' lang='lat' dir='ltr'><strong>Deo;</strong></span> <span class='ocrx_word' id='word_1_684' title='bbox 3301 1937 3406 1978; x_wconf 78' lang='lat' dir='ltr'><strong>non</strong></span> <span class='ocrx_word' id='word_1_685' title='bbox 3425 1925 3603 1994; x_wconf 64' lang='lat' dir='ltr'><strong>genita</strong></span> <span class='ocrx_word' id='word_1_686' title='bbox 3626 1925 3692 1985; x_wconf 84' lang='lat' dir='ltr'><strong>de</strong></span> <span class='ocrx_word' id='word_1_687' title='bbox 3707 1926 3823 1995; x_wconf 81' lang='lat' dir='ltr'><strong>Deo,</strong></span> 
     </span>
    </p>
   </div>
   <div class='ocr_carea' id='block_1_80' title="bbox 2244 2006 3824 2088">
    <p class='ocr_par' dir='ltr' id='par_1_80' title="bbox 2244 2006 3824 2088">
     <span class='ocr_line' id='line_1_80' title="bbox 2244 2006 3824 2088; baseline 0.005 -24"><span class='ocrx_word' id='word_1_688' title='bbox 2244 2015 2312 2064; x_wconf 83' lang='lat' dir='ltr'><strong>ut</strong></span> <span class='ocrx_word' id='word_1_689' title='bbox 2331 2006 2434 2062; x_wconf 86' lang='lat' dir='ltr'><strong>hoc</strong></span> <span class='ocrx_word' id='word_1_690' title='bbox 2459 2007 2528 2066; x_wconf 79' lang='lat' dir='ltr'><strong>sit</strong></span> <span class='ocrx_word' id='word_1_691' title='bbox 2557 2008 2700 2079; x_wconf 79' lang='lat' dir='ltr'><strong>quod</strong></span> <span class='ocrx_word' id='word_1_692' title='bbox 2725 2009 2884 2066; x_wconf 81' lang='lat' dir='ltr'><strong>Deus.</strong></span> <span class='ocrx_word' id='word_1_693' title='bbox 2916 2009 3148 2068; x_wconf 75' lang='lat' dir='ltr'><strong>Proinde</strong></span> <span class='ocrx_word' id='word_1_694' title='bbox 3168 2013 3330 2068; x_wconf 88' lang='lat' dir='ltr'><strong>modo</strong></span> <span class='ocrx_word' id='word_1_695' title='bbox 3357 2013 3494 2070; x_wconf 71' lang='lat' dir='ltr'><strong>forte</strong></span> <span class='ocrx_word' id='word_1_696' title='bbox 3524 2016 3688 2086; x_wconf 81' lang='lat' dir='ltr'><strong>eliges</strong></span> <span class='ocrx_word' id='word_1_697' title='bbox 3711 2017 3824 2088; x_wconf 89' lang='lat' dir='ltr'><strong>quid</strong></span> 
     </span>
    </p>
   </div>
   <div class='ocr_carea' id='block_1_81' title="bbox 2256 2099 3822 2175">
    <p class='ocr_par' dir='ltr' id='par_1_81' title="bbox 2256 2099 3822 2175">
     <span class='ocr_line' id='line_1_81' title="bbox 2256 2099 3822 2175; baseline 0.008 -25"><span class='ocrx_word' id='word_1_698' title='bbox 2256 2105 2470 2162; x_wconf 86' lang='lat' dir='ltr'><strong>teneas,</strong></span> <span class='ocrx_word' id='word_1_699' title='bbox 2499 2108 2554 2154; x_wconf 92' lang='lat' dir='ltr'><strong>et</strong></span> <span class='ocrx_word' id='word_1_700' title='bbox 2580 2099 2705 2169; x_wconf 92' lang='lat' dir='ltr'><strong>quid</strong></span> <span class='ocrx_word' id='word_1_701' title='bbox 2733 2116 2970 2170; x_wconf 89' lang='lat' dir='ltr'><strong>respuas.</strong></span> <span class='ocrx_word' id='word_1_702' title='bbox 3012 2103 3161 2173; x_wconf 84' lang='lat' dir='ltr'><strong>Elige</strong></span> <span class='ocrx_word' id='word_1_703' title='bbox 3195 2104 3321 2174; x_wconf 90' lang='lat' dir='ltr'><strong>quid</strong></span> <span class='ocrx_word' id='word_1_704' title='bbox 3349 2107 3418 2160; x_wconf 90' lang='lat' dir='ltr'><strong>sit</strong></span> <span class='ocrx_word' id='word_1_705' title='bbox 3443 2108 3655 2163; x_wconf 88' lang='lat' dir='ltr'><strong>melius.</strong></span> <span class='ocrx_word' id='word_1_706' title='bbox 3695 2109 3822 2175; x_wconf 83' lang='lat' dir='ltr'><strong>Quo-</strong></span> 
     </span>
    </p>
   </div>
   <div class='ocr_carea' id='block_1_82' title="bbox 2244 2189 3824 2268">
    <p class='ocr_par' dir='ltr' id='par_1_82' title="bbox 2244 2189 3824 2268">
     <span class='ocr_line' id='line_1_82' title="bbox 2244 2189 3824 2268; baseline 0.006 -25"><span class='ocrx_word' id='word_1_707' title='bbox 2244 2189 2396 2246; x_wconf 75' lang='lat' dir='ltr'><strong>niam</strong></span> <span class='ocrx_word' id='word_1_708' title='bbox 2422 2191 2662 2247; x_wconf 81' lang='lat' dir='ltr'><strong>videmus</strong></span> <span class='ocrx_word' id='word_1_709' title='bbox 2687 2193 2852 2248; x_wconf 84' lang='lat' dir='ltr'><strong>multa</strong></span> <span class='ocrx_word' id='word_1_710' title='bbox 2877 2194 3154 2250; x_wconf 77' lang='lat' dir='ltr'><strong>mutabilia</strong></span> <span class='ocrx_word' id='word_1_711' title='bbox 3179 2235 3194 2262; x_wconf 88' lang='lat'><strong>,</strong></span> <span class='ocrx_word' id='word_1_712' title='bbox 3235 2206 3291 2252; x_wconf 88' lang='lat' dir='ltr'><strong>et</strong></span> <span class='ocrx_word' id='word_1_713' title='bbox 3327 2197 3442 2267; x_wconf 78' lang='lat' dir='ltr'><strong>ipsa</strong></span> <span class='ocrx_word' id='word_1_714' title='bbox 3471 2207 3658 2258; x_wconf 67' lang='lat' dir='ltr'><strong>tamen</strong></span> <span class='ocrx_word' id='word_1_715' title='bbox 3681 2200 3824 2268; x_wconf 77' lang='lat' dir='ltr'><strong>bona,</strong></span> 
     </span>
    </p>
   </div>
   <div class='ocr_carea' id='block_1_83' title="bbox 2254 2277 3826 2354">
    <p class='ocr_par' dir='ltr' id='par_1_83' title="bbox 2254 2277 3826 2354">
     <span class='ocr_line' id='line_1_83' title="bbox 2254 2277 3826 2354; baseline 0.008 -26"><span class='ocrx_word' id='word_1_716' title='bbox 2254 2277 2497 2346; x_wconf 84' lang='lat' dir='ltr'><strong>quamvis</strong></span> <span class='ocrx_word' id='word_1_717' title='bbox 2532 2277 2843 2343; x_wconf 80' lang='lat' dir='ltr'><strong>mutabilia;</strong></span> <span class='ocrx_word' id='word_1_718' title='bbox 2888 2279 3054 2336; x_wconf 86' lang='lat' dir='ltr'><strong>multa</strong></span> <span class='ocrx_word' id='word_1_719' title='bbox 3093 2281 3359 2348; x_wconf 84' lang='lat' dir='ltr'><strong>mortalia,</strong></span> <span class='ocrx_word' id='word_1_720' title='bbox 3405 2291 3460 2338; x_wconf 81' lang='lat' dir='ltr'><strong>et</strong></span> <span class='ocrx_word' id='word_1_721' title='bbox 3502 2287 3622 2354; x_wconf 82' lang='lat' dir='ltr'><strong>ipsa</strong></span> <span class='ocrx_word' id='word_1_722' title='bbox 3671 2294 3826 2340; x_wconf 83' lang='lat' dir='ltr'><strong>tamen</strong></span> 
     </span>
    </p>
   </div>
   <div class='ocr_carea' id='block_1_84' title="bbox 2254 2366 3829 2440">
    <p class='ocr_par' dir='ltr' id='par_1_84' title="bbox 2254 2366 3829 2440">
     <span class='ocr_line' id='line_1_84' title="bbox 2254 2366 3829 2440; baseline 0.006 -18"><span class='ocrx_word' id='word_1_723' title='bbox 2254 2366 2426 2433; x_wconf 89' lang='lat' dir='ltr'><strong>bona,</strong></span> <span class='ocrx_word' id='word_1_724' title='bbox 2471 2371 2712 2440; x_wconf 79' lang='lat' dir='ltr'><strong>quamvis</strong></span> <span class='ocrx_word' id='word_1_725' title='bbox 2753 2372 2995 2426; x_wconf 86' lang='lat' dir='ltr'><strong>mortalia</strong></span> <span class='ocrx_word' id='word_1_726' title='bbox 3022 2390 3034 2424; x_wconf 73' lang='grc' dir='ltr'>ε</span> <span class='ocrx_word' id='word_1_727' title='bbox 3061 2371 3258 2426; x_wconf 90' lang='lat' dir='ltr'><strong>bonum</strong></span> <span class='ocrx_word' id='word_1_728' title='bbox 3297 2383 3474 2430; x_wconf 87' lang='lat' dir='ltr'><strong>autem</strong></span> <span class='ocrx_word' id='word_1_729' title='bbox 3516 2378 3729 2432; x_wconf 89' lang='lat' dir='ltr'><strong>omnino</strong></span> <span class='ocrx_word' id='word_1_730' title='bbox 3756 2377 3829 2432; x_wconf 81' lang='lat' dir='ltr'><strong>in-</strong></span> 
     </span>
    </p>
   </div>
   <div class='ocr_carea' id='block_1_85' title="bbox 2254 2462 3828 2536">
    <p class='ocr_par' dir='ltr' id='par_1_85' title="bbox 2254 2462 3828 2536">
     <span class='ocr_line' id='line_1_85' title="bbox 2254 2462 3828 2536; baseline 0.006 -21"><span class='ocrx_word' id='word_1_731' title='bbox 2254 2462 2629 2517; x_wconf 87' lang='lat' dir='ltr'><strong>commutabile</strong></span> <span class='ocrx_word' id='word_1_732' title='bbox 2649 2463 2763 2532; x_wconf 88' lang='lat' dir='ltr'><strong>ipse</strong></span> <span class='ocrx_word' id='word_1_733' title='bbox 2786 2463 2928 2518; x_wconf 92' lang='lat' dir='ltr'><strong>Deus</strong></span> <span class='ocrx_word' id='word_1_734' title='bbox 2948 2471 3030 2517; x_wconf 92' lang='lat' dir='ltr'><strong>est</strong></span> <span class='ocrx_word' id='word_1_735' title='bbox 3052 2480 3064 2516; x_wconf 91' lang='lat'><strong>:</strong></span> <span class='ocrx_word' id='word_1_736' title='bbox 3084 2465 3211 2533; x_wconf 88' lang='lat' dir='ltr'><strong>quid</strong></span> <span class='ocrx_word' id='word_1_737' title='bbox 3221 2467 3419 2524; x_wconf 80' lang='lat' dir='ltr'><strong>melius</strong></span> <span class='ocrx_word' id='word_1_738' title='bbox 3441 2468 3509 2522; x_wconf 90' lang='lat' dir='ltr'><strong>sit</strong></span> <span class='ocrx_word' id='word_1_739' title='bbox 3530 2469 3625 2524; x_wconf 83' lang='lat' dir='ltr'><strong>tibi</strong></span> <span class='ocrx_word' id='word_1_740' title='bbox 3644 2478 3828 2536; x_wconf 86' lang='lat' dir='ltr'><strong>tenere,</strong></span> 
     </span>
    </p>
   </div>
   <div class='ocr_carea' id='block_1_86' title="bbox 2255 2553 3832 2628">
    <p class='ocr_par' dir='ltr' id='par_1_86' title="bbox 2255 2553 3832 2628">
     <span class='ocr_line' id='line_1_86' title="bbox 2255 2553 3832 2628; baseline 0.003 -18"><span class='ocrx_word' id='word_1_741' title='bbox 2255 2553 2428 2624; x_wconf 76' lang='lat' dir='ltr'><strong>elige;</strong></span> <span class='ocrx_word' id='word_1_742' title='bbox 2458 2554 2626 2610; x_wconf 89' lang='lat' dir='ltr'><strong>Deum</strong></span> <span class='ocrx_word' id='word_1_743' title='bbox 2645 2554 2954 2610; x_wconf 84' lang='lat' dir='ltr'><strong>mutabilem</strong></span> <span class='ocrx_word' id='word_1_744' title='bbox 2979 2571 3118 2625; x_wconf 86' lang='lat' dir='ltr'><strong>esse,</strong></span> <span class='ocrx_word' id='word_1_745' title='bbox 3135 2573 3210 2611; x_wconf 78' lang='lat' dir='ltr'><strong>an</strong></span> <span class='ocrx_word' id='word_1_746' title='bbox 3240 2558 3381 2628; x_wconf 88' lang='lat' dir='ltr'><strong>quod</strong></span> <span class='ocrx_word' id='word_1_747' title='bbox 3415 2558 3539 2614; x_wconf 82' lang='lat' dir='ltr'><strong>fecit</strong></span> <span class='ocrx_word' id='word_1_748' title='bbox 3565 2561 3707 2616; x_wconf 84' lang='lat' dir='ltr'><strong>Deus</strong></span> <span class='ocrx_word' id='word_1_749' title='bbox 3729 2577 3832 2615; x_wconf 87' lang='lat' dir='ltr'><strong>mu—</strong></span> 
     </span>
    </p>
   </div>
   <div class='ocr_carea' id='block_1_87' title="bbox 2258 2645 3832 2714">
    <p class='ocr_par' dir='ltr' id='par_1_87' title="bbox 2258 2645 3832 2714">
     <span class='ocr_line' id='line_1_87' title="bbox 2258 2645 3832 2714; baseline 0.007 -15"><span class='ocrx_word' id='word_1_750' title='bbox 2258 2645 2420 2700; x_wconf 86' lang='lat' dir='ltr'><strong>tabile</strong></span> <span class='ocrx_word' id='word_1_751' title='bbox 2441 2646 2598 2701; x_wconf 89' lang='lat' dir='ltr'><strong>esse?</strong></span> <span class='ocrx_word' id='word_1_752' title='bbox 2638 2645 2772 2714; x_wconf 86' lang='lat' dir='ltr'><strong>Quia</strong></span> <span class='ocrx_word' id='word_1_753' title='bbox 2804 2662 3026 2706; x_wconf 86' lang='lat' dir='ltr'><strong>necesse</strong></span> <span class='ocrx_word' id='word_1_754' title='bbox 3051 2657 3132 2704; x_wconf 85' lang='lat' dir='ltr'><strong>est</strong></span> <span class='ocrx_word' id='word_1_755' title='bbox 3163 2657 3220 2704; x_wconf 91' lang='lat' dir='ltr'><strong>ut</strong></span> <span class='ocrx_word' id='word_1_756' title='bbox 3246 2665 3406 2708; x_wconf 76' lang='lat' dir='ltr'><strong>ununi</strong></span> <span class='ocrx_word' id='word_1_757' title='bbox 3437 2651 3503 2707; x_wconf 89' lang='lat' dir='ltr'><strong>de</strong></span> <span class='ocrx_word' id='word_1_758' title='bbox 3531 2652 3737 2708; x_wconf 87' lang='lat' dir='ltr'><strong>duobus</strong></span> <span class='ocrx_word' id='word_1_759' title='bbox 3762 2652 3832 2710; x_wconf 79' lang='lat' dir='ltr'><strong>di-</strong></span> 
     </span>
    </p>
   </div>
   <div class='ocr_carea' id='block_1_88' title="bbox 2256 2738 3832 2814">
    <p class='ocr_par' dir='ltr' id='par_1_88' title="bbox 2256 2738 3832 2814">
     <span class='ocr_line' id='line_1_88' title="bbox 2256 2738 3832 2814; baseline 0.005 -22"><span class='ocrx_word' id='word_1_760' title='bbox 2256 2751 2364 2792; x_wconf 84' lang='lat' dir='ltr'><strong>cas.</strong></span> <span class='ocrx_word' id='word_1_761' title='bbox 2415 2738 2471 2792; x_wconf 90' lang='lat' dir='ltr'><strong>Si</strong></span> <span class='ocrx_word' id='word_1_762' title='bbox 2517 2739 2751 2794; x_wconf 86' lang='lat' dir='ltr'><strong>nolueris</strong></span> <span class='ocrx_word' id='word_1_763' title='bbox 2790 2739 3074 2798; x_wconf 83' lang='lat' dir='ltr'><strong>admittere</strong></span> <span class='ocrx_word' id='word_1_764' title='bbox 3117 2741 3170 2796; x_wconf 89' lang='lat' dir='ltr'><strong>id</strong></span> <span class='ocrx_word' id='word_1_765' title='bbox 3209 2742 3353 2814; x_wconf 89' lang='lat' dir='ltr'><strong>quod</strong></span> <span class='ocrx_word' id='word_1_766' title='bbox 3395 2743 3519 2798; x_wconf 80' lang='lat' dir='ltr'><strong>fecit</strong></span> <span class='ocrx_word' id='word_1_767' title='bbox 3553 2745 3699 2802; x_wconf 80' lang='lat' dir='ltr'><strong>Dens</strong></span> <span class='ocrx_word' id='word_1_768' title='bbox 3725 2760 3832 2801; x_wconf 84' lang='lat' dir='ltr'><strong>esse</strong></span> 
     </span>
    </p>
   </div>
   <div class='ocr_carea' id='block_1_89' title="bbox 2257 2831 3834 2904">
    <p class='ocr_par' dir='ltr' id='par_1_89' title="bbox 2257 2831 3834 2904">
     <span class='ocr_line' id='line_1_89' title="bbox 2257 2831 3834 2904; baseline 0.004 -20"><span class='ocrx_word' id='word_1_769' title='bbox 2257 2831 2541 2896; x_wconf 80' lang='lat' dir='ltr'><strong>mutabile,</strong></span> <span class='ocrx_word' id='word_1_770' title='bbox 2584 2840 2752 2888; x_wconf 83' lang='lat' dir='ltr'><strong>restat</strong></span> <span class='ocrx_word' id='word_1_771' title='bbox 2792 2842 2848 2888; x_wconf 91' lang='lat' dir='ltr'><strong>ut</strong></span> <span class='ocrx_word' id='word_1_772' title='bbox 2882 2833 3028 2890; x_wconf 85' lang='lat' dir='ltr'><strong>dicas</strong></span> <span class='ocrx_word' id='word_1_773' title='bbox 3055 2834 3230 2904; x_wconf 81' lang='lat' dir='ltr'><strong>ipsmn</strong></span> <span class='ocrx_word' id='word_1_774' title='bbox 3273 2836 3436 2892; x_wconf 86' lang='lat' dir='ltr'><strong>Deum</strong></span> <span class='ocrx_word' id='word_1_775' title='bbox 3465 2853 3589 2894; x_wconf 86' lang='lat' dir='ltr'><strong>esse</strong></span> <span class='ocrx_word' id='word_1_776' title='bbox 3621 2837 3834 2893; x_wconf 81' lang='lat' dir='ltr'><strong>mutabi-</strong></span> 
     </span>
    </p>
   </div>
   <div class='ocr_carea' id='block_1_90' title="bbox 2257 2922 3834 3002">
    <p class='ocr_par' dir='ltr' id='par_1_90' title="bbox 2257 2922 3834 3002">
     <span class='ocr_line' id='line_1_90' title="bbox 2257 2922 3834 3002; baseline 0.005 -24"><span class='ocrx_word' id='word_1_777' title='bbox 2257 2922 2382 2978; x_wconf 86' lang='lat' dir='ltr'><strong>lem.</strong></span> <span class='ocrx_word' id='word_1_778' title='bbox 2419 2923 2484 2980; x_wconf 91' lang='lat' dir='ltr'><strong>Ut</strong></span> <span class='ocrx_word' id='word_1_779' title='bbox 2514 2932 2691 2984; x_wconf 88' lang='lat' dir='ltr'><strong>autem</strong></span> <span class='ocrx_word' id='word_1_780' title='bbox 2721 2927 2788 2980; x_wconf 85' lang='lat' dir='ltr'><strong>ab</strong></span> <span class='ocrx_word' id='word_1_781' title='bbox 2810 2925 2913 2982; x_wconf 86' lang='lat' dir='ltr'><strong>hoc</strong></span> <span class='ocrx_word' id='word_1_782' title='bbox 2935 2927 3213 2998; x_wconf 84' lang='lat' dir='ltr'><strong>sacrilegio</strong></span> <span class='ocrx_word' id='word_1_783' title='bbox 3245 2938 3295 2985; x_wconf 88' lang='lat' dir='ltr'><strong>te</strong></span> <span class='ocrx_word' id='word_1_784' title='bbox 3323 2946 3544 3002; x_wconf 68' lang='lat' dir='ltr'><strong>purges.</strong></span> <span class='ocrx_word' id='word_1_785' title='bbox 3577 2941 3637 2988; x_wconf 86' lang='lat' dir='ltr'><strong>ct</strong></span> <span class='ocrx_word' id='word_1_786' title='bbox 3661 2933 3724 2988; x_wconf 88' lang='lat' dir='ltr'><strong>ab</strong></span> <span class='ocrx_word' id='word_1_787' title='bbox 3749 2931 3834 2986; x_wconf 84' lang='lat' dir='ltr'><strong>hac</strong></span> 
     </span>
    </p>
   </div>
   <div class='ocr_carea' id='block_1_91' title="bbox 2256 3015 3831 3089">
    <p class='ocr_par' dir='ltr' id='par_1_91' title="bbox 2256 3015 3831 3089">
     <span class='ocr_line' id='line_1_91' title="bbox 2256 3015 3831 3089; baseline 0.006 -20"><span class='ocrx_word' id='word_1_788' title='bbox 2256 3015 2608 3087; x_wconf 81' lang='lat' dir='ltr'><strong>blasphemia,</strong></span> <span class='ocrx_word' id='word_1_789' title='bbox 2625 3031 2692 3073; x_wconf 88' lang='lat' dir='ltr'><strong>ue</strong></span> <span class='ocrx_word' id='word_1_790' title='bbox 2708 3017 2856 3074; x_wconf 87' lang='lat' dir='ltr'><strong>dicas</strong></span> <span class='ocrx_word' id='word_1_791' title='bbox 2876 3017 3226 3075; x_wconf 81' lang='lat' dir='ltr'><strong>substantiam</strong></span> <span class='ocrx_word' id='word_1_792' title='bbox 3252 3021 3345 3077; x_wconf 86' lang='lat' dir='ltr'><strong>Dei</strong></span> <span class='ocrx_word' id='word_1_793' title='bbox 3366 3037 3486 3079; x_wconf 83' lang='lat' dir='ltr'><strong>esse</strong></span> <span class='ocrx_word' id='word_1_794' title='bbox 3503 3025 3831 3089; x_wconf 82' lang='lat' dir='ltr'><strong>mutabilem,</strong></span> 
     </span>
    </p>
   </div>
   <div class='ocr_carea' id='block_1_92' title="bbox 2231 3110 3930 3184">
    <p class='ocr_par' dir='ltr' id='par_1_92' title="bbox 2231 3110 3930 3184">
     <span class='ocr_line' id='line_1_92' title="bbox 2231 3110 3930 3184; baseline 0.002 -18"><span class='ocrx_word' id='word_1_795' title='bbox 2231 3123 2422 3180; x_wconf 86' lang='lat' dir='ltr'><strong>quare</strong></span> <span class='ocrx_word' id='word_1_796' title='bbox 2453 3123 2562 3168; x_wconf 86' lang='lat' dir='ltr'><strong>non</strong></span> <span class='ocrx_word' id='word_1_797' title='bbox 2589 3110 2839 3168; x_wconf 79' lang='lat' dir='ltr'><strong>concedis</strong></span> <span class='ocrx_word' id='word_1_798' title='bbox 2871 3110 3040 3166; x_wconf 90' lang='lat' dir='ltr'><strong>Deum</strong></span> <span class='ocrx_word' id='word_1_799' title='bbox 3064 3113 3152 3184; x_wconf 88' lang='lat' dir='ltr'><strong>qui</strong></span> <span class='ocrx_word' id='word_1_800' title='bbox 3181 3129 3307 3169; x_wconf 75' lang='lat' dir='ltr'><strong>vere</strong></span> <span class='ocrx_word' id='word_1_801' title='bbox 3331 3124 3436 3181; x_wconf 86' lang='lat' dir='ltr'><strong>est,</strong></span> <span class='ocrx_word' id='word_1_802' title='bbox 3465 3125 3520 3172; x_wconf 89' lang='lat' dir='ltr'><strong>et</strong></span> <span class='ocrx_word' id='word_1_803' title='bbox 3548 3117 3836 3172; x_wconf 86' lang='lat' dir='ltr'><strong>incommu-</strong></span> <span class='ocrx_word' id='word_1_804' title='bbox 3928 3147 3930 3150; x_wconf 53' lang='grc' dir='ltr'>ν</span> 
     </span>
    </p>
   </div>
   <div class='ocr_carea' id='block_1_93' title="bbox 2259 3201 3837 3279">
    <p class='ocr_par' dir='ltr' id='par_1_93' title="bbox 2259 3201 3837 3279">
     <span class='ocr_line' id='line_1_93' title="bbox 2259 3201 3837 3279; baseline 0.003 -24"><span class='ocrx_word' id='word_1_805' title='bbox 2259 3201 2434 3256; x_wconf 81' lang='lat' dir='ltr'><strong>labilis</strong></span> <span class='ocrx_word' id='word_1_806' title='bbox 2474 3209 2578 3270; x_wconf 89' lang='lat' dir='ltr'><strong>est,</strong></span> <span class='ocrx_word' id='word_1_807' title='bbox 2619 3201 2741 3272; x_wconf 89' lang='lat' dir='ltr'><strong>quia</strong></span> <span class='ocrx_word' id='word_1_808' title='bbox 2787 3201 2902 3272; x_wconf 87' lang='lat' dir='ltr'><strong>ipse</strong></span> <span class='ocrx_word' id='word_1_809' title='bbox 2950 3203 3114 3258; x_wconf 87' lang='lat' dir='ltr'><strong>etiam</strong></span> <span class='ocrx_word' id='word_1_810' title='bbox 3162 3203 3314 3271; x_wconf 89' lang='lat' dir='ltr'><strong>dixit,</strong></span> <span class='ocrx_word' id='word_1_811' title='bbox 3345 3203 3459 3277; x_wconf 86' lang='lat' dir='ltr'><strong>Ego</strong></span> <span class='ocrx_word' id='word_1_812' title='bbox 3489 3224 3607 3261; x_wconf 82' lang='lat' dir='ltr'><strong>sum</strong></span> <span class='ocrx_word' id='word_1_813' title='bbox 3633 3209 3716 3279; x_wconf 81' lang='lat' dir='ltr'><strong>qui</strong></span> <span class='ocrx_word' id='word_1_814' title='bbox 3739 3223 3837 3262; x_wconf 79' lang='lat' dir='ltr'><strong>sum</strong></span> 
     </span>
    </p>
   </div>
   <div class='ocr_carea' id='block_1_94' title="bbox 2258 3290 3835 3370">
    <p class='ocr_par' dir='ltr' id='par_1_94' title="bbox 2258 3290 3835 3370">
     <span class='ocr_line' id='line_1_94' title="bbox 2258 3290 3835 3370; baseline 0.004 -26"><span class='ocrx_word' id='word_1_815' title='bbox 2258 3291 2449 3359; x_wconf 74' lang='lat' dir='ltr'><strong>(Exod.</strong></span> <span class='ocrx_word' id='word_1_816' title='bbox 2475 3307 2554 3359; x_wconf 84' lang='lat' dir='ltr'><strong>nr,</strong></span> <span class='ocrx_word' id='word_1_817' title='bbox 2579 3291 2689 3363; x_wconf 74' lang='grc'><strong>14),</strong></span> <span class='ocrx_word' id='word_1_818' title='bbox 2715 3290 2903 3360; x_wconf 81' lang='lat' dir='ltr'><strong>fecisse</strong></span> <span class='ocrx_word' id='word_1_819' title='bbox 2922 3294 3101 3350; x_wconf 89' lang='lat' dir='ltr'><strong>omnia</strong></span> <span class='ocrx_word' id='word_1_820' title='bbox 3123 3294 3284 3362; x_wconf 88' lang='lat' dir='ltr'><strong>bona,</strong></span> <span class='ocrx_word' id='word_1_821' title='bbox 3302 3297 3395 3353; x_wconf 83' lang='lat' dir='ltr'><strong>sed</strong></span> <span class='ocrx_word' id='word_1_822' title='bbox 3418 3300 3642 3356; x_wconf 86' lang='lat' dir='ltr'><strong>nonsibi</strong></span> <span class='ocrx_word' id='word_1_823' title='bbox 3665 3300 3835 3370; x_wconf 85' lang='lat' dir='ltr'><strong>paria?</strong></span> 
     </span>
    </p>
   </div>
   <div class='ocr_carea' id='block_1_95' title="bbox 2258 3382 3840 3458">
    <p class='ocr_par' dir='ltr' id='par_1_95' title="bbox 2258 3382 3840 3458">
     <span class='ocr_line' id='line_1_95' title="bbox 2258 3382 3840 3458; baseline 0.006 -22"><span class='ocrx_word' id='word_1_824' title='bbox 2258 3382 2487 3438; x_wconf 86' lang='lat' dir='ltr'><strong>Proinde</strong></span> <span class='ocrx_word' id='word_1_825' title='bbox 2513 3383 2635 3452; x_wconf 89' lang='lat' dir='ltr'><strong>quia</strong></span> <span class='ocrx_word' id='word_1_826' title='bbox 2659 3384 2772 3452; x_wconf 86' lang='lat' dir='ltr'><strong>ipsc</strong></span> <span class='ocrx_word' id='word_1_827' title='bbox 2803 3384 3250 3442; x_wconf 85' lang='lat' dir='ltr'><strong>incommutabilis</strong></span> <span class='ocrx_word' id='word_1_828' title='bbox 3276 3398 3391 3458; x_wconf 73' lang='lat' dir='ltr'><strong>est,</strong></span> <span class='ocrx_word' id='word_1_829' title='bbox 3421 3405 3530 3446; x_wconf 91' lang='lat' dir='ltr'><strong>non</strong></span> <span class='ocrx_word' id='word_1_830' title='bbox 3548 3402 3638 3448; x_wconf 86' lang='lat' dir='ltr'><strong>est</strong></span> <span class='ocrx_word' id='word_1_831' title='bbox 3659 3392 3840 3447; x_wconf 77' lang='lat' dir='ltr'><strong>mirum</strong></span> 
     </span>
    </p>
   </div>
   <div class='ocr_carea' id='block_1_96' title="bbox 2257 3475 3834 3554">
    <p class='ocr_par' dir='ltr' id='par_1_96' title="bbox 2257 3475 3834 3554">
     <span class='ocr_line' id='line_1_96' title="bbox 2257 3475 3834 3554; baseline 0.003 -20"><span class='ocrx_word' id='word_1_832' title='bbox 2257 3475 2304 3534; x_wconf 82' lang='lat' dir='ltr'><strong>si</strong></span> <span class='ocrx_word' id='word_1_833' title='bbox 2331 3475 2475 3546; x_wconf 87' lang='lat' dir='ltr'><strong>quod</strong></span> <span class='ocrx_word' id='word_1_834' title='bbox 2497 3475 2645 3542; x_wconf 72' lang='lat' dir='ltr'><strong>fecit,</strong></span> <span class='ocrx_word' id='word_1_835' title='bbox 2667 3477 2789 3554; x_wconf 84' lang='lat' dir='ltr'><strong>quia</strong></span> <span class='ocrx_word' id='word_1_836' title='bbox 2813 3478 2861 3532; x_wconf 88' lang='lat' dir='ltr'><strong>ei</strong></span> <span class='ocrx_word' id='word_1_837' title='bbox 2887 3479 3092 3550; x_wconf 75' lang='lat' dir='ltr'><strong>mquaie</strong></span> <span class='ocrx_word' id='word_1_838' title='bbox 3122 3495 3227 3536; x_wconf 89' lang='lat' dir='ltr'><strong>non</strong></span> <span class='ocrx_word' id='word_1_839' title='bbox 3259 3492 3359 3547; x_wconf 86' lang='lat' dir='ltr'><strong>est,</strong></span> <span class='ocrx_word' id='word_1_840' title='bbox 3391 3499 3494 3539; x_wconf 92' lang='lat' dir='ltr'><strong>non</strong></span> <span class='ocrx_word' id='word_1_841' title='bbox 3525 3495 3616 3542; x_wconf 83' lang='lat' dir='ltr'><strong>est</strong></span> <span class='ocrx_word' id='word_1_842' title='bbox 3645 3488 3834 3541; x_wconf 89' lang='lat' dir='ltr'><strong>incom-</strong></span> 
     </span>
    </p>
   </div>
   <div class='ocr_carea' id='block_1_97' title="bbox 2259 3565 3839 3642">
    <p class='ocr_par' dir='ltr' id='par_1_97' title="bbox 2259 3565 3839 3642">
     <span class='ocr_line' id='line_1_97' title="bbox 2259 3565 3839 3642; baseline 0.007 -21"><span class='ocrx_word' id='word_1_843' title='bbox 2259 3565 2529 3632; x_wconf 86' lang='lat' dir='ltr'><strong>mutabile,</strong></span> <span class='ocrx_word' id='word_1_844' title='bbox 2559 3567 2655 3624; x_wconf 86' lang='lat' dir='ltr'><strong>sed</strong></span> <span class='ocrx_word' id='word_1_845' title='bbox 2679 3567 2952 3624; x_wconf 81' lang='lat' dir='ltr'><strong>imitabile.</strong></span> <span class='ocrx_word' id='word_1_846' title='bbox 2984 3569 3107 3628; x_wconf 87' lang='lat' dir='ltr'><strong>Ideo</strong></span> <span class='ocrx_word' id='word_1_847' title='bbox 3128 3581 3182 3626; x_wconf 90' lang='lat' dir='ltr'><strong>et</strong></span> <span class='ocrx_word' id='word_1_848' title='bbox 3209 3588 3304 3642; x_wconf 87' lang='lat' dir='ltr'><strong>per</strong></span> <span class='ocrx_word' id='word_1_849' title='bbox 3329 3574 3552 3632; x_wconf 84' lang='lat' dir='ltr'><strong>liberum</strong></span> <span class='ocrx_word' id='word_1_850' title='bbox 3572 3577 3839 3633; x_wconf 86' lang='lat' dir='ltr'><strong>arbitrium</strong></span> 
     </span>
    </p>
   </div>
   <div class='ocr_carea' id='block_1_98' title="bbox 2257 3660 3841 3736">
    <p class='ocr_par' dir='ltr' id='par_1_98' title="bbox 2257 3660 3841 3736">
     <span class='ocr_line' id='line_1_98' title="bbox 2257 3660 3841 3736; baseline 0.007 -23"><span class='ocrx_word' id='word_1_851' title='bbox 2257 3674 2479 3729; x_wconf 81' lang='lat' dir='ltr'><strong>peccare</strong></span> <span class='ocrx_word' id='word_1_852' title='bbox 2511 3669 2564 3716; x_wconf 92' lang='lat' dir='ltr'><strong>ct</strong></span> <span class='ocrx_word' id='word_1_853' title='bbox 2591 3660 2750 3731; x_wconf 89' lang='lat' dir='ltr'><strong>pollui</strong></span> <span class='ocrx_word' id='word_1_854' title='bbox 2785 3662 2973 3732; x_wconf 85' lang='lat' dir='ltr'><strong>potuit,</strong></span> <span class='ocrx_word' id='word_1_855' title='bbox 3001 3673 3056 3719; x_wconf 87' lang='lat' dir='ltr'><strong>et</strong></span> <span class='ocrx_word' id='word_1_856' title='bbox 3081 3679 3176 3735; x_wconf 84' lang='lat' dir='ltr'><strong>per</strong></span> <span class='ocrx_word' id='word_1_857' title='bbox 3196 3666 3312 3736; x_wconf 87' lang='lat' dir='ltr'><strong>ejus</strong></span> <span class='ocrx_word' id='word_1_858' title='bbox 3331 3667 3756 3726; x_wconf 79' lang='lat' dir='ltr'><strong>misericordiam</strong></span> <span class='ocrx_word' id='word_1_859' title='bbox 3784 3668 3841 3724; x_wconf 82' lang='lat' dir='ltr'><strong>li-</strong></span> 
     </span>
    </p>
   </div>
   <div class='ocr_carea' id='block_1_99' title="bbox 2258 3749 2925 3806">
    <p class='ocr_par' dir='ltr' id='par_1_99' title="bbox 2258 3749 2925 3806">
     <span class='ocr_line' id='line_1_99' title="bbox 2258 3749 2925 3806; baseline 0.004 -1"><span class='ocrx_word' id='word_1_860' title='bbox 2258 3749 2454 3806; x_wconf 86' lang='lat' dir='ltr'><strong>berari.</strong></span> <span class='ocrx_word' id='word_1_861' title='bbox 2923 3791 2925 3794; x_wconf 61' lang='grc'>‹</span> 
     </span>
    </p>
   </div>
   <div class='ocr_carea' id='block_1_100' title="bbox 2327 3845 3838 3911">
    <p class='ocr_par' dir='ltr' id='par_1_100' title="bbox 2327 3845 3838 3911">
     <span class='ocr_line' id='line_1_100' title="bbox 2327 3845 3838 3911; baseline 0.006 -10"><span class='ocrx_word' id='word_1_862' title='bbox 2327 3845 2554 3904; x_wconf 78' lang='lat' dir='ltr'><strong>CAPUT</strong></span> <span class='ocrx_word' id='word_1_863' title='bbox 2591 3845 2733 3904; x_wconf 77' lang='grc' dir='ltr'><strong>ΧΙΧ..</strong></span> <span class='ocrx_word' id='word_1_864' title='bbox 2759 3877 2830 3888; x_wconf 87' lang='grc'><strong>--</strong></span> <span class='ocrx_word' id='word_1_865' title='bbox 2859 3847 2988 3903; x_wconf 65' lang='grc' dir='ltr'><strong>[³η.</strong></span> <span class='ocrx_word' id='word_1_866' title='bbox 3025 3847 3160 3905; x_wconf 78' lang='lat' dir='ltr'><strong>dixit</strong></span> <span class='ocrx_word' id='word_1_867' title='bbox 3186 3869 3199 3904; x_wconf 89' lang='lat'><strong>:</strong></span> <span class='ocrx_word' id='word_1_868' title='bbox 3225 3850 3410 3908; x_wconf 87' lang='lat' dir='ltr'><strong>Dixisti</strong></span> <span class='ocrx_word' id='word_1_869' title='bbox 3448 3854 3725 3911; x_wconf 82' lang='lat' dir='ltr'><strong>hominem</strong></span> <span class='ocrx_word' id='word_1_870' title='bbox 3766 3853 3838 3910; x_wconf 78' lang='lat' dir='ltr'><strong>fe-</strong></span> 
     </span>
    </p>
   </div>
   <div class='ocr_carea' id='block_1_101' title="bbox 2258 3938 3842 4016">
    <p class='ocr_par' dir='ltr' id='par_1_101' title="bbox 2258 3938 3842 4016">
     <span class='ocr_line' id='line_1_101' title="bbox 2258 3938 3842 4016; baseline 0.003 -20"><span class='ocrx_word' id='word_1_871' title='bbox 2258 3939 2397 3996; x_wconf 86' lang='lat' dir='ltr'><strong>cisse</strong></span> <span class='ocrx_word' id='word_1_872' title='bbox 2441 3939 2543 3994; x_wconf 90' lang='lat' dir='ltr'><strong>sibi</strong></span> <span class='ocrx_word' id='word_1_873' title='bbox 2585 3938 2749 3996; x_wconf 81' lang='lat' dir='ltr'><strong>iilium</strong></span> <span class='ocrx_word' id='word_1_874' title='bbox 2783 3957 2798 3994; x_wconf 87' lang='lat'><strong>:</strong></span> <span class='ocrx_word' id='word_1_875' title='bbox 2829 3941 2960 3994; x_wconf 91' lang='lat' dir='ltr'><strong>nihil</strong></span> <span class='ocrx_word' id='word_1_876' title='bbox 3003 3941 3223 3998; x_wconf 88' lang='lat' dir='ltr'><strong>interest</strong></span> <span class='ocrx_word' id='word_1_877' title='bbox 3264 3944 3402 4000; x_wconf 88' lang='lat' dir='ltr'><strong>inter</strong></span> <span class='ocrx_word' id='word_1_878' title='bbox 3447 3956 3656 4016; x_wconf 84' lang='lat' dir='ltr'><strong>patrem</strong></span> <span class='ocrx_word' id='word_1_879' title='bbox 3701 3955 3753 4003; x_wconf 87' lang='lat' dir='ltr'><strong>et</strong></span> <span class='ocrx_word' id='word_1_880' title='bbox 3785 3946 3842 4001; x_wconf 76' lang='lat' dir='ltr'><strong>ﬁ-</strong></span> 
     </span>
    </p>
   </div>
   <div class='ocr_carea' id='block_1_102' title="bbox 2257 4029 3844 4105">
    <p class='ocr_par' dir='ltr' id='par_1_102' title="bbox 2257 4029 3844 4105">
     <span class='ocr_line' id='line_1_102' title="bbox 2257 4029 3844 4105; baseline 0.005 -21"><span class='ocrx_word' id='word_1_881' title='bbox 2257 4030 2405 4084; x_wconf 82' lang='lat' dir='ltr'><strong>liuni.</strong></span> <span class='ocrx_word' id='word_1_882' title='bbox 2474 4029 2605 4097; x_wconf 83' lang='lat' dir='ltr'><strong>Quia</strong></span> <span class='ocrx_word' id='word_1_883' title='bbox 2655 4029 2769 4098; x_wconf 83' lang='lat' dir='ltr'><strong>hoc</strong></span> <span class='ocrx_word' id='word_1_884' title='bbox 2816 4046 2943 4102; x_wconf 83' lang='lat' dir='ltr'><strong>ergo</strong></span> <span class='ocrx_word' id='word_1_885' title='bbox 2999 4035 3218 4102; x_wconf 84' lang='lat' dir='ltr'><strong>protulit</strong></span> <span class='ocrx_word' id='word_1_886' title='bbox 3279 4036 3546 4094; x_wconf 83' lang='lat' dir='ltr'><strong>Sanctitas</strong></span> <span class='ocrx_word' id='word_1_887' title='bbox 3612 4049 3736 4105; x_wconf 88' lang='lat' dir='ltr'><strong>tua,</strong></span> <span class='ocrx_word' id='word_1_888' title='bbox 3793 4047 3844 4093; x_wconf 87' lang='lat' dir='ltr'><strong>et</strong></span> 
     </span>
    </p>
   </div>
   <div class='ocr_carea' id='block_1_103' title="bbox 2257 4123 3843 4202">
    <p class='ocr_par' dir='ltr' id='par_1_103' title="bbox 2257 4123 3843 4202">
     <span class='ocr_line' id='line_1_103' title="bbox 2257 4123 3843 4202; baseline 0.004 -24"><span class='ocrx_word' id='word_1_889' title='bbox 2257 4138 2357 4192; x_wconf 80' lang='lat' dir='ltr'><strong>ego</strong></span> <span class='ocrx_word' id='word_1_890' title='bbox 2401 4123 2700 4193; x_wconf 73' lang='lat' dir='ltr'><strong>rCSpundeo</strong></span> <span class='ocrx_word' id='word_1_891' title='bbox 2723 4125 2845 4194; x_wconf 87' lang='lat' dir='ltr'><strong>quia</strong></span> <span class='ocrx_word' id='word_1_892' title='bbox 2878 4125 3016 4182; x_wconf 89' lang='lat' dir='ltr'><strong>Deus</strong></span> <span class='ocrx_word' id='word_1_893' title='bbox 3043 4135 3096 4182; x_wconf 90' lang='lat' dir='ltr'><strong>et</strong></span> <span class='ocrx_word' id='word_1_894' title='bbox 3124 4143 3244 4199; x_wconf 73' lang='lat' dir='ltr'><strong>qua:</strong></span> <span class='ocrx_word' id='word_1_895' title='bbox 3273 4128 3434 4202; x_wconf 74' lang='lat' dir='ltr'><strong>facit,</strong></span> <span class='ocrx_word' id='word_1_896' title='bbox 3466 4133 3697 4202; x_wconf 63' lang='lat' dir='ltr'><strong>wqualia</strong></span> <span class='ocrx_word' id='word_1_897' title='bbox 3731 4141 3843 4187; x_wconf 89' lang='lat' dir='ltr'><strong>sunt</strong></span> 
     </span>
    </p>
   </div>
   <div class='ocr_carea' id='block_1_104' title="bbox 2257 4216 3802 4304">
    <p class='ocr_par' dir='ltr' id='par_1_104' title="bbox 2257 4216 3802 4304">
     <span class='ocr_line' id='line_1_104' title="bbox 2257 4216 3802 4304; baseline 0.007 -34"><span class='ocrx_word' id='word_1_898' title='bbox 2257 4216 2379 4271; x_wconf 86' lang='lat' dir='ltr'><strong>sibi.</strong></span> <span class='ocrx_word' id='word_1_899' title='bbox 3800 4299 3802 4304; x_wconf 91' lang='lat'><em>_</em></span> 
     </span>
    </p>
   </div>
   <div class='ocr_carea' id='block_1_105' title="bbox 2327 4307 3844 4394">
    <p class='ocr_par' dir='ltr' id='par_1_105' title="bbox 2327 4307 3844 4394">
     <span class='ocr_line' id='line_1_105' title="bbox 2327 4307 3844 4394; baseline 0.013 -32"><span class='ocrx_word' id='word_1_900' title='bbox 2327 4307 2463 4366; x_wconf 78' lang='lat' dir='ltr'><strong>Avo.</strong></span> <span class='ocrx_word' id='word_1_901' title='bbox 2504 4310 2638 4367; x_wconf 84' lang='lat' dir='ltr'><strong>dixit</strong></span> <span class='ocrx_word' id='word_1_902' title='bbox 2669 4331 2681 4366; x_wconf 90' lang='lat'>:</span> <span class='ocrx_word' id='word_1_903' title='bbox 2715 4314 2868 4383; x_wconf 85' lang='lat' dir='ltr'><strong>Quod</strong></span> <span class='ocrx_word' id='word_1_904' title='bbox 2909 4317 3206 4389; x_wconf 85' lang='lat' dir='ltr'><strong>intelligere</strong></span> <span class='ocrx_word' id='word_1_905' title='bbox 3243 4320 3485 4390; x_wconf 83' lang='lat' dir='ltr'><strong>noluisti,</strong></span> <span class='ocrx_word' id='word_1_906' title='bbox 3526 4326 3655 4394; x_wconf 85' lang='lat' dir='ltr'><strong>quia</strong></span> <span class='ocrx_word' id='word_1_907' title='bbox 3693 4325 3844 4381; x_wconf 89' lang='lat' dir='ltr'><strong>homo</strong></span> 
     </span>
    </p>
   </div>
   <div class='ocr_carea' id='block_1_106' title="bbox 2257 4404 3844 4489">
    <p class='ocr_par' dir='ltr' id='par_1_106' title="bbox 2257 4404 3844 4489">
     <span class='ocr_line' id='line_1_106' title="bbox 2257 4404 3844 4489; baseline 0.009 -31"><span class='ocrx_word' id='word_1_908' title='bbox 2257 4416 2379 4458; x_wconf 88' lang='lat' dir='ltr'><strong>cum</strong></span> <span class='ocrx_word' id='word_1_909' title='bbox 2417 4404 2580 4459; x_wconf 86' lang='lat' dir='ltr'><strong>lilium</strong></span> <span class='ocrx_word' id='word_1_910' title='bbox 2605 4405 2748 4474; x_wconf 76' lang='lat' dir='ltr'><strong>facit,</strong></span> <span class='ocrx_word' id='word_1_911' title='bbox 2782 4424 2886 4464; x_wconf 91' lang='lat' dir='ltr'><strong>non</strong></span> <span class='ocrx_word' id='word_1_912' title='bbox 2915 4410 3091 4468; x_wconf 82' lang='lat' dir='ltr'><strong>facere</strong></span> <span class='ocrx_word' id='word_1_913' title='bbox 3119 4412 3330 4481; x_wconf 77' lang='lat' dir='ltr'><strong>proprie</strong></span> <span class='ocrx_word' id='word_1_914' title='bbox 3359 4415 3572 4483; x_wconf 85' lang='lat' dir='ltr'><strong>dicitur,</strong></span> <span class='ocrx_word' id='word_1_915' title='bbox 3606 4419 3702 4474; x_wconf 89' lang='lat' dir='ltr'><strong>sed</strong></span> <span class='ocrx_word' id='word_1_916' title='bbox 3727 4432 3844 4489; x_wconf 83' lang='lat' dir='ltr'><strong>pro—</strong></span> 
     </span>
    </p>
   </div>
   <div class='ocr_carea' id='block_1_107' title="bbox 2259 4495 3848 4580">
    <p class='ocr_par' dir='ltr' id='par_1_107' title="bbox 2259 4495 3848 4580">
     <span class='ocr_line' id='line_1_107' title="bbox 2259 4495 3848 4580; baseline 0.01 -32"><span class='ocrx_word' id='word_1_917' title='bbox 2259 4495 2372 4567; x_wconf 89' lang='lat' dir='ltr'><strong>prie</strong></span> <span class='ocrx_word' id='word_1_918' title='bbox 2399 4512 2657 4568; x_wconf 82' lang='lat' dir='ltr'><strong>generare</strong></span> <span class='ocrx_word' id='word_1_919' title='bbox 2684 4499 2878 4557; x_wconf 88' lang='lat' dir='ltr'><strong>dicitur</strong></span> <span class='ocrx_word' id='word_1_920' title='bbox 2910 4521 2923 4556; x_wconf 93' lang='lat'><strong>:</strong></span> <span class='ocrx_word' id='word_1_921' title='bbox 2948 4502 3026 4559; x_wconf 87' lang='lat' dir='ltr'><strong>sic</strong></span> <span class='ocrx_word' id='word_1_922' title='bbox 3047 4513 3103 4559; x_wconf 89' lang='lat' dir='ltr'><strong>et</strong></span> <span class='ocrx_word' id='word_1_923' title='bbox 3131 4504 3487 4564; x_wconf 75' lang='lat' dir='ltr'><strong>DeusFilium</strong></span> <span class='ocrx_word' id='word_1_924' title='bbox 3516 4511 3735 4566; x_wconf 84' lang='lat' dir='ltr'><strong>unicum</strong></span> <span class='ocrx_word' id='word_1_925' title='bbox 3759 4525 3848 4580; x_wconf 84' lang='lat' dir='ltr'><strong>go-</strong></span> 
     </span>
    </p>
   </div>
   <div class='ocr_carea' id='block_1_108' title="bbox 2257 4589 3896 4675">
    <p class='ocr_par' dir='ltr' id='par_1_108' title="bbox 2257 4589 3896 4675">
     <span class='ocr_line' id='line_1_108' title="bbox 2257 4589 3896 4675; baseline 0.011 -33"><span class='ocrx_word' id='word_1_926' title='bbox 2257 4589 2390 4654; x_wconf 80' lang='lat' dir='ltr'><strong>nuit,</strong></span> <span class='ocrx_word' id='word_1_927' title='bbox 2441 4591 2548 4646; x_wconf 82' lang='lat' dir='ltr'><strong>dixi</strong></span> <span class='ocrx_word' id='word_1_928' title='bbox 2595 4593 2708 4661; x_wconf 80' lang='lat' dir='ltr'><strong>tibi,</strong></span> <span class='ocrx_word' id='word_1_929' title='bbox 2767 4611 2872 4652; x_wconf 81' lang='lat' dir='ltr'><strong>non</strong></span> <span class='ocrx_word' id='word_1_930' title='bbox 2919 4595 3068 4654; x_wconf 74' lang='lat' dir='ltr'><strong>fecit.</strong></span> <span class='ocrx_word' id='word_1_931' title='bbox 3116 4598 3265 4656; x_wconf 76' lang='lat' dir='ltr'><strong>Fecit</strong></span> <span class='ocrx_word' id='word_1_932' title='bbox 3307 4613 3488 4658; x_wconf 81' lang='lat' dir='ltr'><strong>autem</strong></span> <span class='ocrx_word' id='word_1_933' title='bbox 3534 4605 3669 4660; x_wconf 84' lang='lat' dir='ltr'><strong>illud</strong></span> <span class='ocrx_word' id='word_1_934' title='bbox 3713 4603 3848 4675; x_wconf 87' lang='lat' dir='ltr'><strong>quod</strong></span> <span class='ocrx_word' id='word_1_935' title='bbox 3893 4638 3896 4640; x_wconf 59' lang='grc' dir='ltr'><strong><em>η</em></strong></span> 
     </span>
    </p>
   </div>
   <div class='ocr_carea' id='block_1_109' title="bbox 2257 4683 3849 4767">
    <p class='ocr_par' dir='ltr' id='par_1_109' title="bbox 2257 4683 3849 4767">
     <span class='ocr_line' id='line_1_109' title="bbox 2257 4683 3849 4767; baseline 0.009 -31"><span class='ocrx_word' id='word_1_936' title='bbox 2257 4683 2460 4752; x_wconf 74' lang='lat' dir='ltr'><strong>mquale</strong></span> <span class='ocrx_word' id='word_1_937' title='bbox 2489 4684 2537 4738; x_wconf 86' lang='lat' dir='ltr'><strong>ei</strong></span> <span class='ocrx_word' id='word_1_938' title='bbox 2579 4702 2684 4740; x_wconf 84' lang='lat' dir='ltr'><strong>non</strong></span> <span class='ocrx_word' id='word_1_939' title='bbox 2724 4696 2808 4742; x_wconf 88' lang='lat' dir='ltr'><strong>est</strong></span> <span class='ocrx_word' id='word_1_940' title='bbox 2839 4707 2852 4742; x_wconf 88' lang='lat'><strong>:</strong></span> <span class='ocrx_word' id='word_1_941' title='bbox 2884 4689 3031 4759; x_wconf 78' lang='lat' dir='ltr'><strong>quod</strong></span> <span class='ocrx_word' id='word_1_942' title='bbox 3049 4699 3228 4747; x_wconf 71' lang='lat' dir='ltr'><strong>autem</strong></span> <span class='ocrx_word' id='word_1_943' title='bbox 3265 4696 3482 4763; x_wconf 84' lang='lat' dir='ltr'><strong>genuit,</strong></span> <span class='ocrx_word' id='word_1_944' title='bbox 3524 4699 3738 4767; x_wconf 76' lang='lat' dir='ltr'><strong>mquale</strong></span> <span class='ocrx_word' id='word_1_945' title='bbox 3779 4697 3849 4752; x_wconf 92' lang='lat' dir='ltr'><strong>illi</strong></span> 
     </span>
    </p>
   </div>
   <div class='ocr_carea' id='block_1_110' title="bbox 2257 4777 3850 4850">
    <p class='ocr_par' dir='ltr' id='par_1_110' title="bbox 2257 4777 3850 4850">
     <span class='ocr_line' id='line_1_110' title="bbox 2257 4777 3850 4850; baseline 0.009 -20"><span class='ocrx_word' id='word_1_946' title='bbox 2257 4785 2357 4830; x_wconf 90' lang='lat' dir='ltr'><strong>est.</strong></span> <span class='ocrx_word' id='word_1_947' title='bbox 2407 4777 2586 4848; x_wconf 88' lang='lat' dir='ltr'><strong>Itaque</strong></span> <span class='ocrx_word' id='word_1_948' title='bbox 2623 4781 2758 4850; x_wconf 82' lang='lat' dir='ltr'><strong>elige</strong></span> <span class='ocrx_word' id='word_1_949' title='bbox 2798 4781 2922 4846; x_wconf 84' lang='lat' dir='ltr'><strong>tibi,</strong></span> <span class='ocrx_word' id='word_1_950' title='bbox 2963 4792 3138 4840; x_wconf 92' lang='lat' dir='ltr'><strong>utrum</strong></span> <span class='ocrx_word' id='word_1_951' title='bbox 3163 4787 3295 4840; x_wconf 87' lang='lat' dir='ltr'><strong>velis</strong></span> <span class='ocrx_word' id='word_1_952' title='bbox 3322 4787 3503 4845; x_wconf 88' lang='lat' dir='ltr'><strong>dicere</strong></span> <span class='ocrx_word' id='word_1_953' title='bbox 3536 4791 3850 4846; x_wconf 80' lang='lat' dir='ltr'><strong>mutabilem</strong></span> 
     </span>
    </p>
   </div>
   <div class='ocr_carea' id='block_1_111' title="bbox 2257 4869 3524 4939">
    <p class='ocr_par' dir='ltr' id='par_1_111' title="bbox 2257 4869 3524 4939">
     <span class='ocr_line' id='line_1_111' title="bbox 2257 4869 3524 4939; baseline 0.01 -13"><span class='ocrx_word' id='word_1_954' title='bbox 2257 4869 2352 4926; x_wconf 79' lang='lat' dir='ltr'><strong>Dei</strong></span> <span class='ocrx_word' id='word_1_955' title='bbox 2383 4870 2668 4939; x_wconf 72' lang='lat' dir='ltr'><strong>facturam,</strong></span> <span class='ocrx_word' id='word_1_956' title='bbox 2696 4891 2768 4930; x_wconf 83' lang='lat' dir='ltr'><strong>au</strong></span> <span class='ocrx_word' id='word_1_957' title='bbox 2795 4879 3102 4936; x_wconf 83' lang='lat' dir='ltr'><strong>inutahllcm</strong></span> <span class='ocrx_word' id='word_1_958' title='bbox 3133 4880 3231 4937; x_wconf 89' lang='lat' dir='ltr'><strong>Dei</strong></span> <span class='ocrx_word' id='word_1_959' title='bbox 3260 4891 3524 4939; x_wconf 87' lang='lat' dir='ltr'><strong>naturam.</strong></span> 
     </span>
    </p>
   </div>
   <div class='ocr_carea' id='block_1_112' title="bbox 2328 4961 3850 5041">
    <p class='ocr_par' dir='ltr' id='par_1_112' title="bbox 2328 4961 3850 5041">
     <span class='ocr_line' id='line_1_112' title="bbox 2328 4961 3850 5041; baseline 0.011 -25"><span class='ocrx_word' id='word_1_960' title='bbox 2328 4961 2457 5018; x_wconf 67' lang='lat' dir='ltr'><strong>Fac.</strong></span> <span class='ocrx_word' id='word_1_961' title='bbox 2488 4963 2625 5020; x_wconf 84' lang='lat' dir='ltr'><strong>dixit</strong></span> <span class='ocrx_word' id='word_1_962' title='bbox 2651 4982 2664 5018; x_wconf 85' lang='lat'><strong>:</strong></span> <span class='ocrx_word' id='word_1_963' title='bbox 2700 4968 2987 5032; x_wconf 77' lang='lat' dir='ltr'><strong>Quoiuodo.</strong></span> <span class='ocrx_word' id='word_1_964' title='bbox 3009 4971 3150 5034; x_wconf 71' lang='lat' dir='ltr'><strong>Deus</strong></span> <span class='ocrx_word' id='word_1_965' title='bbox 3176 4972 3524 5031; x_wconf 77' lang='lat' dir='ltr'><strong>immutabilis</strong></span> <span class='ocrx_word' id='word_1_966' title='bbox 3548 4987 3672 5041; x_wconf 86' lang='lat' dir='ltr'><strong>est,</strong></span> <span class='ocrx_word' id='word_1_967' title='bbox 3704 4977 3850 5033; x_wconf 87' lang='lat' dir='ltr'><strong>simi-</strong></span> 
     </span>
    </p>
   </div>
   <div class='ocr_carea' id='block_1_113' title="bbox 2255 5053 3854 5137">
    <p class='ocr_par' dir='ltr' id='par_1_113' title="bbox 2255 5053 3854 5137">
     <span class='ocr_line' id='line_1_113' title="bbox 2255 5053 3854 5137; baseline 0.01 -31"><span class='ocrx_word' id='word_1_968' title='bbox 2255 5053 2377 5108; x_wconf 86' lang='lat' dir='ltr'><strong>liter</strong></span> <span class='ocrx_word' id='word_1_969' title='bbox 2401 5071 2556 5123; x_wconf 84' lang='lat' dir='ltr'><strong>quem</strong></span> <span class='ocrx_word' id='word_1_970' title='bbox 2593 5059 2796 5127; x_wconf 81' lang='lat' dir='ltr'><strong>genuil,</strong></span> <span class='ocrx_word' id='word_1_971' title='bbox 2827 5061 3171 5120; x_wconf 80' lang='lat' dir='ltr'><strong>immutabilis</strong></span> <span class='ocrx_word' id='word_1_972' title='bbox 3205 5075 3320 5130; x_wconf 89' lang='lat' dir='ltr'><strong>est;</strong></span> <span class='ocrx_word' id='word_1_973' title='bbox 3358 5076 3414 5120; x_wconf 90' lang='lat' dir='ltr'><strong>ct</strong></span> <span class='ocrx_word' id='word_1_974' title='bbox 3443 5070 3590 5137; x_wconf 87' lang='lat' dir='ltr'><strong>quod</strong></span> <span class='ocrx_word' id='word_1_975' title='bbox 3621 5070 3748 5124; x_wconf 81' lang='lat' dir='ltr'><strong>fecit</strong></span> <span class='ocrx_word' id='word_1_976' title='bbox 3771 5112 3786 5134; x_wconf 93' lang='lat'><strong>,</strong></span> <span class='ocrx_word' id='word_1_977' title='bbox 3813 5069 3854 5122; x_wconf 88' lang='lat' dir='ltr'><strong>si</strong></span> 
     </span>
    </p>
   </div>
   <div class='ocr_carea' id='block_1_114' title="bbox 2255 5144 3851 5230">
    <p class='ocr_par' dir='ltr' id='par_1_114' title="bbox 2255 5144 3851 5230">
     <span class='ocr_line' id='line_1_114' title="bbox 2255 5144 3851 5230; baseline 0.009 -32"><span class='ocrx_word' id='word_1_978' title='bbox 2255 5144 2320 5200; x_wconf 88' lang='lat' dir='ltr'><strong>de</strong></span> <span class='ocrx_word' id='word_1_979' title='bbox 2347 5146 2512 5216; x_wconf 69' lang='lat' dir='ltr'><strong>ipsius</strong></span> <span class='ocrx_word' id='word_1_980' title='bbox 2540 5158 2724 5204; x_wconf 86' lang='lat' dir='ltr'><strong>natura</strong></span> <span class='ocrx_word' id='word_1_981' title='bbox 2747 5162 2847 5216; x_wconf 85' lang='lat' dir='ltr'><strong>cst,</strong></span> <span class='ocrx_word' id='word_1_982' title='bbox 2869 5168 2980 5208; x_wconf 67' lang='lat' dir='ltr'><strong>non</strong></span> <span class='ocrx_word' id='word_1_983' title='bbox 3003 5163 3237 5211; x_wconf 69' lang='lat' dir='ltr'><strong>utamur</strong></span> <span class='ocrx_word' id='word_1_984' title='bbox 3273 5157 3397 5230; x_wconf 68' lang='lat' dir='ltr'><strong>.(sed</strong></span> <span class='ocrx_word' id='word_1_985' title='bbox 3419 5160 3488 5216; x_wconf 84' lang='lat' dir='ltr'><strong>de</strong></span> <span class='ocrx_word' id='word_1_986' title='bbox 3515 5161 3688 5217; x_wconf 87' lang='lat' dir='ltr'><strong>nihilo</strong></span> <span class='ocrx_word' id='word_1_987' title='bbox 3711 5161 3851 5227; x_wconf 81' lang='lat' dir='ltr'><strong>fecit,</strong></span> 
     </span>
    </p>
   </div>
   <div class='ocr_carea' id='block_1_115' title="bbox 2251 5239 3024 5317">
    <p class='ocr_par' dir='ltr' id='par_1_115' title="bbox 2251 5239 3024 5317">
     <span class='ocr_line' id='line_1_115' title="bbox 2251 5239 3024 5317; baseline 0.012 -25"><span class='ocrx_word' id='word_1_988' title='bbox 2251 5239 2376 5309; x_wconf 85' lang='lat' dir='ltr'><strong>quia</strong></span> <span class='ocrx_word' id='word_1_989' title='bbox 2405 5255 2544 5310; x_wconf 83' lang='lat' dir='ltr'><strong>opus</strong></span> <span class='ocrx_word' id='word_1_990' title='bbox 2564 5257 2670 5298; x_wconf 83' lang='lat' dir='ltr'><strong>non</strong></span> <span class='ocrx_word' id='word_1_991' title='bbox 2701 5253 2935 5301; x_wconf 84' lang='lat' dir='ltr'><strong>mutatur</strong></span> <span class='ocrx_word' id='word_1_992' title='bbox 2954 5248 3024 5317; x_wconf 75' lang='grc'><strong>³).</strong></span> 
     </span>
    </p>
   </div>
   <div class='ocr_carea' id='block_1_116' title="bbox 2321 5333 3852 5416">
    <p class='ocr_par' dir='ltr' id='par_1_116' title="bbox 2321 5333 3852 5416">
     <span class='ocr_line' id='line_1_116' title="bbox 2321 5333 3852 5416; baseline 0.008 -29"><span class='ocrx_word' id='word_1_993' title='bbox 2321 5333 2458 5390; x_wconf 79' lang='lat' dir='ltr'><strong>Anc.</strong></span> <span class='ocrx_word' id='word_1_994' title='bbox 2507 5335 2640 5392; x_wconf 61' lang='lat' dir='ltr'><strong>dixit</strong></span> <span class='ocrx_word' id='word_1_995' title='bbox 2682 5357 2694 5392; x_wconf 87' lang='lat'><strong>:</strong></span> <span class='ocrx_word' id='word_1_996' title='bbox 2735 5337 2841 5393; x_wconf 89' lang='lat' dir='ltr'><strong>Sed</strong></span> <span class='ocrx_word' id='word_1_997' title='bbox 2881 5343 2993 5410; x_wconf 73' lang='lat' dir='ltr'><strong>jam</strong></span> <span class='ocrx_word' id='word_1_998' title='bbox 3039 5340 3135 5396; x_wconf 85' lang='lat' dir='ltr'><strong>tibi</strong></span> <span class='ocrx_word' id='word_1_999' title='bbox 3179 5341 3380 5398; x_wconf 84' lang='lat' dir='ltr'><strong>dictum</strong></span> <span class='ocrx_word' id='word_1_1000' title='bbox 3419 5355 3504 5400; x_wconf 87' lang='lat' dir='ltr'><strong>est</strong></span> <span class='ocrx_word' id='word_1_1001' title='bbox 3540 5347 3672 5416; x_wconf 81' lang='lat' dir='ltr'><strong>quia</strong></span> <span class='ocrx_word' id='word_1_1002' title='bbox 3714 5345 3852 5416; x_wconf 53' lang='lat' dir='ltr'><strong>quod</strong></span> 
     </span>
    </p>
   </div>
   <div class='ocr_carea' id='block_1_117' title="bbox 2239 5421 3852 5503">
    <p class='ocr_par' dir='ltr' id='par_1_117' title="bbox 2239 5421 3852 5503">
     <span class='ocr_line' id='line_1_117' title="bbox 2239 5421 3852 5503; baseline 0.008 -26"><span class='ocrx_word' id='word_1_1003' title='bbox 2239 5421 2395 5487; x_wconf 63' lang='lat' dir='ltr'><strong>fecit,</strong></span> <span class='ocrx_word' id='word_1_1004' title='bbox 2430 5441 2541 5481; x_wconf 88' lang='lat' dir='ltr'><strong>non-</strong></span> <span class='ocrx_word' id='word_1_1005' title='bbox 2571 5428 2640 5482; x_wconf 85' lang='lat' dir='ltr'><strong>de</strong></span> <span class='ocrx_word' id='word_1_1006' title='bbox 2678 5427 2849 5497; x_wconf 73' lang='lat' dir='ltr'><strong>ipsius</strong></span> <span class='ocrx_word' id='word_1_1007' title='bbox 2887 5439 3072 5487; x_wconf 77' lang='lat' dir='ltr'><strong>natura</strong></span> <span class='ocrx_word' id='word_1_1008' title='bbox 3107 5442 3220 5499; x_wconf 87' lang='lat' dir='ltr'><strong>est;</strong></span> <span class='ocrx_word' id='word_1_1009' title='bbox 3259 5435 3355 5490; x_wconf 87' lang='lat' dir='ltr'><strong>sed</strong></span> <span class='ocrx_word' id='word_1_1010' title='bbox 3399 5452 3462 5492; x_wconf 78' lang='lat' dir='ltr'><strong>ex</strong></span> <span class='ocrx_word' id='word_1_1011' title='bbox 3505 5439 3681 5493; x_wconf 77' lang='lat' dir='ltr'><strong>nihile</strong></span> <span class='ocrx_word' id='word_1_1012' title='bbox 3715 5441 3852 5503; x_wconf 75' lang='lat' dir='ltr'><strong>fecit,</strong></span> 
     </span>
    </p>
   </div>
   <div class='ocr_carea' id='block_1_118' title="bbox 2253 5518 3850 5599">
    <p class='ocr_par' dir='ltr' id='par_1_118' title="bbox 2253 5518 3850 5599">
     <span class='ocr_line' id='line_1_118' title="bbox 2253 5518 3850 5599; baseline 0.009 -29"><span class='ocrx_word' id='word_1_1013' title='bbox 2253 5518 2372 5586; x_wconf 90' lang='lat' dir='ltr'><strong>quia</strong></span> <span class='ocrx_word' id='word_1_1014' title='bbox 2405 5522 2741 5590; x_wconf 66' lang='lat' dir='ltr'><strong>omnipotens</strong></span> <span class='ocrx_word' id='word_1_1015' title='bbox 2769 5533 2867 5578; x_wconf 81' lang='lat' dir='ltr'><strong>est.</strong></span> <span class='ocrx_word' id='word_1_1016' title='bbox 2910 5525 3024 5579; x_wconf 71' lang='lat' dir='ltr'><strong>Non</strong></span> <span class='ocrx_word' id='word_1_1017' title='bbox 3055 5537 3187 5593; x_wconf 80' lang='lat' dir='ltr'><strong>erat,</strong></span> <span class='ocrx_word' id='word_1_1018' title='bbox 3225 5539 3278 5582; x_wconf 87' lang='lat' dir='ltr'><strong>ct</strong></span> <span class='ocrx_word' id='word_1_1019' title='bbox 3324 5531 3466 5596; x_wconf 76' lang='lat' dir='ltr'><strong>fecit,</strong></span> <span class='ocrx_word' id='word_1_1020' title='bbox 3513 5549 3620 5586; x_wconf 78' lang='lat' dir='ltr'><strong>non</strong></span> <span class='ocrx_word' id='word_1_1021' title='bbox 3668 5533 3736 5586; x_wconf 73' lang='lat' dir='ltr'><strong>de.</strong></span> <span class='ocrx_word' id='word_1_1022' title='bbox 3776 5548 3850 5599; x_wconf 79' lang='lat' dir='ltr'><strong>se,</strong></span> 
     </span>
    </p>
   </div>
   <div class='ocr_carea' id='block_1_119' title="bbox 2317 5752 3177 5820">
    <p class='ocr_par' dir='ltr' id='par_1_119' title="bbox 2317 5752 3177 5820">
     <span class='ocr_line' id='line_1_119' title="bbox 2317 5752 3177 5820; baseline 0.013 -23"><span class='ocrx_word' id='word_1_1023' title='bbox 2317 5752 2332 5820; x_wconf 59' lang='grc' dir='ltr'><strong>ξ</strong></span> <span class='ocrx_word' id='word_1_1024' title='bbox 2368 5757 2439 5820; x_wconf 73' lang='lat' dir='ltr'><strong>Er.</strong></span> <span class='ocrx_word' id='word_1_1025' title='bbox 2465 5754 2609 5815; x_wconf 72' lang='lat' dir='ltr'><strong>Lugd.</strong></span> <span class='ocrx_word' id='word_1_1026' title='bbox 2638 5763 2751 5803; x_wconf 77' lang='lat' dir='ltr'><strong>\‘en.</strong></span> <span class='ocrx_word' id='word_1_1027' title='bbox 2779 5761 2908 5820; x_wconf 53' lang='grc' dir='ltr'><strong>ιον,</strong></span> <span class='ocrx_word' id='word_1_1028' title='bbox 2927 5757 3055 5820; x_wconf 76' lang='lat' dir='ltr'><strong>quia.</strong></span> <span class='ocrx_word' id='word_1_1029' title='bbox 3125 5766 3177 5808; x_wconf 81' lang='grc' dir='ltr'><strong>Μ.</strong></span> 
     </span>
    </p>
   </div>
   <div class='ocr_carea' id='block_1_120' title="bbox 2317 5817 3515 5880">
    <p class='ocr_par' dir='ltr' id='par_1_120' title="bbox 2317 5817 3515 5880">
     <span class='ocr_line' id='line_1_120' title="bbox 2317 5817 3515 5880; baseline 0.016 -18"><span class='ocrx_word' id='word_1_1030' title='bbox 2317 5818 2338 5848; x_wconf 81' lang='grc'><strong><em>³</em></strong></span> <span class='ocrx_word' id='word_1_1031' title='bbox 2371 5817 2415 5863; x_wconf 83' lang='lat' dir='ltr'><strong>id</strong></span> <span class='ocrx_word' id='word_1_1032' title='bbox 2440 5820 2723 5878; x_wconf 57' lang='lat' dir='ltr'><strong>parenthesi</strong></span> <span class='ocrx_word' id='word_1_1033' title='bbox 2745 5817 2979 5873; x_wconf 80' lang='lat' dir='ltr'><strong>inclusum</strong></span> <span class='ocrx_word' id='word_1_1034' title='bbox 3003 5823 3143 5877; x_wconf 78' lang='lat' dir='ltr'><strong>abest</strong></span> <span class='ocrx_word' id='word_1_1035' title='bbox 3165 5837 3194 5878; x_wconf 69' lang='grc' dir='ltr'>ἃ</span> <span class='ocrx_word' id='word_1_1036' title='bbox 3215 5826 3392 5879; x_wconf 79' lang='lat' dir='ltr'><strong>nostris</strong></span> <span class='ocrx_word' id='word_1_1037' title='bbox 3413 5833 3515 5880; x_wconf 68' lang='lat' dir='ltr'><strong>Ides.</strong></span> 
     </span>
    </p>
   </div>
   <div class='ocr_carea' id='block_1_121' title="bbox 3666 5869 3697 5886">
    <p class='ocr_par' dir='ltr' id='par_1_121' title="bbox 3666 5869 3697 5886">
     <span class='ocr_line' id='line_1_121' title="bbox 3666 5869 3697 5886; baseline 0 0"><span class='ocrx_word' id='word_1_1038' title='bbox 3666 5869 3697 5886; x_wconf 69' lang='grc' dir='ltr'><em>κ</em></span> 
     </span>
    </p>
   </div>
  </div>
