4094 6440
235 326 332 388 569

235 464 332 506 non
377 444 446 504 de
481 445 670 520 aliqua
709 457 771 502 re
807 455 968 516 quam
1019 440 1135 514 ipse
1182 453 1292 498 non
1334 438 1570 510 iecerat,
1611 437 1707 495 sed
1752 452 1817 496 ex

233 540 418 598 nihilo.

295 631 425 689 Fu.
458 629 598 688 dixit
626 649 641 687 :
669 621 783 701 Ego
803 642 912 686 non
935 627 1039 683 hoc
1065 619 1175 688 dixi
1200 645 1214 682 :
1238 623 1332 684 sed
1361 624 1498 689 dixi,
1536 623 1656 695 quia
1683 623 1823 679 Deus

232 724 578 784 immutabilis
611 731 714 786 est.
755 731 806 779 et
845 721 988 796 quod
1015 720 1200 798 genuit
1242 704 1569 776 immutabile
1606 724 1688 772 est
1711 757 1726 782 ,
1769 724 1824 771 et

231 816 366 890 quod
385 815 519 874 fecit
538 815 872 872 immutabile
899 822 1004 872 est.
1029 812 1146 870 Non
1168 812 1300 882 dixi,
1329 810 1467 868 unde
1495 809 1628 868 illud
1653 807 1779 869 fecit
1804 825 1818 863 :

231 928 329 969 non
353 910 462 966 hoc
490 910 735 982 qumsivi,
766 907 907 964 unde
929 907 1139 964 fecerit.

295 1007 433 1062 Anc.
459 1005 636 1060 dixit:
666 1003 774 1061 Sed
799 1019 832 1058 a
860 1017 948 1058 me
970 999 1167 1056 audisti
1192 997 1333 1072 quod
1359 1012 1465 1053 non
1486 991 1742 1068 qumsisti,
1765 1000 1824 1050 ut

225 1101 329 1173 jam
357 1100 643 1158 desineres
672 1097 833 1156 Stulta
862 1096 1031 1168 loqui.
1061 1093 1412 1164 Omnipotens
1433 1091 1572 1146 Deus
1592 1099 1646 1144 et
1669 1087 1736 1143 de
1765 1101 1823 1142 se

231 1191 394 1262 potuit
438 1203 733 1262 generare,
775 1197 830 1244 et
871 1187 941 1242 de
982 1185 1149 1240 nihilo
1180 1186 1387 1248 facere,
1415 1191 1469 1238 et
1497 1197 1562 1236 ex
1592 1194 1657 1236 eo
1683 1177 1824 1248 quod

225 1284 328 1353 jam
358 1283 585 1350 iecerat,
617 1280 818 1352 aliquid
845 1279 1079 1336 formare
1107 1297 1122 1334 :
1149 1277 1216 1334 de
1235 1292 1316 1344 se,
1347 1274 1542 1330 Filium
1565 1272 1822 1344 :equalem

228 1374 355 1438 sibi;
381 1373 455 1429 de
484 1373 672 1438 nihilo,
697 1371 953 1428 mundum
983 1380 1036 1426 et
1066 1369 1368 1425 universam
1397 1375 1822 1431 crcaturam;ex

229 1469 428 1539 aliquo,
447 1467 518 1523 de
547 1477 688 1523 terra
711 1465 983 1524 hominem
1003 1483 1018 1521 :
1035 1463 1165 1535 quia
1188 1461 1529 1533 omnipotens
1549 1468 1651 1516 est.
1670 1457 1822 1530 Quod

229 1576 350 1631 ergo
380 1561 452 1615 de
479 1574 541 1615 se
569 1559 687 1630 ipso
713 1566 815 1626 est,
845 1558 1007 1628 pollui
1033 1571 1304 1627 nunquam
1334 1562 1529 1624 potest,
1552 1551 1822 1624 quomodo

231 1666 327 1707 uec
355 1651 478 1722 ipse
503 1668 517 1704 :
541 1650 894 1721 quodnam
917 1649 1102 1706 abillo
1122 1647 1322 1703 factum
1341 1657 1450 1714 est,
1480 1661 1588 1701 non
1616 1645 1684 1701 de
1708 1645 1820 1713 illo,

230 1757 282 1804 et
326 1745 499 1816 pollui
547 1753 724 1816 potest
764 1759 858 1815 per
892 1744 1119 1800 liberum
1157 1741 1470 1805 arbitrium,
1501 1748 1556 1795 et
1579 1738 1823 1797 mundari

231 1855 323 1911 per
350 1839 524 1909 ipsius
546 1837 966 1915 misericordiam
986 1878 1002 1904 ,
1029 1831 1437 1892 condemnando
1463 1830 1603 1903 quod
1631 1845 1823 1901 pecca-

232 1935 320 2001 rit,
350 1946 411 1992 at
436 1934 782 2008 agnoscendo
809 1933 901 2006 qui
925 1941 1048 1990 eum
1069 1931 1298 1988 creavit.
1327 1931 1405 1985 Tu
1437 1938 1564 1986 vero
1585 1928 1672 1999 qui
1691 1942 1826 1998 pan-

236 2029 284 2083 lo
309 2040 441 2084 ante
469 2029 654 2086 dixisti
684 2029 807 2100 quia
845 2027 934 2099 qui
967 2026 1063 2082 Dei
1095 2033 1300 2096 partem
1344 2022 1742 2093 corruptibilem
1771 2029 1826 2077 et

231 2121 704 2176 contaminabilem
731 2119 891 2185 dicit,
919 2115 1346 2173 anathemandus
1368 2123 1479 2181 est,
1507 2128 1704 2184 negare
1732 2127 1828 2167 au-

234 2219 331 2266 tem
360 2227 473 2266 non
502 2221 657 2282 potes
697 2209 1046 2266 Manichaeum
1081 2207 1283 2263 dixisse
1323 2205 1462 2277 quod
1492 2220 1616 2275 pars
1648 2199 1744 2259 Dei
1771 2199 1827 2258 in

231 2313 385 2375 gente
418 2305 764 2360 tenebrarum
789 2301 1176 2372 comprehensa
1200 2309 1363 2372 atque
1405 2297 1605 2370 polluta
1629 2303 1744 2362 est,
1773 2304 1828 2352 et

234 2396 310 2449 his
353 2411 484 2451 eum
531 2396 710 2451 verbis
756 2393 1160 2466 blaSphemasse
1188 2399 1445 2463 apparet,
1486 2385 1557 2444 ita
1585 2398 1642 2444 ut
1677 2386 1828 2459 pejus

231 2488 614 2559 blasphemare
653 2487 791 2544 forte
821 2503 925 2542 non
958 2493 1177 2558 posset;
1216 2492 1309 2538 aut
1349 2481 1632 2542 anathema
1678 2481 1826 2546 illum

235 2582 352 2636 talia
385 2581 682 2648 dicentem,
713 2588 807 2636 aut
847 2587 902 2635 tu
931 2594 1053 2635 cum
1083 2577 1174 2632 illo
1203 2573 1627 2632 anathemandus
1667 2586 1728 2629 es
1773 2580 1829 2628 et

231 2672 590 2743 abjieiendus.

297 2763 533 2821 CAPUT
578 2763 697 2820 xx.
720 2762 948 2818 -ιιτειη
973 2752 1508 2818 «δικαίη-κωδίων
1535 2756 1668 2813 dicit.
1704 2754 1829 2826 quia

233 2857 434 2924 polluta
463 2865 553 2913 est
595 2871 718 2928 pars
750 2855 879 2921 Dei;
912 2863 967 2911 et
994 2854 1240 2910 Christus
1284 2852 1416 2907 dicit
1457 2850 1579 2920 quia
1631 2847 1831 2919 polluta

232 2961 310 3005 est
332 2949 541 3015 anima,
575 2957 630 3003 et
653 2949 800 3004 venit
823 2947 1053 3006 liberare
1081 2933 1225 3000 illam
1251 2944 1318 3002 de
1345 2940 1657 3017 pollutione.

299 3044 437 3098 Anc.
466 3042 608 3097 dixit
633 3059 647 3095 :
672 3040 777 3096 Sed
806 3040 985 3094 anima
1014 3053 1123 3092 non
1155 3043 1240 3091 est
1267 3049 1390 3105 pars
1415 3033 1531 3088 Dei.
1560 3031 1694 3087 Nam
1717 3030 1829 3101 jam

236 3147 285 3191 tu
313 3136 604 3191 confessus
641 3150 700 3190 es
742 3133 864 3204 quia
907 3131 1228 3186 Manichacus
1255 3129 1390 3183 dixit
1420 3127 1679 3198 pollutam
1706 3140 1831 3196 par-

236 3238 335 3283 tem
375 3227 474 3282 Dei
507 3243 521 3280 :
554 3241 654 3281 nos
687 3233 865 3281 autem
917 3224 1174 3294 pollutam
1217 3221 1444 3276 dicimus
1486 3221 1719 3274 animam
1764 3233 1832 3274 ex

232 3321 511 3374 voluntate
543 3317 780 3389 peccati;
821 3331 931 3372 non
971 3329 1093 3370 esse
1136 3323 1314 3368 autem
1364 3312 1600 3366 animam
1619 3317 1832 3380 partem

233 3411 346 3478 Dei,
379 3426 491 3466 non
524 3409 593 3464 de
617 3410 728 3465 Deo
747 3409 1005 3480 genitam,
1029 3405 1126 3462 sed
1151 3419 1182 3459 a
1211 3405 1322 3459 Deo
1353 3401 1568 3457 iactam.
1594 3400 1683 3457 Sic
1704 3413 1832 3471 ergo

231 3498 423 3560 dicitur
449 3499 636 3560 anima
663 3511 730 3558 ex
756 3495 866 3560 Deo
885 3542 900 3568 ,
928 3497 1198 3573 quomodo
1221 3491 1416 3554 dicitur
1439 3489 1658 3566 aliquod
1698 3501 1833 3564 opus

231 3593 362 3655 labri
385 3614 454 3655 ex
478 3593 710 3653 artiﬁcio
735 3590 874 3668 ejus,
903 3593 990 3649 vel
1019 3601 1084 3648 ex
1124 3593 1240 3662 ipso
1270 3591 1490 3656 Pactum,
1515 3601 1624 3642 non
1650 3593 1833 3642 tamen

231 3688 296 3745 de
323 3689 443 3760 ipso
470 3688 711 3760 genitum
733 3729 747 3755 ,
777 3687 913 3741 sicut
940 3679 1076 3738 [ilius
1103 3681 1236 3752 ejus.
1268 3673 1345 3736 'I'u
1385 3693 1512 3750 ergo
1551 3679 1674 3749 quia
1714 3675 1831 3748 jam

231 3783 517 3838 confessus
549 3797 608 3837 es
633 3777 982 3834 Manichaaum
1028 3771 1226 3831 dixisse
1268 3769 1430 3845 pollui
1461 3775 1670 3844 partem
1699 3768 1831 3837 Dei,

231 3882 284 3927 et
301 3871 628 3944 jamdudum
658 3868 839 3925 dixisti
871 3865 1326 3924 anathemandum
1364 3863 1456 3934 qui
1484 3861 1612 3918 dicit
1641 3874 1830 3918 corru-

233 3965 480 4036 ptibilem
506 3962 592 4018 vel
620 3958 1087 4018 contaminabiie-n
1101 3956 1294 4022 Deum,
1313 3955 1399 4011 vel
1425 3963 1666 4010 naturam
1693 3954 1830 4025 ejus;

225 4055 343 4126 jam
371 4053 746 4121 anathemasti,
771 4052 910 4124 quod
937 4065 1043 4107 ιιοι.
1068 4050 1148 4104 vis
1177 4045 1348 4103 lateri.
1383 4043 1496 4101 Hoc
1517 4041 1661 4101 enim
1691 4045 1833 4116 quod

233 4145 442 4211 dixisti,
472 4147 595 4219 quia
634 4145 892 4218 polluitur
929 4151 983 4200 et
1021 4143 1144 4214 quia
1192 4140 1500 4206 mundatur,
1534 4140 1634 4194 hoc
1658 4141 1832 4209 ipsum

234 4233 377 4305 quod
407 4233 562 4296 dicis,
587 4231 890 4295 Mundatur,
939 4225 1252 4298 expressisti
1294 4226 1416 4296 quia
1463 4225 1833 4295 polluiturmt

236 4343 342 4381 non
374 4325 546 4380 habes
573 4323 714 4379 unde
736 4319 930 4379 evadas
961 4339 974 4376 :
1002 4330 1056 4376 et
1078 4317 1399 4374 Manichatus
1430 4317 1466 4383 ί,
1496 4325 1621 4372 ettu
1652 4315 1831 4374 dixisti

234 4423 358 4491 quia
385 4419 647 4488 polluitur
674 4431 794 4488 pars
832 4415 942 4469 Dei.
969 4413 1268 4468 Anatltema
1297 4419 1424 4480 ergo
1449 4407 1829 4479 Manicheum,

236 4524 327 4567 aut
353 4509 784 4566 anathemandus
807 4519 868 4564 es
891 4517 1012 4562 cum
1044 4493 1359 4559 Manichwo.

309 4605 443 4659 Fce.
473 4602 647 4660 dixit:
672 4599 783 4671 Ego
804 4615 908 4655 non
933 4614 962 4653 a
989 4589 1281 4652 Manichaee
1295 4585 1458 4649 didici
1479 4590 1604 4663 quia
1629 4591 1830 4663 pullum

237 4708 320 4752 est
346 4712 472 4766 pars
503 4695 626 4759 Dei;
658 4693 750 4748 sed
777 4708 806 4747 a
834 4690 1050 4746 Christo
1087 4683 1249 4751 didici
1289 4685 1412 4757 quia
1455 4691 1672 4756 propter
1714 4684 1832 4740 aui-

241 4804 383 4845 mam
412 4787 558 4842 venit
584 4801 702 4856 qua:
728 4779 924 4855 polluta
951 4788 1084 4837 erat.

312 4881 450 4935 Acc.
484 4877 622 4934 dixit
656 4895 670 4932 :
697 4879 739 4934 Α
761 4873 974 4933 Christo
994 4885 1101 4929 non
1117 4865 1345 4928 didicisti
1371 4868 1494 4942 quia
1512 4869 1688 4926 anima
1709 4879 1834 4940 pars

241 4968 331 5032 Dei
360 4981 464 5026 est.

314 5065 448 5120 an.
489 5062 668 5121 dixit:
698 5057 742 5118 Δ
774 5059 984 5118 Christo
1028 5053 1189 5115 didici
1231 5055 1355 5130 quia
1391 5055 1566 5110 anima
1609 5069 1680 5111 ex
1724 5053 1835 5112 Deo

235 5166 340 5212 est.

317 5251 456 5304 Anc.
485 5248 662 5304 dixit:
697 5247 764 5305 Et
803 5261 902 5302 nos
941 5241 1226 5300 didicimus
1253 5241 1375 5312 quia
1403 5239 1578 5294 anima
1618 5251 1681 5295 cx
1725 5239 1835 5294 Deo

237 5353 348 5410 est,
376 5343 475 5399 sed
495 5359 603 5400 non
629 5351 713 5400 est
738 5357 860 5413 pars
881 5339 994 5398 Dei.
1017 5337 1105 5396 Sic
1127 5347 1212 5395 est
1235 5337 1376 5392 enim
1405 5336 1580 5392 anima
1608 5349 1675 5390 ex
1705 5335 1834 5403 Deo,

239 5437 522 5508 quomodo
550 5433 754 5492 factura
779 5447 846 5492 ex
871 5433 1103 5501 artillcc;
1132 5443 1240 5489 non
1267 5431 1336 5488 de
1365 5431 1498 5499 Deo,
1527 5430 1664 5486 sicut
1693 5429 1834 5486 illius

241 5533 312 5587 dc
337 5540 512 5602 patro.

310 5760 334 5794 ι
365 5763 448 5807 Er.
471 5754 620 5820 Lugd.
647 5762 699 5808 et
718 5763 860 5820 vein,
883 5751 1012 5804 unde
1031 5750 1205 5804 evadat
1229 5746 1546 5820 gratiam.
1571 5751 1706 5809 Lov.,
1728 5755 1840 5797 ws-

247 5826 386 5886 das,‘
414 5817 577 5884 abest,
601 5826 647 5871 et
670 5818 976 5871 Manichwus.
1228 5817 1286 5864 nl.

1544 316 1750 380 LIBER
1785 317 2166 378 SECUNDUS.

3412 327 3518 388 550

2004 435 2135 493 FEL.
2183 435 2354 492 dixit:
2389 436 2464 493 De
2499 436 2796 509 pollutione
2833 438 3082 512 agimus:
3117 441 3163 496 si
3199 441 3400 512 polluta
3438 454 3523 501 est

1927 530 2102 588 anima
2131 547 2245 601 qurc
2276 546 2340 586 ex
2373 529 2481 588 Deo
2504 541 2605 599 est,
2633 542 2688 589 et
2727 543 2905 606 potest
2945 537 3156 608 purgari
3195 553 3226 592 a
3267 535 3518 609 Christo,

1927 623 2014 692 qui
2050 639 2145 699 pro
2175 619 2262 678 illa
2294 623 2463 692 venit;
2497 634 2552 680 et
2579 621 2670 680 illa
2709 641 2830 696 pars
2861 625 2962 682 Dei
2999 643 3156 698 quam
3199 625 3520 689 Manichacus

1927 716 2057 778 dicit
2079 757 2093 783 ,
2137 717 2299 789 pollui
2329 727 2502 790 potest
2536 728 2592 780 et
2618 719 2868 781 mandari
2895 735 2992 797 per
3019 720 3326 780 mandatum
3354 723 3522 796 ipsius

1929 807 2046 869 Dei.

2000 900 2133 958 Ave.
2164 893 2331 962 dixit:
2356 893 2719 988 Ecceiterum
2746 903 2879 964 dicis
2904 913 3112 980 partem
3139 901 3236 964 Dei
3261 907 3520 980 pollutam

1928 993 2161 1066 purgari,
2200 1002 2254 1050 ct
2294 995 2450 1064 paulo
2492 1003 2616 1054 ante
2655 996 2865 1056 dixeras
2907 999 3355 1058 anathemandum
3397 1017 3520 1059 esse

1922 1087 2016 1162 qui
2057 1087 2196 1144 illam
2232 1087 2359 1148 dicit
2393 1089 2786 1160 corruptibilem
2821 1107 2833 1144 :
2864 1084 3022 1148 modo
3047 1093 3178 1150 dicis
3201 1095 3324 1170 quia
3355 1095 3519 1169 pollui

1920 1181 2131 1260 potuit;
2181 1189 2235 1236 et
2275 1180 2407 1238 dicis
2441 1182 2570 1253 quia
2609 1182 2853 1242 mundani
2898 1195 3101 1258 potest,
3133 1197 3192 1244 ut
3231 1187 3520 1246 confirmes

1927 1269 2047 1340 quia
2079 1270 2237 1340 pollui
2268 1273 2453 1341 potuit.
2484 1272 2595 1327 Hoc
2621 1287 2719 1328 nos
2741 1273 2808 1334 de
2828 1285 2982 1345 parte
3012 1277 3103 1336 Dei
3126 1295 3232 1334 non
3252 1278 3478 1336 dicimus
3502 1297 3516 1335 :

1927 1360 2022 1418 sed
2063 1361 2130 1418 de
2167 1363 2343 1418 anima
2373 1363 2632 1429 dicimus;
2671 1365 2790 1435 quia
2839 1373 3088 1446 tanquam
3127 1385 3260 1440 opus
3299 1370 3415 1439 ejus
3453 1386 3519 1426 ex

1928 1449 2164 1542 ipsoest,
2189 1469 2294 1508 non
2326 1463 2574 1526 tanquam
2600 1457 2776 1528 proles
2805 1457 2872 1516 de
2900 1459 3032 1528 ipso.
3066 1460 3200 1518 Redi
3221 1477 3348 1533 ergo
3369 1463 3438 1520 ad
3461 1463 3515 1518 id

1929 1543 2068 1612 quod
2097 1541 2247 1609 dicis,
2271 1554 2324 1600 et
2353 1546 2600 1603 discerne
2621 1548 2763 1619 quod
2789 1549 3034 1604 dicimus.
3058 1550 3250 1606 Anima
3268 1568 3364 1608 nec
3380 1555 3520 1610 Deus

1928 1644 2032 1703 est,
2053 1652 2153 1694 nec
2177 1653 2300 1707 pars
2331 1639 2446 1697 Dei.
2475 1640 2554 1697 Tu
2580 1650 2762 1698 autem
2785 1641 3134 1702 Manicheum
3162 1644 3296 1702 dicis
3319 1645 3518 1703 dixisse

1930 1729 2096 1798 pollui
2127 1742 2330 1800 partem
2363 1733 2492 1801 Dei,
2524 1750 2683 1804 quam
2712 1735 2842 1790 dicit
2870 1736 3113 1806 purgari,
3151 1745 3210 1791 ut
3243 1738 3523 1794 conﬁrmet

1917 1820 2049 1890 quia
2072 1816 2344 1890 polluitur.
2372 1819 2562 1880 Restat
2582 1841 2708 1897 ergo
2733 1835 2792 1882 ut
2813 1842 2935 1883 eum
2957 1828 3290 1897 anathemes,
3313 1838 3404 1885 aut
3422 1829 3523 1885 ista

1919 1915 2166 1976 sentiens
2185 1917 2566 1976 anathemeris.

2001 2006 2226 2063 CAPUT
2282 2009 2424 2064 XXI.
2463 2040 2536 2051 -—
2572 2009 2702 2068 Fac.
2750 2011 2884 2070 dixit
2916 2029 2930 2070 :
2962 2011 3199 2072 Pertinet
3241 2011 3309 2069 ad
3354 2013 3522 2071 Deum

1931 2100 2106 2155 anima
2132 2117 2250 2171 quae
2278 2117 2370 2172 per
2397 2113 2670 2172 peccaturo
2694 2104 3031 2176 coinquinata
3061 2115 3163 2173 est,
3185 2121 3253 2162 an
3283 2106 3433 2162 non?

2005 2193 2138 2249 Anc.
2167 2193 2299 2249 dixit
2329 2213 2343 2250 :
2369 2195 2628 2264 Pertinet,
2656 2197 2751 2253 sed
2779 2213 2883 2253 non
2911 2205 2995 2255 est
3021 2213 3145 2268 pars
3166 2199 3300 2269 ejus.

2004 2285 2136 2342 FEL.
2170 2285 2304 2342 dixit
2337 2287 2489 2346 :Nott
2518 2289 2617 2344 hoc
2648 2291 2989 2361 interrogavi.

2008 2376 2140 2435 Anc.
2164 2377 2333 2434 dixit:
2362 2375 2430 2434 Et
2453 2379 2575 2451 quid
2600 2381 2972 2453 interrogasti?

2007 2468 2139 2526 FxL.
2166 2471 2299 2527 dixit
2323 2489 2336 2526 :
2361 2473 2596 2529 Pertinet
2620 2473 2687 2528 ad
2717 2475 2903 2541 Deum,
2930 2490 2997 2530 an
3025 2491 3130 2531 non
3160 2474 3427 2546 pertinet?

2006 2558 2143 2617 Anc.
2177 2561 2308 2617 dixit
2337 2581 2350 2618 :
2379 2562 2497 2619 iam
2522 2564 2651 2633 dixi,
2679 2573 2734 2621 et
2751 2567 2872 2636 quia
2899 2567 3150 2637 pertinet,
3177 2573 3232 2622 et
3256 2565 3524 2637 quomodo

1936 2653 2186 2724 pertinet.
2750 2679 2758 2686 ~

2007 2744 2138 2800 Fls.
2171 2737 2304 2800 dixit
2333 2763 2348 2800 :
2382 2745 2493 2816 1ὴο
2519 2761 2699 2817 quaero
2724 2753 2904 2808 utrum
2928 2755 3056 2806 "re
3080 2759 3162 2808 est
3187 2769 3254 2811 ex
3278 2756 3412 2814 Deo.

2009 2838 2145 2895 Anc.
2170 2837 2306 2893 dixit
2335 2856 2347 2892 :
2373 2839 2451 2894 Ex
2481 2839 2614 2906 Deo,
2639 2856 2749 2896 non
2768 2841 2835 2898 de
2865 2843 2996 2898 Deo.
3130 2850 3133 2852 '

2007 2932 2139 2990 Ριι..
2167 2933 2334 2989 dixit:
2362 2933 2418 2991 Si
2465 2935 2597 2990 nihil
2635 2946 2945 3006 peccatum
2987 2947 3070 2994 est
3093 2982 3108 3009 ,
3130 2948 3206 3002 ,et
3243 2941 3420 2999 anima
3457 2959 3524 3001 ex

1936 3019 2048 3083 Deo
2076 3035 2176 3094 est,
2196 3031 2247 3082 et
2268 3028 2468 3097 polluta
2494 3036 2596 3094 εει,
2621 3029 2838 3085 etVenit
2856 3030 3098 3088 Christus
3119 3033 3347 3093 liberare
3371 3052 3514 3107 eam,
3578 3087 3588 3093 κ

1935 3125 1992 3176 et
2034 3135 2154 3176 eam
2195 3120 2445 3176 liberavit
2485 3136 2515 3175 a
2567 3131 2808 3190 peccato,
2859 3123 2986 3193 quid
3039 3126 3317 3197 culpamus
3362 3128 3530 3185 Mani-

1937 3209 2167 3277 chaeum,
2193 3212 2281 3281 qui
2310 3212 2436 3268 dicit
2465 3221 2668 3282 partem
2691 3213 2786 3270 Dei
2805 3214 3061 3284 pollutam
3088 3232 3227 3285 esse,
3253 3228 3308 3275 et
3335 3219 3529 3276 iterum

1933 3303 2180 3364 mandari
2195 3303 2219 3357 τ

2008 3396 2143 3452 Ave.
2189 3395 2364 3451 dixit:
2396 3395 2528 3465 Quia
2569 3395 2679 3466 jam
2729 3397 3006 3456 confessus
3059 3415 3120 3458 es
3172 3401 3522 3460 Manichaeum

1928 3489 2136 3546 dixisse
2163 3499 2366 3561 partem
2395 3491 2490 3546 Del
2514 3504 2639 3546 esse
2664 3490 2955 3562 pollutam,
2993 3499 3050 3549 ut
3088 3495 3224 3550 dicis
3261 3512 3366 3552 non
3409 3514 3530 3556 esse

1934 3590 2213 3652 peccatum
2233 3581 2394 3636 talem
2413 3582 2798 3652 blasphemi-si
2825 3584 2878 3638 in
2909 3584 3076 3641 Deum
3094 3585 3366 3644 etl‘undore
3394 3601 3530 3646 τινος

1935 3677 2114 3729 uiuam
2147 3667 2374 3730 dicimus
2399 3673 2612 3744 quidem
2635 3689 2892 3744 peccasse
2917 3677 3147 3732 animam
3175 3693 3271 3749 per
3305 3679 3527 3738 liberum

1929 3766 2252 3831 arbitrium,
2285 3774 2346 3821 et
2372 3766 2679 3835 pmoitendo
2721 3768 2933 3838 pungan
2967 3783 3065 3839 per
3101 3770 3524 3827 misenicordlam

1935 3855 2206 3912 Creatoris
2229 3855 2309 3910 sui
2331 3871 2346 3922 ;
2374 3856 2622 3925 quianon
2639 3864 2723 3912 est
2741 3871 2808 3912 ex
2836 3858 2954 3913 Deo
2967 3865 3219 3929 tanquam
3247 3863 3524 3932 paruolus,

1933 3947 2028 4002 vel
2047 3956 2293 4017 tanquam
2307 3947 2632 4019 prolesejus;
2655 3948 2754 4004 sed
2773 3963 2840 4004 ex
2858 3949 3066 4006 Doovel
3086 3952 3248 4008 abeo
3267 3953 3405 4008 facta
3423 3965 3529 4025 est,

1932 4041 2188 4109 “nquam
2215 4051 2349 4110 opus
2376 4039 2495 4110 ejus
2523 4056 2537 4095 ι
2557 4040 2684 4110 quid
2701 4041 2913 4100 intersit
2936 4042 3080 4099 inter
3101 4056 3337 4102 nostram
3361 4047 3529 4105 ﬁdem

1929 4137 1996 4185 et
2007 4138 2238 4185 vestram
2261 4129 2563 4200 perﬁdiam,
2585 4131 2834 4186 clunibus
2853 4132 3192 4194 natalicium
3215 4145 3316 4191 at.
3353 4137 3536 4210 itaque

1935 4221 2230 4276 secundum
2263 4221 2422 4276 verba
2452 4230 2545 4278 an:
2571 4222 2846 4295 superiora
2870 4261 2886 4289 ,
2919 4225 3044 4294 quia
3067 4227 3378 4283 concessisti
3406 4244 3535 4286 ana-

1937 4311 2282 4367 themandum
2307 4327 2430 4368 eum
2450 4313 2548 4384 qui
2565 4313 2703 4368 dicit
2717 4315 3122 4386 eorruptibilcm
3135 4329 3387 4375 naturam
3415 4322 3531 4392 Dei,

1930 4405 2160 4475 quodet
2187 4405 2534 4463 Manicheum
2565 4405 2745 4462 dicere
2767 4408 3114 4464 .inaniﬁstu‘n
3139 4421 3216 4466 ut
3235 4451 3250 4477 ,
3279 4413 3410 4483 quia.
3434 4429 3536 4469 no-

1932 4496 2084 4550 luisti
2109 4504 2166 4550 ut
2188 4505 2330 4552 esset
2357 4511 2387 4550 a
2417 4503 2469 4552 ω
2492 4498 2884 4568 anathemata,
2909 4500 3024 4556 eris
3038 4515 3164 4556 cum
3185 4502 3282 4558 illo
3299 4505 3529 4562 anathe-

1939 4595 2134 4643 mauis.

2010 4672 2235 4738 CAPUT
2273 4675 2438 4736 XXII.
2470 4702 2540 4724 κ·-
2569 4680 2706 4738 Post
2730 4680 2846 4740 limo
2868 4697 3003 4754 ,cum
3031 4685 3212 4742 multis
3241 4687 3420 4744 verbis
3447 4687 3533 4744 iu-

1935 4777 2024 4830 ιω
2048 4789 2106 4829 se
2134 4781 2352 4844 agerent
2381 4791 2395 4828 :

2012 4863 2142 4921 Fac.
2171 4864 2306 4919 dixit
2331 4882 2344 4919 :
2376 4863 2471 4919 Die
2493 4863 2608 4935 jam
2633 4871 2713 4932 tu,
2745 4865 2875 4935 quid
2899 4865 2980 4921 vis
3005 4866 3196 4923 iaciam
3215 4868 3244 4924 ὃ

2012 4959 2146 5014 Atia.
2170 4957 2307 5012 dixit
2338 4973 2354 5012 :
2383 4957 2452 5014 Ut
2479 4957 2792 5014 anathemes
2819 4959 3189 5027 Meuianum,
3221 4962 3376 5032 cujus
3408 4974 3534 5022 sunt

1945 5057 2104 5105 tanta
2147 5049 2264 5105 istae
2301 5049 2666 5120 blasphemiae.
2701 5049 2881 5107 Sedsl
2904 5067 2973 5107 ex
2998 5055 3179 5109 animo
3218 5053 3367 5122 lacis,
3410 5065 3531 5115 tunc

1946 5140 2058 5209 lac;
2088 5152 2248 5198 nemo
2274 5141 2416 5197 enim
2449 5151 2501 5196 te
2527 5141 2669 5212 cogit
2695 5141 2938 5198 invitum.

2012 5233 2143 5291 Fit-2L.
2173 5234 2339 5291 dixit:
2365 5235 2504 5290 Deus
2523 5235 2665 5290 videt
2689 5235 2735 5288 si
2764 5249 2828 5290 ex
2857 5234 3036 5288 animo
3061 5233 3233 5301 facio;
3262 5251 3366 5292 non
3390 5240 3532 5296 enim

1943 5325 2106 5383 homo
2134 5333 2310 5398 potest
2330 5326 2513 5382 videre
2545 5325 2670 5382 :sed
2701 5325 2804 5381 hoc
2828 5332 2970 5396 peto,
2992 5331 3046 5381 ut
3083 5326 3368 5384 confirmes
3397 5339 3505 5388 me.

2017 5423 2154 5478 Anc.
2182 5420 2318 5477 dixit
2348 5438 2361 5475 :
2391 5420 2448 5475 in
2474 5434 2580 5490 quo
2605 5418 2684 5474 vis
2711 5427 2768 5473 ut
2793 5426 2846 5475 te
2871 5411 3227 5478 conﬁrmem?

2017 5515 2147 5570 FEL.
2175 5513 2309 5569 dixit
2339 5531 2352 5568 :
2386 5513 2536 5568 Prior
2579 5521 2634 5566 tu
2670 5512 2973 5579 anathema,
3007 5521 3065 5568 ut
3112 5520 3166 5569 et
3207 5522 3308 5586 Ego
3348 5524 3534 5585 postea

1947 5605 2304 5662 anatliemcm.

2018 5701 2156 5756 Anc.
2179 5688 2365 5753 dixit:
2411 5695 2550 5750 Ecce
2591 5693 2754 5748 etiam
2813 5708 2974 5754 manu
3015 5710 3135 5756 mea
3171 5693 3376 5763 scribo;
3421 5695 3533 5750 volo

1950 5793 2094 5860 enim
2124 5795 2257 5850 utet
2285 5799 2340 5848 tu
2360 5803 2520 5847 manu
2545 5795 2634 5845 tua
2661 5783 2886 5846 scribas.
