4028 6490
595 372 691 431 551

664 483 792 537 Ρει..
824 482 956 537 dixit
985 501 998 537 :
1030 481 1133 539 Sed
1163 484 1241 539 sic
1269 485 1572 551 anathema,
1621 494 1679 539 ut
1712 486 1957 555 spiritum
2006 489 2178 556 ipsum

596 574 684 644 qui
712 574 763 629 in
792 575 1080 631 Manichzeo
1107 574 1226 644 fuit,
1249 584 1305 631 et
1329 590 1423 645 per
1452 591 1574 631 eum
1596 577 1695 631 ista
1711 577 1919 634 locutus
1932 587 2178 646 est,ana-

597 663 824 721 thcmes.

668 758 990 827 Augustinus
1015 765 1229 826 accepta
1251 757 1432 811 charta
1463 758 1676 826 scripsit
1710 758 1825 813 haec
1853 761 2011 813 verba
2042 776 2055 813 :
2081 765 2181 814 Au-

596 850 841 920 gustinus
884 851 1165 920 episcopus
1210 849 1464 904 Ecclesiae
1508 850 1780 906 catholicae
1816 852 1926 922 jam
1956 854 2180 908 anathe-

597 942 732 994 mavi
762 941 1103 995 Manichteum
1148 948 1201 995 et
1224 940 1519 994 doctrinam
1560 940 1675 1011 ejus
1698 981 1713 1005 ,
1741 951 1795 997 et
1823 943 2063 1011 spiritum
2089 945 2182 1015 qui

601 1047 696 1102 per
721 1046 843 1086 eum
891 1040 998 1085 tam
1048 1032 1401 1087 exsecrabiles
1446 1031 1801 1105 hlaSphemias
1828 1035 2035 1092 locutus
2077 1045 2178 1103 est,

602 1124 723 1193 quia
753 1122 970 1193 spiritus
996 1123 1245 1179 seductor
1270 1134 1404 1191 erat,
1436 1140 1540 1179 non
1565 1126 1822 1195 veritatis,
1848 1129 1943 1183 sed
1972 1129 2182 1185 nelandi

600 1212 831 1277 erroris;
871 1220 926 1268 et
952 1228 1093 1268 nunc
1116 1213 1399 1269 anathemo
1428 1230 1586 1286 supra
1608 1215 1807 1272 dictum
1836 1219 2181 1276 Manicheum

598 1312 653 1357 et
678 1304 923 1372 spiritum
948 1306 1144 1360 erroris
1173 1306 1358 1377 ipsius.

670 1394 881 1461 Etcum
906 1395 1146 1451 eamdem
1176 1396 1413 1453 chartam
1438 1398 1602 1455 Felici
1625 1401 1879 1469 dedisset,
1907 1406 2066 1459 etiam
2095 1405 2184 1462 ille

596 1502 756 1543 manu
782 1502 875 1544 sua
905 1488 1022 1543 haec
1060 1488 1221 1545 verba
1262 1491 1517 1561 scripsit:
1559 1492 1672 1564 Ego
1697 1493 1846 1551 Felix
1883 1498 1973 1567 qui
2012 1498 2181 1554 Mani-

610 1672 668 1682 .—

1324 372 1412 429 DE
1448 371 1731 430 NATURA
1769 371 1925 429 BONI
1961 373 2236 433 CONTRA
2273 376 2709 446 MANICHIEOS,
2754 380 2811 435 S.
2855 382 3220 441 AUGUSTINI

3765 398 3872 456 552

2288 493 2436 547 chrea
2464 494 2814 563 credideram,
2847 513 2987 553 nunc
3016 500 3299 555 anathemo
3322 519 3466 573 eum,
3491 514 3544 562 et
3574 508 3866 569 doctrinam

2287 582 2451 651 ipsius
2472 624 2487 651 ,
2530 593 2584 639 et
2626 586 2866 655 spiritum
2904 589 3237 647 seductorem
3268 596 3356 664 qui
3404 597 3459 651 in
3490 598 3582 653 illo
3615 601 3752 669 fuit,
3785 608 3872 675 qui

2287 673 2419 729 dixit
2445 675 2611 730 Deum
2639 686 2842 746 partem
2863 694 3013 735 suam
3040 684 3184 752 genti
3204 685 3545 742 tenebrarum
3574 673 3873 762 miscuisse,

2287 774 2339 820 et
2366 781 2482 820 eam
2515 776 2621 821 tam
2656 770 2877 838 turpiter
2907 770 3132 828 liberare
3154 814 3170 841 ,
3202 786 3262 829 tt:
3297 778 3518 834 virtutes
3546 796 3670 837 suas
3700 794 3873 840 trans-

2288 858 2539 927 liguraret
2563 859 2616 913 in
2637 859 2863 915 feminas
2882 872 3067 918 contra
3089 869 3404 936 masculina,
3434 880 3491 925 et
3516 874 3657 942 ipsas
3682 876 3875 933 iterum

2288 949 2340 1004 in
2380 952 2853 1008 masculos'contra
2884 954 3135 1031 feminina
3177 958 3455 1027 daemonia,
3504 964 3573 1018 ita
3607 975 3664 1019 ut
3693 978 3879 1035 postea
3940 1028 3945 1031 ν

2287 1040 2536 1111 reliquias
2562 1043 2727 1113 ipsius
2758 1059 2868 1099 suae
2894 1048 3056 1115 partis
3089 1048 3317 1119 conligat
3351 1052 3401 1105 in
3432 1062 3691 1111 aeternum
3717 1059 3867 1127 3101K

2288 1134 2644 1189 tenebrarum.
2676 1135 2782 1189 Has
2810 1152 2994 1193 omnes
3037 1148 3091 1194 et
3135 1151 3354 1197 cmteras
3378 1143 3736 1216 blasphemias
3763 1150 3874 1204 Ma-

2290 1224 2479 1279 nichtei
2509 1228 2813 1282 anathemo.
2994 1225 3003 1229 ’

2359 1318 2681 1386 Augustinus
2704 1318 3003 1390 episcopus,
3034 1320 3116 1378 his
3142 1322 3195 1378 in
3220 1325 3447 1382 ecclesia
3467 1342 3649 1384 coram
3678 1335 3872 1401 populo

2288 1404 2464 1463 Gestis
2489 1408 2797 1478 subscripsi.

2359 1498 2505 1553 Felix
2536 1499 2620 1554 his
2645 1499 2819 1555 Gestis
2843 1502 3152 1575 subscripsi.

2354 1682 3586 1699 m—

610 1678 655 1682 f
726 1678 885 1680 -__7
901 1678 1640 1684 νίν-ἡβήᾐῄ
2354 1682 3506 1697 ___._-__.______________.____

603 1678 3880 1745 Ἦ
3307 1722 3866 1737 __—__*_

1639 1798 1722 1860 IN
1782 1799 2248 1863 OPUSCULUM
2291 1802 2806 1879 SUBSEQUENS,

679 1936 832 1999 Vide
859 1936 966 1999 lib.
1021 1937 1082 2011 2,
1115 1955 1249 2017 cap.
1297 1939 1360 2012 9,
1420 1940 1990 2017 Retractatiouum,
2054 1951 2200 2004 tom.
2247 1944 2307 2019 1,
2368 1944 2487 2007 col.
2536 1945 2697 2021 63b,
2739 1966 2778 2008 a
2818 1947 3043 2018 verbis.
3071 1947 3261 2011 Liber
3288 1949 3366 2011 de
3392 1950 3641 2015 Natura
3666 1953 3869 2028 Boni,

630 2052 821 2115 usque
854 2034 935 2096 ad
969 2034 1174 2111 verba,
1195 2036 1366 2099 Deus
1399 2041 1496 2098 est
1680 2045 1689 2054 '
1800 2040 1885 2101 M.

590 2195 3859 2236 .——____________________________________

1200 2288 1346 2403 S.
1430 2292 2187 2406 AURELII
2276 2296 3265 2411 AUGUSTINI

1767 2503 2279 2566 HIPPONENSIS
2333 2506 2683 2569 EPISCOPI

1058 2666 1391 2825 DE
1512 2667 2629 2831 NATUBA
2716 2673 3315 2836 BONI

1247 2930 1981 3063 CONTRA
2070 2932 3173 3071 MANICHZEOS

1859 3152 2139 3246 sum
2190 3169 2409 3247 unus
2440 3138 2545 3240 (α).

1877 3346 2565 3389 ——-—ooo-—-—-

651 3481 879 3541 CAPUT
907 3483 1259 3541 PRIMUM.—-
1290 3483 1421 3539 Deus
1437 3499 1685 3538 Minimum
1702 3482 1884 3538 bonum
1900 3491 1946 3536 et
1962 3484 2127 3537 incom
2143 3513 2157 3524 -

574 3576 833 3645 mutabile,
850 3595 881 3631 a
907 3595 1005 3649 quo
1028 3586 1209 3633 cetera
1235 3579 1401 3631 omnia
1427 3578 1554 3630 bona
1570 3576 1912 3646 spiritualia'et
1929 3592 2160 3646 corpora-

573 3665 661 3720 lia.
692 3668 967 3726 Summum
992 3670 1187 3725 bonum
1208 3685 1314 3740 quo
1338 3670 1580 3740 superius
1608 3683 1714 3723 non
1740 3675 1843 3735 est,
1871 3668 2011 3724 Deus
2035 3676 2116 3723 est
2140 3670 2155 3722 ὲ

579 3773 641 3812 ac
668 3776 762 3830 per
779 3760 1328 3818 hocincommutabile
1347 3761 1542 3816 bonum
1570 3768 1653 3816 est
1676 3776 1689 3826 ;
1719 3759 1839 3814 ideo
1866 3774 1989 3813 vere
2006 3768 2159 3815 aeter-

571 3863 736 3913 num,
790 3861 843 3907 et
883 3868 1009 3909 vere
1049 3853 1367 3908 immortale.
1417 3852 1620 3907 Caetera
1659 3850 1837 3905 omnia
1873 3849 2011 3905 bona
2052 3864 2156 3904 non

572 3940 675 3996 nisi
703 3943 769 3998 ab
795 3943 889 3998 illo
913 3953 1036 4001 sunt
1061 3988 1076 4011 ,
1104 3945 1197 4001 sed
1227 3960 1333 4000 non
1362 3944 1431 4001 de
1456 3944 1567 3999 illo.
1603 3944 1676 3998 De
1702 3943 1795 3998 illo
1835 3943 1977 3998 enim
2016 3941 2157 4012 quod

572 4039 655 4085 est
678 4073 692 4099 ,
717 4032 819 4088 hoc
838 4034 978 4105 quod
1001 4036 1115 4104 ipse
1133 4044 1216 4090 est
1244 4052 1256 4088 :
1282 4036 1349 4090 ab
1375 4035 1468 4088 illo
1492 4042 1669 4089 autem
1696 4049 1814 4103 quae
1838 4032 1971 4088 facta
1997 4041 2152 4099 sunt,

574 4138 682 4177 non
710 4133 836 4181 sunt
860 4126 1003 4196 quod
1034 4126 1166 4197 ipse.
1199 4127 1276 4181 Ac
1304 4141 1398 4194 per
1426 4126 1529 4180 hoc
1557 4126 1603 4179 si
1628 4126 1775 4181 solus
1804 4126 1916 4195 ipse
1946 4126 2153 4181 incom-

573 4216 880 4284 mutabilis,
922 4218 1102 4273 omnia
1145 4233 1263 4287 quae
1304 4218 1468 4283 fecit,
1509 4218 1632 4287 quia
1675 4232 1741 4272 ex
1777 4217 1944 4272 nihilo
1990 4218 2113 4274 fecit
2137 4261 2152 4284 ,

571 4308 840 4362 mutabilia
870 4316 1015 4364 sunt.
1046 4308 1176 4363 Tam
1200 4308 1350 4364 ‘enim
1381 4309 1718 4377 omnipotens
1747 4318 1866 4375 est,
1900 4317 1956 4363 ut
1988 4311 2154 4379 possit

569 4398 730 4453 etiam
753 4398 821 4455 de
846 4399 1013 4455 nihilo
1036 4442 1051 4467 ,
1082 4400 1135 4455 id
1160 4409 1243 4455 est
1265 4442 1281 4466 ,
1311 4415 1379 4455 ex
1402 4414 1467 4455 eo
1490 4399 1632 4470 quod
1658 4400 1874 4455 omnino
1900 4416 2005 4454 non
2035 4409 2149 4467 est,

568 4489 707 4545 bona
734 4490 906 4546 facere
929 4532 944 4558 ,
977 4500 1031 4546 et
1055 4506 1245 4561 magna
1271 4499 1325 4545 et
1352 4505 1510 4559 parva
1534 4531 1549 4558 ,
1578 4497 1632 4545 et
1670 4490 1907 4544 etelestia
1952 4500 2005 4545 et
2046 4500 2151 4545 ter-

569 4598 701 4638 rena
727 4626 743 4651 ,
773 4593 829 4640 et
855 4585 1149 4654 spiritualia
1176 4593 1230 4639 et
1252 4584 1567 4654 corporalia.
1595 4582 1727 4649 Quia
1752 4598 1879 4637 vero
1904 4592 1957 4638 et
1977 4583 2151 4653 justus

566 4683 687 4739 est,
719 4675 767 4729 ei
797 4675 939 4744 quod
962 4674 1030 4730 de
1067 4691 1126 4731 se
1164 4675 1383 4744 genuit,
1416 4689 1478 4729 ea
1520 4689 1636 4744 qua:
1678 4674 1744 4729 de
1788 4674 1955 4728 nihilo
1983 4674 2107 4730 fecit
2131 4716 2145 4739 ,

565 4778 675 4818 non
700 4766 947 4834 arquavit.
976 4765 1109 4832 Quia
1130 4780 1257 4835 ergo
1286 4766 1421 4819 bona
1443 4766 1619 4819 omnia
1643 4804 1658 4831 ,
1690 4765 1801 4820 sive
1821 4780 2011 4834 magna
2036 4766 2148 4820 sive

564 4870 724 4925 parva
750 4898 763 4921 ,
786 4872 884 4926 per
903 4856 1168 4926 quoslibet
1187 4871 1361 4911 rerum
1388 4856 1581 4926 gradus
1606 4897 1620 4919 ,
1652 4869 1757 4910 non
1779 4865 2002 4925 possunt
2026 4871 2146 4912 esse

566 4946 669 5001 nisi
698 4962 729 5001 a
759 4946 908 5011 Deo;
936 4948 1110 5002 omnis
1136 4957 1309 5001 autem
1337 4955 1522 5000 natura
1563 4947 1617 4999 in
1657 4955 1911 5015 quantum
1958 4956 2144 5001 natura

564 5046 682 5103 est,
711 5038 908 5092 bonum
938 5047 1020 5093 est
1044 5055 1058 5102 ;
1088 5038 1260 5092 omnis
1289 5045 1477 5091 natura
1505 5052 1609 5092 non
1640 5044 1817 5107 potest
1842 5052 1961 5092 esse
1988 5039 2087 5093 nisi
2112 5054 2144 5093 a

564 5142 772 5183 summo
799 5136 855 5184 et
881 5142 1005 5183 vero
1034 5127 1179 5184 Deo:
1211 5128 1335 5198 quia
1374 5128 1550 5181 omnia
1596 5127 1754 5181 etiam
1794 5143 1896 5182 non
1937 5144 2142 5182 summa

2267 3484 2405 3539 bona
2431 3523 2445 3547 ,
2479 3480 2572 3536 sed
2603 3479 2898 3550 pr0pinqua
2926 3493 3136 3535 summo
3164 3479 3304 3537 bono
3329 3522 3343 3546 ,
3374 3490 3427 3537 et
3454 3495 3639 3537 rursus
3664 3483 3865 3537 omnia

2266 3576 2427 3630 etiam
2475 3571 2762 3627 novissima
2809 3571 2987 3639 bona,
3037 3588 3154 3642 qua:
3199 3573 3356 3644 longe
3400 3584 3523 3629 sunt
3564 3590 3593 3628 ι
3642 3590 3866 3631 summo

2269 3665 2411 3721 bono
2435 3706 2449 3729 ,
2480 3679 2583 3719 non
2624 3673 2847 3733 possunt
2886 3678 3003 3719 esse
3046 3665 3146 3718 nisi
3187 3665 3253 3718 ab
3292 3666 3407 3734 ipso
3441 3682 3649 3722 summo
3688 3668 3860 3724 bono.

2269 3757 2453 3811 Omnis
2478 3770 2605 3825 ergo
2632 3755 2851 3823 spiritus
2877 3756 3037 3809 etiam
3066 3757 3332 3811 mutabilis
3357 3798 3371 3823 ,
3398 3766 3452 3813 et
3476 3774 3635 3813 omne
3661 3775 3865 3830 corpus

2263 3863 2294 3903 a
2326 3848 2437 3903 Deo
2462 3866 2474 3900 :
2503 3857 2556 3901 et
2578 3847 2689 3901 haec
2716 3856 2798 3901 est
2816 3847 2989 3901 omnis
3011 3848 3146 3901 facta
3171 3858 3355 3903 natura
3384 3851 3423 3901 ί.
3447 3850 3631 3904 Omnis
3657 3854 3865 3922 quippe

2264 3948 2449 3993 natura
2475 3947 2565 3992 aut
2592 3937 2808 4006 spiritus
2831 3978 2846 4004 ,
2888 3946 2978 3992 aut
3016 3955 3207 4007 corpus
3247 3950 3347 3994 est.
3379 3941 3603 4010 Spiritus
3636 3942 3863 3996 incom-

2262 4030 2529 4085 mutabilis
2558 4029 2696 4085 Deus
2726 4038 2808 4084 est
2846 4046 2859 4081 :
2907 4031 3122 4099 spiritus
3170 4034 3434 4087 mutabilis
3480 4033 3615 4087 facta
3662 4046 3861 4091 natura

2263 4132 2344 4177 est
2365 4164 2379 4187 ,
2413 4120 2509 4177 sed
2539 4136 2762 4191 corpore
2792 4121 2976 4175 melior
3009 4138 3022 4173 :
3066 4137 3258 4192 corpus
3288 4134 3461 4177 autem
3492 4125 3715 4193 spiritus
3744 4144 3861 4180 non

2262 4222 2379 4280 est,
2417 4214 2521 4268 nisi
2552 4230 2672 4268 cum
2701 4222 2890 4268 ventus
2915 4255 2928 4280 ,
2974 4215 3096 4283 quia
3139 4215 3292 4269 nobis
3340 4216 3617 4271 invisibilis
3642 4229 3728 4272 est
3753 4260 3769 4285 ,
3802 4230 3865 4274 et

2263 4316 2440 4360 tamen
2462 4305 2539 4359 vis
2561 4305 2676 4373 ejus
2698 4319 2802 4359 non
2825 4319 2985 4375 parva
3015 4308 3241 4360 sentitur
3265 4348 3279 4372 ,
3302 4307 3405 4361 alio
3426 4308 3654 4377 quodam
3686 4311 3860 4367 modo

2259 4398 2473 4467 spiritus
2502 4396 2718 4452 dicitur.

2330 4490 2551 4546 CAPUT
2604 4490 2667 4543 ll.
2709 4520 2778 4529 —
2806 4488 3067 4555 Quomodo
3110 4492 3165 4545 id
3212 4492 3366 4562 possit
3412 4494 3479 4547 ad
3522 4495 3864 4564 corrigendos

2262 4582 2575 4637 Manichaee:
2599 4582 2837 4652 sztﬁicere.
2868 4582 3090 4652 Propter
3117 4598 3210 4638 eos
3249 4593 3426 4639 autem
3454 4626 3468 4651 ,
3499 4586 3587 4654 qui
3616 4601 3741 4639 cum
3772 4588 3863 4641 in-

2257 4676 2496 4747 telligere
2527 4691 2631 4730 non
2675 4683 2893 4745 possunt
2929 4690 3144 4730 omnem
3190 4685 3429 4730 naturam
3452 4719 3465 4743 ,
3499 4676 3548 4730 id
3578 4686 3660 4731 est
3684 4720 3699 4743 ,
3736 4694 3861 4734 om-

2256 4784 2377 4823 nem
2404 4767 2648 4836 spiritum
2669 4776 2722 4821 et
2742 4781 2898 4820 omne
2921 4781 3114 4835 corpus
3140 4769 3452 4823 naturaliter
3472 4768 3670 4823 bonum
3691 4786 3821 4826 esse
3838 4814 3856 4839 ,

2256 4868 2536 4914 moventur
2558 4858 2775 4928 spiritus
2800 4858 3078 4928 iniquitate
3121 4869 3174 4913 et
3213 4860 3452 4929 corporis
3480 4861 3812 4916 mortalitate
3839 4904 3857 4927 ,

2254 4960 2309 5007 et
2337 4950 2406 5003 ob
2434 4949 2533 5003 hoc
2564 4950 2719 5003 aliam
2751 4955 2991 5003 naturam
3021 4950 3235 5019 maligni
3262 4952 3475 5021 spiritus
3505 4962 3558 5006 et
3598 4956 3859 5010 mortalis

2253 5040 2495 5109 corporis
2516 5082 2530 5106 ,
2554 5055 2712 5109 quam
2737 5040 2877 5094 Deus
2900 5056 3004 5094 non
3028 5039 3242 5106 fecerit,
3266 5052 3523 5097 conantur
3546 5042 3809 5100 inducere
3839 5065 3853 5099 :

2254 5132 2329 5185 sic
2358 5132 2681 5185 arbitramur
2723 5131 2790 5185 ad
2831 5146 3013 5187 eorum
3046 5134 3368 5189 intellectum
3394 5177 3410 5201 ,
3438 5135 3579 5205 quod
3611 5135 3857 5194 dicimus

1740 5234 2024 5273 ADIONITIO
2066 5236 2143 5274 PP.
2185 5237 2658 5277 BENEDICTINORL’I.

618 5311 755 5381 liber
776 5310 841 5359 de
863 5315 1032 5381 Natura
1055 5311 1166 5381 Boni
1190 5315 1469 5381 recognitus
1494 5316 1569 5379 est
1586 5309 1643 5357 ad
1667 5318 1867 5381 veteres
1890 5310 2300 5381 codices_quat_uor
2328 5315 2592 5381 Vaticanus,
2616 5312 2877 5362 Gallicanos
2898 5326 3105 5381 _no_vem,
3137 5318 3458 5381 ‘victorinum,
3504 5319 3852 5381 Sorbonicum,

556 5373 917 5437 Corbeiensem,
940 5377 1292 5437 Fossatensem,
1316 5371 1699 5437 Cistercieusem,
1728 5374 2047 5437 Casalcnsem,
2068 5371 2393 5437 Bigotianmn,
2414 5371 2778 5423 Laudunensem
2817 5376 3012 5437 majoris
3047 5371 3286 5435 Ecclesia,
3330 5379 3386 5426 ad
3428 5371 3576 5427 unum
3612 5388 3677 5428 Au

3754 5388 3855 5432 sti-

558 5445 781 5501 nenstum
804 5433 1285 5501 majorisconventus
1309 5432 1604 5491 Parisiensis,
1625 5432 1684 5480 ad
1700 5434 1942 5482 variantes
1966 5431 2204 5484 lectiones
2228 5449 2291 5484 ex
2318 5431 2524 5499 Belgicis
2546 5436 2788 5486 codicibus
2810 5431 3077 5499 descriptas
3100 5452 3187 5500 per
3210 5431 3550 5501 Lovanienses,
3580 5450 3633 5492 et
3648 5431 3714 5491 ad
3740 5431 3855 5494 edi-

558 5494 717 5541 tiones
740 5502 839 5540 Am.
864 5499 937 5541 Ir.
968 5500 1020 5543 et
1042 5500 1150 5542 Lov.

636 5573 1145 5652 Comparavimus
1162 5584 1464 5654 praeterea
1492 5593 1589 5635 eas
1620 5594 1824 5635 omnes
1853 5574 2151 5637 editiones
2177 5578 2362 5639 initio
2399 5581 2569 5641 Retr.
2596 5588 2650 5640 et
2670 5579 2983 5654 Confess.,
3006 5591 3049 5641 t.
3086 5582 3143 5653 1,
3169 5591 3554 5643 memoratas.
3655 5587 3747 5646 M.

2248 5680 2264 5709 ι
2302 5685 2373 5726 Er.
2399 5680 2543 5741 Lugd.
2568 5688 2619 5729 et
2642 5688 2779 5741 \‘en.,
2805 5680 2954 5731 ethoc
2972 5688 3040 5732 est
3249 5690 3378 5742 Lov.,
3402 5692 3447 5733 et
3470 5685 3574 5734 hac
3594 5687 3850 5739 omnium.

638 5757 689 5829 ρ)
713 5757 921 5829 Scriptus
940 5764 1046 5829 post
1062 5770 1237 5808 annum
1255 5757 1362 5809 404.
1384 5758 1647 5810 Collocatur
1668 5772 1720 5809 ιιι
1741 5760 2170 5810 netractationibus
2190 5766 2414 5824 proxime
2436 5770 2542 5826 post
2564 5761 2714 5815 libros
2743 5764 2807 5815 de
2827 5767 2949 5817 Actis
2986 5780 3096 5818 cum
3119 5766 3291 5827 Felice,
3316 5768 3398 5829 qui
3432 5769 3527 5817 sub
3549 5767 3703 5821 ﬁnem
3725 5776 3851 5824 anni

667 5820 923 5883 Conscripti
937 5825 1063 5868 sunt.
1845 5839 1851 5843 -
