  <div class='ocr_page' id='page_1' title='image "/cluster/home/n/w/nwhite01/storage/ocr_20150623/42/hvd.32044015471493/282.png"; bbox 0 0 4094 6454; ppageno 0'>
   <div class='ocr_carea' id='block_1_1' title="bbox 295 351 407 412">
    <p class='ocr_par' dir='ltr' id='par_1_1' title="bbox 295 351 407 412">
     <span class='ocr_line' id='line_1_1' title="bbox 295 351 407 412; baseline 0.036 -2"><span class='ocrx_word' id='word_1_1' title='bbox 295 351 407 412; x_wconf 78' lang='lat'><strong>553</strong></span> 
     </span>
    </p>
   </div>
   <div class='ocr_carea' id='block_1_2' title="bbox 281 741 413 798">
    <p class='ocr_par' dir='ltr' id='par_1_2' title="bbox 281 741 413 798">
     <span class='ocr_line' id='line_1_2' title="bbox 281 741 413 798; baseline -0.008 -1"><span class='ocrx_word' id='word_1_2' title='bbox 281 741 413 798; x_wconf 79' lang='lat' dir='ltr'><strong>ﬁcit.</strong></span> 
     </span>
    </p>
   </div>
   <div class='ocr_carea' id='block_1_3' title="bbox 353 832 1880 927">
    <p class='ocr_par' dir='ltr' id='par_1_3' title="bbox 353 832 1880 927">
     <span class='ocr_line' id='line_1_3' title="bbox 353 832 1880 927; baseline 0.016 -38"><span class='ocrx_word' id='word_1_3' title='bbox 353 832 589 893; x_wconf 82' lang='lat' dir='ltr'><strong>CAPUT</strong></span> <span class='ocrx_word' id='word_1_4' title='bbox 636 839 725 895; x_wconf 85' lang='lat' dir='ltr'><strong>Ill.</strong></span> <span class='ocrx_word' id='word_1_5' title='bbox 753 871 824 882; x_wconf 89' lang='lat'><strong>—-</strong></span> <span class='ocrx_word' id='word_1_6' title='bbox 867 842 1088 914; x_wconf 80' lang='lat' dir='ltr'><strong>Modus,</strong></span> <span class='ocrx_word' id='word_1_7' title='bbox 1131 849 1322 920; x_wconf 73' lang='lat' dir='ltr'><strong>species</strong></span> <span class='ocrx_word' id='word_1_8' title='bbox 1367 859 1416 906; x_wconf 82' lang='lat' dir='ltr'><strong>et</strong></span> <span class='ocrx_word' id='word_1_9' title='bbox 1457 855 1583 909; x_wconf 87' lang='lat' dir='ltr'><strong><em>ordo</em></strong></span> <span class='ocrx_word' id='word_1_10' title='bbox 1623 859 1880 927; x_wconf 79' lang='lat' dir='ltr'><strong>generalia</strong></span> 
     </span>
    </p>
   </div>
   <div class='ocr_carea' id='block_1_4' title="bbox 283 925 1876 1006">
    <p class='ocr_par' dir='ltr' id='par_1_4' title="bbox 283 925 1876 1006">
     <span class='ocr_line' id='line_1_4' title="bbox 283 925 1876 1006; baseline 0.018 -29"><span class='ocrx_word' id='word_1_11' title='bbox 283 925 415 979; x_wconf 81' lang='lat' dir='ltr'><strong>bona</strong></span> <span class='ocrx_word' id='word_1_12' title='bbox 440 928 498 980; x_wconf 88' lang='lat' dir='ltr'><strong>in</strong></span> <span class='ocrx_word' id='word_1_13' title='bbox 527 928 675 984; x_wconf 81' lang='lat' dir='ltr'><strong>rebus</strong></span> <span class='ocrx_word' id='word_1_14' title='bbox 702 948 735 985; x_wconf 91' lang='lat' dir='ltr'><strong>a</strong></span> <span class='ocrx_word' id='word_1_15' title='bbox 761 931 872 987; x_wconf 80' lang='lat' dir='ltr'><strong>Deo</strong></span> <span class='ocrx_word' id='word_1_16' title='bbox 899 936 1066 1006; x_wconf 78' lang='lat' dir='ltr'><strong>factis.</strong></span> <span class='ocrx_word' id='word_1_17' title='bbox 1103 936 1214 995; x_wconf 86' lang='lat' dir='ltr'><strong>Nos</strong></span> <span class='ocrx_word' id='word_1_18' title='bbox 1256 940 1400 997; x_wconf 88' lang='lat' dir='ltr'><strong>enim</strong></span> <span class='ocrx_word' id='word_1_19' title='bbox 1439 925 1688 1002; x_wconf 81' lang='lat' dir='ltr'><strong>catholici</strong></span> <span class='ocrx_word' id='word_1_20' title='bbox 1719 947 1876 1004; x_wconf 88' lang='lat' dir='ltr'><strong>Chri-</strong></span> 
     </span>
    </p>
   </div>
   <div class='ocr_carea' id='block_1_5' title="bbox 273 1014 1875 1106">
    <p class='ocr_par' dir='ltr' id='par_1_5' title="bbox 273 1014 1875 1106">
     <span class='ocr_line' id='line_1_5' title="bbox 273 1014 1875 1106; baseline 0.016 -36"><span class='ocrx_word' id='word_1_21' title='bbox 273 1014 436 1070; x_wconf 85' lang='lat' dir='ltr'><strong>stiani</strong></span> <span class='ocrx_word' id='word_1_22' title='bbox 466 1017 638 1075; x_wconf 90' lang='lat' dir='ltr'><strong>Deum</strong></span> <span class='ocrx_word' id='word_1_23' title='bbox 669 1021 895 1080; x_wconf 85' lang='lat' dir='ltr'><strong>colimus</strong></span> <span class='ocrx_word' id='word_1_24' title='bbox 917 1065 932 1092; x_wconf 95' lang='lat'><strong>,</strong></span> <span class='ocrx_word' id='word_1_25' title='bbox 979 1040 1009 1081; x_wconf 91' lang='lat' dir='ltr'><strong>a</strong></span> <span class='ocrx_word' id='word_1_26' title='bbox 1045 1043 1151 1098; x_wconf 92' lang='lat' dir='ltr'><strong>quo</strong></span> <span class='ocrx_word' id='word_1_27' title='bbox 1188 1031 1368 1088; x_wconf 88' lang='lat' dir='ltr'><strong>omnia</strong></span> <span class='ocrx_word' id='word_1_28' title='bbox 1405 1032 1544 1090; x_wconf 89' lang='lat' dir='ltr'><strong>bona</strong></span> <span class='ocrx_word' id='word_1_29' title='bbox 1586 1047 1746 1106; x_wconf 91' lang='lat' dir='ltr'><strong>sunt,</strong></span> <span class='ocrx_word' id='word_1_30' title='bbox 1777 1053 1875 1096; x_wconf 91' lang='lat' dir='ltr'><strong>seu</strong></span> 
     </span>
    </p>
   </div>
   <div class='ocr_carea' id='block_1_6' title="bbox 273 1120 1874 1195">
    <p class='ocr_par' dir='ltr' id='par_1_6' title="bbox 273 1120 1874 1195">
     <span class='ocr_line' id='line_1_6' title="bbox 273 1120 1874 1195; baseline 0.017 -35"><span class='ocrx_word' id='word_1_31' title='bbox 273 1120 474 1178; x_wconf 83' lang='lat' dir='ltr'><strong>magna</strong></span> <span class='ocrx_word' id='word_1_32' title='bbox 505 1124 603 1166; x_wconf 88' lang='lat' dir='ltr'><strong>seu</strong></span> <span class='ocrx_word' id='word_1_33' title='bbox 633 1126 794 1182; x_wconf 88' lang='lat' dir='ltr'><strong>parva</strong></span> <span class='ocrx_word' id='word_1_34' title='bbox 819 1131 832 1182; x_wconf 91' lang='lat'><strong>;</strong></span> <span class='ocrx_word' id='word_1_35' title='bbox 863 1131 894 1170; x_wconf 91' lang='lat' dir='ltr'><strong>a</strong></span> <span class='ocrx_word' id='word_1_36' title='bbox 921 1131 1028 1188; x_wconf 91' lang='lat' dir='ltr'><strong>quo</strong></span> <span class='ocrx_word' id='word_1_37' title='bbox 1050 1127 1138 1174; x_wconf 89' lang='lat' dir='ltr'><strong>est</strong></span> <span class='ocrx_word' id='word_1_38' title='bbox 1171 1124 1346 1178; x_wconf 89' lang='lat' dir='ltr'><strong>omnis</strong></span> <span class='ocrx_word' id='word_1_39' title='bbox 1383 1126 1573 1183; x_wconf 90' lang='lat' dir='ltr'><strong>modus</strong></span> <span class='ocrx_word' id='word_1_40' title='bbox 1595 1168 1611 1195; x_wconf 90' lang='lat'><strong>,</strong></span> <span class='ocrx_word' id='word_1_41' title='bbox 1641 1142 1735 1186; x_wconf 91' lang='lat' dir='ltr'><strong>seu</strong></span> <span class='ocrx_word' id='word_1_42' title='bbox 1761 1146 1874 1187; x_wconf 87' lang='lat' dir='ltr'><strong>ma-</strong></span> 
     </span>
    </p>
   </div>
   <div class='ocr_carea' id='block_1_7' title="bbox 265 1213 1870 1295">
    <p class='ocr_par' dir='ltr' id='par_1_7' title="bbox 265 1213 1870 1295">
     <span class='ocr_line' id='line_1_7' title="bbox 265 1213 1870 1295; baseline 0.017 -42"><span class='ocrx_word' id='word_1_43' title='bbox 265 1214 408 1275; x_wconf 84' lang='lat' dir='ltr'><strong>gnus</strong></span> <span class='ocrx_word' id='word_1_44' title='bbox 437 1216 536 1258; x_wconf 93' lang='lat' dir='ltr'><strong>seu</strong></span> <span class='ocrx_word' id='word_1_45' title='bbox 568 1219 803 1275; x_wconf 88' lang='lat' dir='ltr'><strong>parvus;</strong></span> <span class='ocrx_word' id='word_1_46' title='bbox 850 1223 881 1263; x_wconf 90' lang='lat' dir='ltr'><strong>a</strong></span> <span class='ocrx_word' id='word_1_47' title='bbox 927 1225 1032 1281; x_wconf 90' lang='lat' dir='ltr'><strong>quo</strong></span> <span class='ocrx_word' id='word_1_48' title='bbox 1060 1213 1234 1270; x_wconf 88' lang='lat' dir='ltr'><strong>omnis</strong></span> <span class='ocrx_word' id='word_1_49' title='bbox 1271 1218 1478 1286; x_wconf 81' lang='lat' dir='ltr'><strong>species</strong></span> <span class='ocrx_word' id='word_1_50' title='bbox 1499 1259 1515 1286; x_wconf 90' lang='lat'><strong>,</strong></span> <span class='ocrx_word' id='word_1_51' title='bbox 1542 1233 1640 1276; x_wconf 90' lang='lat' dir='ltr'><strong>seu</strong></span> <span class='ocrx_word' id='word_1_52' title='bbox 1679 1237 1870 1295; x_wconf 82' lang='lat' dir='ltr'><strong>magna</strong></span> 
     </span>
    </p>
   </div>
   <div class='ocr_carea' id='block_1_8' title="bbox 264 1300 1864 1382">
    <p class='ocr_par' dir='ltr' id='par_1_8' title="bbox 264 1300 1864 1382">
     <span class='ocr_line' id='line_1_8' title="bbox 264 1300 1864 1382; baseline 0.016 -39"><span class='ocrx_word' id='word_1_53' title='bbox 264 1303 364 1344; x_wconf 87' lang='lat' dir='ltr'><strong>seu</strong></span> <span class='ocrx_word' id='word_1_54' title='bbox 389 1307 593 1361; x_wconf 90' lang='lat' dir='ltr'><strong>parva;</strong></span> <span class='ocrx_word' id='word_1_55' title='bbox 617 1311 649 1350; x_wconf 93' lang='lat' dir='ltr'><strong>a</strong></span> <span class='ocrx_word' id='word_1_56' title='bbox 668 1312 774 1367; x_wconf 91' lang='lat' dir='ltr'><strong>quo</strong></span> <span class='ocrx_word' id='word_1_57' title='bbox 794 1300 969 1357; x_wconf 91' lang='lat' dir='ltr'><strong>omnis</strong></span> <span class='ocrx_word' id='word_1_58' title='bbox 990 1302 1122 1358; x_wconf 90' lang='lat' dir='ltr'><strong>ordo</strong></span> <span class='ocrx_word' id='word_1_59' title='bbox 1139 1343 1156 1371; x_wconf 92' lang='lat'><strong>,</strong></span> <span class='ocrx_word' id='word_1_60' title='bbox 1175 1317 1270 1361; x_wconf 89' lang='lat' dir='ltr'><strong>seu</strong></span> <span class='ocrx_word' id='word_1_61' title='bbox 1290 1322 1514 1378; x_wconf 88' lang='lat' dir='ltr'><strong>magnus</strong></span> <span class='ocrx_word' id='word_1_62' title='bbox 1532 1325 1628 1366; x_wconf 90' lang='lat' dir='ltr'><strong>seu</strong></span> <span class='ocrx_word' id='word_1_63' title='bbox 1649 1325 1864 1382; x_wconf 87' lang='lat' dir='ltr'><strong>parvus.</strong></span> 
     </span>
    </p>
   </div>
   <div class='ocr_carea' id='block_1_9' title="bbox 262 1379 1864 1472">
    <p class='ocr_par' dir='ltr' id='par_1_9' title="bbox 262 1379 1864 1472">
     <span class='ocr_line' id='line_1_9' title="bbox 262 1379 1864 1472; baseline 0.018 -39"><span class='ocrx_word' id='word_1_64' title='bbox 262 1379 462 1436; x_wconf 84' lang='lat' dir='ltr'><strong>Omnia</strong></span> <span class='ocrx_word' id='word_1_65' title='bbox 487 1384 636 1440; x_wconf 91' lang='lat' dir='ltr'><strong>enim</strong></span> <span class='ocrx_word' id='word_1_66' title='bbox 663 1397 868 1460; x_wconf 76' lang='lat' dir='ltr'><strong>quanto</strong></span> <span class='ocrx_word' id='word_1_67' title='bbox 897 1392 1065 1463; x_wconf 86' lang='lat' dir='ltr'><strong>magis</strong></span> <span class='ocrx_word' id='word_1_68' title='bbox 1090 1394 1364 1452; x_wconf 84' lang='lat' dir='ltr'><strong>moderata</strong></span> <span class='ocrx_word' id='word_1_69' title='bbox 1389 1440 1404 1466; x_wconf 87' lang='lat'><strong>,</strong></span> <span class='ocrx_word' id='word_1_70' title='bbox 1447 1401 1689 1471; x_wconf 85' lang='lat' dir='ltr'><strong>speciosa</strong></span> <span class='ocrx_word' id='word_1_71' title='bbox 1713 1445 1729 1472; x_wconf 93' lang='lat'><strong>,</strong></span> <span class='ocrx_word' id='word_1_72' title='bbox 1772 1419 1864 1460; x_wconf 86' lang='lat' dir='ltr'><strong>or-</strong></span> 
     </span>
    </p>
   </div>
   <div class='ocr_carea' id='block_1_10' title="bbox 261 1469 1862 1565">
    <p class='ocr_par' dir='ltr' id='par_1_10' title="bbox 261 1469 1862 1565">
     <span class='ocr_line' id='line_1_10' title="bbox 261 1469 1862 1565; baseline 0.017 -41"><span class='ocrx_word' id='word_1_73' title='bbox 261 1469 451 1527; x_wconf 89' lang='lat' dir='ltr'><strong>dinata</strong></span> <span class='ocrx_word' id='word_1_74' title='bbox 475 1485 642 1544; x_wconf 90' lang='lat' dir='ltr'><strong>sunt,</strong></span> <span class='ocrx_word' id='word_1_75' title='bbox 675 1486 826 1535; x_wconf 87' lang='lat' dir='ltr'><strong>tanto</strong></span> <span class='ocrx_word' id='word_1_76' title='bbox 853 1484 1024 1554; x_wconf 88' lang='lat' dir='ltr'><strong>magis</strong></span> <span class='ocrx_word' id='word_1_77' title='bbox 1063 1485 1246 1556; x_wconf 93' lang='lat' dir='ltr'><strong>utique</strong></span> <span class='ocrx_word' id='word_1_78' title='bbox 1292 1487 1430 1544; x_wconf 87' lang='lat' dir='ltr'><strong>bona</strong></span> <span class='ocrx_word' id='word_1_79' title='bbox 1469 1469 1593 1547; x_wconf 83' lang='lat' dir='ltr'><strong>sunt</strong></span> <span class='ocrx_word' id='word_1_80' title='bbox 1621 1511 1635 1548; x_wconf 93' lang='lat'>:</span> <span class='ocrx_word' id='word_1_81' title='bbox 1663 1504 1862 1565; x_wconf 89' lang='lat' dir='ltr'><strong>quanto</strong></span> 
     </span>
    </p>
   </div>
   <div class='ocr_carea' id='block_1_11' title="bbox 261 1566 1861 1651">
    <p class='ocr_par' dir='ltr' id='par_1_11' title="bbox 261 1566 1861 1651">
     <span class='ocr_line' id='line_1_11' title="bbox 261 1566 1861 1651; baseline 0.018 -37"><span class='ocrx_word' id='word_1_82' title='bbox 261 1569 447 1617; x_wconf 85' lang='lat' dir='ltr'><strong>autem</strong></span> <span class='ocrx_word' id='word_1_83' title='bbox 479 1566 660 1623; x_wconf 90' lang='lat' dir='ltr'><strong>minus</strong></span> <span class='ocrx_word' id='word_1_84' title='bbox 688 1569 964 1628; x_wconf 86' lang='lat' dir='ltr'><strong>moderata</strong></span> <span class='ocrx_word' id='word_1_85' title='bbox 989 1616 1006 1642; x_wconf 85' lang='lat'><strong>,</strong></span> <span class='ocrx_word' id='word_1_86' title='bbox 1036 1575 1214 1633; x_wconf 91' lang='lat' dir='ltr'><strong>minus</strong></span> <span class='ocrx_word' id='word_1_87' title='bbox 1243 1580 1486 1650; x_wconf 90' lang='lat' dir='ltr'><strong>speciosa</strong></span> <span class='ocrx_word' id='word_1_88' title='bbox 1509 1624 1524 1651; x_wconf 89' lang='lat'><strong>,</strong></span> <span class='ocrx_word' id='word_1_89' title='bbox 1555 1584 1732 1640; x_wconf 90' lang='lat' dir='ltr'><strong>minus</strong></span> <span class='ocrx_word' id='word_1_90' title='bbox 1767 1600 1861 1642; x_wconf 85' lang='lat' dir='ltr'><strong>or-</strong></span> 
     </span>
    </p>
   </div>
   <div class='ocr_carea' id='block_1_12' title="bbox 258 1651 1859 1744">
    <p class='ocr_par' dir='ltr' id='par_1_12' title="bbox 258 1651 1859 1744">
     <span class='ocr_line' id='line_1_12' title="bbox 258 1651 1859 1744; baseline 0.018 -39"><span class='ocrx_word' id='word_1_91' title='bbox 258 1651 444 1708; x_wconf 84' lang='lat' dir='ltr'><strong>dinata</strong></span> <span class='ocrx_word' id='word_1_92' title='bbox 473 1666 641 1727; x_wconf 88' lang='lat' dir='ltr'><strong>sunt,</strong></span> <span class='ocrx_word' id='word_1_93' title='bbox 668 1663 848 1718; x_wconf 91' lang='lat' dir='ltr'><strong>minus</strong></span> <span class='ocrx_word' id='word_1_94' title='bbox 873 1663 1012 1720; x_wconf 90' lang='lat' dir='ltr'><strong>bona</strong></span> <span class='ocrx_word' id='word_1_95' title='bbox 1037 1675 1181 1723; x_wconf 91' lang='lat' dir='ltr'><strong>sunt.</strong></span> <span class='ocrx_word' id='word_1_96' title='bbox 1212 1668 1338 1725; x_wconf 62' lang='lat' dir='ltr'><strong>Huic</strong></span> <span class='ocrx_word' id='word_1_97' title='bbox 1365 1671 1542 1742; x_wconf 91' lang='lat' dir='ltr'><strong>itaque</strong></span> <span class='ocrx_word' id='word_1_98' title='bbox 1569 1675 1669 1730; x_wconf 88' lang='lat' dir='ltr'><strong>tria</strong></span> <span class='ocrx_word' id='word_1_99' title='bbox 1691 1716 1708 1744; x_wconf 91' lang='lat'><strong>,</strong></span> <span class='ocrx_word' id='word_1_100' title='bbox 1739 1692 1859 1733; x_wconf 91' lang='lat' dir='ltr'><strong>mo-</strong></span> 
     </span>
    </p>
   </div>
   <div class='ocr_carea' id='block_1_13' title="bbox 258 1740 1854 1839">
    <p class='ocr_par' dir='ltr' id='par_1_13' title="bbox 258 1740 1854 1839">
     <span class='ocr_line' id='line_1_13' title="bbox 258 1740 1854 1839; baseline 0.019 -44"><span class='ocrx_word' id='word_1_101' title='bbox 258 1740 358 1796; x_wconf 87' lang='lat' dir='ltr'><strong>dus</strong></span> <span class='ocrx_word' id='word_1_102' title='bbox 386 1784 402 1807; x_wconf 93' lang='lat'><strong>,</strong></span> <span class='ocrx_word' id='word_1_103' title='bbox 429 1748 644 1816; x_wconf 86' lang='lat' dir='ltr'><strong>species</strong></span> <span class='ocrx_word' id='word_1_104' title='bbox 674 1759 728 1805; x_wconf 91' lang='lat' dir='ltr'><strong>et</strong></span> <span class='ocrx_word' id='word_1_105' title='bbox 749 1752 883 1808; x_wconf 84' lang='lat' dir='ltr'><strong>ordo</strong></span> <span class='ocrx_word' id='word_1_106' title='bbox 905 1796 921 1820; x_wconf 92' lang='lat'><strong>,</strong></span> <span class='ocrx_word' id='word_1_107' title='bbox 947 1763 1006 1810; x_wconf 90' lang='lat' dir='ltr'><strong>ut</strong></span> <span class='ocrx_word' id='word_1_108' title='bbox 1024 1756 1092 1812; x_wconf 90' lang='lat' dir='ltr'><strong>de</strong></span> <span class='ocrx_word' id='word_1_109' title='bbox 1111 1740 1587 1822; x_wconf 82' lang='lat' dir='ltr'><strong>innumerabilibus</strong></span> <span class='ocrx_word' id='word_1_110' title='bbox 1613 1775 1813 1824; x_wconf 84' lang='lat' dir='ltr'><strong>taceam</strong></span> <span class='ocrx_word' id='word_1_111' title='bbox 1836 1811 1854 1839; x_wconf 88' lang='lat'><strong>,</strong></span> 
     </span>
    </p>
   </div>
   <div class='ocr_carea' id='block_1_14' title="bbox 257 1837 1855 1933">
    <p class='ocr_par' dir='ltr' id='par_1_14' title="bbox 257 1837 1855 1933">
     <span class='ocr_line' id='line_1_14' title="bbox 257 1837 1855 1933; baseline 0.019 -46"><span class='ocrx_word' id='word_1_112' title='bbox 257 1847 382 1904; x_wconf 73' lang='lat' dir='ltr'><strong>qua:</strong></span> <span class='ocrx_word' id='word_1_113' title='bbox 412 1837 483 1892; x_wconf 88' lang='lat' dir='ltr'><strong>ad</strong></span> <span class='ocrx_word' id='word_1_114' title='bbox 523 1839 626 1896; x_wconf 88' lang='lat' dir='ltr'><strong>ista</strong></span> <span class='ocrx_word' id='word_1_115' title='bbox 671 1843 769 1898; x_wconf 84' lang='lat' dir='ltr'><strong>tria</strong></span> <span class='ocrx_word' id='word_1_116' title='bbox 811 1847 1082 1915; x_wconf 83' lang='lat' dir='ltr'><strong>pertinere</strong></span> <span class='ocrx_word' id='word_1_117' title='bbox 1123 1860 1526 1924; x_wconf 85' lang='lat' dir='ltr'><strong>monstrantur;</strong></span> <span class='ocrx_word' id='word_1_118' title='bbox 1564 1858 1682 1915; x_wconf 74' lang='lat' dir='ltr'><strong>haec</strong></span> <span class='ocrx_word' id='word_1_119' title='bbox 1725 1877 1855 1933; x_wconf 89' lang='lat' dir='ltr'><strong>ergo</strong></span> 
     </span>
    </p>
   </div>
   <div class='ocr_carea' id='block_1_15' title="bbox 258 1927 1853 2018">
    <p class='ocr_par' dir='ltr' id='par_1_15' title="bbox 258 1927 1853 2018">
     <span class='ocr_line' id='line_1_15' title="bbox 258 1927 1853 2018; baseline 0.02 -40"><span class='ocrx_word' id='word_1_120' title='bbox 258 1927 360 1980; x_wconf 83' lang='lat' dir='ltr'><strong>tria</strong></span> <span class='ocrx_word' id='word_1_121' title='bbox 387 1969 404 1994; x_wconf 89' lang='lat'><strong>,</strong></span> <span class='ocrx_word' id='word_1_122' title='bbox 431 1931 626 1988; x_wconf 90' lang='lat' dir='ltr'><strong>modus</strong></span> <span class='ocrx_word' id='word_1_123' title='bbox 645 1975 661 1999; x_wconf 91' lang='lat'><strong>,</strong></span> <span class='ocrx_word' id='word_1_124' title='bbox 689 1937 897 2005; x_wconf 86' lang='lat' dir='ltr'><strong>species</strong></span> <span class='ocrx_word' id='word_1_125' title='bbox 917 1981 933 2006; x_wconf 92' lang='lat'><strong>,</strong></span> <span class='ocrx_word' id='word_1_126' title='bbox 956 1940 1089 1996; x_wconf 89' lang='lat' dir='ltr'><strong>ordo</strong></span> <span class='ocrx_word' id='word_1_127' title='bbox 1113 1983 1128 2011; x_wconf 87' lang='lat'><strong>,</strong></span> <span class='ocrx_word' id='word_1_128' title='bbox 1152 1951 1402 2015; x_wconf 84' lang='lat' dir='ltr'><strong>tanquam</strong></span> <span class='ocrx_word' id='word_1_129' title='bbox 1421 1949 1692 2018; x_wconf 85' lang='lat' dir='ltr'><strong>generalia</strong></span> <span class='ocrx_word' id='word_1_130' title='bbox 1713 1952 1853 2010; x_wconf 87' lang='lat' dir='ltr'><strong>bona</strong></span> 
     </span>
    </p>
   </div>
   <div class='ocr_carea' id='block_1_16' title="bbox 249 2018 1848 2110">
    <p class='ocr_par' dir='ltr' id='par_1_16' title="bbox 249 2018 1848 2110">
     <span class='ocr_line' id='line_1_16' title="bbox 249 2018 1848 2110; baseline 0.018 -38"><span class='ocrx_word' id='word_1_131' title='bbox 249 2027 378 2072; x_wconf 87' lang='lat' dir='ltr'><strong>sunt</strong></span> <span class='ocrx_word' id='word_1_132' title='bbox 407 2018 464 2074; x_wconf 90' lang='lat' dir='ltr'><strong>in</strong></span> <span class='ocrx_word' id='word_1_133' title='bbox 491 2022 654 2081; x_wconf 86' lang='lat' dir='ltr'><strong>rebus</strong></span> <span class='ocrx_word' id='word_1_134' title='bbox 696 2040 728 2081; x_wconf 90' lang='lat' dir='ltr'><strong>a</strong></span> <span class='ocrx_word' id='word_1_135' title='bbox 773 2027 885 2084; x_wconf 90' lang='lat' dir='ltr'><strong>Deo</strong></span> <span class='ocrx_word' id='word_1_136' title='bbox 923 2029 1116 2100; x_wconf 80' lang='lat' dir='ltr'><strong>factis,</strong></span> <span class='ocrx_word' id='word_1_137' title='bbox 1161 2035 1274 2091; x_wconf 85' lang='lat' dir='ltr'><strong>sive</strong></span> <span class='ocrx_word' id='word_1_138' title='bbox 1315 2037 1367 2092; x_wconf 91' lang='lat' dir='ltr'><strong>in</strong></span> <span class='ocrx_word' id='word_1_139' title='bbox 1402 2040 1591 2110; x_wconf 84' lang='lat' dir='ltr'><strong>spiritu</strong></span> <span class='ocrx_word' id='word_1_140' title='bbox 1615 2082 1630 2108; x_wconf 94' lang='lat'><strong>,</strong></span> <span class='ocrx_word' id='word_1_141' title='bbox 1658 2044 1770 2101; x_wconf 88' lang='lat' dir='ltr'><strong>sive</strong></span> <span class='ocrx_word' id='word_1_142' title='bbox 1796 2046 1848 2101; x_wconf 88' lang='lat' dir='ltr'><strong>in</strong></span> 
     </span>
    </p>
   </div>
   <div class='ocr_carea' id='block_1_17' title="bbox 251 2114 1847 2194">
    <p class='ocr_par' dir='ltr' id='par_1_17' title="bbox 251 2114 1847 2194">
     <span class='ocr_line' id='line_1_17' title="bbox 251 2114 1847 2194; baseline 0.018 -31"><span class='ocrx_word' id='word_1_143' title='bbox 251 2123 501 2179; x_wconf 89' lang='lat' dir='ltr'><strong>corpore.</strong></span> <span class='ocrx_word' id='word_1_144' title='bbox 533 2114 678 2171; x_wconf 90' lang='lat' dir='ltr'><strong>Deus</strong></span> <span class='ocrx_word' id='word_1_145' title='bbox 707 2117 884 2189; x_wconf 88' lang='lat' dir='ltr'><strong>itaque</strong></span> <span class='ocrx_word' id='word_1_146' title='bbox 909 2135 1070 2192; x_wconf 86' lang='lat' dir='ltr'><strong>supra</strong></span> <span class='ocrx_word' id='word_1_147' title='bbox 1098 2139 1313 2183; x_wconf 87' lang='lat' dir='ltr'><strong>omnem</strong></span> <span class='ocrx_word' id='word_1_148' title='bbox 1340 2139 1600 2188; x_wconf 83' lang='lat' dir='ltr'><strong>creaturae</strong></span> <span class='ocrx_word' id='word_1_149' title='bbox 1630 2135 1847 2194; x_wconf 91' lang='lat' dir='ltr'><strong>modum</strong></span> 
     </span>
    </p>
   </div>
   <div class='ocr_carea' id='block_1_18' title="bbox 251 2211 1843 2290">
    <p class='ocr_par' dir='ltr' id='par_1_18' title="bbox 251 2211 1843 2290">
     <span class='ocr_line' id='line_1_18' title="bbox 251 2211 1843 2290; baseline 0.019 -33"><span class='ocrx_word' id='word_1_150' title='bbox 251 2211 330 2257; x_wconf 86' lang='lat' dir='ltr'><strong>est</strong></span> <span class='ocrx_word' id='word_1_151' title='bbox 352 2245 369 2268; x_wconf 91' lang='lat'><strong>,</strong></span> <span class='ocrx_word' id='word_1_152' title='bbox 400 2219 568 2275; x_wconf 84' lang='lat' dir='ltr'><strong>supra</strong></span> <span class='ocrx_word' id='word_1_153' title='bbox 594 2224 808 2266; x_wconf 91' lang='lat' dir='ltr'><strong>omnem</strong></span> <span class='ocrx_word' id='word_1_154' title='bbox 835 2216 1071 2284; x_wconf 90' lang='lat' dir='ltr'><strong>speciem</strong></span> <span class='ocrx_word' id='word_1_155' title='bbox 1093 2259 1110 2287; x_wconf 90' lang='lat'><strong>,</strong></span> <span class='ocrx_word' id='word_1_156' title='bbox 1139 2235 1299 2290; x_wconf 86' lang='lat' dir='ltr'><strong>supra</strong></span> <span class='ocrx_word' id='word_1_157' title='bbox 1327 2238 1542 2281; x_wconf 90' lang='lat' dir='ltr'><strong>omnem</strong></span> <span class='ocrx_word' id='word_1_158' title='bbox 1564 2229 1843 2288; x_wconf 89' lang='lat' dir='ltr'><strong>ordinem:</strong></span> 
     </span>
    </p>
   </div>
   <div class='ocr_carea' id='block_1_19' title="bbox 248 2297 1845 2377">
    <p class='ocr_par' dir='ltr' id='par_1_19' title="bbox 248 2297 1845 2377">
     <span class='ocr_line' id='line_1_19' title="bbox 248 2297 1845 2377; baseline 0.019 -30"><span class='ocrx_word' id='word_1_159' title='bbox 248 2307 348 2348; x_wconf 85' lang='lat' dir='ltr'><strong>nec</strong></span> <span class='ocrx_word' id='word_1_160' title='bbox 375 2297 567 2366; x_wconf 87' lang='lat' dir='ltr'><strong>spatiis</strong></span> <span class='ocrx_word' id='word_1_161' title='bbox 597 2301 834 2358; x_wconf 90' lang='lat' dir='ltr'><strong>locorum</strong></span> <span class='ocrx_word' id='word_1_162' title='bbox 860 2306 1021 2376; x_wconf 85' lang='lat' dir='ltr'><strong>supra</strong></span> <span class='ocrx_word' id='word_1_163' title='bbox 1050 2317 1132 2364; x_wconf 90' lang='lat' dir='ltr'><strong>est</strong></span> <span class='ocrx_word' id='word_1_164' title='bbox 1154 2352 1171 2377; x_wconf 93' lang='lat'><strong>,</strong></span> <span class='ocrx_word' id='word_1_165' title='bbox 1211 2311 1308 2368; x_wconf 91' lang='lat' dir='ltr'><strong>sed</strong></span> <span class='ocrx_word' id='word_1_166' title='bbox 1342 2313 1596 2372; x_wconf 82' lang='lat' dir='ltr'><strong>incﬂ‘abili</strong></span> <span class='ocrx_word' id='word_1_167' title='bbox 1635 2327 1690 2374; x_wconf 90' lang='lat' dir='ltr'><strong>et</strong></span> <span class='ocrx_word' id='word_1_168' title='bbox 1731 2321 1845 2377; x_wconf 85' lang='lat' dir='ltr'><strong>sin-</strong></span> 
     </span>
    </p>
   </div>
   <div class='ocr_carea' id='block_1_20' title="bbox 244 2384 1838 2479">
    <p class='ocr_par' dir='ltr' id='par_1_20' title="bbox 244 2384 1838 2479">
     <span class='ocr_line' id='line_1_20' title="bbox 244 2384 1838 2479; baseline 0.021 -44"><span class='ocrx_word' id='word_1_169' title='bbox 244 2384 416 2453; x_wconf 84' lang='lat' dir='ltr'><strong>gulari</strong></span> <span class='ocrx_word' id='word_1_170' title='bbox 444 2391 682 2458; x_wconf 88' lang='lat' dir='ltr'><strong>potentia</strong></span> <span class='ocrx_word' id='word_1_171' title='bbox 706 2431 723 2460; x_wconf 89' lang='lat'><strong>,</strong></span> <span class='ocrx_word' id='word_1_172' title='bbox 748 2407 778 2446; x_wconf 89' lang='lat' dir='ltr'><strong>a</strong></span> <span class='ocrx_word' id='word_1_173' title='bbox 804 2409 910 2463; x_wconf 91' lang='lat' dir='ltr'><strong>quo</strong></span> <span class='ocrx_word' id='word_1_174' title='bbox 930 2399 1106 2454; x_wconf 90' lang='lat' dir='ltr'><strong>omnis</strong></span> <span class='ocrx_word' id='word_1_175' title='bbox 1130 2401 1324 2458; x_wconf 91' lang='lat' dir='ltr'><strong>modus</strong></span> <span class='ocrx_word' id='word_1_176' title='bbox 1347 2446 1363 2472; x_wconf 95' lang='lat'><strong>,</strong></span> <span class='ocrx_word' id='word_1_177' title='bbox 1393 2408 1570 2462; x_wconf 91' lang='lat' dir='ltr'><strong>omnis</strong></span> <span class='ocrx_word' id='word_1_178' title='bbox 1591 2411 1800 2479; x_wconf 91' lang='lat' dir='ltr'><strong>species</strong></span> <span class='ocrx_word' id='word_1_179' title='bbox 1825 2453 1838 2478; x_wconf 95' lang='lat'><strong>,</strong></span> 
     </span>
    </p>
   </div>
   <div class='ocr_carea' id='block_1_21' title="bbox 249 2475 1838 2572">
    <p class='ocr_par' dir='ltr' id='par_1_21' title="bbox 249 2475 1838 2572">
     <span class='ocr_line' id='line_1_21' title="bbox 249 2475 1838 2572; baseline 0.022 -46"><span class='ocrx_word' id='word_1_180' title='bbox 249 2475 429 2530; x_wconf 85' lang='lat' dir='ltr'><strong>omnis</strong></span> <span class='ocrx_word' id='word_1_181' title='bbox 457 2477 613 2534; x_wconf 90' lang='lat' dir='ltr'><strong>ordo.</strong></span> <span class='ocrx_word' id='word_1_182' title='bbox 642 2481 768 2537; x_wconf 78' lang='lat' dir='ltr'><strong>llaec</strong></span> <span class='ocrx_word' id='word_1_183' title='bbox 808 2486 908 2540; x_wconf 89' lang='lat' dir='ltr'><strong>tria</strong></span> <span class='ocrx_word' id='word_1_184' title='bbox 953 2487 1043 2543; x_wconf 91' lang='lat' dir='ltr'><strong>ubi</strong></span> <span class='ocrx_word' id='word_1_185' title='bbox 1077 2504 1267 2562; x_wconf 85' lang='lat' dir='ltr'><strong>magna</strong></span> <span class='ocrx_word' id='word_1_186' title='bbox 1296 2505 1456 2566; x_wconf 91' lang='lat' dir='ltr'><strong>sunt,</strong></span> <span class='ocrx_word' id='word_1_187' title='bbox 1483 2514 1674 2572; x_wconf 83' lang='lat' dir='ltr'><strong>magna</strong></span> <span class='ocrx_word' id='word_1_188' title='bbox 1700 2503 1838 2560; x_wconf 89' lang='lat' dir='ltr'><strong>bona</strong></span> 
     </span>
    </p>
   </div>
   <div class='ocr_carea' id='block_1_22' title="bbox 239 2569 1838 2654">
    <p class='ocr_par' dir='ltr' id='par_1_22' title="bbox 239 2569 1838 2654">
     <span class='ocr_line' id='line_1_22' title="bbox 239 2569 1838 2654; baseline 0.023 -35"><span class='ocrx_word' id='word_1_189' title='bbox 239 2577 409 2622; x_wconf 76' lang='lat' dir='ltr'><strong>sunt:</strong></span> <span class='ocrx_word' id='word_1_190' title='bbox 446 2569 537 2626; x_wconf 90' lang='lat' dir='ltr'><strong>ubi</strong></span> <span class='ocrx_word' id='word_1_191' title='bbox 566 2587 730 2642; x_wconf 88' lang='lat' dir='ltr'><strong>parva</strong></span> <span class='ocrx_word' id='word_1_192' title='bbox 757 2586 918 2646; x_wconf 89' lang='lat' dir='ltr'><strong>sunt,</strong></span> <span class='ocrx_word' id='word_1_193' title='bbox 965 2595 1129 2650; x_wconf 86' lang='lat' dir='ltr'><strong>parva</strong></span> <span class='ocrx_word' id='word_1_194' title='bbox 1167 2585 1308 2642; x_wconf 91' lang='lat' dir='ltr'><strong>bona</strong></span> <span class='ocrx_word' id='word_1_195' title='bbox 1348 2599 1518 2646; x_wconf 88' lang='lat' dir='ltr'><strong>sunt:</strong></span> <span class='ocrx_word' id='word_1_196' title='bbox 1565 2569 1651 2650; x_wconf 83' lang='lat' dir='ltr'><strong>ubi</strong></span> <span class='ocrx_word' id='word_1_197' title='bbox 1692 2597 1838 2654; x_wconf 89' lang='lat' dir='ltr'><strong>nulla</strong></span> 
     </span>
    </p>
   </div>
   <div class='ocr_carea' id='block_1_23' title="bbox 239 2662 1838 2744">
    <p class='ocr_par' dir='ltr' id='par_1_23' title="bbox 239 2662 1838 2744">
     <span class='ocr_line' id='line_1_23' title="bbox 239 2662 1838 2744; baseline 0.023 -34"><span class='ocrx_word' id='word_1_198' title='bbox 239 2667 404 2726; x_wconf 83' lang='lat' dir='ltr'><strong>sunt,</strong></span> <span class='ocrx_word' id='word_1_199' title='bbox 439 2662 649 2727; x_wconf 87' lang='lat' dir='ltr'><strong>nullum</strong></span> <span class='ocrx_word' id='word_1_200' title='bbox 675 2665 876 2724; x_wconf 91' lang='lat' dir='ltr'><strong>bonum</strong></span> <span class='ocrx_word' id='word_1_201' title='bbox 901 2678 1006 2727; x_wconf 88' lang='lat' dir='ltr'><strong>est.</strong></span> <span class='ocrx_word' id='word_1_202' title='bbox 1036 2674 1105 2729; x_wconf 90' lang='lat' dir='ltr'><strong>Et</strong></span> <span class='ocrx_word' id='word_1_203' title='bbox 1127 2691 1315 2734; x_wconf 85' lang='lat' dir='ltr'><strong>rursus</strong></span> <span class='ocrx_word' id='word_1_204' title='bbox 1341 2681 1430 2736; x_wconf 92' lang='lat' dir='ltr'><strong>ubi</strong></span> <span class='ocrx_word' id='word_1_205' title='bbox 1456 2681 1571 2739; x_wconf 67' lang='lat' dir='ltr'><strong>hinc</strong></span> <span class='ocrx_word' id='word_1_206' title='bbox 1595 2687 1696 2743; x_wconf 86' lang='lat' dir='ltr'><strong>tria</strong></span> <span class='ocrx_word' id='word_1_207' title='bbox 1722 2704 1838 2744; x_wconf 89' lang='lat' dir='ltr'><strong>ma-</strong></span> 
     </span>
    </p>
   </div>
   <div class='ocr_carea' id='block_1_24' title="bbox 237 2762 1836 2849">
    <p class='ocr_par' dir='ltr' id='par_1_24' title="bbox 237 2762 1836 2849">
     <span class='ocr_line' id='line_1_24' title="bbox 237 2762 1836 2849; baseline 0.021 -48"><span class='ocrx_word' id='word_1_208' title='bbox 237 2763 339 2818; x_wconf 85' lang='lat' dir='ltr'><strong>gna</strong></span> <span class='ocrx_word' id='word_1_209' title='bbox 365 2762 534 2820; x_wconf 90' lang='lat' dir='ltr'><strong>sunt,</strong></span> <span class='ocrx_word' id='word_1_210' title='bbox 563 2771 774 2827; x_wconf 60' lang='lat' dir='ltr'><strong>magna;</strong></span> <span class='ocrx_word' id='word_1_211' title='bbox 801 2769 1008 2818; x_wconf 66' lang='lat' dir='ltr'><strong>naturae</strong></span> <span class='ocrx_word' id='word_1_212' title='bbox 1029 2774 1154 2836; x_wconf 82' lang='lat' dir='ltr'><strong>sunt</strong></span> <span class='ocrx_word' id='word_1_213' title='bbox 1179 2785 1193 2821; x_wconf 90' lang='lat'><strong>:</strong></span> <span class='ocrx_word' id='word_1_214' title='bbox 1221 2768 1313 2824; x_wconf 92' lang='lat' dir='ltr'><strong>ubi</strong></span> <span class='ocrx_word' id='word_1_215' title='bbox 1339 2785 1502 2840; x_wconf 89' lang='lat' dir='ltr'><strong>parva</strong></span> <span class='ocrx_word' id='word_1_216' title='bbox 1527 2785 1686 2844; x_wconf 92' lang='lat' dir='ltr'><strong>sunt,</strong></span> <span class='ocrx_word' id='word_1_217' title='bbox 1714 2793 1836 2849; x_wconf 87' lang='lat' dir='ltr'><strong>par-</strong></span> 
     </span>
    </p>
   </div>
   <div class='ocr_carea' id='block_1_25' title="bbox 237 2852 1830 2930">
    <p class='ocr_par' dir='ltr' id='par_1_25' title="bbox 237 2852 1830 2930">
     <span class='ocr_line' id='line_1_25' title="bbox 237 2852 1830 2930; baseline 0.02 -35"><span class='ocrx_word' id='word_1_218' title='bbox 237 2856 315 2897; x_wconf 76' lang='lat' dir='ltr'><strong>va:</strong></span> <span class='ocrx_word' id='word_1_219' title='bbox 341 2852 552 2901; x_wconf 62' lang='lat' dir='ltr'><strong>natura:</strong></span> <span class='ocrx_word' id='word_1_220' title='bbox 581 2858 749 2905; x_wconf 89' lang='lat' dir='ltr'><strong>sunt:</strong></span> <span class='ocrx_word' id='word_1_221' title='bbox 791 2852 884 2908; x_wconf 90' lang='lat' dir='ltr'><strong>ubi</strong></span> <span class='ocrx_word' id='word_1_222' title='bbox 924 2855 1068 2911; x_wconf 90' lang='lat' dir='ltr'><strong>nulla</strong></span> <span class='ocrx_word' id='word_1_223' title='bbox 1111 2869 1275 2930; x_wconf 89' lang='lat' dir='ltr'><strong>sunt,</strong></span> <span class='ocrx_word' id='word_1_224' title='bbox 1320 2863 1466 2919; x_wconf 90' lang='lat' dir='ltr'><strong>nulla</strong></span> <span class='ocrx_word' id='word_1_225' title='bbox 1501 2875 1691 2925; x_wconf 88' lang='lat' dir='ltr'><strong>natura</strong></span> <span class='ocrx_word' id='word_1_226' title='bbox 1727 2879 1830 2926; x_wconf 91' lang='lat' dir='ltr'><strong>est.</strong></span> 
     </span>
    </p>
   </div>
   <div class='ocr_carea' id='block_1_26' title="bbox 245 2933 1112 3010">
    <p class='ocr_par' dir='ltr' id='par_1_26' title="bbox 245 2933 1112 3010">
     <span class='ocr_line' id='line_1_26' title="bbox 245 2933 1112 3010; baseline 0.012 -17"><span class='ocrx_word' id='word_1_227' title='bbox 245 2933 432 2993; x_wconf 87' lang='lat' dir='ltr'><strong>Omnis</strong></span> <span class='ocrx_word' id='word_1_228' title='bbox 462 2954 594 3010; x_wconf 86' lang='lat' dir='ltr'><strong>ergo</strong></span> <span class='ocrx_word' id='word_1_229' title='bbox 623 2951 812 2998; x_wconf 89' lang='lat' dir='ltr'><strong>natura</strong></span> <span class='ocrx_word' id='word_1_230' title='bbox 843 2945 983 3002; x_wconf 87' lang='lat' dir='ltr'><strong>bona</strong></span> <span class='ocrx_word' id='word_1_231' title='bbox 1009 2958 1112 3005; x_wconf 89' lang='lat' dir='ltr'><strong>est.</strong></span> 
     </span>
    </p>
   </div>
   <div class='ocr_carea' id='block_1_27' title="bbox 301 3027 1832 3124">
    <p class='ocr_par' dir='ltr' id='par_1_27' title="bbox 301 3027 1832 3124">
     <span class='ocr_line' id='line_1_27' title="bbox 301 3027 1832 3124; baseline 0.018 -42"><span class='ocrx_word' id='word_1_232' title='bbox 301 3027 532 3084; x_wconf 77' lang='lat' dir='ltr'><strong>CAPUT</strong></span> <span class='ocrx_word' id='word_1_233' title='bbox 572 3030 661 3087; x_wconf 83' lang='lat' dir='ltr'><strong>IV.</strong></span> <span class='ocrx_word' id='word_1_234' title='bbox 688 3063 761 3074; x_wconf 87' lang='lat'><strong>-—</strong></span> <span class='ocrx_word' id='word_1_235' title='bbox 791 3035 990 3093; x_wconf 79' lang='lat' dir='ltr'><strong>Malum</strong></span> <span class='ocrx_word' id='word_1_236' title='bbox 1021 3049 1095 3096; x_wconf 84' lang='lat' dir='ltr'><strong>est</strong></span> <span class='ocrx_word' id='word_1_237' title='bbox 1132 3047 1388 3117; x_wconf 78' lang='lat' dir='ltr'><strong>corruptio</strong></span> <span class='ocrx_word' id='word_1_238' title='bbox 1428 3050 1604 3117; x_wconf 87' lang='lat' dir='ltr'><strong>modi,</strong></span> <span class='ocrx_word' id='word_1_239' title='bbox 1648 3055 1832 3124; x_wconf 80' lang='lat' dir='ltr'><strong>speciei</strong></span> 
     </span>
    </p>
   </div>
   <div class='ocr_carea' id='block_1_28' title="bbox 234 3121 1824 3215">
    <p class='ocr_par' dir='ltr' id='par_1_28' title="bbox 234 3121 1824 3215">
     <span class='ocr_line' id='line_1_28' title="bbox 234 3121 1824 3215; baseline 0.021 -46"><span class='ocrx_word' id='word_1_240' title='bbox 234 3128 319 3171; x_wconf 81' lang='lat' dir='ltr'><strong>aut</strong></span> <span class='ocrx_word' id='word_1_241' title='bbox 346 3121 566 3176; x_wconf 82' lang='lat' dir='ltr'><strong>ordinis.</strong></span> <span class='ocrx_word' id='word_1_242' title='bbox 599 3123 831 3183; x_wconf 89' lang='lat' dir='ltr'><strong>Proinde</strong></span> <span class='ocrx_word' id='word_1_243' title='bbox 860 3144 981 3185; x_wconf 90' lang='lat' dir='ltr'><strong>cum</strong></span> <span class='ocrx_word' id='word_1_244' title='bbox 1007 3136 1266 3204; x_wconf 85' lang='lat' dir='ltr'><strong>quaeritur</strong></span> <span class='ocrx_word' id='word_1_245' title='bbox 1292 3139 1433 3197; x_wconf 89' lang='lat' dir='ltr'><strong>unde</strong></span> <span class='ocrx_word' id='word_1_246' title='bbox 1478 3142 1549 3197; x_wconf 90' lang='lat' dir='ltr'><strong>sit</strong></span> <span class='ocrx_word' id='word_1_247' title='bbox 1589 3147 1785 3202; x_wconf 89' lang='lat' dir='ltr'><strong>malum</strong></span> <span class='ocrx_word' id='word_1_248' title='bbox 1808 3191 1824 3215; x_wconf 92' lang='lat'><strong>,</strong></span> 
     </span>
    </p>
   </div>
   <div class='ocr_carea' id='block_1_29' title="bbox 232 3211 1825 3306">
    <p class='ocr_par' dir='ltr' id='par_1_29' title="bbox 232 3211 1825 3306">
     <span class='ocr_line' id='line_1_29' title="bbox 232 3211 1825 3306; baseline 0.021 -43"><span class='ocrx_word' id='word_1_249' title='bbox 232 3211 375 3280; x_wconf 89' lang='lat' dir='ltr'><strong>prius</strong></span> <span class='ocrx_word' id='word_1_250' title='bbox 405 3216 761 3283; x_wconf 57' lang='lat' dir='ltr'><strong>quaerendum</strong></span> <span class='ocrx_word' id='word_1_251' title='bbox 808 3229 892 3277; x_wconf 89' lang='lat' dir='ltr'><strong>est</strong></span> <span class='ocrx_word' id='word_1_252' title='bbox 935 3225 1062 3294; x_wconf 90' lang='lat' dir='ltr'><strong>quid</strong></span> <span class='ocrx_word' id='word_1_253' title='bbox 1103 3229 1174 3283; x_wconf 87' lang='lat' dir='ltr'><strong>sit</strong></span> <span class='ocrx_word' id='word_1_254' title='bbox 1215 3232 1459 3288; x_wconf 90' lang='lat' dir='ltr'><strong>malum:</strong></span> <span class='ocrx_word' id='word_1_255' title='bbox 1508 3238 1650 3306; x_wconf 90' lang='lat' dir='ltr'><strong>quod</strong></span> <span class='ocrx_word' id='word_1_256' title='bbox 1693 3211 1825 3297; x_wconf 84' lang='lat' dir='ltr'><strong>nihil</strong></span> 
     </span>
    </p>
   </div>
   <div class='ocr_carea' id='block_1_30' title="bbox 227 3302 1824 3401">
    <p class='ocr_par' dir='ltr' id='par_1_30' title="bbox 227 3302 1824 3401">
     <span class='ocr_line' id='line_1_30' title="bbox 227 3302 1824 3401; baseline 0.023 -46"><span class='ocrx_word' id='word_1_257' title='bbox 227 3302 366 3357; x_wconf 82' lang='lat' dir='ltr'><strong>aliud</strong></span> <span class='ocrx_word' id='word_1_258' title='bbox 393 3313 480 3360; x_wconf 89' lang='lat' dir='ltr'><strong>est</strong></span> <span class='ocrx_word' id='word_1_259' title='bbox 507 3322 670 3376; x_wconf 87' lang='lat' dir='ltr'><strong>quam</strong></span> <span class='ocrx_word' id='word_1_260' title='bbox 694 3317 966 3384; x_wconf 88' lang='lat' dir='ltr'><strong>corruptio</strong></span> <span class='ocrx_word' id='word_1_261' title='bbox 987 3359 1004 3385; x_wconf 90' lang='lat'><strong>,</strong></span> <span class='ocrx_word' id='word_1_262' title='bbox 1037 3320 1120 3375; x_wconf 85' lang='lat' dir='ltr'><strong>vel</strong></span> <span class='ocrx_word' id='word_1_263' title='bbox 1148 3323 1293 3378; x_wconf 92' lang='lat' dir='ltr'><strong>modi</strong></span> <span class='ocrx_word' id='word_1_264' title='bbox 1319 3365 1336 3392; x_wconf 92' lang='lat'><strong>,</strong></span> <span class='ocrx_word' id='word_1_265' title='bbox 1363 3327 1447 3382; x_wconf 87' lang='lat' dir='ltr'><strong>vel</strong></span> <span class='ocrx_word' id='word_1_266' title='bbox 1472 3302 1669 3399; x_wconf 83' lang='lat' dir='ltr'><strong>speciei</strong></span> <span class='ocrx_word' id='word_1_267' title='bbox 1694 3375 1710 3401; x_wconf 92' lang='lat'><strong>,</strong></span> <span class='ocrx_word' id='word_1_268' title='bbox 1740 3336 1824 3392; x_wconf 89' lang='lat' dir='ltr'><strong>vel</strong></span> 
     </span>
    </p>
   </div>
   <div class='ocr_carea' id='block_1_31' title="bbox 225 3393 1823 3495">
    <p class='ocr_par' dir='ltr' id='par_1_31' title="bbox 225 3393 1823 3495">
     <span class='ocr_line' id='line_1_31' title="bbox 225 3393 1823 3495; baseline 0.023 -50"><span class='ocrx_word' id='word_1_269' title='bbox 225 3393 427 3451; x_wconf 88' lang='lat' dir='ltr'><strong>ordinis</strong></span> <span class='ocrx_word' id='word_1_270' title='bbox 471 3401 755 3457; x_wconf 84' lang='lat' dir='ltr'><strong>naturalis.</strong></span> <span class='ocrx_word' id='word_1_271' title='bbox 799 3403 934 3461; x_wconf 86' lang='lat' dir='ltr'><strong>Mala</strong></span> <span class='ocrx_word' id='word_1_272' title='bbox 973 3407 1152 3480; x_wconf 89' lang='lat' dir='ltr'><strong>itaque</strong></span> <span class='ocrx_word' id='word_1_273' title='bbox 1191 3423 1382 3471; x_wconf 86' lang='lat' dir='ltr'><strong>natura</strong></span> <span class='ocrx_word' id='word_1_274' title='bbox 1423 3393 1654 3488; x_wconf 79' lang='lat' dir='ltr'><strong>dicitur,</strong></span> <span class='ocrx_word' id='word_1_275' title='bbox 1702 3440 1823 3495; x_wconf 68' lang='lat' dir='ltr'><strong>qua:</strong></span> 
     </span>
    </p>
   </div>
   <div class='ocr_carea' id='block_1_32' title="bbox 225 3498 1820 3578">
    <p class='ocr_par' dir='ltr' id='par_1_32' title="bbox 225 3498 1820 3578">
     <span class='ocr_line' id='line_1_32' title="bbox 225 3498 1820 3578; baseline 0.022 -39"><span class='ocrx_word' id='word_1_276' title='bbox 225 3498 475 3558; x_wconf 85' lang='lat' dir='ltr'><strong>corrupta</strong></span> <span class='ocrx_word' id='word_1_277' title='bbox 507 3501 632 3547; x_wconf 89' lang='lat' dir='ltr'><strong>est:</strong></span> <span class='ocrx_word' id='word_1_278' title='bbox 665 3510 789 3551; x_wconf 91' lang='lat' dir='ltr'><strong>nam</strong></span> <span class='ocrx_word' id='word_1_279' title='bbox 833 3498 1144 3574; x_wconf 87' lang='lat' dir='ltr'><strong>incorrupta</strong></span> <span class='ocrx_word' id='word_1_280' title='bbox 1183 3507 1367 3578; x_wconf 90' lang='lat' dir='ltr'><strong>utique</strong></span> <span class='ocrx_word' id='word_1_281' title='bbox 1410 3510 1550 3567; x_wconf 83' lang='lat' dir='ltr'><strong>bona</strong></span> <span class='ocrx_word' id='word_1_282' title='bbox 1577 3524 1680 3571; x_wconf 90' lang='lat' dir='ltr'><strong>est.</strong></span> <span class='ocrx_word' id='word_1_283' title='bbox 1711 3518 1820 3574; x_wconf 88' lang='lat' dir='ltr'><strong>Sed</strong></span> 
     </span>
    </p>
   </div>
   <div class='ocr_carea' id='block_1_33' title="bbox 223 3577 1818 3674">
    <p class='ocr_par' dir='ltr' id='par_1_33' title="bbox 223 3577 1818 3674">
     <span class='ocr_line' id='line_1_33' title="bbox 223 3577 1818 3674; baseline 0.023 -44"><span class='ocrx_word' id='word_1_284' title='bbox 223 3577 379 3633; x_wconf 88' lang='lat' dir='ltr'><strong>etiam</strong></span> <span class='ocrx_word' id='word_1_285' title='bbox 411 3580 532 3652; x_wconf 87' lang='lat' dir='ltr'><strong>ipsa</strong></span> <span class='ocrx_word' id='word_1_286' title='bbox 559 3595 821 3659; x_wconf 89' lang='lat' dir='ltr'><strong>.corrupta</strong></span> <span class='ocrx_word' id='word_1_287' title='bbox 845 3630 861 3657; x_wconf 90' lang='lat'><strong>,</strong></span> <span class='ocrx_word' id='word_1_288' title='bbox 908 3592 961 3646; x_wconf 91' lang='lat' dir='ltr'><strong>in</strong></span> <span class='ocrx_word' id='word_1_289' title='bbox 999 3605 1254 3664; x_wconf 88' lang='lat' dir='ltr'><strong>quantum</strong></span> <span class='ocrx_word' id='word_1_290' title='bbox 1280 3577 1483 3658; x_wconf 71' lang='lat' dir='ltr'><strong>natura</strong></span> <span class='ocrx_word' id='word_1_291' title='bbox 1523 3614 1606 3661; x_wconf 92' lang='lat' dir='ltr'><strong>est</strong></span> <span class='ocrx_word' id='word_1_292' title='bbox 1631 3647 1648 3674; x_wconf 91' lang='lat'><strong>,</strong></span> <span class='ocrx_word' id='word_1_293' title='bbox 1677 3608 1818 3668; x_wconf 86' lang='lat' dir='ltr'><strong>bona</strong></span> 
     </span>
    </p>
   </div>
   <div class='ocr_carea' id='block_1_34' title="bbox 221 3675 1437 3755">
    <p class='ocr_par' dir='ltr' id='par_1_34' title="bbox 221 3675 1437 3755">
     <span class='ocr_line' id='line_1_34' title="bbox 221 3675 1437 3755; baseline 0.021 -32"><span class='ocrx_word' id='word_1_294' title='bbox 221 3679 336 3735; x_wconf 86' lang='lat' dir='ltr'><strong>est;</strong></span> <span class='ocrx_word' id='word_1_295' title='bbox 366 3675 422 3727; x_wconf 92' lang='lat' dir='ltr'><strong>in</strong></span> <span class='ocrx_word' id='word_1_296' title='bbox 451 3687 714 3745; x_wconf 85' lang='lat' dir='ltr'><strong>quantum</strong></span> <span class='ocrx_word' id='word_1_297' title='bbox 744 3692 992 3754; x_wconf 89' lang='lat' dir='ltr'><strong>corrupta</strong></span> <span class='ocrx_word' id='word_1_298' title='bbox 1021 3695 1108 3743; x_wconf 90' lang='lat' dir='ltr'><strong>est</strong></span> <span class='ocrx_word' id='word_1_299' title='bbox 1127 3729 1142 3755; x_wconf 93' lang='lat'><strong>,</strong></span> <span class='ocrx_word' id='word_1_300' title='bbox 1171 3692 1310 3746; x_wconf 90' lang='lat' dir='ltr'><strong>mala</strong></span> <span class='ocrx_word' id='word_1_301' title='bbox 1335 3702 1437 3750; x_wconf 89' lang='lat' dir='ltr'><strong>est.</strong></span> 
     </span>
    </p>
   </div>
   <div class='ocr_carea' id='block_1_35' title="bbox 284 3761 1814 3852">
    <p class='ocr_par' dir='ltr' id='par_1_35' title="bbox 284 3761 1814 3852">
     <span class='ocr_line' id='line_1_35' title="bbox 284 3761 1814 3852; baseline 0.024 -36"><span class='ocrx_word' id='word_1_302' title='bbox 284 3761 519 3820; x_wconf 85' lang='lat' dir='ltr'><strong>CAPUT</strong></span> <span class='ocrx_word' id='word_1_303' title='bbox 569 3767 633 3822; x_wconf 71' lang='grc' dir='ltr'><strong>γ.</strong></span> <span class='ocrx_word' id='word_1_304' title='bbox 656 3798 729 3812; x_wconf 90' lang='lat'><strong>—-</strong></span> <span class='ocrx_word' id='word_1_305' title='bbox 774 3772 978 3829; x_wconf 88' lang='lat' dir='ltr'><strong>Natura</strong></span> <span class='ocrx_word' id='word_1_306' title='bbox 1021 3780 1387 3839; x_wconf 66' lang='lat' dir='ltr'><strong>excellentiam</strong></span> <span class='ocrx_word' id='word_1_307' title='bbox 1430 3790 1624 3846; x_wconf 80' lang='lat' dir='ltr'><strong>ordinis</strong></span> <span class='ocrx_word' id='word_1_308' title='bbox 1659 3796 1814 3852; x_wconf 87' lang='lat' dir='ltr'><strong>etiam</strong></span> 
     </span>
    </p>
   </div>
   <div class='ocr_carea' id='block_1_36' title="bbox 216 3859 1808 3957">
    <p class='ocr_par' dir='ltr' id='par_1_36' title="bbox 216 3859 1808 3957">
     <span class='ocr_line' id='line_1_36' title="bbox 216 3859 1808 3957; baseline 0.025 -53"><span class='ocrx_word' id='word_1_309' title='bbox 216 3865 458 3924; x_wconf 82' lang='lat' dir='ltr'><strong>corrupta</strong></span> <span class='ocrx_word' id='word_1_310' title='bbox 504 3859 686 3914; x_wconf 82' lang='lat' dir='ltr'><strong>metior</strong></span> <span class='ocrx_word' id='word_1_311' title='bbox 728 3863 979 3920; x_wconf 82' lang='lat' dir='ltr'><strong>interdum</strong></span> <span class='ocrx_word' id='word_1_312' title='bbox 1019 3869 1257 3941; x_wconf 81' lang='lat' dir='ltr'><strong>inferiore</strong></span> <span class='ocrx_word' id='word_1_313' title='bbox 1300 3877 1451 3933; x_wconf 86' lang='lat' dir='ltr'><strong>etiam</strong></span> <span class='ocrx_word' id='word_1_314' title='bbox 1495 3882 1808 3957; x_wconf 84' lang='lat' dir='ltr'><strong>incorrupta.</strong></span> 
     </span>
    </p>
   </div>
   <div class='ocr_carea' id='block_1_37' title="bbox 215 3941 1811 4042">
    <p class='ocr_par' dir='ltr' id='par_1_37' title="bbox 215 3941 1811 4042">
     <span class='ocr_line' id='line_1_37' title="bbox 215 3941 1811 4042; baseline 0.025 -46"><span class='ocrx_word' id='word_1_315' title='bbox 215 3941 356 3998; x_wconf 88' lang='lat' dir='ltr'><strong>Fieri</strong></span> <span class='ocrx_word' id='word_1_316' title='bbox 389 3955 569 4003; x_wconf 88' lang='lat' dir='ltr'><strong>autem</strong></span> <span class='ocrx_word' id='word_1_317' title='bbox 596 3960 812 4022; x_wconf 85' lang='lat' dir='ltr'><strong>potest,</strong></span> <span class='ocrx_word' id='word_1_318' title='bbox 850 3965 909 4011; x_wconf 89' lang='lat' dir='ltr'><strong>ut</strong></span> <span class='ocrx_word' id='word_1_319' title='bbox 934 3961 1178 4028; x_wconf 84' lang='lat' dir='ltr'><strong>quaedam</strong></span> <span class='ocrx_word' id='word_1_320' title='bbox 1207 3975 1398 4025; x_wconf 91' lang='lat' dir='ltr'><strong>natura</strong></span> <span class='ocrx_word' id='word_1_321' title='bbox 1423 3986 1540 4042; x_wconf 72' lang='lat' dir='ltr'><strong>qua:</strong></span> <span class='ocrx_word' id='word_1_322' title='bbox 1570 3941 1729 4033; x_wconf 76' lang='lat' dir='ltr'><strong>modo</strong></span> <span class='ocrx_word' id='word_1_323' title='bbox 1755 3989 1811 4036; x_wconf 90' lang='lat' dir='ltr'><strong>et</strong></span> 
     </span>
    </p>
   </div>
   <div class='ocr_carea' id='block_1_38' title="bbox 213 4038 1808 4130">
    <p class='ocr_par' dir='ltr' id='par_1_38' title="bbox 213 4038 1808 4130">
     <span class='ocr_line' id='line_1_38' title="bbox 213 4038 1808 4130; baseline 0.024 -41"><span class='ocrx_word' id='word_1_324' title='bbox 213 4038 406 4106; x_wconf 85' lang='lat' dir='ltr'><strong>specie</strong></span> <span class='ocrx_word' id='word_1_325' title='bbox 444 4044 674 4098; x_wconf 88' lang='lat' dir='ltr'><strong>naturali</strong></span> <span class='ocrx_word' id='word_1_326' title='bbox 703 4047 1051 4108; x_wconf 80' lang='lat' dir='ltr'><strong>excellentius</strong></span> <span class='ocrx_word' id='word_1_327' title='bbox 1077 4055 1320 4113; x_wconf 89' lang='lat' dir='ltr'><strong>ordinata</strong></span> <span class='ocrx_word' id='word_1_328' title='bbox 1348 4071 1431 4118; x_wconf 91' lang='lat' dir='ltr'><strong>est</strong></span> <span class='ocrx_word' id='word_1_329' title='bbox 1449 4105 1464 4130; x_wconf 93' lang='lat'><strong>,</strong></span> <span class='ocrx_word' id='word_1_330' title='bbox 1495 4066 1657 4124; x_wconf 89' lang='lat' dir='ltr'><strong>etiam</strong></span> <span class='ocrx_word' id='word_1_331' title='bbox 1683 4086 1808 4127; x_wconf 63' lang='lat' dir='ltr'><strong>cor«</strong></span> 
     </span>
    </p>
   </div>
   <div class='ocr_carea' id='block_1_39' title="bbox 211 4131 1803 4233">
    <p class='ocr_par' dir='ltr' id='par_1_39' title="bbox 211 4131 1803 4233">
     <span class='ocr_line' id='line_1_39' title="bbox 211 4131 1803 4233; baseline 0.024 -53"><span class='ocrx_word' id='word_1_332' title='bbox 211 4138 368 4199; x_wconf 88' lang='lat' dir='ltr'><strong>rupta</strong></span> <span class='ocrx_word' id='word_1_333' title='bbox 393 4131 586 4188; x_wconf 86' lang='lat' dir='ltr'><strong>melior</strong></span> <span class='ocrx_word' id='word_1_334' title='bbox 615 4135 687 4191; x_wconf 87' lang='lat' dir='ltr'><strong>sit</strong></span> <span class='ocrx_word' id='word_1_335' title='bbox 731 4137 905 4195; x_wconf 91' lang='lat' dir='ltr'><strong>adhuc</strong></span> <span class='ocrx_word' id='word_1_336' title='bbox 937 4158 1097 4212; x_wconf 90' lang='lat' dir='ltr'><strong>quam</strong></span> <span class='ocrx_word' id='word_1_337' title='bbox 1141 4156 1225 4203; x_wconf 91' lang='lat' dir='ltr'><strong>est</strong></span> <span class='ocrx_word' id='word_1_338' title='bbox 1243 4151 1568 4226; x_wconf 81' lang='lat' dir='ltr'><strong>incorrupta</strong></span> <span class='ocrx_word' id='word_1_339' title='bbox 1595 4160 1761 4218; x_wconf 89' lang='lat' dir='ltr'><strong>altera</strong></span> <span class='ocrx_word' id='word_1_340' title='bbox 1784 4205 1803 4233; x_wconf 90' lang='lat'><strong>,</strong></span> 
     </span>
    </p>
   </div>
   <div class='ocr_carea' id='block_1_40' title="bbox 213 4223 1802 4311">
    <p class='ocr_par' dir='ltr' id='par_1_40' title="bbox 213 4223 1802 4311">
     <span class='ocr_line' id='line_1_40' title="bbox 213 4223 1802 4311; baseline 0.024 -38"><span class='ocrx_word' id='word_1_341' title='bbox 213 4234 330 4289; x_wconf 69' lang='lat' dir='ltr'><strong>quae</strong></span> <span class='ocrx_word' id='word_1_342' title='bbox 357 4223 571 4281; x_wconf 89' lang='lat' dir='ltr'><strong>minore</strong></span> <span class='ocrx_word' id='word_1_343' title='bbox 598 4229 759 4285; x_wconf 91' lang='lat' dir='ltr'><strong>modo</strong></span> <span class='ocrx_word' id='word_1_344' title='bbox 783 4239 839 4286; x_wconf 88' lang='lat' dir='ltr'><strong>et</strong></span> <span class='ocrx_word' id='word_1_345' title='bbox 862 4234 1041 4304; x_wconf 89' lang='lat' dir='ltr'><strong>specie</strong></span> <span class='ocrx_word' id='word_1_346' title='bbox 1063 4241 1291 4296; x_wconf 87' lang='lat' dir='ltr'><strong>naturali</strong></span> <span class='ocrx_word' id='word_1_347' title='bbox 1315 4243 1538 4304; x_wconf 82' lang='lat' dir='ltr'><strong>inferius</strong></span> <span class='ocrx_word' id='word_1_348' title='bbox 1561 4252 1802 4311; x_wconf 90' lang='lat' dir='ltr'><strong>ordinata</strong></span> 
     </span>
    </p>
   </div>
   <div class='ocr_carea' id='block_1_41' title="bbox 211 4315 1804 4418">
    <p class='ocr_par' dir='ltr' id='par_1_41' title="bbox 211 4315 1804 4418">
     <span class='ocr_line' id='line_1_41' title="bbox 211 4315 1804 4418; baseline 0.026 -54"><span class='ocrx_word' id='word_1_349' title='bbox 211 4321 292 4366; x_wconf 89' lang='lat' dir='ltr'><strong>est</strong></span> <span class='ocrx_word' id='word_1_350' title='bbox 317 4331 332 4366; x_wconf 92' lang='lat'><strong>:</strong></span> <span class='ocrx_word' id='word_1_351' title='bbox 366 4315 508 4372; x_wconf 86' lang='lat' dir='ltr'><strong>sicut</strong></span> <span class='ocrx_word' id='word_1_352' title='bbox 532 4317 591 4374; x_wconf 90' lang='lat' dir='ltr'><strong>in</strong></span> <span class='ocrx_word' id='word_1_353' title='bbox 618 4321 892 4380; x_wconf 86' lang='lat' dir='ltr'><strong>hominum</strong></span> <span class='ocrx_word' id='word_1_354' title='bbox 921 4329 1276 4391; x_wconf 77' lang='lat' dir='ltr'><strong>aestimatione</strong></span> <span class='ocrx_word' id='word_1_355' title='bbox 1298 4377 1316 4404; x_wconf 94' lang='lat'><strong>,</strong></span> <span class='ocrx_word' id='word_1_356' title='bbox 1345 4342 1636 4400; x_wconf 88' lang='lat' dir='ltr'><strong>secundum</strong></span> <span class='ocrx_word' id='word_1_357' title='bbox 1665 4363 1768 4418; x_wconf 90' lang='lat' dir='ltr'><strong>qua</strong></span> <span class='ocrx_word' id='word_1_358' title='bbox 1795 4379 1804 4394; x_wconf 87' lang='lat'><strong>-</strong></span> 
     </span>
    </p>
   </div>
   <div class='ocr_carea' id='block_1_42' title="bbox 209 4401 1801 4509">
    <p class='ocr_par' dir='ltr' id='par_1_42' title="bbox 209 4401 1801 4509">
     <span class='ocr_line' id='line_1_42' title="bbox 209 4401 1801 4509; baseline 0.025 -53"><span class='ocrx_word' id='word_1_359' title='bbox 209 4401 414 4460; x_wconf 85' lang='lat' dir='ltr'><strong>litatem</strong></span> <span class='ocrx_word' id='word_1_360' title='bbox 455 4423 579 4479; x_wconf 74' lang='lat' dir='ltr'><strong>qua:</strong></span> <span class='ocrx_word' id='word_1_361' title='bbox 622 4415 924 4482; x_wconf 85' lang='lat' dir='ltr'><strong>aspectibus</strong></span> <span class='ocrx_word' id='word_1_362' title='bbox 958 4419 1168 4490; x_wconf 86' lang='lat' dir='ltr'><strong>adjacet</strong></span> <span class='ocrx_word' id='word_1_363' title='bbox 1192 4465 1209 4490; x_wconf 91' lang='lat'><strong>,</strong></span> <span class='ocrx_word' id='word_1_364' title='bbox 1254 4401 1448 4487; x_wconf 81' lang='lat' dir='ltr'><strong>melius</strong></span> <span class='ocrx_word' id='word_1_365' title='bbox 1489 4441 1574 4489; x_wconf 87' lang='lat' dir='ltr'><strong>est</strong></span> <span class='ocrx_word' id='word_1_366' title='bbox 1617 4401 1801 4509; x_wconf 80' lang='lat' dir='ltr'><strong>utique</strong></span> 
     </span>
    </p>
   </div>
   <div class='ocr_carea' id='block_1_43' title="bbox 210 4507 1800 4597">
    <p class='ocr_par' dir='ltr' id='par_1_43' title="bbox 210 4507 1800 4597">
     <span class='ocr_line' id='line_1_43' title="bbox 210 4507 1800 4597; baseline 0.025 -49"><span class='ocrx_word' id='word_1_367' title='bbox 210 4507 523 4568; x_wconf 87' lang='lat' dir='ltr'><strong>corruptum</strong></span> <span class='ocrx_word' id='word_1_368' title='bbox 555 4515 745 4559; x_wconf 90' lang='lat' dir='ltr'><strong>aurum</strong></span> <span class='ocrx_word' id='word_1_369' title='bbox 769 4547 785 4572; x_wconf 97' lang='lat'><strong>,</strong></span> <span class='ocrx_word' id='word_1_370' title='bbox 815 4524 975 4578; x_wconf 85' lang='lat' dir='ltr'><strong>quam</strong></span> <span class='ocrx_word' id='word_1_371' title='bbox 1007 4511 1370 4588; x_wconf 89' lang='lat' dir='ltr'><strong>incorruptum</strong></span> <span class='ocrx_word' id='word_1_372' title='bbox 1397 4536 1714 4597; x_wconf 77' lang='lat' dir='ltr'><strong>argentum;</strong></span> <span class='ocrx_word' id='word_1_373' title='bbox 1743 4541 1800 4589; x_wconf 88' lang='lat' dir='ltr'><strong>et</strong></span> 
     </span>
    </p>
   </div>
   <div class='ocr_carea' id='block_1_44' title="bbox 207 4589 1796 4683">
    <p class='ocr_par' dir='ltr' id='par_1_44' title="bbox 207 4589 1796 4683">
     <span class='ocr_line' id='line_1_44' title="bbox 207 4589 1796 4683; baseline 0.024 -43"><span class='ocrx_word' id='word_1_374' title='bbox 207 4589 401 4644; x_wconf 90' lang='lat' dir='ltr'><strong>melius</strong></span> <span class='ocrx_word' id='word_1_375' title='bbox 430 4600 516 4647; x_wconf 90' lang='lat' dir='ltr'><strong>est</strong></span> <span class='ocrx_word' id='word_1_376' title='bbox 540 4605 854 4668; x_wconf 87' lang='lat' dir='ltr'><strong>corruptum</strong></span> <span class='ocrx_word' id='word_1_377' title='bbox 878 4614 1156 4673; x_wconf 83' lang='lat' dir='ltr'><strong>argentum</strong></span> <span class='ocrx_word' id='word_1_378' title='bbox 1180 4647 1197 4674; x_wconf 95' lang='lat'><strong>,</strong></span> <span class='ocrx_word' id='word_1_379' title='bbox 1223 4624 1381 4680; x_wconf 91' lang='lat' dir='ltr'><strong>quam</strong></span> <span class='ocrx_word' id='word_1_380' title='bbox 1408 4589 1680 4683; x_wconf 76' lang='lat' dir='ltr'><strong>plumbum</strong></span> <span class='ocrx_word' id='word_1_381' title='bbox 1708 4623 1796 4677; x_wconf 85' lang='lat' dir='ltr'><strong>in-</strong></span> 
     </span>
    </p>
   </div>
   <div class='ocr_carea' id='block_1_45' title="bbox 206 4684 1794 4785">
    <p class='ocr_par' dir='ltr' id='par_1_45' title="bbox 206 4684 1794 4785">
     <span class='ocr_line' id='line_1_45' title="bbox 206 4684 1794 4785; baseline 0.026 -54"><span class='ocrx_word' id='word_1_382' title='bbox 206 4691 547 4750; x_wconf 87' lang='lat' dir='ltr'><strong>corruptum.</strong></span> <span class='ocrx_word' id='word_1_383' title='bbox 577 4684 669 4742; x_wconf 89' lang='lat' dir='ltr'><strong>Sic</strong></span> <span class='ocrx_word' id='word_1_384' title='bbox 696 4697 752 4744; x_wconf 90' lang='lat' dir='ltr'><strong>et</strong></span> <span class='ocrx_word' id='word_1_385' title='bbox 776 4691 828 4745; x_wconf 89' lang='lat' dir='ltr'><strong>in</strong></span> <span class='ocrx_word' id='word_1_386' title='bbox 857 4697 1060 4752; x_wconf 88' lang='lat' dir='ltr'><strong>naturis</strong></span> <span class='ocrx_word' id='word_1_387' title='bbox 1087 4703 1472 4770; x_wconf 89' lang='lat' dir='ltr'><strong>potentioribus</strong></span> <span class='ocrx_word' id='word_1_388' title='bbox 1497 4718 1656 4782; x_wconf 89' lang='lat' dir='ltr'><strong>atque</strong></span> <span class='ocrx_word' id='word_1_389' title='bbox 1680 4715 1794 4785; x_wconf 91' lang='lat' dir='ltr'><strong>spi-</strong></span> 
     </span>
    </p>
   </div>
   <div class='ocr_carea' id='block_1_46' title="bbox 205 4770 1793 4869">
    <p class='ocr_par' dir='ltr' id='par_1_46' title="bbox 205 4770 1793 4869">
     <span class='ocr_line' id='line_1_46' title="bbox 205 4770 1793 4869; baseline 0.026 -45"><span class='ocrx_word' id='word_1_390' title='bbox 205 4770 488 4831; x_wconf 87' lang='lat' dir='ltr'><strong>ritualibus</strong></span> <span class='ocrx_word' id='word_1_391' title='bbox 517 4779 712 4835; x_wconf 88' lang='lat' dir='ltr'><strong>melior</strong></span> <span class='ocrx_word' id='word_1_392' title='bbox 738 4791 820 4838; x_wconf 91' lang='lat' dir='ltr'><strong>est</strong></span> <span class='ocrx_word' id='word_1_393' title='bbox 844 4787 1004 4844; x_wconf 85' lang='lat' dir='ltr'><strong>etiam</strong></span> <span class='ocrx_word' id='word_1_394' title='bbox 1043 4805 1324 4865; x_wconf 89' lang='lat' dir='ltr'><strong>corruptus</strong></span> <span class='ocrx_word' id='word_1_395' title='bbox 1352 4813 1448 4869; x_wconf 88' lang='lat' dir='ltr'><strong>per</strong></span> <span class='ocrx_word' id='word_1_396' title='bbox 1472 4805 1666 4861; x_wconf 85' lang='lat' dir='ltr'><strong>malam</strong></span> <span class='ocrx_word' id='word_1_397' title='bbox 1694 4823 1793 4865; x_wconf 90' lang='lat' dir='ltr'><strong>vo-</strong></span> 
     </span>
    </p>
   </div>
   <div class='ocr_carea' id='block_1_47' title="bbox 208 4862 1792 4956">
    <p class='ocr_par' dir='ltr' id='par_1_47' title="bbox 208 4862 1792 4956">
     <span class='ocr_line' id='line_1_47' title="bbox 208 4862 1792 4956; baseline 0.027 -41"><span class='ocrx_word' id='word_1_398' title='bbox 208 4862 474 4921; x_wconf 83' lang='lat' dir='ltr'><strong>luntatem</strong></span> <span class='ocrx_word' id='word_1_399' title='bbox 503 4869 722 4938; x_wconf 88' lang='lat' dir='ltr'><strong>spiritus</strong></span> <span class='ocrx_word' id='word_1_400' title='bbox 741 4877 1015 4936; x_wconf 87' lang='lat' dir='ltr'><strong>rationalis</strong></span> <span class='ocrx_word' id='word_1_401' title='bbox 1038 4924 1053 4950; x_wconf 90' lang='lat'><strong>,</strong></span> <span class='ocrx_word' id='word_1_402' title='bbox 1079 4899 1234 4954; x_wconf 89' lang='lat' dir='ltr'><strong>quam</strong></span> <span class='ocrx_word' id='word_1_403' title='bbox 1262 4889 1585 4952; x_wconf 89' lang='lat' dir='ltr'><strong>irrationalis</strong></span> <span class='ocrx_word' id='word_1_404' title='bbox 1609 4898 1792 4956; x_wconf 87' lang='lat' dir='ltr'><strong>incor-</strong></span> 
     </span>
    </p>
   </div>
   <div class='ocr_carea' id='block_1_48' title="bbox 201 4967 1788 5050">
    <p class='ocr_par' dir='ltr' id='par_1_48' title="bbox 201 4967 1788 5050">
     <span class='ocr_line' id='line_1_48' title="bbox 201 4967 1788 5050; baseline 0.026 -41"><span class='ocrx_word' id='word_1_405' title='bbox 201 4969 394 5026; x_wconf 87' lang='lat' dir='ltr'><strong>ruptus</strong></span> <span class='ocrx_word' id='word_1_406' title='bbox 422 4977 437 5014; x_wconf 88' lang='lat'><strong>:</strong></span> <span class='ocrx_word' id='word_1_407' title='bbox 470 4971 526 5018; x_wconf 90' lang='lat' dir='ltr'><strong>et</strong></span> <span class='ocrx_word' id='word_1_408' title='bbox 551 4967 742 5022; x_wconf 90' lang='lat' dir='ltr'><strong>melior</strong></span> <span class='ocrx_word' id='word_1_409' title='bbox 769 4981 852 5027; x_wconf 90' lang='lat' dir='ltr'><strong>est</strong></span> <span class='ocrx_word' id='word_1_410' title='bbox 877 4975 1100 5044; x_wconf 88' lang='lat' dir='ltr'><strong>quilibet</strong></span> <span class='ocrx_word' id='word_1_411' title='bbox 1137 4982 1353 5050; x_wconf 89' lang='lat' dir='ltr'><strong>spiritus</strong></span> <span class='ocrx_word' id='word_1_412' title='bbox 1395 4988 1554 5044; x_wconf 91' lang='lat' dir='ltr'><strong>etiam</strong></span> <span class='ocrx_word' id='word_1_413' title='bbox 1599 5006 1788 5050; x_wconf 88' lang='lat' dir='ltr'><strong>corru-</strong></span> 
     </span>
    </p>
   </div>
   <div class='ocr_carea' id='block_1_49' title="bbox 202 5057 1791 5148">
    <p class='ocr_par' dir='ltr' id='par_1_49' title="bbox 202 5057 1791 5148">
     <span class='ocr_line' id='line_1_49' title="bbox 202 5057 1791 5148; baseline 0.028 -48"><span class='ocrx_word' id='word_1_414' title='bbox 202 5057 361 5116; x_wconf 84' lang='lat' dir='ltr'><strong>ptus,</strong></span> <span class='ocrx_word' id='word_1_415' title='bbox 416 5068 577 5123; x_wconf 88' lang='lat' dir='ltr'><strong>quam</strong></span> <span class='ocrx_word' id='word_1_416' title='bbox 629 5073 824 5130; x_wconf 90' lang='lat' dir='ltr'><strong>corpus</strong></span> <span class='ocrx_word' id='word_1_417' title='bbox 856 5066 1127 5134; x_wconf 90' lang='lat' dir='ltr'><strong>quodlibet</strong></span> <span class='ocrx_word' id='word_1_418' title='bbox 1169 5072 1550 5148; x_wconf 90' lang='lat' dir='ltr'><strong>incorruptum.</strong></span> <span class='ocrx_word' id='word_1_419' title='bbox 1603 5083 1791 5144; x_wconf 87' lang='lat' dir='ltr'><strong>Melior</strong></span> 
     </span>
    </p>
   </div>
   <div class='ocr_carea' id='block_1_50' title="bbox 200 5142 1786 5246">
    <p class='ocr_par' dir='ltr' id='par_1_50' title="bbox 200 5142 1786 5246">
     <span class='ocr_line' id='line_1_50' title="bbox 200 5142 1786 5246; baseline 0.027 -55"><span class='ocrx_word' id='word_1_420' title='bbox 200 5149 285 5193; x_wconf 51' lang='lat' dir='ltr'><strong>at</strong></span> <span class='ocrx_word' id='word_1_421' title='bbox 308 5142 455 5197; x_wconf 90' lang='lat' dir='ltr'><strong>enim</strong></span> <span class='ocrx_word' id='word_1_422' title='bbox 487 5155 677 5203; x_wconf 90' lang='lat' dir='ltr'><strong>natura</strong></span> <span class='ocrx_word' id='word_1_423' title='bbox 698 5192 714 5218; x_wconf 89' lang='lat'><strong>,</strong></span> <span class='ocrx_word' id='word_1_424' title='bbox 742 5168 860 5223; x_wconf 74' lang='lat' dir='ltr'><strong>qua:</strong></span> <span class='ocrx_word' id='word_1_425' title='bbox 887 5172 1008 5212; x_wconf 92' lang='lat' dir='ltr'><strong>cum</strong></span> <span class='ocrx_word' id='word_1_426' title='bbox 1040 5172 1236 5230; x_wconf 84' lang='lat' dir='ltr'><strong>praesto</strong></span> <span class='ocrx_word' id='word_1_427' title='bbox 1263 5175 1346 5221; x_wconf 86' lang='lat' dir='ltr'><strong>est</strong></span> <span class='ocrx_word' id='word_1_428' title='bbox 1373 5175 1622 5241; x_wconf 87' lang='lat' dir='ltr'><strong>corpori,</strong></span> <span class='ocrx_word' id='word_1_429' title='bbox 1648 5192 1786 5246; x_wconf 66' lang='lat' dir='ltr'><strong>prae-</strong></span> 
     </span>
    </p>
   </div>
   <div class='ocr_carea' id='block_1_51' title="bbox 195 5229 1788 5333">
    <p class='ocr_par' dir='ltr' id='par_1_51' title="bbox 195 5229 1788 5333">
     <span class='ocr_line' id='line_1_51' title="bbox 195 5229 1788 5333; baseline 0.028 -50"><span class='ocrx_word' id='word_1_430' title='bbox 195 5229 290 5285; x_wconf 85' lang='lat' dir='ltr'><strong>bet</strong></span> <span class='ocrx_word' id='word_1_431' title='bbox 313 5235 363 5288; x_wconf 90' lang='lat' dir='ltr'><strong>ei</strong></span> <span class='ocrx_word' id='word_1_432' title='bbox 393 5235 555 5292; x_wconf 88' lang='lat' dir='ltr'><strong>vitam</strong></span> <span class='ocrx_word' id='word_1_433' title='bbox 583 5281 598 5307; x_wconf 93' lang='lat'><strong>,</strong></span> <span class='ocrx_word' id='word_1_434' title='bbox 627 5257 784 5312; x_wconf 90' lang='lat' dir='ltr'><strong>quam</strong></span> <span class='ocrx_word' id='word_1_435' title='bbox 813 5247 901 5303; x_wconf 92' lang='lat' dir='ltr'><strong>illa</strong></span> <span class='ocrx_word' id='word_1_436' title='bbox 926 5253 1010 5306; x_wconf 90' lang='lat' dir='ltr'><strong>cui</strong></span> <span class='ocrx_word' id='word_1_437' title='bbox 1042 5229 1148 5310; x_wconf 85' lang='lat' dir='ltr'><strong>vita</strong></span> <span class='ocrx_word' id='word_1_438' title='bbox 1179 5258 1464 5327; x_wconf 63' lang='lat' dir='ltr'><strong>praebetur.</strong></span> <span class='ocrx_word' id='word_1_439' title='bbox 1497 5265 1788 5333; x_wconf 86' lang='lat' dir='ltr'><strong>Quantum-</strong></span> 
     </span>
    </p>
   </div>
   <div class='ocr_carea' id='block_1_52' title="bbox 192 5321 1783 5434">
    <p class='ocr_par' dir='ltr' id='par_1_52' title="bbox 192 5321 1783 5434">
     <span class='ocr_line' id='line_1_52' title="bbox 192 5321 1783 5434; baseline 0.028 -60"><span class='ocrx_word' id='word_1_440' title='bbox 192 5321 326 5376; x_wconf 89' lang='lat' dir='ltr'><strong>libet</strong></span> <span class='ocrx_word' id='word_1_441' title='bbox 352 5336 533 5383; x_wconf 89' lang='lat' dir='ltr'><strong>autem</strong></span> <span class='ocrx_word' id='word_1_442' title='bbox 563 5346 842 5406; x_wconf 90' lang='lat' dir='ltr'><strong>corruptus</strong></span> <span class='ocrx_word' id='word_1_443' title='bbox 872 5341 942 5396; x_wconf 90' lang='lat' dir='ltr'><strong>sit</strong></span> <span class='ocrx_word' id='word_1_444' title='bbox 965 5321 1328 5413; x_wconf 37' lang='lat' dir='ltr'><strong>spiritus&#39;vitre</strong></span> <span class='ocrx_word' id='word_1_445' title='bbox 1353 5355 1440 5423; x_wconf 90' lang='lat' dir='ltr'><strong>qui</strong></span> <span class='ocrx_word' id='word_1_446' title='bbox 1471 5355 1638 5415; x_wconf 76' lang='lat' dir='ltr'><strong>factus</strong></span> <span class='ocrx_word' id='word_1_447' title='bbox 1662 5372 1744 5419; x_wconf 91' lang='lat' dir='ltr'><strong>est</strong></span> <span class='ocrx_word' id='word_1_448' title='bbox 1766 5407 1783 5434; x_wconf 85' lang='lat'><strong>,</strong></span> 
     </span>
    </p>
   </div>
   <div class='ocr_carea' id='block_1_53' title="bbox 191 5414 1784 5512">
    <p class='ocr_par' dir='ltr' id='par_1_53' title="bbox 191 5414 1784 5512">
     <span class='ocr_line' id='line_1_53' title="bbox 191 5414 1784 5512; baseline 0.03 -48"><span class='ocrx_word' id='word_1_449' title='bbox 191 5414 360 5468; x_wconf 86' lang='lat' dir='ltr'><strong>vitam</strong></span> <span class='ocrx_word' id='word_1_450' title='bbox 391 5420 634 5486; x_wconf 73' lang='lat' dir='ltr'><strong>przebere</strong></span> <span class='ocrx_word' id='word_1_451' title='bbox 661 5430 873 5496; x_wconf 89' lang='lat' dir='ltr'><strong>corpori</strong></span> <span class='ocrx_word' id='word_1_452' title='bbox 901 5442 1077 5501; x_wconf 89' lang='lat' dir='ltr'><strong>potest</strong></span> <span class='ocrx_word' id='word_1_453' title='bbox 1104 5455 1118 5492; x_wconf 92' lang='lat'><strong>:</strong></span> <span class='ocrx_word' id='word_1_454' title='bbox 1149 5453 1212 5495; x_wconf 84' lang='lat' dir='ltr'><strong>ac</strong></span> <span class='ocrx_word' id='word_1_455' title='bbox 1232 5457 1327 5511; x_wconf 88' lang='lat' dir='ltr'><strong>per</strong></span> <span class='ocrx_word' id='word_1_456' title='bbox 1355 5443 1456 5501; x_wconf 91' lang='lat' dir='ltr'><strong>hoc</strong></span> <span class='ocrx_word' id='word_1_457' title='bbox 1483 5449 1672 5508; x_wconf 87' lang='lat' dir='ltr'><strong>melior</strong></span> <span class='ocrx_word' id='word_1_458' title='bbox 1693 5455 1784 5512; x_wconf 91' lang='lat' dir='ltr'><strong>illo</strong></span> 
     </span>
    </p>
   </div>
   <div class='ocr_carea' id='block_1_54' title="bbox 186 5511 1304 5599">
    <p class='ocr_par' dir='ltr' id='par_1_54' title="bbox 186 5511 1304 5599">
     <span class='ocr_line' id='line_1_54' title="bbox 186 5511 1304 5599; baseline 0.03 -45"><span class='ocrx_word' id='word_1_459' title='bbox 186 5511 276 5556; x_wconf 82' lang='lat' dir='ltr'><strong>est</strong></span> <span class='ocrx_word' id='word_1_460' title='bbox 300 5544 316 5568; x_wconf 94' lang='lat'><strong>,</strong></span> <span class='ocrx_word' id='word_1_461' title='bbox 350 5512 599 5574; x_wconf 88' lang='lat' dir='ltr'><strong>quamvis</strong></span> <span class='ocrx_word' id='word_1_462' title='bbox 629 5514 936 5590; x_wconf 91' lang='lat' dir='ltr'><strong>incorrupto</strong></span> <span class='ocrx_word' id='word_1_463' title='bbox 962 5564 976 5588; x_wconf 96' lang='lat'><strong>,</strong></span> <span class='ocrx_word' id='word_1_464' title='bbox 1006 5539 1304 5599; x_wconf 91' lang='lat' dir='ltr'><strong>corruptus.</strong></span> 
     </span>
    </p>
   </div>
   <div class='ocr_carea' id='block_1_55' title="bbox 259 5594 1780 5708">
    <p class='ocr_par' dir='ltr' id='par_1_55' title="bbox 259 5594 1780 5708">
     <span class='ocr_line' id='line_1_55' title="bbox 259 5594 1780 5708; baseline 0.03 -59"><span class='ocrx_word' id='word_1_465' title='bbox 259 5594 497 5656; x_wconf 76' lang='lat' dir='ltr'><strong>CAPUT</strong></span> <span class='ocrx_word' id='word_1_466' title='bbox 528 5603 615 5658; x_wconf 82' lang='lat' dir='ltr'><strong>VI.</strong></span> <span class='ocrx_word' id='word_1_467' title='bbox 644 5637 714 5647; x_wconf 91' lang='lat'><strong>--</strong></span> <span class='ocrx_word' id='word_1_468' title='bbox 742 5610 994 5669; x_wconf 85' lang='lat' dir='ltr'><strong>Naturam</strong></span> <span class='ocrx_word' id='word_1_469' title='bbox 1018 5635 1131 5689; x_wconf 79' lang='lat' dir='ltr'><strong>qua:</strong></span> <span class='ocrx_word' id='word_1_470' title='bbox 1155 5594 1410 5698; x_wconf 68' lang='lat' dir='ltr'><strong>corrumpi</strong></span> <span class='ocrx_word' id='word_1_471' title='bbox 1445 5647 1547 5687; x_wconf 78' lang='lat' dir='ltr'><strong>non</strong></span> <span class='ocrx_word' id='word_1_472' title='bbox 1584 5645 1780 5708; x_wconf 78' lang='lat' dir='ltr'><strong>potest,</strong></span> 
     </span>
    </p>
   </div>
   <div class='ocr_carea' id='block_1_56' title="bbox 184 5693 1832 5802">
    <p class='ocr_par' dir='ltr' id='par_1_56' title="bbox 184 5693 1832 5802">
     <span class='ocr_line' id='line_1_56' title="bbox 184 5693 1832 5802; baseline 0.031 -66"><span class='ocrx_word' id='word_1_473' title='bbox 184 5700 451 5744; x_wconf 76' lang='lat' dir='ltr'><strong>summum</strong></span> <span class='ocrx_word' id='word_1_474' title='bbox 504 5693 730 5764; x_wconf 84' lang='lat' dir='ltr'><strong>bonum;</strong></span> <span class='ocrx_word' id='word_1_475' title='bbox 775 5719 889 5773; x_wconf 73' lang='lat' dir='ltr'><strong>qua:</strong></span> <span class='ocrx_word' id='word_1_476' title='bbox 929 5718 1130 5778; x_wconf 77' lang='lat' dir='ltr'><strong>potest,</strong></span> <span class='ocrx_word' id='word_1_477' title='bbox 1184 5715 1391 5787; x_wconf 77' lang='lat' dir='ltr'><strong>aliquod</strong></span> <span class='ocrx_word' id='word_1_478' title='bbox 1427 5721 1611 5779; x_wconf 86' lang='lat' dir='ltr'><strong>bonum</strong></span> <span class='ocrx_word' id='word_1_479' title='bbox 1656 5744 1832 5802; x_wconf 81' lang='lat' dir='ltr'><strong>esse.,</strong></span> 
     </span>
     <span class='ocr_line' id='line_1_57' title="bbox 189 5780 742 5802; baseline 0.031 -1"><span class='ocrx_word' id='word_1_480' title='bbox 189 5780 478 5802; x_wconf 60' lang='grc' dir='ltr'><strong>ηΑ--μ-ιει</strong></span> <span class='ocrx_word' id='word_1_481' title='bbox 508 5800 521 5802; x_wconf 82' lang='grc'><strong>-</strong></span> <span class='ocrx_word' id='word_1_482' title='bbox 578 5799 587 5802; x_wconf 90' lang='grc'><strong>-</strong></span> <span class='ocrx_word' id='word_1_483' title='bbox 731 5792 742 5802; x_wconf 91' lang='grc'><strong>·</strong></span> 
     </span>
    </p>
   </div>
   <div class='ocr_carea' id='block_1_57' title="bbox 187 5780 1779 5894">
    <p class='ocr_par' dir='ltr' id='par_1_57' title="bbox 187 5780 1779 5894">
     <span class='ocr_line' id='line_1_58' title="bbox 187 5780 1779 5894; baseline 0.031 -64"><span class='ocrx_word' id='word_1_484' title='bbox 187 5780 486 5852; x_wconf 84' lang='lat' dir='ltr'><strong>Corruptio</strong></span> <span class='ocrx_word' id='word_1_485' title='bbox 504 5799 679 5844; x_wconf 88' lang='lat' dir='ltr'><strong>autem</strong></span> <span class='ocrx_word' id='word_1_486' title='bbox 700 5792 745 5847; x_wconf 87' lang='lat' dir='ltr'><strong>si</strong></span> <span class='ocrx_word' id='word_1_487' title='bbox 768 5809 979 5854; x_wconf 84' lang='lat' dir='ltr'><strong>onmem</strong></span> <span class='ocrx_word' id='word_1_488' title='bbox 1003 5803 1216 5860; x_wconf 91' lang='lat' dir='ltr'><strong>modum</strong></span> <span class='ocrx_word' id='word_1_489' title='bbox 1239 5849 1254 5875; x_wconf 92' lang='lat'><strong>,</strong></span> <span class='ocrx_word' id='word_1_490' title='bbox 1277 5825 1488 5871; x_wconf 89' lang='lat' dir='ltr'><strong>omnem</strong></span> <span class='ocrx_word' id='word_1_491' title='bbox 1509 5819 1740 5888; x_wconf 89' lang='lat' dir='ltr'><strong>speciem</strong></span> <span class='ocrx_word' id='word_1_492' title='bbox 1760 5865 1779 5894; x_wconf 90' lang='lat'><strong>,</strong></span> 
     </span>
    </p>
   </div>
   <div class='ocr_carea' id='block_1_58' title="bbox 477 5875 1238 5960">
    <p class='ocr_par' dir='ltr' id='par_1_58' title="bbox 477 5875 1238 5960">
     <span class='ocr_line' id='line_1_59' title="bbox 477 5875 1238 5960; baseline 0.03 -23"><span class='ocrx_word' id='word_1_493' title='bbox 477 5875 702 5945; x_wconf 72' lang='lat' dir='ltr'><strong>SANCT.</strong></span> <span class='ocrx_word' id='word_1_494' title='bbox 748 5890 1025 5954; x_wconf 78' lang='lat' dir='ltr'><strong>Aususr.</strong></span> <span class='ocrx_word' id='word_1_495' title='bbox 1075 5897 1238 5960; x_wconf 87' lang='lat' dir='ltr'><strong>VllI.</strong></span> 
     </span>
    </p>
   </div>
   <div class='ocr_carea' id='block_1_59' title="bbox 1725 371 2162 438">
    <p class='ocr_par' dir='ltr' id='par_1_59' title="bbox 1725 371 2162 438">
     <span class='ocr_line' id='line_1_60' title="bbox 1725 371 2162 438; baseline 0.016 -9"><span class='ocrx_word' id='word_1_496' title='bbox 1725 371 1928 434; x_wconf 77' lang='lat' dir='ltr'><strong>LIBER</strong></span> <span class='ocrx_word' id='word_1_497' title='bbox 1963 373 2162 438; x_wconf 85' lang='lat' dir='ltr'><strong>UNUS.</strong></span> 
     </span>
    </p>
   </div>
   <div class='ocr_carea' id='block_1_60' title="bbox 288 469 1890 550">
    <p class='ocr_par' dir='ltr' id='par_1_60' title="bbox 288 469 1890 550">
     <span class='ocr_line' id='line_1_61' title="bbox 288 469 1890 550; baseline 0.017 -29"><span class='ocrx_word' id='word_1_498' title='bbox 288 481 456 539; x_wconf 86' lang='lat' dir='ltr'><strong>posse</strong></span> <span class='ocrx_word' id='word_1_499' title='bbox 477 469 722 538; x_wconf 84' lang='lat' dir='ltr'><strong>perduci.</strong></span> <span class='ocrx_word' id='word_1_500' title='bbox 751 471 1008 533; x_wconf 77' lang='lat' dir='ltr'><strong>Fateatur</strong></span> <span class='ocrx_word' id='word_1_501' title='bbox 1041 476 1185 535; x_wconf 91' lang='lat' dir='ltr'><strong>enim</strong></span> <span class='ocrx_word' id='word_1_502' title='bbox 1213 493 1374 540; x_wconf 89' lang='lat' dir='ltr'><strong>omne</strong></span> <span class='ocrx_word' id='word_1_503' title='bbox 1401 481 1601 542; x_wconf 89' lang='lat' dir='ltr'><strong>bonum</strong></span> <span class='ocrx_word' id='word_1_504' title='bbox 1631 503 1739 546; x_wconf 92' lang='lat' dir='ltr'><strong>non</strong></span> <span class='ocrx_word' id='word_1_505' title='bbox 1768 505 1890 550; x_wconf 87' lang='lat' dir='ltr'><strong>esse</strong></span> 
     </span>
    </p>
   </div>
   <div class='ocr_carea' id='block_1_61' title="bbox 284 565 1886 649">
    <p class='ocr_par' dir='ltr' id='par_1_61' title="bbox 284 565 1886 649">
     <span class='ocr_line' id='line_1_62' title="bbox 284 565 1886 649; baseline 0.016 -34"><span class='ocrx_word' id='word_1_506' title='bbox 284 575 453 632; x_wconf 85' lang='lat' dir='ltr'><strong>posse</strong></span> <span class='ocrx_word' id='word_1_507' title='bbox 476 604 493 630; x_wconf 90' lang='lat'><strong>,</strong></span> <span class='ocrx_word' id='word_1_508' title='bbox 521 565 628 624; x_wconf 85' lang='lat' dir='ltr'><strong>nisi</strong></span> <span class='ocrx_word' id='word_1_509' title='bbox 655 581 688 621; x_wconf 90' lang='lat' dir='ltr'><strong>a</strong></span> <span class='ocrx_word' id='word_1_510' title='bbox 713 581 923 625; x_wconf 91' lang='lat' dir='ltr'><strong>summo</strong></span> <span class='ocrx_word' id='word_1_511' title='bbox 948 580 1005 626; x_wconf 89' lang='lat' dir='ltr'><strong>et</strong></span> <span class='ocrx_word' id='word_1_512' title='bbox 1047 587 1179 629; x_wconf 91' lang='lat' dir='ltr'><strong>vero</strong></span> <span class='ocrx_word' id='word_1_513' title='bbox 1220 575 1332 632; x_wconf 90' lang='lat' dir='ltr'><strong>Deo</strong></span> <span class='ocrx_word' id='word_1_514' title='bbox 1359 593 1376 634; x_wconf 88' lang='lat'><strong>:</strong></span> <span class='ocrx_word' id='word_1_515' title='bbox 1422 580 1564 649; x_wconf 89' lang='lat' dir='ltr'><strong>quod</strong></span> <span class='ocrx_word' id='word_1_516' title='bbox 1606 591 1660 637; x_wconf 89' lang='lat' dir='ltr'><strong>et</strong></span> <span class='ocrx_word' id='word_1_517' title='bbox 1701 598 1886 640; x_wconf 89' lang='lat' dir='ltr'><strong>verum</strong></span> 
     </span>
    </p>
   </div>
   <div class='ocr_carea' id='block_1_62' title="bbox 287 653 1884 742">
    <p class='ocr_par' dir='ltr' id='par_1_62' title="bbox 287 653 1884 742">
     <span class='ocr_line' id='line_1_63' title="bbox 287 653 1884 742; baseline 0.017 -37"><span class='ocrx_word' id='word_1_518' title='bbox 287 660 374 706; x_wconf 91' lang='lat' dir='ltr'><strong>est</strong></span> <span class='ocrx_word' id='word_1_519' title='bbox 395 691 412 717; x_wconf 97' lang='lat'><strong>,</strong></span> <span class='ocrx_word' id='word_1_520' title='bbox 442 661 500 708; x_wconf 87' lang='lat' dir='ltr'><strong>et</strong></span> <span class='ocrx_word' id='word_1_521' title='bbox 523 653 594 710; x_wconf 89' lang='lat' dir='ltr'><strong>ad</strong></span> <span class='ocrx_word' id='word_1_522' title='bbox 619 670 715 712; x_wconf 91' lang='lat' dir='ltr'><strong>eos</strong></span> <span class='ocrx_word' id='word_1_523' title='bbox 737 660 1083 732; x_wconf 74' lang='lat' dir='ltr'><strong>corrigendos</strong></span> <span class='ocrx_word' id='word_1_524' title='bbox 1106 704 1122 732; x_wconf 91' lang='lat'><strong>,</strong></span> <span class='ocrx_word' id='word_1_525' title='bbox 1153 663 1199 721; x_wconf 88' lang='lat' dir='ltr'><strong>si</strong></span> <span class='ocrx_word' id='word_1_526' title='bbox 1231 665 1398 724; x_wconf 89' lang='lat' dir='ltr'><strong>velint</strong></span> <span class='ocrx_word' id='word_1_527' title='bbox 1421 669 1700 730; x_wconf 88' lang='lat' dir='ltr'><strong>advertere</strong></span> <span class='ocrx_word' id='word_1_528' title='bbox 1722 715 1737 742; x_wconf 96' lang='lat'><strong>,</strong></span> <span class='ocrx_word' id='word_1_529' title='bbox 1768 675 1884 730; x_wconf 82' lang='lat' dir='ltr'><strong>suf-</strong></span> 
     </span>
    </p>
   </div>
   <div class='ocr_carea' id='block_1_63' title="bbox 3481 425 3590 485">
    <p class='ocr_par' dir='ltr' id='par_1_63' title="bbox 3481 425 3590 485">
     <span class='ocr_line' id='line_1_64' title="bbox 3481 425 3590 485; baseline 0.037 -3"><span class='ocrx_word' id='word_1_530' title='bbox 3481 425 3590 485; x_wconf 73' lang='grc'><strong>554</strong></span> 
     </span>
    </p>
   </div>
   <div class='ocr_carea' id='block_1_64' title="bbox 2001 502 3584 602">
    <p class='ocr_par' dir='ltr' id='par_1_64' title="bbox 2001 502 3584 602">
     <span class='ocr_line' id='line_1_65' title="bbox 2001 502 3584 602; baseline 0.03 -52"><span class='ocrx_word' id='word_1_531' title='bbox 2001 508 2215 555; x_wconf 90' lang='lat' dir='ltr'><strong>omnem</strong></span> <span class='ocrx_word' id='word_1_532' title='bbox 2244 502 2487 564; x_wconf 85' lang='lat' dir='ltr'><strong>ordinem</strong></span> <span class='ocrx_word' id='word_1_533' title='bbox 2515 510 2678 568; x_wconf 81' lang='lat' dir='ltr'><strong>rebus</strong></span> <span class='ocrx_word' id='word_1_534' title='bbox 2703 518 3139 590; x_wconf 88' lang='lat' dir='ltr'><strong>corruptibilibus</strong></span> <span class='ocrx_word' id='word_1_535' title='bbox 3166 528 3370 590; x_wconf 76' lang='lat' dir='ltr'><strong>auferat</strong></span> <span class='ocrx_word' id='word_1_536' title='bbox 3392 578 3407 602; x_wconf 92' lang='lat'><strong>,</strong></span> <span class='ocrx_word' id='word_1_537' title='bbox 3435 541 3584 598; x_wconf 91' lang='lat' dir='ltr'><strong>nulla</strong></span> 
     </span>
    </p>
   </div>
   <div class='ocr_carea' id='block_1_65' title="bbox 1996 596 3586 699">
    <p class='ocr_par' dir='ltr' id='par_1_65' title="bbox 1996 596 3586 699">
     <span class='ocr_line' id='line_1_66' title="bbox 1996 596 3586 699; baseline 0.031 -58"><span class='ocrx_word' id='word_1_538' title='bbox 1996 596 2188 646; x_wconf 86' lang='lat' dir='ltr'><strong>natura</strong></span> <span class='ocrx_word' id='word_1_539' title='bbox 2219 599 2533 657; x_wconf 87' lang='lat' dir='ltr'><strong>remanebit.</strong></span> <span class='ocrx_word' id='word_1_540' title='bbox 2564 605 2643 661; x_wconf 85' lang='lat' dir='ltr'><strong>Ac</strong></span> <span class='ocrx_word' id='word_1_541' title='bbox 2669 621 2765 678; x_wconf 91' lang='lat' dir='ltr'><strong>per</strong></span> <span class='ocrx_word' id='word_1_542' title='bbox 2789 609 2889 668; x_wconf 88' lang='lat' dir='ltr'><strong>hoc</strong></span> <span class='ocrx_word' id='word_1_543' title='bbox 2914 618 3088 674; x_wconf 89' lang='lat' dir='ltr'><strong>omnis</strong></span> <span class='ocrx_word' id='word_1_544' title='bbox 3111 631 3299 681; x_wconf 90' lang='lat' dir='ltr'><strong>natura</strong></span> <span class='ocrx_word' id='word_1_545' title='bbox 3323 643 3440 699; x_wconf 67' lang='lat' dir='ltr'><strong>quae</strong></span> <span class='ocrx_word' id='word_1_546' title='bbox 3464 647 3586 689; x_wconf 86' lang='lat' dir='ltr'><strong>cor-</strong></span> 
     </span>
    </p>
   </div>
   <div class='ocr_carea' id='block_1_66' title="bbox 1991 683 3584 782">
    <p class='ocr_par' dir='ltr' id='par_1_66' title="bbox 1991 683 3584 782">
     <span class='ocr_line' id='line_1_67' title="bbox 1991 683 3584 782; baseline 0.031 -50"><span class='ocrx_word' id='word_1_547' title='bbox 1991 683 2165 752; x_wconf 89' lang='lat' dir='ltr'><strong>rumpi</strong></span> <span class='ocrx_word' id='word_1_548' title='bbox 2197 699 2301 740; x_wconf 90' lang='lat' dir='ltr'><strong>non</strong></span> <span class='ocrx_word' id='word_1_549' title='bbox 2332 699 2507 758; x_wconf 88' lang='lat' dir='ltr'><strong>potest</strong></span> <span class='ocrx_word' id='word_1_550' title='bbox 2534 736 2550 763; x_wconf 91' lang='lat'><strong>,</strong></span> <span class='ocrx_word' id='word_1_551' title='bbox 2583 710 2848 758; x_wconf 90' lang='lat' dir='ltr'><strong>summum</strong></span> <span class='ocrx_word' id='word_1_552' title='bbox 2874 703 3072 766; x_wconf 90' lang='lat' dir='ltr'><strong>bonum</strong></span> <span class='ocrx_word' id='word_1_553' title='bbox 3097 723 3182 769; x_wconf 89' lang='lat' dir='ltr'><strong>est</strong></span> <span class='ocrx_word' id='word_1_554' title='bbox 3205 756 3220 781; x_wconf 97' lang='lat'><strong>,</strong></span> <span class='ocrx_word' id='word_1_555' title='bbox 3260 718 3398 775; x_wconf 89' lang='lat' dir='ltr'><strong>sicut</strong></span> <span class='ocrx_word' id='word_1_556' title='bbox 3443 723 3584 782; x_wconf 87' lang='lat' dir='ltr'><strong>Deus</strong></span> 
     </span>
    </p>
   </div>
   <div class='ocr_carea' id='block_1_67' title="bbox 1991 773 3580 887">
    <p class='ocr_par' dir='ltr' id='par_1_67' title="bbox 1991 773 3580 887">
     <span class='ocr_line' id='line_1_68' title="bbox 1991 773 3580 887; baseline 0.031 -63"><span class='ocrx_word' id='word_1_557' title='bbox 1991 779 2093 826; x_wconf 90' lang='lat' dir='ltr'><strong>est.</strong></span> <span class='ocrx_word' id='word_1_558' title='bbox 2149 773 2335 833; x_wconf 90' lang='lat' dir='ltr'><strong>Omnis</strong></span> <span class='ocrx_word' id='word_1_559' title='bbox 2385 791 2563 839; x_wconf 89' lang='lat' dir='ltr'><strong>autem</strong></span> <span class='ocrx_word' id='word_1_560' title='bbox 2618 797 2807 848; x_wconf 88' lang='lat' dir='ltr'><strong>natura</strong></span> <span class='ocrx_word' id='word_1_561' title='bbox 2867 811 2987 867; x_wconf 68' lang='lat' dir='ltr'><strong>qua:</strong></span> <span class='ocrx_word' id='word_1_562' title='bbox 3038 809 3306 878; x_wconf 90' lang='lat' dir='ltr'><strong>corrumpi</strong></span> <span class='ocrx_word' id='word_1_563' title='bbox 3361 821 3580 887; x_wconf 88' lang='lat' dir='ltr'><strong>potest,</strong></span> 
     </span>
    </p>
   </div>
   <div class='ocr_carea' id='block_1_68' title="bbox 1985 861 3581 969">
    <p class='ocr_par' dir='ltr' id='par_1_68' title="bbox 1985 861 3581 969">
     <span class='ocr_line' id='line_1_69' title="bbox 1985 861 3581 969; baseline 0.031 -55"><span class='ocrx_word' id='word_1_564' title='bbox 1985 861 2147 918; x_wconf 90' lang='lat' dir='ltr'><strong>etiam</strong></span> <span class='ocrx_word' id='word_1_565' title='bbox 2177 866 2291 936; x_wconf 90' lang='lat' dir='ltr'><strong>ipsa</strong></span> <span class='ocrx_word' id='word_1_566' title='bbox 2319 868 2534 942; x_wconf 91' lang='lat' dir='ltr'><strong>aliquod</strong></span> <span class='ocrx_word' id='word_1_567' title='bbox 2561 875 2760 936; x_wconf 90' lang='lat' dir='ltr'><strong>bonum</strong></span> <span class='ocrx_word' id='word_1_568' title='bbox 2797 861 2920 941; x_wconf 57' lang='lat' dir='ltr'><strong>est:</strong></span> <span class='ocrx_word' id='word_1_569' title='bbox 2965 884 3070 948; x_wconf 82' lang='lat' dir='ltr'><strong>aen</strong></span> <span class='ocrx_word' id='word_1_570' title='bbox 3116 861 3272 952; x_wconf 46' lang='lat' dir='ltr'><strong>enim‘</strong></span> <span class='ocrx_word' id='word_1_571' title='bbox 3298 861 3484 969; x_wconf 61' lang='lat' dir='ltr'><strong>posset</strong></span> <span class='ocrx_word' id='word_1_572' title='bbox 3530 861 3581 963; x_wconf 75' lang='lat' dir='ltr'><strong>ei</strong></span> 
     </span>
    </p>
   </div>
   <div class='ocr_carea' id='block_1_69' title="bbox 1983 962 3577 1066">
    <p class='ocr_par' dir='ltr' id='par_1_69' title="bbox 1983 962 3577 1066">
     <span class='ocr_line' id='line_1_70' title="bbox 1983 962 3577 1066; baseline 0.031 -60"><span class='ocrx_word' id='word_1_573' title='bbox 1983 965 2181 1011; x_wconf 91' lang='lat' dir='ltr'><strong>nocere</strong></span> <span class='ocrx_word' id='word_1_574' title='bbox 2205 962 2481 1033; x_wconf 87' lang='lat' dir='ltr'><strong>corruptio</strong></span> <span class='ocrx_word' id='word_1_575' title='bbox 2503 1005 2521 1034; x_wconf 88' lang='lat'><strong>,</strong></span> <span class='ocrx_word' id='word_1_576' title='bbox 2553 967 2657 1024; x_wconf 90' lang='lat' dir='ltr'><strong>nisi</strong></span> <span class='ocrx_word' id='word_1_577' title='bbox 2685 972 2972 1034; x_wconf 88' lang='lat' dir='ltr'><strong>adimendo</strong></span> <span class='ocrx_word' id='word_1_578' title='bbox 3013 989 3069 1038; x_wconf 92' lang='lat' dir='ltr'><strong>et</strong></span> <span class='ocrx_word' id='word_1_579' title='bbox 3108 985 3398 1048; x_wconf 87' lang='lat' dir='ltr'><strong>minuendo</strong></span> <span class='ocrx_word' id='word_1_580' title='bbox 3431 998 3577 1066; x_wconf 90' lang='lat' dir='ltr'><strong>quod</strong></span> 
     </span>
     <span class='ocr_line' id='line_1_71' title="bbox 1983 1042 2284 1066; baseline 0.03 -9"><span class='ocrx_word' id='word_1_581' title='bbox 1983 1042 2172 1066; x_wconf 37' lang='grc' dir='ltr'><strong>,ΜΗ</strong></span> <span class='ocrx_word' id='word_1_582' title='bbox 2221 1065 2225 1066; x_wconf 28' lang='grc' dir='ltr'><em>ν</em></span> <span class='ocrx_word' id='word_1_583' title='bbox 2272 1060 2284 1066; x_wconf 80' lang='grc'><strong>-</strong></span> 
     </span>
    </p>
   </div>
   <div class='ocr_carea' id='block_1_70' title="bbox 1979 1042 2307 1109">
    <p class='ocr_par' dir='ltr' id='par_1_70' title="bbox 1979 1042 2307 1109">
     <span class='ocr_line' id='line_1_72' title="bbox 1979 1042 2307 1109; baseline 0.021 -9"><span class='ocrx_word' id='word_1_584' title='bbox 1979 1042 2181 1104; x_wconf 87' lang='lat' dir='ltr'><strong>bonum</strong></span> <span class='ocrx_word' id='word_1_585' title='bbox 2205 1060 2307 1109; x_wconf 90' lang='lat' dir='ltr'><strong>est.</strong></span> 
     </span>
    </p>
   </div>
   <div class='ocr_carea' id='block_1_71' title="bbox 2049 1138 3571 1252">
    <p class='ocr_par' dir='ltr' id='par_1_71' title="bbox 2049 1138 3571 1252">
     <span class='ocr_line' id='line_1_73' title="bbox 2049 1138 3571 1252; baseline 0.03 -58"><span class='ocrx_word' id='word_1_586' title='bbox 2049 1138 2276 1199; x_wconf 85' lang='lat' dir='ltr'><strong>CAPUT</strong></span> <span class='ocrx_word' id='word_1_587' title='bbox 2322 1145 2436 1202; x_wconf 78' lang='lat' dir='ltr'><strong>VII.</strong></span> <span class='ocrx_word' id='word_1_588' title='bbox 2485 1181 2558 1191; x_wconf 93' lang='lat'><strong>—</strong></span> <span class='ocrx_word' id='word_1_589' title='bbox 2603 1152 2952 1218; x_wconf 84' lang='lat' dir='ltr'><strong>Rationatium</strong></span> <span class='ocrx_word' id='word_1_590' title='bbox 2997 1168 3268 1239; x_wconf 79' lang='lat' dir='ltr'><strong>spirituum</strong></span> <span class='ocrx_word' id='word_1_591' title='bbox 3313 1184 3571 1252; x_wconf 88' lang='lat' dir='ltr'><strong>corruptio</strong></span> 
     </span>
    </p>
   </div>
   <div class='ocr_carea' id='block_1_72' title="bbox 1975 1229 3572 1341">
    <p class='ocr_par' dir='ltr' id='par_1_72' title="bbox 1975 1229 3572 1341">
     <span class='ocr_line' id='line_1_74' title="bbox 1975 1229 3572 1341; baseline 0.031 -60"><span class='ocrx_word' id='word_1_592' title='bbox 1975 1229 2082 1283; x_wconf 85' lang='lat' dir='ltr'><strong>alia</strong></span> <span class='ocrx_word' id='word_1_593' title='bbox 2120 1234 2444 1307; x_wconf 73' lang='lat' dir='ltr'><strong>uoluntaria,</strong></span> <span class='ocrx_word' id='word_1_594' title='bbox 2487 1242 2591 1298; x_wconf 81' lang='lat' dir='ltr'><strong>alia</strong></span> <span class='ocrx_word' id='word_1_595' title='bbox 2635 1251 2866 1316; x_wconf 82' lang='lat' dir='ltr'><strong>poenalis.</strong></span> <span class='ocrx_word' id='word_1_596' title='bbox 2908 1229 3176 1318; x_wconf 74' lang='lat' dir='ltr'><strong>Creaturis</strong></span> <span class='ocrx_word' id='word_1_597' title='bbox 3211 1275 3389 1324; x_wconf 90' lang='lat' dir='ltr'><strong>autem</strong></span> <span class='ocrx_word' id='word_1_598' title='bbox 3429 1229 3572 1341; x_wconf 49' lang='lat' dir='ltr'><strong>pia:-</strong></span> 
     </span>
    </p>
   </div>
   <div class='ocr_carea' id='block_1_73' title="bbox 1971 1323 3569 1430">
    <p class='ocr_par' dir='ltr' id='par_1_73' title="bbox 1971 1323 3569 1430">
     <span class='ocr_line' id='line_1_75' title="bbox 1971 1323 3569 1430; baseline 0.03 -55"><span class='ocrx_word' id='word_1_599' title='bbox 1971 1323 2316 1384; x_wconf 86' lang='lat' dir='ltr'><strong>stantissimis</strong></span> <span class='ocrx_word' id='word_1_600' title='bbox 2339 1372 2354 1397; x_wconf 95' lang='lat'><strong>,</strong></span> <span class='ocrx_word' id='word_1_601' title='bbox 2403 1331 2506 1391; x_wconf 91' lang='lat' dir='ltr'><strong>hoc</strong></span> <span class='ocrx_word' id='word_1_602' title='bbox 2547 1346 2668 1407; x_wconf 89' lang='lat' dir='ltr'><strong>est,</strong></span> <span class='ocrx_word' id='word_1_603' title='bbox 2715 1344 3058 1406; x_wconf 90' lang='lat' dir='ltr'><strong>rationalibus</strong></span> <span class='ocrx_word' id='word_1_604' title='bbox 3097 1323 3569 1430; x_wconf 51' lang='lat' dir='ltr'><strong>spiritibus,rhoc</strong></span> 
     </span>
    </p>
   </div>
   <div class='ocr_carea' id='block_1_74' title="bbox 1969 1421 3566 1528">
    <p class='ocr_par' dir='ltr' id='par_1_74' title="bbox 1969 1421 3566 1528">
     <span class='ocr_line' id='line_1_76' title="bbox 1969 1421 3566 1528; baseline 0.029 -58"><span class='ocrx_word' id='word_1_605' title='bbox 1969 1421 2218 1485; x_wconf 67' lang='lat' dir='ltr'><strong>prmstitit</strong></span> <span class='ocrx_word' id='word_1_606' title='bbox 2243 1423 2384 1481; x_wconf 90' lang='lat' dir='ltr'><strong>Deus</strong></span> <span class='ocrx_word' id='word_1_607' title='bbox 2406 1469 2421 1495; x_wconf 88' lang='lat'><strong>,</strong></span> <span class='ocrx_word' id='word_1_608' title='bbox 2455 1438 2515 1485; x_wconf 90' lang='lat' dir='ltr'><strong>ut</strong></span> <span class='ocrx_word' id='word_1_609' title='bbox 2539 1431 2586 1487; x_wconf 90' lang='lat' dir='ltr'><strong>si</strong></span> <span class='ocrx_word' id='word_1_610' title='bbox 2612 1435 2822 1506; x_wconf 88' lang='lat' dir='ltr'><strong>nolint,</strong></span> <span class='ocrx_word' id='word_1_611' title='bbox 2862 1421 3142 1519; x_wconf 69' lang='lat' dir='ltr'><strong>corrumin</strong></span> <span class='ocrx_word' id='word_1_612' title='bbox 3165 1465 3271 1508; x_wconf 92' lang='lat' dir='ltr'><strong>non</strong></span> <span class='ocrx_word' id='word_1_613' title='bbox 3319 1459 3566 1528; x_wconf 87' lang='lat' dir='ltr'><strong>possint;</strong></span> 
     </span>
    </p>
   </div>
   <div class='ocr_carea' id='block_1_75' title="bbox 1967 1505 3566 1609">
    <p class='ocr_par' dir='ltr' id='par_1_75' title="bbox 1967 1505 3566 1609">
     <span class='ocr_line' id='line_1_77' title="bbox 3075 1505 3566 1528; baseline 0.029 -14"><span class='ocrx_word' id='word_1_614' title='bbox 3075 1505 3095 1519; x_wconf 77' lang='grc'><em>,</em></span> <span class='ocrx_word' id='word_1_615' title='bbox 3213 1505 3271 1508; x_wconf 28' lang='lat' dir='ltr'><strong>vri</strong></span> <span class='ocrx_word' id='word_1_616' title='bbox 3319 1505 3526 1526; x_wconf 70' lang='grc' dir='ltr'><strong>ι-ν--ιυ-</strong></span> <span class='ocrx_word' id='word_1_617' title='bbox 3549 1505 3566 1528; x_wconf 70' lang='grc' dir='ltr'><strong><em>ο</em></strong></span> 
     </span>
     <span class='ocr_line' id='line_1_78' title="bbox 1967 1505 3566 1609; baseline 0.029 -46"><span class='ocrx_word' id='word_1_618' title='bbox 1967 1505 2022 1563; x_wconf 92' lang='lat' dir='ltr'><strong>id</strong></span> <span class='ocrx_word' id='word_1_619' title='bbox 2047 1521 2168 1582; x_wconf 90' lang='lat' dir='ltr'><strong>est,</strong></span> <span class='ocrx_word' id='word_1_620' title='bbox 2224 1516 2270 1571; x_wconf 89' lang='lat' dir='ltr'><strong>si</strong></span> <span class='ocrx_word' id='word_1_621' title='bbox 2308 1519 2666 1582; x_wconf 86' lang='lat' dir='ltr'><strong>obedientiam</strong></span> <span class='ocrx_word' id='word_1_622' title='bbox 2713 1540 3152 1596; x_wconf 89' lang='lat' dir='ltr'><strong>conservaverint</strong></span> <span class='ocrx_word' id='word_1_623' title='bbox 3195 1546 3296 1602; x_wconf 93' lang='lat' dir='ltr'><strong>sub</strong></span> <span class='ocrx_word' id='word_1_624' title='bbox 3335 1548 3566 1609; x_wconf 90' lang='lat' dir='ltr'><strong>Domino</strong></span> 
     </span>
    </p>
   </div>
   <div class='ocr_carea' id='block_1_76' title="bbox 1964 1599 3563 1716">
    <p class='ocr_par' dir='ltr' id='par_1_76' title="bbox 1964 1599 3563 1716">
     <span class='ocr_line' id='line_1_79' title="bbox 1964 1599 3563 1716; baseline 0.03 -61"><span class='ocrx_word' id='word_1_625' title='bbox 1964 1599 2078 1658; x_wconf 93' lang='lat' dir='ltr'><strong>Deo</strong></span> <span class='ocrx_word' id='word_1_626' title='bbox 2133 1619 2268 1674; x_wconf 90' lang='lat' dir='ltr'><strong>suo,</strong></span> <span class='ocrx_word' id='word_1_627' title='bbox 2327 1624 2391 1667; x_wconf 91' lang='lat' dir='ltr'><strong>ac</strong></span> <span class='ocrx_word' id='word_1_628' title='bbox 2441 1615 2522 1671; x_wconf 91' lang='lat' dir='ltr'><strong>sic</strong></span> <span class='ocrx_word' id='word_1_629' title='bbox 2571 1619 2961 1694; x_wconf 89' lang='lat' dir='ltr'><strong>incorruptibili</strong></span> <span class='ocrx_word' id='word_1_630' title='bbox 3012 1633 3395 1701; x_wconf 85' lang='lat' dir='ltr'><strong>pulchritudini</strong></span> <span class='ocrx_word' id='word_1_631' title='bbox 3443 1645 3563 1716; x_wconf 87' lang='lat' dir='ltr'><strong>ejus</strong></span> 
     </span>
     <span class='ocr_line' id='line_1_80' title="bbox 1964 1691 2771 1716; baseline 0.027 0"><span class='ocrx_word' id='word_1_632' title='bbox 1964 1691 2277 1716; x_wconf 50' lang='grc' dir='ltr'><strong>...ιι-..-Α-ονι</strong></span> <span class='ocrx_word' id='word_1_633' title='bbox 2387 1704 2401 1716; x_wconf 79' lang='grc'><strong><em>⁹</em></strong></span> <span class='ocrx_word' id='word_1_634' title='bbox 2673 1712 2686 1716; x_wconf 90' lang='grc'><strong><em>“</em></strong></span> <span class='ocrx_word' id='word_1_635' title='bbox 2764 1715 2771 1716; x_wconf 58' lang='lat'><strong><em>&#39;</em></strong></span> 
     </span>
    </p>
   </div>
   <div class='ocr_carea' id='block_1_77' title="bbox 1962 1691 3562 1793">
    <p class='ocr_par' dir='ltr' id='par_1_77' title="bbox 1962 1691 3562 1793">
     <span class='ocr_line' id='line_1_81' title="bbox 2791 1691 3562 1716; baseline 0.038 -22"><span class='ocrx_word' id='word_1_636' title='bbox 2791 1691 2806 1694; x_wconf 97' lang='lat'>_</span> <span class='ocrx_word' id='word_1_637' title='bbox 3012 1691 3031 1701; x_wconf 93' lang='lat'><strong>.</strong></span> <span class='ocrx_word' id='word_1_638' title='bbox 3229 1691 3395 1698; x_wconf 58' lang='lat'><strong>~~-----</strong></span> <span class='ocrx_word' id='word_1_639' title='bbox 3446 1691 3562 1716; x_wconf 69' lang='grc' dir='ltr'><strong>*δ”-ν</strong></span> 
     </span>
     <span class='ocr_line' id='line_1_82' title="bbox 1962 1691 3562 1793; baseline 0.03 -47"><span class='ocrx_word' id='word_1_640' title='bbox 1962 1691 2283 1754; x_wconf 71' lang='grc' dir='ltr'>εᾶίιιεεετίηι</span> <span class='ocrx_word' id='word_1_641' title='bbox 2311 1718 2325 1756; x_wconf 91' lang='lat'>:</span> <span class='ocrx_word' id='word_1_642' title='bbox 2355 1704 2401 1759; x_wconf 90' lang='lat' dir='ltr'><strong>si</strong></span> <span class='ocrx_word' id='word_1_643' title='bbox 2429 1716 2610 1764; x_wconf 88' lang='lat' dir='ltr'><strong>autem</strong></span> <span class='ocrx_word' id='word_1_644' title='bbox 2637 1712 2997 1775; x_wconf 88' lang='lat' dir='ltr'><strong>obedientiam</strong></span> <span class='ocrx_word' id='word_1_645' title='bbox 3021 1737 3343 1788; x_wconf 89' lang='lat' dir='ltr'><strong>conservare</strong></span> <span class='ocrx_word' id='word_1_646' title='bbox 3372 1735 3562 1793; x_wconf 89' lang='lat' dir='ltr'><strong>nolue-</strong></span> 
     </span>
    </p>
   </div>
   <div class='ocr_carea' id='block_1_78' title="bbox 1961 1781 3614 1908">
    <p class='ocr_par' dir='ltr' id='par_1_78' title="bbox 1961 1781 3614 1908">
     <span class='ocr_line' id='line_1_83' title="bbox 1961 1781 3614 1908; baseline 0.028 -71"><span class='ocrx_word' id='word_1_647' title='bbox 1961 1781 2106 1852; x_wconf 90' lang='lat' dir='ltr'><strong>rint,</strong></span> <span class='ocrx_word' id='word_1_648' title='bbox 2137 1791 2390 1858; x_wconf 89' lang='lat' dir='ltr'><strong>quoniam</strong></span> <span class='ocrx_word' id='word_1_649' title='bbox 2443 1798 2686 1859; x_wconf 91' lang='lat' dir='ltr'><strong>volentes</strong></span> <span class='ocrx_word' id='word_1_650' title='bbox 2737 1819 3155 1882; x_wconf 88' lang='lat' dir='ltr'><strong>corrumpuntur</strong></span> <span class='ocrx_word' id='word_1_651' title='bbox 3191 1819 3246 1874; x_wconf 89' lang='lat' dir='ltr'><strong>in</strong></span> <span class='ocrx_word' id='word_1_652' title='bbox 3284 1827 3558 1898; x_wconf 87' lang='lat' dir='ltr'><strong>peccatis,</strong></span> <span class='ocrx_word' id='word_1_653' title='bbox 3603 1903 3614 1908; x_wconf 92' lang='lat'>_</span> 
     </span>
     <span class='ocr_line' id='line_1_84' title="bbox 1961 1876 3069 1908; baseline 0 0"><span class='ocrx_word' id='word_1_654' title='bbox 1961 1876 2207 1908; x_wconf 69' lang='grc' dir='ltr'><strong>πΛΙΛ-ιι--</strong></span> <span class='ocrx_word' id='word_1_655' title='bbox 2239 1897 2574 1908; x_wconf 48' lang='grc' dir='ltr'><strong>-Α.....-..----η.</strong></span> <span class='ocrx_word' id='word_1_656' title='bbox 2675 1895 2687 1907; x_wconf 88' lang='grc'><strong>.</strong></span> <span class='ocrx_word' id='word_1_657' title='bbox 2885 1902 2897 1908; x_wconf 92' lang='grc'><strong>-</strong></span> <span class='ocrx_word' id='word_1_658' title='bbox 2979 1903 3021 1908; x_wconf 80' lang='lat'><strong>_</strong></span> <span class='ocrx_word' id='word_1_659' title='bbox 3057 1905 3069 1908; x_wconf 85' lang='lat'>_</span> 
     </span>
    </p>
   </div>
   <div class='ocr_carea' id='block_1_79' title="bbox 1959 1876 3557 1985">
    <p class='ocr_par' dir='ltr' id='par_1_79' title="bbox 1959 1876 3557 1985">
     <span class='ocr_line' id='line_1_85' title="bbox 1959 1876 3557 1985; baseline 0.03 -56"><span class='ocrx_word' id='word_1_660' title='bbox 1959 1876 2208 1937; x_wconf 87' lang='lat' dir='ltr'><strong>nolentes</strong></span> <span class='ocrx_word' id='word_1_661' title='bbox 2236 1897 2646 1959; x_wconf 86' lang='lat' dir='ltr'><strong>corrumpantur</strong></span> <span class='ocrx_word' id='word_1_662' title='bbox 2673 1895 2728 1952; x_wconf 89' lang='lat' dir='ltr'><strong>in</strong></span> <span class='ocrx_word' id='word_1_663' title='bbox 2755 1876 3107 1968; x_wconf 27' lang='lat' dir='ltr'><strong>poenisdTale</strong></span> <span class='ocrx_word' id='word_1_664' title='bbox 3131 1876 3330 1985; x_wconf 71' lang='lat' dir='ltr'><strong>quippe</strong></span> <span class='ocrx_word' id='word_1_665' title='bbox 3353 1876 3557 1976; x_wconf 64' lang='lat' dir='ltr'><strong>honuni</strong></span> 
     </span>
    </p>
   </div>
   <div class='ocr_carea' id='block_1_80' title="bbox 1958 1971 3556 2072">
    <p class='ocr_par' dir='ltr' id='par_1_80' title="bbox 1958 1971 3556 2072">
     <span class='ocr_line' id='line_1_86' title="bbox 1958 1971 3556 2072; baseline 0.03 -49"><span class='ocrx_word' id='word_1_666' title='bbox 1958 1976 2039 2025; x_wconf 88' lang='lat' dir='ltr'><strong>est</strong></span> <span class='ocrx_word' id='word_1_667' title='bbox 2067 1971 2208 2030; x_wconf 92' lang='lat' dir='ltr'><strong>Deus</strong></span> <span class='ocrx_word' id='word_1_668' title='bbox 2232 2018 2247 2042; x_wconf 98' lang='lat'><strong>,</strong></span> <span class='ocrx_word' id='word_1_669' title='bbox 2276 1986 2335 2033; x_wconf 93' lang='lat' dir='ltr'><strong>ut</strong></span> <span class='ocrx_word' id='word_1_670' title='bbox 2361 1984 2562 2039; x_wconf 91' lang='lat' dir='ltr'><strong>nemini</strong></span> <span class='ocrx_word' id='word_1_671' title='bbox 2602 2001 2728 2044; x_wconf 91' lang='lat' dir='ltr'><strong>eum</strong></span> <span class='ocrx_word' id='word_1_672' title='bbox 2771 1991 3039 2054; x_wconf 88' lang='lat' dir='ltr'><strong>deserenti</strong></span> <span class='ocrx_word' id='word_1_673' title='bbox 3083 2000 3220 2060; x_wconf 89' lang='lat' dir='ltr'><strong>bene</strong></span> <span class='ocrx_word' id='word_1_674' title='bbox 3259 2008 3365 2063; x_wconf 89' lang='lat' dir='ltr'><strong>sit:</strong></span> <span class='ocrx_word' id='word_1_675' title='bbox 3405 2020 3461 2068; x_wconf 90' lang='grc' dir='ltr'><strong>ει</strong></span> <span class='ocrx_word' id='word_1_676' title='bbox 3500 2014 3556 2072; x_wconf 91' lang='lat' dir='ltr'><strong>in</strong></span> 
     </span>
    </p>
   </div>
   <div class='ocr_carea' id='block_1_81' title="bbox 1955 2062 3554 2163">
    <p class='ocr_par' dir='ltr' id='par_1_81' title="bbox 1955 2062 3554 2163">
     <span class='ocr_line' id='line_1_87' title="bbox 1955 2062 3554 2163; baseline 0.03 -47"><span class='ocrx_word' id='word_1_677' title='bbox 1955 2062 2114 2120; x_wconf 86' lang='lat' dir='ltr'><strong>rebus</strong></span> <span class='ocrx_word' id='word_1_678' title='bbox 2140 2080 2172 2121; x_wconf 92' lang='lat' dir='ltr'><strong>a</strong></span> <span class='ocrx_word' id='word_1_679' title='bbox 2209 2067 2320 2125; x_wconf 90' lang='lat' dir='ltr'><strong>Deo</strong></span> <span class='ocrx_word' id='word_1_680' title='bbox 2360 2071 2515 2131; x_wconf 80' lang='lat' dir='ltr'><strong>iactis</strong></span> <span class='ocrx_word' id='word_1_681' title='bbox 2552 2087 2660 2134; x_wconf 90' lang='lat' dir='ltr'><strong>tam</strong></span> <span class='ocrx_word' id='word_1_682' title='bbox 2712 2098 2962 2155; x_wconf 84' lang='lat' dir='ltr'><strong>magnum</strong></span> <span class='ocrx_word' id='word_1_683' title='bbox 3004 2091 3204 2151; x_wconf 90' lang='lat' dir='ltr'><strong>bonum</strong></span> <span class='ocrx_word' id='word_1_684' title='bbox 3244 2108 3328 2155; x_wconf 90' lang='lat' dir='ltr'><strong>est</strong></span> <span class='ocrx_word' id='word_1_685' title='bbox 3362 2113 3554 2163; x_wconf 88' lang='lat' dir='ltr'><strong>natura</strong></span> 
     </span>
    </p>
   </div>
   <div class='ocr_carea' id='block_1_82' title="bbox 1952 2157 3553 2256">
    <p class='ocr_par' dir='ltr' id='par_1_82' title="bbox 1952 2157 3553 2256">
     <span class='ocr_line' id='line_1_88' title="bbox 1952 2157 3553 2256; baseline 0.028 -47"><span class='ocrx_word' id='word_1_686' title='bbox 1952 2157 2229 2217; x_wconf 88' lang='lat' dir='ltr'><strong>rationalis</strong></span> <span class='ocrx_word' id='word_1_687' title='bbox 2251 2204 2266 2231; x_wconf 90' lang='lat'><strong>,</strong></span> <span class='ocrx_word' id='word_1_688' title='bbox 2299 2173 2358 2220; x_wconf 91' lang='lat' dir='ltr'><strong>ut</strong></span> <span class='ocrx_word' id='word_1_689' title='bbox 2393 2169 2600 2227; x_wconf 92' lang='lat' dir='ltr'><strong>nullum</strong></span> <span class='ocrx_word' id='word_1_690' title='bbox 2642 2176 2710 2229; x_wconf 87' lang='lat' dir='ltr'><strong>sit</strong></span> <span class='ocrx_word' id='word_1_691' title='bbox 2750 2177 2950 2236; x_wconf 90' lang='lat' dir='ltr'><strong>bonum</strong></span> <span class='ocrx_word' id='word_1_692' title='bbox 2987 2199 3094 2255; x_wconf 91' lang='lat' dir='ltr'><strong>quo</strong></span> <span class='ocrx_word' id='word_1_693' title='bbox 3136 2188 3291 2247; x_wconf 91' lang='lat' dir='ltr'><strong>beata</strong></span> <span class='ocrx_word' id='word_1_694' title='bbox 3337 2195 3409 2252; x_wconf 90' lang='lat' dir='ltr'><strong>sit</strong></span> <span class='ocrx_word' id='word_1_695' title='bbox 3446 2198 3553 2256; x_wconf 89' lang='lat' dir='ltr'><strong>nisi</strong></span> 
     </span>
    </p>
   </div>
   <div class='ocr_carea' id='block_1_83' title="bbox 1951 2245 3550 2358">
    <p class='ocr_par' dir='ltr' id='par_1_83' title="bbox 1951 2245 3550 2358">
     <span class='ocr_line' id='line_1_89' title="bbox 1951 2245 3550 2358; baseline 0.028 -57"><span class='ocrx_word' id='word_1_696' title='bbox 1951 2245 2112 2304; x_wconf 86' lang='lat' dir='ltr'><strong>Deus.</strong></span> <span class='ocrx_word' id='word_1_697' title='bbox 2143 2251 2436 2314; x_wconf 89' lang='lat' dir='ltr'><strong>Peccantes</strong></span> <span class='ocrx_word' id='word_1_698' title='bbox 2460 2259 2623 2331; x_wconf 79' lang='lat' dir='ltr'><strong>igitur</strong></span> <span class='ocrx_word' id='word_1_699' title='bbox 2651 2265 2704 2319; x_wconf 91' lang='lat' dir='ltr'><strong>in</strong></span> <span class='ocrx_word' id='word_1_700' title='bbox 2737 2245 3020 2340; x_wconf 74' lang='lat' dir='ltr'><strong>suppliciis</strong></span> <span class='ocrx_word' id='word_1_701' title='bbox 3040 2277 3357 2340; x_wconf 89' lang='lat' dir='ltr'><strong>ordinantur</strong></span> <span class='ocrx_word' id='word_1_702' title='bbox 3383 2304 3398 2341; x_wconf 89' lang='lat'><strong>:</strong></span> <span class='ocrx_word' id='word_1_703' title='bbox 3429 2303 3550 2358; x_wconf 70' lang='lat' dir='ltr'><strong>qua:</strong></span> 
     </span>
    </p>
   </div>
   <div class='ocr_carea' id='block_1_84' title="bbox 1947 2339 3548 2444">
    <p class='ocr_par' dir='ltr' id='par_1_84' title="bbox 1947 2339 3548 2444">
     <span class='ocr_line' id='line_1_90' title="bbox 1947 2339 3548 2444; baseline 0.029 -52"><span class='ocrx_word' id='word_1_704' title='bbox 1947 2339 2218 2400; x_wconf 89' lang='lat' dir='ltr'><strong>ordinatio</strong></span> <span class='ocrx_word' id='word_1_705' title='bbox 2263 2350 2385 2418; x_wconf 87' lang='lat' dir='ltr'><strong>quia</strong></span> <span class='ocrx_word' id='word_1_706' title='bbox 2441 2365 2630 2410; x_wconf 91' lang='lat' dir='ltr'><strong>eorum</strong></span> <span class='ocrx_word' id='word_1_707' title='bbox 2674 2339 2881 2417; x_wconf 67' lang='lat' dir='ltr'><strong>naturae</strong></span> <span class='ocrx_word' id='word_1_708' title='bbox 2932 2380 3039 2422; x_wconf 93' lang='lat' dir='ltr'><strong>non</strong></span> <span class='ocrx_word' id='word_1_709' title='bbox 3086 2375 3376 2444; x_wconf 85' lang='lat' dir='ltr'><strong>competit,</strong></span> <span class='ocrx_word' id='word_1_710' title='bbox 3424 2339 3548 2439; x_wconf 60' lang='lat' dir='ltr'><strong>ideo</strong></span> 
     </span>
    </p>
   </div>
   <div class='ocr_carea' id='block_1_85' title="bbox 1948 2441 3541 2537">
    <p class='ocr_par' dir='ltr' id='par_1_85' title="bbox 1948 2441 3541 2537">
     <span class='ocr_line' id='line_1_91' title="bbox 1948 2441 3541 2537; baseline 0.028 -51"><span class='ocrx_word' id='word_1_711' title='bbox 1948 2445 2106 2501; x_wconf 69' lang='lat' dir='ltr'><strong>poena</strong></span> <span class='ocrx_word' id='word_1_712' title='bbox 2134 2445 2217 2492; x_wconf 92' lang='lat' dir='ltr'><strong>est</strong></span> <span class='ocrx_word' id='word_1_713' title='bbox 2240 2454 2254 2504; x_wconf 90' lang='lat'><strong>;</strong></span> <span class='ocrx_word' id='word_1_714' title='bbox 2287 2441 2382 2497; x_wconf 89' lang='lat' dir='ltr'><strong>sed</strong></span> <span class='ocrx_word' id='word_1_715' title='bbox 2408 2444 2531 2515; x_wconf 88' lang='lat' dir='ltr'><strong>quia</strong></span> <span class='ocrx_word' id='word_1_716' title='bbox 2552 2448 2723 2520; x_wconf 68' lang='lat' dir='ltr'><strong>culpa:</strong></span> <span class='ocrx_word' id='word_1_717' title='bbox 2743 2458 3036 2528; x_wconf 87' lang='lat' dir='ltr'><strong>competit,</strong></span> <span class='ocrx_word' id='word_1_718' title='bbox 3065 2461 3186 2519; x_wconf 90' lang='lat' dir='ltr'><strong>ideo</strong></span> <span class='ocrx_word' id='word_1_719' title='bbox 3207 2441 3413 2537; x_wconf 60' lang='lat' dir='ltr'><strong>iustitia</strong></span> <span class='ocrx_word' id='word_1_720' title='bbox 3439 2482 3541 2530; x_wconf 87' lang='lat' dir='ltr'><strong>est.</strong></span> 
     </span>
    </p>
   </div>
   <div class='ocr_carea' id='block_1_86' title="bbox 2017 2522 3546 2630">
    <p class='ocr_par' dir='ltr' id='par_1_86' title="bbox 2017 2522 3546 2630">
     <span class='ocr_line' id='line_1_92' title="bbox 2017 2522 3546 2630; baseline 0.028 -53"><span class='ocrx_word' id='word_1_721' title='bbox 2017 2522 2245 2583; x_wconf 84' lang='lat' dir='ltr'><strong>CAPUT</strong></span> <span class='ocrx_word' id='word_1_722' title='bbox 2287 2529 2422 2588; x_wconf 83' lang='lat' dir='ltr'><strong>Vlll.</strong></span> <span class='ocrx_word' id='word_1_723' title='bbox 2461 2565 2533 2576; x_wconf 91' lang='lat'><strong>-—</strong></span> <span class='ocrx_word' id='word_1_724' title='bbox 2589 2537 2675 2594; x_wconf 79' lang='lat' dir='ltr'><strong>Ea:</strong></span> <span class='ocrx_word' id='word_1_725' title='bbox 2699 2522 3546 2630; x_wconf 37' lang='lat' dir='ltr'><strong>rerum—inferiorum&#39;corrup‘tioiie</strong></span> 
     </span>
    </p>
   </div>
   <div class='ocr_carea' id='block_1_87' title="bbox 1944 2617 3544 2721">
    <p class='ocr_par' dir='ltr' id='par_1_87' title="bbox 1944 2617 3544 2721">
     <span class='ocr_line' id='line_1_93' title="bbox 1944 2617 3544 2721; baseline 0.029 -54"><span class='ocrx_word' id='word_1_726' title='bbox 1944 2631 2005 2668; x_wconf 89' lang='lat' dir='ltr'><strong>ac</strong></span> <span class='ocrx_word' id='word_1_727' title='bbox 2031 2617 2236 2673; x_wconf 83' lang='lat' dir='ltr'><strong>interitu</strong></span> <span class='ocrx_word' id='word_1_728' title='bbox 2257 2624 2587 2692; x_wconf 80' lang='lat' dir='ltr'><strong>pulchritudo</strong></span> <span class='ocrx_word' id='word_1_729' title='bbox 2615 2636 2854 2692; x_wconf 81' lang='lat' dir='ltr'><strong>universi.</strong></span> <span class='ocrx_word' id='word_1_730' title='bbox 2888 2617 3095 2699; x_wconf 55' lang='lat' dir='ltr'><strong>Cétera</strong></span> <span class='ocrx_word' id='word_1_731' title='bbox 3123 2661 3249 2704; x_wconf 92' lang='lat' dir='ltr'><strong>vero</strong></span> <span class='ocrx_word' id='word_1_732' title='bbox 3275 2665 3394 2721; x_wconf 71' lang='lat' dir='ltr'><strong>qua:</strong></span> <span class='ocrx_word' id='word_1_733' title='bbox 3416 2666 3544 2712; x_wconf 90' lang='lat' dir='ltr'><strong>sunt</strong></span> 
     </span>
    </p>
   </div>
   <div class='ocr_carea' id='block_1_88' title="bbox 1941 2705 3542 2816">
    <p class='ocr_par' dir='ltr' id='par_1_88' title="bbox 1941 2705 3542 2816">
     <span class='ocr_line' id='line_1_94' title="bbox 1941 2705 3542 2816; baseline 0.027 -56"><span class='ocrx_word' id='word_1_734' title='bbox 1941 2705 2080 2762; x_wconf 84' lang='lat' dir='ltr'><strong>facta</strong></span> <span class='ocrx_word' id='word_1_735' title='bbox 2109 2709 2175 2765; x_wconf 90' lang='lat' dir='ltr'><strong>de</strong></span> <span class='ocrx_word' id='word_1_736' title='bbox 2217 2712 2389 2771; x_wconf 90' lang='lat' dir='ltr'><strong>nihilo</strong></span> <span class='ocrx_word' id='word_1_737' title='bbox 2412 2759 2428 2786; x_wconf 93' lang='lat'><strong>,</strong></span> <span class='ocrx_word' id='word_1_738' title='bbox 2457 2733 2575 2789; x_wconf 67' lang='lat' dir='ltr'><strong>qua:</strong></span> <span class='ocrx_word' id='word_1_739' title='bbox 2601 2723 2786 2790; x_wconf 86' lang='lat' dir='ltr'><strong>utique</strong></span> <span class='ocrx_word' id='word_1_740' title='bbox 2813 2728 3067 2789; x_wconf 83' lang='lat' dir='ltr'><strong>inferiora</strong></span> <span class='ocrx_word' id='word_1_741' title='bbox 3097 2746 3222 2794; x_wconf 89' lang='lat' dir='ltr'><strong>sunt</strong></span> <span class='ocrx_word' id='word_1_742' title='bbox 3249 2705 3407 2812; x_wconf 75' lang='lat' dir='ltr'><strong>quam</strong></span> <span class='ocrx_word' id='word_1_743' title='bbox 3432 2747 3542 2816; x_wconf 89' lang='lat' dir='ltr'><strong>spi-</strong></span> 
     </span>
    </p>
   </div>
   <div class='ocr_carea' id='block_1_89' title="bbox 1939 2798 3536 2895">
    <p class='ocr_par' dir='ltr' id='par_1_89' title="bbox 1939 2798 3536 2895">
     <span class='ocr_line' id='line_1_95' title="bbox 1939 2798 3536 2895; baseline 0.028 -45"><span class='ocrx_word' id='word_1_744' title='bbox 1939 2798 2074 2854; x_wconf 87' lang='lat' dir='ltr'><strong>ritus</strong></span> <span class='ocrx_word' id='word_1_745' title='bbox 2098 2803 2376 2862; x_wconf 88' lang='lat' dir='ltr'><strong>rationalis</strong></span> <span class='ocrx_word' id='word_1_746' title='bbox 2399 2850 2415 2877; x_wconf 92' lang='lat'><strong>,</strong></span> <span class='ocrx_word' id='word_1_747' title='bbox 2468 2825 2568 2868; x_wconf 91' lang='lat' dir='ltr'><strong>nec</strong></span> <span class='ocrx_word' id='word_1_748' title='bbox 2586 2813 2740 2872; x_wconf 88' lang='lat' dir='ltr'><strong>beata</strong></span> <span class='ocrx_word' id='word_1_749' title='bbox 2770 2833 2996 2889; x_wconf 87' lang='lat' dir='ltr'><strong>possunt</strong></span> <span class='ocrx_word' id='word_1_750' title='bbox 3023 2840 3163 2895; x_wconf 91' lang='lat' dir='ltr'><strong>esse,</strong></span> <span class='ocrx_word' id='word_1_751' title='bbox 3192 2847 3291 2889; x_wconf 87' lang='lat' dir='ltr'><strong>nec</strong></span> <span class='ocrx_word' id='word_1_752' title='bbox 3317 2837 3536 2894; x_wconf 90' lang='lat' dir='ltr'><strong>misera.</strong></span> 
     </span>
    </p>
   </div>
   <div class='ocr_carea' id='block_1_90' title="bbox 1940 2886 3538 2994">
    <p class='ocr_par' dir='ltr' id='par_1_90' title="bbox 1940 2886 3538 2994">
     <span class='ocr_line' id='line_1_96' title="bbox 1940 2886 3538 2994; baseline 0.028 -53"><span class='ocrx_word' id='word_1_753' title='bbox 1940 2886 2047 2943; x_wconf 91' lang='lat' dir='ltr'><strong>Sed</strong></span> <span class='ocrx_word' id='word_1_754' title='bbox 2093 2894 2217 2961; x_wconf 91' lang='lat' dir='ltr'><strong>quia</strong></span> <span class='ocrx_word' id='word_1_755' title='bbox 2257 2911 2355 2965; x_wconf 89' lang='lat' dir='ltr'><strong>pro</strong></span> <span class='ocrx_word' id='word_1_756' title='bbox 2393 2901 2554 2959; x_wconf 93' lang='lat' dir='ltr'><strong>modo</strong></span> <span class='ocrx_word' id='word_1_757' title='bbox 2595 2914 2650 2960; x_wconf 91' lang='lat' dir='ltr'><strong>et</strong></span> <span class='ocrx_word' id='word_1_758' title='bbox 2699 2886 2880 2978; x_wconf 66' lang='lat' dir='ltr'><strong>spécie</strong></span> <span class='ocrx_word' id='word_1_759' title='bbox 2919 2927 3015 2970; x_wconf 91' lang='lat' dir='ltr'><strong>sua</strong></span> <span class='ocrx_word' id='word_1_760' title='bbox 3053 2886 3214 2976; x_wconf 73' lang='lat' dir='ltr'><strong>etiam</strong></span> 
     </span>
    </p>
   </div>
   <div class='ocr_carea' id='block_1_91' title="bbox 1938 2991 3534 3088">
    <p class='ocr_par' dir='ltr' id='par_1_91' title="bbox 1938 2991 3534 3088">
     <span class='ocr_line' id='line_1_97' title="bbox 1938 2991 3534 3088; baseline 0.029 -55"><span class='ocrx_word' id='word_1_761' title='bbox 1938 2991 2064 3037; x_wconf 86' lang='lat' dir='ltr'><strong>sunt</strong></span> <span class='ocrx_word' id='word_1_762' title='bbox 2083 3022 2101 3048; x_wconf 93' lang='lat'><strong>,</strong></span> <span class='ocrx_word' id='word_1_763' title='bbox 2129 3000 2231 3041; x_wconf 91' lang='lat' dir='ltr'><strong>nec</strong></span> <span class='ocrx_word' id='word_1_764' title='bbox 2254 3003 2375 3046; x_wconf 92' lang='lat' dir='ltr'><strong>esse</strong></span> <span class='ocrx_word' id='word_1_765' title='bbox 2401 2998 2645 3062; x_wconf 88' lang='lat' dir='ltr'><strong>quamvis</strong></span> <span class='ocrx_word' id='word_1_766' title='bbox 2673 3002 2880 3060; x_wconf 88' lang='lat' dir='ltr'><strong>minora</strong></span> <span class='ocrx_word' id='word_1_767' title='bbox 2908 3016 2962 3062; x_wconf 88' lang='lat' dir='ltr'><strong>et</strong></span> <span class='ocrx_word' id='word_1_768' title='bbox 2986 3011 3205 3069; x_wconf 90' lang='lat' dir='ltr'><strong>minima</strong></span> <span class='ocrx_word' id='word_1_769' title='bbox 3232 3017 3369 3075; x_wconf 90' lang='lat' dir='ltr'><strong>bona</strong></span> <span class='ocrx_word' id='word_1_770' title='bbox 3391 3062 3406 3088; x_wconf 94' lang='lat'><strong>,</strong></span> <span class='ocrx_word' id='word_1_771' title='bbox 3431 3023 3534 3080; x_wconf 92' lang='lat' dir='ltr'><strong>nisi</strong></span> 
     </span>
    </p>
   </div>
   <div class='ocr_carea' id='block_1_92' title="bbox 1934 3080 3535 3182">
    <p class='ocr_par' dir='ltr' id='par_1_92' title="bbox 1934 3080 3535 3182">
     <span class='ocr_line' id='line_1_98' title="bbox 1934 3080 3535 3182; baseline 0.03 -57"><span class='ocrx_word' id='word_1_772' title='bbox 1934 3085 1965 3126; x_wconf 92' lang='lat' dir='ltr'><strong>a</strong></span> <span class='ocrx_word' id='word_1_773' title='bbox 1995 3087 2206 3132; x_wconf 91' lang='lat' dir='ltr'><strong>summo</strong></span> <span class='ocrx_word' id='word_1_774' title='bbox 2232 3080 2376 3137; x_wconf 92' lang='lat' dir='ltr'><strong>bono</strong></span> <span class='ocrx_word' id='word_1_775' title='bbox 2399 3085 2516 3142; x_wconf 89' lang='lat' dir='ltr'><strong>Deo</strong></span> <span class='ocrx_word' id='word_1_776' title='bbox 2539 3099 2866 3165; x_wconf 88' lang='lat' dir='ltr'><strong>potuerunt,</strong></span> <span class='ocrx_word' id='word_1_777' title='bbox 2900 3103 2978 3156; x_wconf 88' lang='lat' dir='ltr'><strong>sic</strong></span> <span class='ocrx_word' id='word_1_778' title='bbox 3017 3105 3260 3166; x_wconf 86' lang='lat' dir='ltr'><strong>ordinata</strong></span> <span class='ocrx_word' id='word_1_779' title='bbox 3286 3122 3443 3182; x_wconf 91' lang='lat' dir='ltr'><strong>sunt,</strong></span> <span class='ocrx_word' id='word_1_780' title='bbox 3475 3127 3535 3174; x_wconf 89' lang='lat' dir='ltr'><strong>ut</strong></span> 
     </span>
    </p>
   </div>
   <div class='ocr_carea' id='block_1_93' title="bbox 1932 3165 3532 3266">
    <p class='ocr_par' dir='ltr' id='par_1_93' title="bbox 1932 3165 3532 3266">
     <span class='ocr_line' id='line_1_99' title="bbox 1932 3165 3532 3266; baseline 0.032 -50"><span class='ocrx_word' id='word_1_781' title='bbox 1932 3165 2127 3222; x_wconf 90' lang='lat' dir='ltr'><strong>cedant</strong></span> <span class='ocrx_word' id='word_1_782' title='bbox 2157 3170 2451 3232; x_wconf 83' lang='lat' dir='ltr'><strong>inﬁrmiora</strong></span> <span class='ocrx_word' id='word_1_783' title='bbox 2478 3179 2805 3245; x_wconf 82' lang='lat' dir='ltr'><strong>ﬁrmioribus</strong></span> <span class='ocrx_word' id='word_1_784' title='bbox 2826 3231 2842 3255; x_wconf 95' lang='lat'><strong>,</strong></span> <span class='ocrx_word' id='word_1_785' title='bbox 2872 3202 2929 3248; x_wconf 90' lang='lat' dir='ltr'><strong>et</strong></span> <span class='ocrx_word' id='word_1_786' title='bbox 2957 3194 3268 3259; x_wconf 84' lang='lat' dir='ltr'><strong>invalidiora</strong></span> <span class='ocrx_word' id='word_1_787' title='bbox 3297 3204 3532 3266; x_wconf 82' lang='lat' dir='ltr'><strong>fortiori-</strong></span> 
     </span>
    </p>
   </div>
   <div class='ocr_carea' id='block_1_94' title="bbox 1929 3253 3528 3362">
    <p class='ocr_par' dir='ltr' id='par_1_94' title="bbox 1929 3253 3528 3362">
     <span class='ocr_line' id='line_1_100' title="bbox 1929 3253 3528 3362; baseline 0.031 -53"><span class='ocrx_word' id='word_1_788' title='bbox 1929 3253 2031 3312; x_wconf 89' lang='lat' dir='ltr'><strong>bus</strong></span> <span class='ocrx_word' id='word_1_789' title='bbox 2053 3299 2068 3324; x_wconf 87' lang='lat'><strong>,</strong></span> <span class='ocrx_word' id='word_1_790' title='bbox 2115 3269 2170 3315; x_wconf 89' lang='lat' dir='ltr'><strong>et</strong></span> <span class='ocrx_word' id='word_1_791' title='bbox 2210 3263 2590 3336; x_wconf 87' lang='lat' dir='ltr'><strong>impotentiora</strong></span> <span class='ocrx_word' id='word_1_792' title='bbox 2623 3253 3014 3345; x_wconf 85' lang='lat' dir='ltr'><strong>potentioribus</strong></span> <span class='ocrx_word' id='word_1_793' title='bbox 3035 3331 3050 3356; x_wconf 93' lang='lat'><strong>,</strong></span> <span class='ocrx_word' id='word_1_794' title='bbox 3082 3300 3240 3362; x_wconf 89' lang='lat' dir='ltr'><strong>atque</strong></span> <span class='ocrx_word' id='word_1_795' title='bbox 3261 3295 3333 3352; x_wconf 87' lang='lat' dir='ltr'><strong>ita</strong></span> <span class='ocrx_word' id='word_1_796' title='bbox 3360 3301 3528 3358; x_wconf 59' lang='lat' dir='ltr'><strong>caele-</strong></span> 
     </span>
    </p>
   </div>
   <div class='ocr_carea' id='block_1_95' title="bbox 1931 3347 3526 3451">
    <p class='ocr_par' dir='ltr' id='par_1_95' title="bbox 1931 3347 3526 3451">
     <span class='ocr_line' id='line_1_101' title="bbox 1931 3347 3526 3451; baseline 0.032 -51"><span class='ocrx_word' id='word_1_797' title='bbox 1931 3347 2104 3405; x_wconf 89' lang='lat' dir='ltr'><strong>stibus</strong></span> <span class='ocrx_word' id='word_1_798' title='bbox 2151 3359 2366 3414; x_wconf 89' lang='lat' dir='ltr'><strong>terrena</strong></span> <span class='ocrx_word' id='word_1_799' title='bbox 2419 3367 2749 3425; x_wconf 88' lang='lat' dir='ltr'><strong>concordent</strong></span> <span class='ocrx_word' id='word_1_800' title='bbox 2801 3380 3051 3446; x_wconf 88' lang='lat' dir='ltr'><strong>tanquam</strong></span> <span class='ocrx_word' id='word_1_801' title='bbox 3099 3388 3526 3451; x_wconf 83' lang='lat' dir='ltr'><strong>praecellentibus</strong></span> 
     </span>
    </p>
   </div>
   <div class='ocr_carea' id='block_1_96' title="bbox 1925 3437 3522 3541">
    <p class='ocr_par' dir='ltr' id='par_1_96' title="bbox 1925 3437 3522 3541">
     <span class='ocr_line' id='line_1_102' title="bbox 1925 3437 3522 3541; baseline 0.033 -52"><span class='ocrx_word' id='word_1_802' title='bbox 1925 3437 2156 3496; x_wconf 91' lang='lat' dir='ltr'><strong>subdita.</strong></span> <span class='ocrx_word' id='word_1_803' title='bbox 2213 3443 2300 3501; x_wconf 86' lang='lat' dir='ltr'><strong>Fit</strong></span> <span class='ocrx_word' id='word_1_804' title='bbox 2350 3459 2529 3508; x_wconf 89' lang='lat' dir='ltr'><strong>autem</strong></span> <span class='ocrx_word' id='word_1_805' title='bbox 2581 3437 2963 3522; x_wconf 78' lang='lat' dir='ltr'><strong>decedentibus</strong></span> <span class='ocrx_word' id='word_1_806' title='bbox 3013 3479 3068 3525; x_wconf 92' lang='lat' dir='ltr'><strong>et</strong></span> <span class='ocrx_word' id='word_1_807' title='bbox 3099 3437 3522 3541; x_wconf 64' lang='lat' dir='ltr'><strong>succedentibus</strong></span> 
     </span>
    </p>
   </div>
   <div class='ocr_carea' id='block_1_97' title="bbox 1923 3535 3515 3648">
    <p class='ocr_par' dir='ltr' id='par_1_97' title="bbox 1923 3535 3515 3648">
     <span class='ocr_line' id='line_1_103' title="bbox 1923 3535 3515 3648; baseline 0.03 -61"><span class='ocrx_word' id='word_1_808' title='bbox 1923 3535 2083 3592; x_wconf 88' lang='lat' dir='ltr'><strong>rebus</strong></span> <span class='ocrx_word' id='word_1_809' title='bbox 2115 3545 2424 3610; x_wconf 89' lang='lat' dir='ltr'><strong>temporalis</strong></span> <span class='ocrx_word' id='word_1_810' title='bbox 2460 3551 2704 3618; x_wconf 84' lang='lat' dir='ltr'><strong>quaedam</strong></span> <span class='ocrx_word' id='word_1_811' title='bbox 2738 3555 2792 3611; x_wconf 91' lang='lat' dir='ltr'><strong>in</strong></span> <span class='ocrx_word' id='word_1_812' title='bbox 2817 3573 2915 3616; x_wconf 91' lang='lat' dir='ltr'><strong>suo</strong></span> <span class='ocrx_word' id='word_1_813' title='bbox 2934 3578 3129 3634; x_wconf 84' lang='lat' dir='ltr'><strong>genere</strong></span> <span class='ocrx_word' id='word_1_814' title='bbox 3157 3572 3515 3648; x_wconf 90' lang='lat' dir='ltr'><strong>pulchritudo,</strong></span> 
     </span>
    </p>
   </div>
   <div class='ocr_carea' id='block_1_98' title="bbox 1921 3629 3518 3726">
    <p class='ocr_par' dir='ltr' id='par_1_98' title="bbox 1921 3629 3518 3726">
     <span class='ocr_line' id='line_1_104' title="bbox 1921 3629 3518 3726; baseline 0.031 -49"><span class='ocrx_word' id='word_1_815' title='bbox 1921 3633 1983 3679; x_wconf 90' lang='lat' dir='ltr'><strong>ut</strong></span> <span class='ocrx_word' id='word_1_816' title='bbox 2005 3641 2103 3682; x_wconf 92' lang='lat' dir='ltr'><strong>nec</strong></span> <span class='ocrx_word' id='word_1_817' title='bbox 2144 3629 2259 3699; x_wconf 91' lang='lat' dir='ltr'><strong>ipsa</strong></span> <span class='ocrx_word' id='word_1_818' title='bbox 2286 3647 2408 3704; x_wconf 71' lang='lat' dir='ltr'><strong>qua:</strong></span> <span class='ocrx_word' id='word_1_819' title='bbox 2446 3641 2750 3700; x_wconf 89' lang='lat' dir='ltr'><strong>moriuntur</strong></span> <span class='ocrx_word' id='word_1_820' title='bbox 2771 3687 2787 3715; x_wconf 89' lang='lat'><strong>,</strong></span> <span class='ocrx_word' id='word_1_821' title='bbox 2818 3652 2899 3706; x_wconf 87' lang='lat' dir='ltr'><strong>vel</strong></span> <span class='ocrx_word' id='word_1_822' title='bbox 2924 3629 3065 3724; x_wconf 81' lang='lat' dir='ltr'><strong>quod</strong></span> <span class='ocrx_word' id='word_1_823' title='bbox 3093 3669 3247 3716; x_wconf 89' lang='lat' dir='ltr'><strong>erant</strong></span> <span class='ocrx_word' id='word_1_824' title='bbox 3271 3678 3390 3722; x_wconf 90' lang='lat' dir='ltr'><strong>esse</strong></span> <span class='ocrx_word' id='word_1_825' title='bbox 3416 3667 3518 3726; x_wconf 88' lang='lat' dir='ltr'><strong>de-</strong></span> 
     </span>
    </p>
   </div>
   <div class='ocr_carea' id='block_1_99' title="bbox 1918 3715 3516 3822">
    <p class='ocr_par' dir='ltr' id='par_1_99' title="bbox 1918 3715 3516 3822">
     <span class='ocr_line' id='line_1_105' title="bbox 1918 3715 3516 3822; baseline 0.029 -53"><span class='ocrx_word' id='word_1_826' title='bbox 1918 3715 2120 3786; x_wconf 88' lang='lat' dir='ltr'><strong>sinunt,</strong></span> <span class='ocrx_word' id='word_1_827' title='bbox 2165 3729 2381 3792; x_wconf 81' lang='lat' dir='ltr'><strong>torpent</strong></span> <span class='ocrx_word' id='word_1_828' title='bbox 2424 3737 2517 3784; x_wconf 89' lang='lat' dir='ltr'><strong>aut</strong></span> <span class='ocrx_word' id='word_1_829' title='bbox 2565 3735 2778 3792; x_wconf 90' lang='lat' dir='ltr'><strong>turbent</strong></span> <span class='ocrx_word' id='word_1_830' title='bbox 2823 3715 3040 3799; x_wconf 48' lang='lat' dir='ltr'><strong>mod-um</strong></span> <span class='ocrx_word' id='word_1_831' title='bbox 3089 3757 3144 3802; x_wconf 89' lang='lat' dir='ltr'><strong>et</strong></span> <span class='ocrx_word' id='word_1_832' title='bbox 3185 3753 3420 3822; x_wconf 89' lang='lat' dir='ltr'><strong>speciem</strong></span> <span class='ocrx_word' id='word_1_833' title='bbox 3459 3768 3516 3816; x_wconf 91' lang='lat' dir='ltr'><strong>et</strong></span> 
     </span>
    </p>
   </div>
   <div class='ocr_carea' id='block_1_100' title="bbox 1918 3808 3513 3904">
    <p class='ocr_par' dir='ltr' id='par_1_100' title="bbox 1918 3808 3513 3904">
     <span class='ocr_line' id='line_1_106' title="bbox 1918 3808 3513 3904; baseline 0.028 -43"><span class='ocrx_word' id='word_1_834' title='bbox 1918 3808 2162 3866; x_wconf 91' lang='lat' dir='ltr'><strong>ordinem</strong></span> <span class='ocrx_word' id='word_1_835' title='bbox 2191 3815 2455 3874; x_wconf 79' lang='lat' dir='ltr'><strong>universae</strong></span> <span class='ocrx_word' id='word_1_836' title='bbox 2495 3832 2758 3882; x_wconf 81' lang='lat' dir='ltr'><strong>creaturae</strong></span> <span class='ocrx_word' id='word_1_837' title='bbox 2788 3847 2802 3884; x_wconf 89' lang='lat'><strong>:</strong></span> <span class='ocrx_word' id='word_1_838' title='bbox 2831 3833 2969 3889; x_wconf 90' lang='lat' dir='ltr'><strong>sicut</strong></span> <span class='ocrx_word' id='word_1_839' title='bbox 2994 3849 3174 3895; x_wconf 89' lang='lat' dir='ltr'><strong>sermo</strong></span> <span class='ocrx_word' id='word_1_840' title='bbox 3201 3841 3336 3900; x_wconf 89' lang='lat' dir='ltr'><strong>bene</strong></span> <span class='ocrx_word' id='word_1_841' title='bbox 3359 3861 3513 3904; x_wconf 91' lang='lat' dir='ltr'><strong>com-</strong></span> 
     </span>
    </p>
   </div>
   <div class='ocr_carea' id='block_1_101' title="bbox 1914 3902 3512 4010">
    <p class='ocr_par' dir='ltr' id='par_1_101' title="bbox 1914 3902 3512 4010">
     <span class='ocr_line' id='line_1_107' title="bbox 1914 3902 3512 4010; baseline 0.028 -56"><span class='ocrx_word' id='word_1_842' title='bbox 1914 3902 2122 3971; x_wconf 90' lang='lat' dir='ltr'><strong>positus</strong></span> <span class='ocrx_word' id='word_1_843' title='bbox 2165 3907 2344 3978; x_wconf 91' lang='lat' dir='ltr'><strong>utique</strong></span> <span class='ocrx_word' id='word_1_844' title='bbox 2383 3912 2606 3981; x_wconf 90' lang='lat' dir='ltr'><strong>pulcher</strong></span> <span class='ocrx_word' id='word_1_845' title='bbox 2650 3927 2772 3990; x_wconf 89' lang='lat' dir='ltr'><strong>est,</strong></span> <span class='ocrx_word' id='word_1_846' title='bbox 2820 3929 3062 3994; x_wconf 89' lang='lat' dir='ltr'><strong>quamvis</strong></span> <span class='ocrx_word' id='word_1_847' title='bbox 3098 3931 3152 3987; x_wconf 92' lang='lat' dir='ltr'><strong>in</strong></span> <span class='ocrx_word' id='word_1_848' title='bbox 3189 3949 3254 3991; x_wconf 90' lang='lat' dir='ltr'><strong>eo</strong></span> <span class='ocrx_word' id='word_1_849' title='bbox 3292 3939 3512 4010; x_wconf 82' lang='lat' dir='ltr'><strong>syllabae</strong></span> 
     </span>
    </p>
   </div>
   <div class='ocr_carea' id='block_1_102' title="bbox 1915 3998 3509 4088">
    <p class='ocr_par' dir='ltr' id='par_1_102' title="bbox 1915 3998 3509 4088">
     <span class='ocr_line' id='line_1_108' title="bbox 1915 3998 3509 4088; baseline 0.028 -44"><span class='ocrx_word' id='word_1_850' title='bbox 1915 3998 2074 4062; x_wconf 90' lang='lat' dir='ltr'><strong>atque</strong></span> <span class='ocrx_word' id='word_1_851' title='bbox 2118 4008 2306 4054; x_wconf 92' lang='lat' dir='ltr'><strong>omnes</strong></span> <span class='ocrx_word' id='word_1_852' title='bbox 2349 4002 2469 4058; x_wconf 88' lang='lat' dir='ltr'><strong>soni</strong></span> <span class='ocrx_word' id='word_1_853' title='bbox 2517 4013 2766 4079; x_wconf 87' lang='lat' dir='ltr'><strong>tanquam</strong></span> <span class='ocrx_word' id='word_1_854' title='bbox 2818 4020 3092 4076; x_wconf 88' lang='lat' dir='ltr'><strong>nascendo</strong></span> <span class='ocrx_word' id='word_1_855' title='bbox 3132 4031 3187 4079; x_wconf 91' lang='lat' dir='ltr'><strong>et</strong></span> <span class='ocrx_word' id='word_1_856' title='bbox 3229 4029 3509 4088; x_wconf 89' lang='lat' dir='ltr'><strong>moriendo</strong></span> 
     </span>
    </p>
   </div>
   <div class='ocr_carea' id='block_1_103' title="bbox 1913 4092 3213 4187">
    <p class='ocr_par' dir='ltr' id='par_1_103' title="bbox 1913 4092 3213 4187">
     <span class='ocr_line' id='line_1_109' title="bbox 1913 4092 3213 4187; baseline 0.023 -47"><span class='ocrx_word' id='word_1_857' title='bbox 1913 4092 2304 4152; x_wconf 84' lang='lat' dir='ltr'><strong>transcurrant.</strong></span> <span class='ocrx_word' id='word_1_858' title='bbox 3209 4183 3213 4187; x_wconf 22' lang='lat'><strong><em>.</em></strong></span> 
     </span>
    </p>
   </div>
   <div class='ocr_carea' id='block_1_104' title="bbox 1980 4177 3502 4276">
    <p class='ocr_par' dir='ltr' id='par_1_104' title="bbox 1980 4177 3502 4276">
     <span class='ocr_line' id='line_1_110' title="bbox 1980 4177 3502 4276; baseline 0.03 -45"><span class='ocrx_word' id='word_1_859' title='bbox 1980 4177 2208 4237; x_wconf 86' lang='lat' dir='ltr'><strong>CAPUT</strong></span> <span class='ocrx_word' id='word_1_860' title='bbox 2246 4182 2338 4240; x_wconf 84' lang='lat' dir='ltr'><strong>IX.</strong></span> <span class='ocrx_word' id='word_1_861' title='bbox 2367 4216 2439 4228; x_wconf 70' lang='grc' dir='ltr'><strong>-ο</strong></span> <span class='ocrx_word' id='word_1_862' title='bbox 2466 4188 2632 4248; x_wconf 83' lang='lat' dir='ltr'><strong>Poena</strong></span> <span class='ocrx_word' id='word_1_863' title='bbox 2653 4203 2885 4266; x_wconf 82' lang='lat' dir='ltr'><strong>peccauti</strong></span> <span class='ocrx_word' id='word_1_864' title='bbox 2903 4212 3098 4263; x_wconf 67' lang='lat' dir='ltr'><strong>natura</strong></span> <span class='ocrx_word' id='word_1_865' title='bbox 3115 4251 3130 4274; x_wconf 86' lang='lat'><strong>.</strong></span> <span class='ocrx_word' id='word_1_866' title='bbox 3170 4183 3227 4267; x_wconf 84' lang='lat' dir='ltr'><strong>ut</strong></span> <span class='ocrx_word' id='word_1_867' title='bbox 3251 4226 3385 4274; x_wconf 84' lang='lat' dir='ltr'><strong>recte</strong></span> <span class='ocrx_word' id='word_1_868' title='bbox 3411 4237 3502 4276; x_wconf 56' lang='lat' dir='ltr'><strong>ora</strong></span> 
     </span>
    </p>
   </div>
   <div class='ocr_carea' id='block_1_105' title="bbox 1909 4267 3500 4376">
    <p class='ocr_par' dir='ltr' id='par_1_105' title="bbox 1909 4267 3500 4376">
     <span class='ocr_line' id='line_1_111' title="bbox 1909 4267 3500 4376; baseline 0.031 -56"><span class='ocrx_word' id='word_1_869' title='bbox 1909 4267 2114 4323; x_wconf 85' lang='lat' dir='ltr'><strong>dinetur</strong></span> <span class='ocrx_word' id='word_1_870' title='bbox 2135 4313 2150 4340; x_wconf 90' lang='lat'><strong>,</strong></span> <span class='ocrx_word' id='word_1_871' title='bbox 2183 4277 2474 4334; x_wconf 81' lang='lat' dir='ltr'><strong>constituta.</strong></span> <span class='ocrx_word' id='word_1_872' title='bbox 2506 4281 2687 4350; x_wconf 88' lang='lat' dir='ltr'><strong>Qualis</strong></span> <span class='ocrx_word' id='word_1_873' title='bbox 2706 4298 2882 4347; x_wconf 90' lang='lat' dir='ltr'><strong>autem</strong></span> <span class='ocrx_word' id='word_1_874' title='bbox 2906 4303 2960 4350; x_wconf 90' lang='lat' dir='ltr'><strong>et</strong></span> <span class='ocrx_word' id='word_1_875' title='bbox 2983 4309 3176 4368; x_wconf 89' lang='lat' dir='ltr'><strong>quanta</strong></span> <span class='ocrx_word' id='word_1_876' title='bbox 3203 4320 3361 4376; x_wconf 62' lang='lat' dir='ltr'><strong>poena</strong></span> <span class='ocrx_word' id='word_1_877' title='bbox 3386 4314 3500 4370; x_wconf 87' lang='lat' dir='ltr'><strong>cui—</strong></span> 
     </span>
    </p>
   </div>
   <div class='ocr_carea' id='block_1_106' title="bbox 1906 4363 3497 4462">
    <p class='ocr_par' dir='ltr' id='par_1_106' title="bbox 1906 4363 3497 4462">
     <span class='ocr_line' id='line_1_112' title="bbox 1906 4363 3497 4462; baseline 0.031 -50"><span class='ocrx_word' id='word_1_878' title='bbox 1906 4373 2013 4429; x_wconf 90' lang='lat' dir='ltr'><strong>que</strong></span> <span class='ocrx_word' id='word_1_879' title='bbox 2035 4363 2209 4433; x_wconf 66' lang='lat' dir='ltr'><strong>culpae</strong></span> <span class='ocrx_word' id='word_1_880' title='bbox 2239 4365 2529 4439; x_wconf 82' lang='lat' dir='ltr'><strong>debeatur,</strong></span> <span class='ocrx_word' id='word_1_881' title='bbox 2561 4375 2728 4436; x_wconf 89' lang='lat' dir='ltr'><strong>divini</strong></span> <span class='ocrx_word' id='word_1_882' title='bbox 2749 4381 2934 4452; x_wconf 90' lang='lat' dir='ltr'><strong>judicii</strong></span> <span class='ocrx_word' id='word_1_883' title='bbox 2958 4363 3072 4458; x_wconf 77' lang='lat' dir='ltr'><strong>est,</strong></span> <span class='ocrx_word' id='word_1_884' title='bbox 3101 4363 3454 4461; x_wconf 59' lang='lat' dir='ltr'><strong>nodhumaui</strong></span> <span class='ocrx_word' id='word_1_885' title='bbox 3481 4425 3497 4462; x_wconf 89' lang='lat'><strong>:</strong></span> 
     </span>
    </p>
   </div>
   <div class='ocr_carea' id='block_1_107' title="bbox 1904 4454 3498 4562">
    <p class='ocr_par' dir='ltr' id='par_1_107' title="bbox 1904 4454 3498 4562">
     <span class='ocr_line' id='line_1_113' title="bbox 1904 4454 3498 4562; baseline 0.033 -59"><span class='ocrx_word' id='word_1_886' title='bbox 1904 4465 2025 4520; x_wconf 68' lang='lat' dir='ltr'><strong>qua:</strong></span> <span class='ocrx_word' id='word_1_887' title='bbox 2050 4454 2233 4525; x_wconf 89' lang='lat' dir='ltr'><strong>utique</strong></span> <span class='ocrx_word' id='word_1_888' title='bbox 2259 4468 2316 4514; x_wconf 89' lang='lat' dir='ltr'><strong>et</strong></span> <span class='ocrx_word' id='word_1_889' title='bbox 2355 4476 2478 4517; x_wconf 91' lang='lat' dir='ltr'><strong>cum</strong></span> <span class='ocrx_word' id='word_1_890' title='bbox 2516 4473 2791 4528; x_wconf 91' lang='lat' dir='ltr'><strong>conversis</strong></span> <span class='ocrx_word' id='word_1_891' title='bbox 2824 4480 3138 4553; x_wconf 89' lang='lat' dir='ltr'><strong>remittitur,</strong></span> <span class='ocrx_word' id='word_1_892' title='bbox 3181 4505 3370 4562; x_wconf 86' lang='lat' dir='ltr'><strong>magna</strong></span> <span class='ocrx_word' id='word_1_893' title='bbox 3412 4507 3498 4554; x_wconf 88' lang='lat' dir='ltr'><strong>est</strong></span> 
     </span>
     <span class='ocr_line' id='line_1_114' title="bbox 1904 4539 2348 4562; baseline 0.029 -12"><span class='ocrx_word' id='word_1_894' title='bbox 1904 4539 2113 4562; x_wconf 42' lang='lat' dir='ltr'><strong>h_,.__</strong></span> <span class='ocrx_word' id='word_1_895' title='bbox 2150 4560 2161 4562; x_wconf 67' lang='grc'><em>,</em></span> <span class='ocrx_word' id='word_1_896' title='bbox 2192 4561 2201 4562; x_wconf 57' lang='lat'><strong><em>,</em></strong></span> <span class='ocrx_word' id='word_1_897' title='bbox 2267 4547 2281 4562; x_wconf 91' lang='lat'><strong>.</strong></span> <span class='ocrx_word' id='word_1_898' title='bbox 2311 4550 2348 4562; x_wconf 75' lang='lat'><strong>..</strong></span> 
     </span>
    </p>
   </div>
   <div class='ocr_carea' id='block_1_108' title="bbox 1902 4539 3493 4650">
    <p class='ocr_par' dir='ltr' id='par_1_108' title="bbox 1902 4539 3493 4650">
     <span class='ocr_line' id='line_1_115' title="bbox 1902 4539 3493 4650; baseline 0.032 -56"><span class='ocrx_word' id='word_1_899' title='bbox 1902 4539 2116 4598; x_wconf 89' lang='lat' dir='ltr'><strong>bonitas</strong></span> <span class='ocrx_word' id='word_1_900' title='bbox 2142 4547 2284 4616; x_wconf 90' lang='lat' dir='ltr'><strong>apud</strong></span> <span class='ocrx_word' id='word_1_901' title='bbox 2309 4550 2516 4622; x_wconf 89' lang='lat' dir='ltr'><strong>Deum;</strong></span> <span class='ocrx_word' id='word_1_902' title='bbox 2563 4567 2616 4614; x_wconf 92' lang='lat' dir='ltr'><strong>et</strong></span> <span class='ocrx_word' id='word_1_903' title='bbox 2658 4575 2779 4619; x_wconf 91' lang='lat' dir='ltr'><strong>cum</strong></span> <span class='ocrx_word' id='word_1_904' title='bbox 2811 4565 2988 4626; x_wconf 90' lang='lat' dir='ltr'><strong>debita</strong></span> <span class='ocrx_word' id='word_1_905' title='bbox 3031 4539 3301 4650; x_wconf 50' lang='lat' dir='ltr'><strong>redditur:</strong></span> <span class='ocrx_word' id='word_1_906' title='bbox 3343 4589 3493 4646; x_wconf 91' lang='lat' dir='ltr'><strong>nulla</strong></span> 
     </span>
    </p>
   </div>
   <div class='ocr_carea' id='block_1_109' title="bbox 1902 4634 3489 4734">
    <p class='ocr_par' dir='ltr' id='par_1_109' title="bbox 1902 4634 3489 4734">
     <span class='ocr_line' id='line_1_116' title="bbox 1902 4634 3489 4734; baseline 0.032 -49"><span class='ocrx_word' id='word_1_907' title='bbox 1902 4640 1985 4688; x_wconf 89' lang='lat' dir='ltr'><strong>est</strong></span> <span class='ocrx_word' id='word_1_908' title='bbox 2031 4634 2281 4707; x_wconf 87' lang='lat' dir='ltr'><strong>iniquitas</strong></span> <span class='ocrx_word' id='word_1_909' title='bbox 2330 4644 2471 4714; x_wconf 92' lang='lat' dir='ltr'><strong>apud</strong></span> <span class='ocrx_word' id='word_1_910' title='bbox 2518 4647 2685 4706; x_wconf 88' lang='lat' dir='ltr'><strong>Deum</strong></span> <span class='ocrx_word' id='word_1_911' title='bbox 2723 4671 2737 4708; x_wconf 89' lang='lat'><strong>:</strong></span> <span class='ocrx_word' id='word_1_912' title='bbox 2775 4658 2899 4727; x_wconf 87' lang='lat' dir='ltr'><strong>quia</strong></span> <span class='ocrx_word' id='word_1_913' title='bbox 2954 4665 3147 4722; x_wconf 91' lang='lat' dir='ltr'><strong>melius</strong></span> <span class='ocrx_word' id='word_1_914' title='bbox 3212 4673 3489 4734; x_wconf 84' lang='lat' dir='ltr'><strong>ordinatur</strong></span> 
     </span>
    </p>
   </div>
   <div class='ocr_carea' id='block_1_110' title="bbox 1899 4731 3480 4837">
    <p class='ocr_par' dir='ltr' id='par_1_110' title="bbox 1899 4731 3480 4837">
     <span class='ocr_line' id='line_1_117' title="bbox 1899 4731 3480 4837; baseline 0.032 -61"><span class='ocrx_word' id='word_1_915' title='bbox 1899 4731 2110 4794; x_wconf 86' lang='lat' dir='ltr'><strong>natura,</strong></span> <span class='ocrx_word' id='word_1_916' title='bbox 2145 4738 2200 4784; x_wconf 93' lang='lat' dir='ltr'><strong>ut</strong></span> <span class='ocrx_word' id='word_1_917' title='bbox 2220 4731 2365 4801; x_wconf 88' lang='lat' dir='ltr'><strong>juste</strong></span> <span class='ocrx_word' id='word_1_918' title='bbox 2391 4736 2569 4795; x_wconf 89' lang='lat' dir='ltr'><strong>doleat</strong></span> <span class='ocrx_word' id='word_1_919' title='bbox 2593 4742 2647 4798; x_wconf 90' lang='lat' dir='ltr'><strong>in</strong></span> <span class='ocrx_word' id='word_1_920' title='bbox 2675 4749 2959 4821; x_wconf 90' lang='lat' dir='ltr'><strong>supplicio,</strong></span> <span class='ocrx_word' id='word_1_921' title='bbox 2991 4771 3150 4827; x_wconf 89' lang='lat' dir='ltr'><strong>quam</strong></span> <span class='ocrx_word' id='word_1_922' title='bbox 3175 4772 3234 4818; x_wconf 92' lang='lat' dir='ltr'><strong>ut</strong></span> <span class='ocrx_word' id='word_1_923' title='bbox 3258 4765 3480 4837; x_wconf 90' lang='lat' dir='ltr'><strong>impune</strong></span> 
     </span>
    </p>
   </div>
   <div class='ocr_carea' id='block_1_111' title="bbox 1897 4817 3484 4915">
    <p class='ocr_par' dir='ltr' id='par_1_111' title="bbox 1897 4817 3484 4915">
     <span class='ocr_line' id='line_1_118' title="bbox 1897 4817 3484 4915; baseline 0.031 -47"><span class='ocrx_word' id='word_1_924' title='bbox 1897 4817 2123 4886; x_wconf 88' lang='lat' dir='ltr'><strong>gaudeat</strong></span> <span class='ocrx_word' id='word_1_925' title='bbox 2146 4819 2199 4875; x_wconf 87' lang='lat' dir='ltr'><strong>in</strong></span> <span class='ocrx_word' id='word_1_926' title='bbox 2221 4835 2459 4892; x_wconf 87' lang='lat' dir='ltr'><strong>peccato.</strong></span> <span class='ocrx_word' id='word_1_927' title='bbox 2483 4829 2612 4899; x_wconf 70' lang='lat' dir='ltr'><strong>Quae</strong></span> <span class='ocrx_word' id='word_1_928' title='bbox 2633 4817 2808 4894; x_wconf 83' lang='lat' dir='ltr'><strong>tamen</strong></span> <span class='ocrx_word' id='word_1_929' title='bbox 2833 4817 2992 4900; x_wconf 85' lang='lat' dir='ltr'><strong>etiam</strong></span> <span class='ocrx_word' id='word_1_930' title='bbox 3007 4817 3094 4904; x_wconf 73' lang='lat' dir='ltr'><strong>sic</strong></span> <span class='ocrx_word' id='word_1_931' title='bbox 3112 4849 3314 4910; x_wconf 86' lang='lat' dir='ltr'><strong>habens</strong></span> <span class='ocrx_word' id='word_1_932' title='bbox 3337 4817 3484 4915; x_wconf 65' lang='lat' dir='ltr'><strong>iton-</strong></span> 
     </span>
    </p>
   </div>
   <div class='ocr_carea' id='block_1_112' title="bbox 1897 4910 3488 5022">
    <p class='ocr_par' dir='ltr' id='par_1_112' title="bbox 1897 4910 3488 5022">
     <span class='ocr_line' id='line_1_119' title="bbox 1897 4910 3488 5022; baseline 0.031 -60"><span class='ocrx_word' id='word_1_933' title='bbox 1897 4910 2100 4966; x_wconf 89' lang='lat' dir='ltr'><strong>nullum</strong></span> <span class='ocrx_word' id='word_1_934' title='bbox 2120 4914 2335 4972; x_wconf 86' lang='lat' dir='ltr'><strong>modum</strong></span> <span class='ocrx_word' id='word_1_935' title='bbox 2361 4927 2414 4974; x_wconf 90' lang='lat' dir='ltr'><strong>et</strong></span> <span class='ocrx_word' id='word_1_936' title='bbox 2441 4925 2670 4993; x_wconf 91' lang='lat' dir='ltr'><strong>speciem</strong></span> <span class='ocrx_word' id='word_1_937' title='bbox 2694 4939 2746 4984; x_wconf 91' lang='lat' dir='ltr'><strong>et</strong></span> <span class='ocrx_word' id='word_1_938' title='bbox 2770 4933 3045 5006; x_wconf 90' lang='lat' dir='ltr'><strong>ordinem,</strong></span> <span class='ocrx_word' id='word_1_939' title='bbox 3070 4941 3122 4996; x_wconf 89' lang='lat' dir='ltr'><strong>in</strong></span> <span class='ocrx_word' id='word_1_940' title='bbox 3152 4959 3488 5022; x_wconf 89' lang='lat' dir='ltr'><strong>quacumque</strong></span> 
     </span>
    </p>
   </div>
   <div class='ocr_carea' id='block_1_113' title="bbox 1895 5003 3482 5102">
    <p class='ocr_par' dir='ltr' id='par_1_113' title="bbox 1895 5003 3482 5102">
     <span class='ocr_line' id='line_1_120' title="bbox 1895 5003 3482 5102; baseline 0.027 -46"><span class='ocrx_word' id='word_1_941' title='bbox 1895 5003 2232 5061; x_wconf 85' lang='lat' dir='ltr'><strong>extremitate</strong></span> <span class='ocrx_word' id='word_1_942' title='bbox 2252 5007 2424 5066; x_wconf 92' lang='lat' dir='ltr'><strong>adhuc</strong></span> <span class='ocrx_word' id='word_1_943' title='bbox 2445 5013 2656 5085; x_wconf 89' lang='lat' dir='ltr'><strong>aliquod</strong></span> <span class='ocrx_word' id='word_1_944' title='bbox 2678 5019 2874 5078; x_wconf 90' lang='lat' dir='ltr'><strong>bonum</strong></span> <span class='ocrx_word' id='word_1_945' title='bbox 2897 5036 2979 5082; x_wconf 90' lang='lat' dir='ltr'><strong>est</strong></span> <span class='ocrx_word' id='word_1_946' title='bbox 3005 5047 3019 5084; x_wconf 90' lang='lat'><strong>:</strong></span> <span class='ocrx_word' id='word_1_947' title='bbox 3051 5047 3171 5102; x_wconf 81' lang='lat' dir='ltr'><strong>quae</strong></span> <span class='ocrx_word' id='word_1_948' title='bbox 3195 5036 3240 5091; x_wconf 91' lang='lat' dir='ltr'><strong>si</strong></span> <span class='ocrx_word' id='word_1_949' title='bbox 3263 5003 3482 5101; x_wconf 77' lang='lat' dir='ltr'><strong>omnino</strong></span> 
     </span>
    </p>
   </div>
   <div class='ocr_carea' id='block_1_114' title="bbox 1896 5091 3479 5193">
    <p class='ocr_par' dir='ltr' id='par_1_114' title="bbox 1896 5091 3479 5193">
     <span class='ocr_line' id='line_1_121' title="bbox 1896 5091 3479 5193; baseline 0.029 -46"><span class='ocrx_word' id='word_1_950' title='bbox 1896 5091 2245 5152; x_wconf 87' lang='lat' dir='ltr'><strong>detrahantur</strong></span> <span class='ocrx_word' id='word_1_951' title='bbox 2267 5141 2282 5167; x_wconf 93' lang='lat'><strong>,</strong></span> <span class='ocrx_word' id='word_1_952' title='bbox 2326 5103 2376 5156; x_wconf 90' lang='lat' dir='ltr'><strong>ei</strong></span> <span class='ocrx_word' id='word_1_953' title='bbox 2417 5108 2628 5174; x_wconf 88' lang='lat' dir='ltr'><strong>penitus</strong></span> <span class='ocrx_word' id='word_1_954' title='bbox 2657 5127 3072 5191; x_wconf 86' lang='lat' dir='ltr'><strong>consumantur,</strong></span> <span class='ocrx_word' id='word_1_955' title='bbox 3120 5126 3242 5184; x_wconf 91' lang='lat' dir='ltr'><strong>ideo</strong></span> <span class='ocrx_word' id='word_1_956' title='bbox 3273 5133 3479 5193; x_wconf 90' lang='lat' dir='ltr'><strong>nullum</strong></span> 
     </span>
    </p>
   </div>
   <div class='ocr_carea' id='block_1_115' title="bbox 1894 5182 3116 5270">
    <p class='ocr_par' dir='ltr' id='par_1_115' title="bbox 1894 5182 3116 5270">
     <span class='ocr_line' id='line_1_122' title="bbox 1894 5182 3116 5270; baseline 0.028 -33"><span class='ocrx_word' id='word_1_957' title='bbox 1894 5182 2091 5241; x_wconf 84' lang='lat' dir='ltr'><strong>bonum</strong></span> <span class='ocrx_word' id='word_1_958' title='bbox 2122 5189 2244 5256; x_wconf 86' lang='lat' dir='ltr'><strong>erit,</strong></span> <span class='ocrx_word' id='word_1_959' title='bbox 2269 5193 2390 5262; x_wconf 90' lang='lat' dir='ltr'><strong>quia</strong></span> <span class='ocrx_word' id='word_1_960' title='bbox 2421 5199 2564 5255; x_wconf 89' lang='lat' dir='ltr'><strong>nulla</strong></span> <span class='ocrx_word' id='word_1_961' title='bbox 2595 5214 2782 5261; x_wconf 89' lang='lat' dir='ltr'><strong>natura</strong></span> <span class='ocrx_word' id='word_1_962' title='bbox 2805 5216 3116 5270; x_wconf 85' lang='lat' dir='ltr'><strong>remanebit.</strong></span> 
     </span>
    </p>
   </div>
   <div class='ocr_carea' id='block_1_116' title="bbox 1964 5276 3478 5377">
    <p class='ocr_par' dir='ltr' id='par_1_116' title="bbox 1964 5276 3478 5377">
     <span class='ocr_line' id='line_1_123' title="bbox 1964 5276 3478 5377; baseline 0.03 -47"><span class='ocrx_word' id='word_1_963' title='bbox 1964 5276 2192 5334; x_wconf 88' lang='lat' dir='ltr'><strong>CAPUT</strong></span> <span class='ocrx_word' id='word_1_964' title='bbox 2220 5281 2288 5339; x_wconf 82' lang='lat' dir='ltr'><strong>X.</strong></span> <span class='ocrx_word' id='word_1_965' title='bbox 2315 5314 2387 5326; x_wconf 88' lang='lat'><strong>-—</strong></span> <span class='ocrx_word' id='word_1_966' title='bbox 2415 5287 2632 5347; x_wconf 65' lang='lat' dir='ltr'><strong>Naturae</strong></span> <span class='ocrx_word' id='word_1_967' title='bbox 2669 5301 3017 5370; x_wconf 80' lang='lat' dir='ltr'><strong>corruptibiles</strong></span> <span class='ocrx_word' id='word_1_968' title='bbox 3036 5346 3051 5372; x_wconf 93' lang='lat'><strong>,</strong></span> <span class='ocrx_word' id='word_1_969' title='bbox 3090 5309 3208 5377; x_wconf 87' lang='lat' dir='ltr'><strong>quia</strong></span> <span class='ocrx_word' id='word_1_970' title='bbox 3235 5329 3298 5368; x_wconf 79' lang='lat' dir='ltr'><strong>ea:</strong></span> <span class='ocrx_word' id='word_1_971' title='bbox 3319 5318 3478 5377; x_wconf 66' lang='lat' dir='ltr'><strong>nihile</strong></span> 
     </span>
    </p>
   </div>
   <div class='ocr_carea' id='block_1_117' title="bbox 1893 5368 3482 5468">
    <p class='ocr_par' dir='ltr' id='par_1_117' title="bbox 1893 5368 3482 5468">
     <span class='ocr_line' id='line_1_124' title="bbox 1893 5368 3482 5468; baseline 0.031 -51"><span class='ocrx_word' id='word_1_972' title='bbox 1893 5370 2062 5437; x_wconf 71' lang='lat' dir='ltr'><strong>facite.</strong></span> <span class='ocrx_word' id='word_1_973' title='bbox 2096 5368 2293 5429; x_wconf 89' lang='lat' dir='ltr'><strong>Omnes</strong></span> <span class='ocrx_word' id='word_1_974' title='bbox 2323 5374 2481 5446; x_wconf 82' lang='lat' dir='ltr'><strong>igitur</strong></span> <span class='ocrx_word' id='word_1_975' title='bbox 2499 5391 2702 5439; x_wconf 71' lang='lat' dir='ltr'><strong>naturze</strong></span> <span class='ocrx_word' id='word_1_976' title='bbox 2724 5368 3115 5464; x_wconf 82' lang='lat' dir='ltr'><strong>corruptibiles,</strong></span> <span class='ocrx_word' id='word_1_977' title='bbox 3135 5415 3233 5458; x_wconf 91' lang='lat' dir='ltr'><strong>nec</strong></span> <span class='ocrx_word' id='word_1_978' title='bbox 3253 5410 3482 5468; x_wconf 76' lang='lat' dir='ltr'><strong>omnino</strong></span> 
     </span>
    </p>
   </div>
   <div class='ocr_carea' id='block_1_118' title="bbox 1891 5469 3478 5571">
    <p class='ocr_par' dir='ltr' id='par_1_118' title="bbox 1891 5469 3478 5571">
     <span class='ocr_line' id='line_1_125' title="bbox 1891 5469 3478 5571; baseline 0.032 -59"><span class='ocrx_word' id='word_1_979' title='bbox 1891 5469 2094 5518; x_wconf 77' lang='lat' dir='ltr'><strong>natura:</strong></span> <span class='ocrx_word' id='word_1_980' title='bbox 2122 5479 2335 5536; x_wconf 87' lang='lat' dir='ltr'><strong>essent,</strong></span> <span class='ocrx_word' id='word_1_981' title='bbox 2377 5472 2478 5528; x_wconf 91' lang='lat' dir='ltr'><strong>nisi</strong></span> <span class='ocrx_word' id='word_1_982' title='bbox 2508 5490 2538 5530; x_wconf 88' lang='lat' dir='ltr'><strong>a</strong></span> <span class='ocrx_word' id='word_1_983' title='bbox 2569 5477 2680 5533; x_wconf 88' lang='lat' dir='ltr'><strong>Deo</strong></span> <span class='ocrx_word' id='word_1_984' title='bbox 2708 5493 2924 5550; x_wconf 88' lang='lat' dir='ltr'><strong>essent;</strong></span> <span class='ocrx_word' id='word_1_985' title='bbox 2973 5505 3072 5546; x_wconf 87' lang='lat' dir='ltr'><strong>nec</strong></span> <span class='ocrx_word' id='word_1_986' title='bbox 3105 5504 3478 5571; x_wconf 88' lang='lat' dir='ltr'><strong>corruptibiles</strong></span> 
     </span>
    </p>
   </div>
   <div class='ocr_carea' id='block_1_119' title="bbox 1889 5559 3469 5656">
    <p class='ocr_par' dir='ltr' id='par_1_119' title="bbox 1889 5559 3469 5656">
     <span class='ocr_line' id='line_1_126' title="bbox 1889 5559 3469 5656; baseline 0.032 -50"><span class='ocrx_word' id='word_1_987' title='bbox 1889 5564 2090 5620; x_wconf 90' lang='lat' dir='ltr'><strong>essent,</strong></span> <span class='ocrx_word' id='word_1_988' title='bbox 2119 5559 2249 5616; x_wconf 91' lang='lat' dir='ltr'><strong>side</strong></span> <span class='ocrx_word' id='word_1_989' title='bbox 2271 5561 2362 5618; x_wconf 91' lang='lat' dir='ltr'><strong>illo</strong></span> <span class='ocrx_word' id='word_1_990' title='bbox 2383 5580 2582 5636; x_wconf 87' lang='lat' dir='ltr'><strong>essent,</strong></span> <span class='ocrx_word' id='word_1_991' title='bbox 2616 5573 2736 5641; x_wconf 86' lang='lat' dir='ltr'><strong>quia</strong></span> <span class='ocrx_word' id='word_1_992' title='bbox 2760 5575 2859 5632; x_wconf 87' lang='lat' dir='ltr'><strong>hoc</strong></span> <span class='ocrx_word' id='word_1_993' title='bbox 2876 5582 3014 5649; x_wconf 90' lang='lat' dir='ltr'><strong>quod</strong></span> <span class='ocrx_word' id='word_1_994' title='bbox 3039 5585 3152 5656; x_wconf 88' lang='lat' dir='ltr'><strong>ipse</strong></span> <span class='ocrx_word' id='word_1_995' title='bbox 3176 5559 3469 5654; x_wconf 68' lang='lat' dir='ltr'><strong>estessent.</strong></span> 
     </span>
    </p>
   </div>
   <div class='ocr_carea' id='block_1_120' title="bbox 1889 5643 3474 5760">
    <p class='ocr_par' dir='ltr' id='par_1_120' title="bbox 1889 5643 3474 5760">
     <span class='ocr_line' id='line_1_127' title="bbox 1889 5643 3474 5760; baseline 0.032 -63"><span class='ocrx_word' id='word_1_996' title='bbox 1889 5643 2015 5700; x_wconf 90' lang='lat' dir='ltr'><strong>ldeo</strong></span> <span class='ocrx_word' id='word_1_997' title='bbox 2038 5661 2167 5719; x_wconf 86' lang='lat' dir='ltr'><strong>ergo</strong></span> <span class='ocrx_word' id='word_1_998' title='bbox 2195 5666 2528 5727; x_wconf 91' lang='lat' dir='ltr'><strong>quocumque</strong></span> <span class='ocrx_word' id='word_1_999' title='bbox 2558 5663 2737 5732; x_wconf 89' lang='lat' dir='ltr'><strong>modo,</strong></span> <span class='ocrx_word' id='word_1_1000' title='bbox 2765 5682 3095 5744; x_wconf 83' lang='lat' dir='ltr'><strong>quacumque</strong></span> <span class='ocrx_word' id='word_1_1001' title='bbox 3123 5687 3315 5753; x_wconf 84' lang='lat' dir='ltr'><strong>specie,</strong></span> <span class='ocrx_word' id='word_1_1002' title='bbox 3343 5705 3474 5760; x_wconf 89' lang='lat' dir='ltr'><strong>quo-</strong></span> 
     </span>
    </p>
   </div>
   <div class='ocr_carea' id='block_1_121' title="bbox 1888 5743 3468 5840">
    <p class='ocr_par' dir='ltr' id='par_1_121' title="bbox 1888 5743 3468 5840">
     <span class='ocr_line' id='line_1_128' title="bbox 1888 5743 3468 5840; baseline 0.03 -51"><span class='ocrx_word' id='word_1_1003' title='bbox 1888 5751 2118 5808; x_wconf 92' lang='lat' dir='ltr'><strong>cumque</strong></span> <span class='ocrx_word' id='word_1_1004' title='bbox 2146 5743 2334 5801; x_wconf 89' lang='lat' dir='ltr'><strong>ordine</strong></span> <span class='ocrx_word' id='word_1_1005' title='bbox 2361 5759 2502 5824; x_wconf 80' lang='lat' dir='ltr'><strong>sunt,</strong></span> <span class='ocrx_word' id='word_1_1006' title='bbox 2537 5755 2658 5824; x_wconf 89' lang='lat' dir='ltr'><strong>quia</strong></span> <span class='ocrx_word' id='word_1_1007' title='bbox 2686 5757 2826 5816; x_wconf 86' lang='lat' dir='ltr'><strong>Deus</strong></span> <span class='ocrx_word' id='word_1_1008' title='bbox 2850 5771 2934 5820; x_wconf 87' lang='lat' dir='ltr'><strong>est</strong></span> <span class='ocrx_word' id='word_1_1009' title='bbox 2957 5781 2987 5821; x_wconf 92' lang='lat' dir='ltr'><strong>a</strong></span> <span class='ocrx_word' id='word_1_1010' title='bbox 3011 5784 3116 5840; x_wconf 91' lang='lat' dir='ltr'><strong>quo</strong></span> <span class='ocrx_word' id='word_1_1011' title='bbox 3140 5743 3468 5836; x_wconf 46' lang='lat' dir='ltr'><strong>iacue&#39;sdnt:</strong></span> 
     </span>
    </p>
   </div>
   <div class='ocr_carea' id='block_1_122' title="bbox 1887 5828 3463 5934">
    <p class='ocr_par' dir='ltr' id='par_1_122' title="bbox 1887 5828 3463 5934">
     <span class='ocr_line' id='line_1_129' title="bbox 1887 5828 3463 5934; baseline 0.03 -46"><span class='ocrx_word' id='word_1_1012' title='bbox 1887 5828 2010 5888; x_wconf 89' lang='lat' dir='ltr'><strong>ideo</strong></span> <span class='ocrx_word' id='word_1_1013' title='bbox 2038 5841 2216 5892; x_wconf 89' lang='lat' dir='ltr'><strong>autem</strong></span> <span class='ocrx_word' id='word_1_1014' title='bbox 2243 5852 2350 5896; x_wconf 88' lang='lat' dir='ltr'><strong>non</strong></span> <span class='ocrx_word' id='word_1_1015' title='bbox 2381 5841 2838 5910; x_wconf 89' lang='lat' dir='ltr'><strong>incommutabiles</strong></span> <span class='ocrx_word' id='word_1_1016' title='bbox 2863 5869 3018 5928; x_wconf 90' lang='lat' dir='ltr'><strong>sunt,</strong></span> <span class='ocrx_word' id='word_1_1017' title='bbox 3065 5865 3187 5934; x_wconf 89' lang='lat' dir='ltr'><strong>quia</strong></span> <span class='ocrx_word' id='word_1_1018' title='bbox 3226 5868 3352 5933; x_wconf 89' lang='lat' dir='ltr'><strong>nihil</strong></span> <span class='ocrx_word' id='word_1_1019' title='bbox 3381 5885 3463 5933; x_wconf 89' lang='lat' dir='ltr'><strong>cst</strong></span> 
     </span>
    </p>
   </div>
   <div class='ocr_carea' id='block_1_123' title="bbox 2712 5948 3108 6031">
    <p class='ocr_par' dir='ltr' id='par_1_123' title="bbox 2712 5948 3108 6031">
     <span class='ocr_line' id='line_1_130' title="bbox 2712 5948 3108 6031; baseline 0.035 -23"><span class='ocrx_word' id='word_1_1020' title='bbox 2712 5948 3065 6022; x_wconf 59' lang='lat' dir='ltr'><strong>{Dia-ltuit.</strong></span> <span class='ocrx_word' id='word_1_1021' title='bbox 3083 5963 3108 6031; x_wconf 69' lang='grc' dir='ltr'><strong>,θ</strong></span> 
     </span>
    </p>
   </div>
  </div>
