4094 6472
574 381 681 440 555

569 496 714 555 unde
741 494 894 553 factae
930 499 1070 551 sunt.
1118 493 1384 563 Sacrilega
1423 492 1563 547 enim
1607 489 1825 544 audacia
1864 503 2145 557 coaequan-

574 598 660 642 tur
702 586 831 641 nihil
871 594 924 641 et
974 586 1110 640 Deus
1135 626 1149 649 ,
1198 585 1240 637 si
1284 582 1435 653 quale
1477 591 1557 637 est
1598 580 1725 635 illud
1774 580 1911 649 quod
1943 579 2009 633 de
2037 579 2146 635 Deo

574 688 755 733 natum
801 684 916 745 est,
963 677 1067 732 tale
1115 674 1335 729 velimus
1371 686 1490 728 esse
1533 671 1664 727 illud
1700 670 1841 742 quod
1878 670 1946 725 ab
1987 684 2054 726 eo
2081 669 2148 725 de

575 770 742 826 nihilo
768 769 959 823 factum
988 777 1087 823 est.

639 858 866 915 CAPUT
901 857 993 913 XI.
1023 886 1093 897 -—
1122 855 1310 910 Noceri
1344 871 1432 910 nec
1456 854 1562 909 Deo
1589 863 1748 925 potest
1772 894 1786 920 ,
1829 870 1919 909 nec
1937 853 2025 909 alii
2052 870 2148 908 na-

574 963 701 1006 tura:
724 950 820 1004 nisi
844 950 954 1019 ipso
987 947 1316 1019 permittente.
1343 945 1676 1017 Quapropter
1702 961 1800 1001 nec
1821 955 2023 1003 natura:
2051 946 2148 1000 Dei

571 1042 751 1097 noceri
778 1040 992 1095 omnino
1018 1046 1227 1108 potest,
1258 1054 1355 1093 nec
1375 1039 1529 1093 alicui
1566 1046 1767 1092 naturtc
1795 1037 1893 1093 sub
1923 1039 2029 1094 Deo
2055 1051 2149 1092 no-

570 1135 679 1189 ceri
724 1132 916 1200 injuste
960 1139 1176 1201 potest:
1218 1132 1339 1201 quia
1382 1141 1437 1187 et
1474 1146 1594 1186 cum
1640 1131 1909 1199 peccando
1957 1132 2149 1200 injuste

568 1224 728 1295 aliqui
754 1233 980 1287 nocent,
1011 1223 1256 1278 voluntas
1295 1224 1486 1293 injusta
1523 1224 1602 1277 eis
1638 1224 1961 1294 imputatur;
1995 1232 2147 1292 pote-

569 1325 679 1370 stas
713 1324 890 1369 autem
921 1329 1023 1385 qua
1054 1330 1249 1369 nocere
1289 1314 1663 1383 permittuntur
1684 1354 1698 1379 ,
1746 1330 1851 1368 non
1876 1323 1959 1369 est
1988 1314 2085 1369 nisi
2117 1328 2148 1368 a

480 1430 493 1453 ι
567 1409 710 1475 Deo,
744 1408 833 1479 qui
863 1416 917 1463 et
945 1409 1070 1478 ipsis
1092 1407 1448 1462 nescientibus
1477 1408 1623 1462 novit
1647 1406 1773 1477 quid
1803 1407 1877 1462 illi
1912 1408 2019 1477 pati
2050 1406 2147 1462 de-

565 1500 746 1567 beant,
779 1501 969 1569 quibus
995 1514 1088 1554 eos
1113 1514 1305 1554 nocere
1326 1499 1602 1568 permittit.

634 1590 860 1648 CAPUT
904 1591 1018 1646 XII.
1063 1621 1135 1631 —
1182 1591 1364 1644 Omnia
1394 1590 1523 1644 bona
1561 1590 1759 1645 nonnisi
1791 1606 1821 1642 a
1850 1588 1977 1645 Deo.
2025 1590 2149 1644 IIth

564 1684 743 1737 omnia
766 1693 871 1736 tam
902 1682 1200 1752 perspicua,
1228 1688 1335 1735 tam
1361 1689 1527 1747 certa,
1558 1680 1603 1735 si
1632 1679 1830 1734 vellent
1848 1678 2143 1744 advertere,

563 1775 654 1844 qui
684 1774 843 1828 aliam
874 1781 1115 1827 naturam
1147 1772 1439 1837 inducunt,
1486 1786 1645 1841 quam
1676 1786 1783 1826 non
1819 1770 1943 1825 fecit
1970 1771 2142 1837 Deus;

566 1881 670 1919 non
712 1865 874 1920 tantis
913 1863 1255 1935 blasphemiis
1285 1862 1655 1933 implerentur,
1692 1870 1752 1916 ut
1776 1871 1830 1918 et
1858 1862 1911 1916 in
1937 1876 2147 1917 summo

564 1958 707 2014 malo
739 1967 882 2012 tanta
908 1956 1044 2011 bona
1071 1963 1347 2025 ponerent,
1380 1962 1435 2008 ct
1457 1955 1508 2007 in
1533 1954 1643 2008 Deo
1673 1960 1817 2007 tanta
1843 1953 2000 2007 mala.
2024 1952 2144 2008 Suf~

562 2049 674 2103 ﬁcit
707 2050 845 2103 enim
873 2090 887 2116 ,
930 2056 985 2102 ut
1013 2061 1169 2117 supra
1215 2044 1362 2110 dixi,
1412 2044 1476 2098 ad
1517 2059 1705 2099 eorum
1732 2044 2143 2113 correctionem,

562 2140 609 2194 si
640 2139 801 2192 velint
825 2137 1099 2192 attendere
1117 2177 1131 2202 ,
1176 2134 1318 2206 quod
1347 2148 1440 2191 eos
1465 2134 1624 2190 etiam
1665 2134 1861 2189 invitos
1886 2135 2027 2206 cogit
2053 2150 2146 2190 ve-

570 2230 701 2284 ritas
739 2228 978 2283 conﬁteri
1002 2269 1017 2295 ,
1064 2226 1241 2281 omnia
1285 2240 1501 2296 prorsus
1529 2226 1667 2281 bona
1695 2239 1802 2280 non
1840 2239 1960 2281 esse
1988 2225 2091 2279 nisi
2116 2239 2147 2279 a

560 2321 689 2375 Deo.
714 2319 828 2374 Non
857 2334 984 2391 ergo
1009 2318 1076 2373 ab
1111 2318 1215 2372 alio
1242 2325 1366 2372 sunt
1412 2332 1602 2387 magna
1640 2316 1779 2371 bona
1800 2357 1815 2381 ,
1868 2324 1923 2372 et
1948 2315 2016 2371 ab
2041 2315 2147 2370 alio

562 2427 725 2484 parva
771 2412 910 2468 bona
946 2411 1081 2467 :sed
1125 2420 1179 2467 et
1206 2426 1392 2480 magna
1422 2419 1475 2465 et
1502 2424 1665 2481 parva
1694 2409 1831 2465 bona
1874 2425 1980 2464 non
2024 2418 2148 2465 sunt

557 2502 662 2557 nisi
689 2517 718 2557 a
748 2516 959 2559 summo
983 2501 1145 2565 bono,
1175 2501 1314 2571 quod
1344 2502 1484 2555 Deus
1512 2509 1614 2555 est.

627 2594 853 2653 CAPUT
881 2595 1021 2651 XIII.
1047 2625 1118 2634 —
1136 2593 1281 2649 Bona
1304 2595 1505 2665 singula
1525 2609 1611 2648 seu
1626 2608 1800 2664 parva,
1830 2610 1916 2648 seu
1942 2610 2147 2665 magna,

555 2703 661 2741 esse
686 2705 717 2740 a
744 2686 871 2741 Deo.
903 2686 1391 2741 Commemorcmus
1417 2700 1543 2754 ergo
1573 2685 1710 2739 bona
1738 2693 1930 2754 quanta
1958 2693 2147 2756 potue-

554 2780 725 2836 rimus
747 2821 761 2846 ,
794 2794 913 2850 qua:
942 2777 1159 2848 dignum
1190 2786 1270 2831 est
1296 2785 1351 2829 ut
1371 2776 1482 2831 Deo
1506 2775 1711 2829 auctori
1741 2776 2030 2831 tribuamus
2049 2816 2065 2842 ,
2094 2784 2150 2832 et

559 2870 646 2925 his
670 2871 889 2926 sublatis
916 2868 1187 2923 videamus
1211 2876 1382 2922 utrum
1416 2867 1590 2937 aliqua
1621 2875 1806 2921 natura
1833 2866 2145 2921 remanebit.

555 2964 743 3021 Omnis
782 2963 889 3017 vita
933 2970 987 3017 et
1032 2977 1221 3032 magna
1266 2971 1319 3016 et
1356 2976 1517 3031 parva
1542 3001 1560 3028 ,
1600 2961 1773 3015 omnis
1814 2959 2052 3029 potentia
2092 2968 2149 3016 et

555 3073 747 3128 magna
768 3066 819 3111 et
837 3071 1015 3127 parva,
1042 3056 1215 3109 omnis
1237 3054 1377 3109 salus
1393 3061 1447 3110 et
1473 3067 1661 3123 magna
1692 3062 1745 3126 et
1766 3067 1945 3122 parva,
1973 3053 2148 3108 omnis

556 3150 813 3206 memoria
841 3158 895 3204 et
920 3163 1107 3220 magna
1135 3156 1191 3202 et
1232 3162 1388 3218 parva
1411 3189 1426 3215 ,
1476 3146 1650 3201 omnis
1684 3146 1851 3201 virtus
1875 3154 1928 3201 et
1957 3160 2147 3215 magna

557 3253 612 3301 et
636 3260 818 3316 parva,
839 3245 1011 3298 omnis
1029 3242 1325 3296 intellectus
1344 3248 1397 3296 et
1422 3254 1645 3311 magnus
1671 3246 1954 3310 etparvus,
1972 3238 2146 3294 omnis

557 3336 910 3407 tranquillitas
934 3344 990 3389 et
1016 3347 1205 3404 magna
1232 3339 1286 3387 et
1310 3346 1494 3400 parva,
1519 3330 1692 3386 omnis
1713 3330 1862 3401 copia
1884 3338 1938 3384 et
1956 3343 2147 3398 magna

556 3438 613 3487 et
653 3445 810 3501 parva
831 3469 846 3495 ,
896 3427 1069 3483 omnis
1095 3440 1285 3480 sensus
1311 3431 1365 3478 et
1389 3439 1609 3494 magnus
1631 3432 1683 3479 et
1714 3438 1903 3493 parvus
1926 3464 1941 3489 ,
1987 3436 2147 3479 omne

555 3520 735 3575 lumen
773 3528 827 3575 et
874 3532 1122 3589 magnum
1167 3525 1221 3571 et
1264 3529 1485 3585 parvum
1509 3554 1525 3580 ,
1577 3514 1749 3568 omnis
1787 3513 2019 3569 suavitas
2048 3514 2065 3543 ί
2091 3520 2149 3568 et

554 3626 748 3683 magna
774 3618 826 3665 et
854 3625 1045 3680 parva,
1087 3607 1262 3662 omnis
1298 3620 1549 3660 mensura
1578 3614 1631 3660 et
1664 3620 1852 3675 magna
1884 3613 1938 3659 et
1957 3619 2139 3674 parva,

555 3705 729 3761 omnis
756 3699 1094 3775 pulchritudo
1124 3707 1177 3753 et
1219 3712 1409 3768 magna
1439 3704 1494 3753 et
1522 3711 1681 3766 parva
1706 3737 1722 3759 ,
1766 3696 1940 3751 omnis
1965 3711 2063 3768 pax
2092 3704 2146 3751 et

555 3810 747 3865 magna
773 3802 827 3848 et
854 3807 1011 3863 parva
1034 3833 1047 3857 ,
1080 3799 1135 3846 et
1156 3790 1197 3843 si
1226 3804 1326 3860 qua
1350 3788 1541 3842 similia
1569 3802 1853 3842 occurrere
1873 3795 2144 3857 poterunt,

556 3887 894 3954 maximeque
922 3883 1011 3938 illa
1037 3897 1155 3953 qua:
1182 3896 1276 3951 per
1298 3878 1475 3934 omnia
1506 3879 1873 3947 reperiuntur,
1902 3878 2012 3932 sive
2036 3878 2145 3947 spi-

556 3978 769 4035 ritualia
799 3978 909 4031 sive
939 3974 1257 4045 corporalia,
1284 3974 1458 4027 omnis
1488 3971 1696 4035 modus,
1717 3972 1891 4027 omnis
1915 3972 2141 4040 species,

560 4071 735 4127 omnis
755 4070 909 4135 ordo,
932 4077 985 4122 et
1006 4082 1230 4137 magnus
1256 4074 1310 4120 et
1329 4080 1544 4134 parvus,
1572 4080 1599 4118 a
1622 4065 1846 4119 Domino
1863 4066 1971 4119 Deo
1999 4070 2143 4119 sunt.

560 4164 765 4234 Quibus
793 4161 947 4217 bonis
981 4159 1225 4213 omnibus
1255 4159 1343 4227 qui
1376 4157 1513 4212 male
1554 4157 1626 4211 uti
1656 4157 1914 4222 voluerit,
1963 4155 2144 4210 divino

555 4254 758 4329 judicio
783 4265 969 4323 poenas
993 4250 1103 4304 luet
1127 4267 1139 4303 :
1170 4248 1258 4303 ubi
1282 4256 1457 4302 autem
1481 4248 1682 4302 nullum
1709 4246 1899 4302 borum
1926 4246 2147 4302 omnino

558 4346 740 4413 fuerit,
771 4342 915 4398 nulla
942 4348 1128 4394 natura
1158 4337 1472 4394 remanebit.

634 4435 861 4494 CAPUT
891 4433 1032 4489 XIV.
1064 4463 1135 4472 —
1167 4430 1333 4483 Parva
1359 4431 1488 4483 bona
1521 4429 1575 4483 in
1602 4428 1854 4499 majorum
1881 4443 2141 4497 compara-

512 4571 517 4577 .
566 4530 699 4585 tione
727 4525 988 4582 contrariis
1012 4522 1292 4577 nominibus
1313 4520 1649 4592 appellantur.
1685 4519 1787 4575 Sed
1806 4520 1858 4574 in
1883 4519 1966 4574 his
1982 4522 2148 4576 omni-

562 4621 665 4677 bus
708 4631 1053 4690 qutecumque
1086 4628 1247 4685 parva
1288 4621 1445 4680 sunt,
1492 4611 1549 4666 in
1584 4611 1844 4681 majorum
1871 4626 2147 4682 compara-

562 4716 712 4769 tione
750 4708 1027 4766 contrariis
1050 4705 1349 4761 nominibus
1376 4704 1711 4775 appellantur
1740 4720 1753 4757 :
1785 4704 1922 4759 sicut
1954 4702 2007 4756 in
2045 4703 2144 4757 bo-

560 4804 725 4861 minis
778 4801 948 4856 forma
996 4798 1115 4870 quia
1168 4796 1338 4865 major
1382 4804 1461 4850 cst
1512 4794 1873 4865 pulchritudo,
1930 4794 1984 4847 in
2030 4795 2147 4864 ejus

565 4892 965 4963 comparatione
990 4890 1156 4944 simiae
1198 4884 1535 4958 pulchritudo
1564 4883 1873 4939 deformitas
1910 4883 2103 4940 dicitur
2129 4902 2144 4941 :

565 4995 622 5043 et
656 4985 787 5040 fallit
829 4980 1194 5053 imprudentes
1217 5019 1233 5044 ,
1282 4985 1530 5045 tanquam
1570 4974 1695 5029 illud
1722 4974 1792 5031 sit
1830 4974 2029 5029 bonum
2052 5015 2067 5042 ,
2095 4984 2171 5041 ειη

565 5081 671 5136 hoc
699 5078 931 5140 malum;
971 5089 1071 5129 nec
1100 5070 1381 5126 intendunt
1406 5069 1460 5123 in
1488 5083 1713 5138 corpore
1733 5067 1900 5123 simiae
1931 5066 2147 5122 modum

524 5188 525 5195 ‘
563 5170 860 5245 proprium,
889 5165 1207 5236 parilitatem
1231 5177 1293 5216 ex
1320 5169 1542 5230 utroque
1565 5159 1729 5215 latere
1759 5159 2144 5228 membrorum,

568 5262 906 5319 concordiam
938 5257 1189 5331 partium,
1222 5254 1600 5309 incolumitatis
1628 5254 1942 5319 custodiam,
1970 5262 2025 5312 et
2046 5270 2147 5313 cte-

564 5363 702 5421 tcra,
735 5369 852 5425 qua:
878 5350 1121 5424 persequi
1142 5351 1354 5419 longum
1385 5356 1485 5404 est.

635 5444 861 5501 CAPUT
906 5442 1025 5499 XV.
1070 5471 1141 5483 -—
1193 5439 1261 5494 In
1301 5440 1459 5495 simia:
1506 5455 1715 5509 corpore
1762 5440 2150 5509 pulchritudinis

571 5537 755 5592 bonum
784 5536 972 5597 inesse,
1000 5534 1113 5587 licet
1138 5532 1323 5585 minus.
1359 5530 1463 5584 Sed
1489 5540 1546 5585 ut
1574 5531 1715 5601 quod
1743 5531 1965 5586 dicimus
1992 5533 2147 5588 intel-

570 5629 794 5700 ligatur,
830 5636 883 5679 et
919 5624 1136 5678 nimium
1169 5623 1332 5676 tardis
1375 5622 1502 5677 satis
1532 5622 1621 5676 fiat
1644 5662 1660 5690 ,
1692 5622 1772 5677 vel
1795 5623 1952 5678 etiam
1986 5625 2148 5693 perti-

569 5736 732 5781 naces
775 5729 825 5774 et
866 5717 1210 5788 apertissime
1251 5714 1459 5770 veritati
1500 5724 1854 5788 repugnantes
1894 5727 2148 5789 cogantur

635 5836 653 5867 ι
686 5840 754 5886 tta
784 5840 887 5885 uss.
927 5838 981 5882 At
1002 5832 1053 5881 in
1076 5829 1236 5893 editis,
1258 5828 1453 5881 sortitas.

1244 378 1330 434 DE
1372 376 1653 435 NATURA
1696 374 1849 431 BONI
1888 369 2162 429 CONTRA
2200 370 2629 445 MANICII/EOS,
2661 376 2718 433 S.
2760 377 3126 437 AUGUSTINI

3731 375 3833 435 556

2258 489 2399 559 quod
2424 506 2609 545 verum
2637 499 2719 545 est
2753 493 2992 547 confiteri
3014 535 3028 560 ,
3077 494 3471 566 interrogentur
3504 504 3680 553 utrum
3708 514 3829 555 cor-

2257 581 2372 651 pori
2402 582 2568 636 simiae
2597 583 2760 650 possit
2790 590 2982 640 nocere
3018 587 3307 655 corruptio.
3356 588 3507 655 Quod
3547 590 3588 643 si
3634 600 3831 662 potest,

2256 682 2316 728 ut
2359 673 2548 729 fmdius
2596 675 2716 738 tiat;
2763 676 2888 744 quid
2915 678 3126 744 minuit,
3166 680 3268 734 nisi
3309 681 3715 749 pulchritudinis
3741 685 3833 740 bo-

2256 768 2420 819 num?
2455 766 2603 821 Unde
2632 764 2835 821 tamdiu
2861 769 3057 839 aliquid
3081 772 3406 838 remanebit,
3439 775 3685 843 quamdiu
3713 792 3835 832 cor-

2257 859 2401 928 poris
2442 869 2631 914 natura
2679 862 2936 915 subsistit.
2992 863 3223 918 Proinde
3251 865 3294 918 si
3337 876 3653 936 consumpto
3693 869 3835 926 bono
3874 868 3878 928 Ῐ

2258 961 2446 1005 natura
2472 952 2800 1006 consumitur
2822 995 2836 1020 ,
2868 954 3004 1008 bona
3026 970 3155 1026 ergo
3183 965 3265 1011 est
3291 966 3498 1013 natura.
3530 959 3618 1015 Sic
3640 970 3694 1015 et
3722 970 3834 1017 tar-
3872 972 3877 987 ‘

2254 1041 2380 1096 dum
2424 1042 2653 1097 dicimus
2693 1044 2861 1099 veloci
2906 1048 3229 1102 contrarium
3264 1049 3399 1104 :sed
3444 1060 3618 1106 tamen
3658 1054 3749 1123 qui
3776 1070 3837 1112 se

2255 1134 2473 1187 omnino
2502 1149 2606 1187 non
2635 1144 2833 1200 movet,
2865 1152 2962 1191 nec
2992 1137 3175 1194 tardus
3198 1140 3302 1194 dici
3330 1151 3523 1210 potest.
3553 1143 3640 1199 Sic
3666 1157 3836 1203 acutae

2257 1224 2377 1278 voci
2412 1226 2733 1279 contrariam
2762 1241 2946 1281 vocem
2976 1228 3201 1283 dicimus
3225 1246 3437 1300 gravem
3456 1273 3470 1298 ,
3510 1234 3592 1288 vel
3624 1250 3837 1291 canora:

2253 1328 2496 1382 asperam
2530 1332 2542 1366 :
2572 1314 2664 1369 sed
2691 1315 2737 1369 si
2776 1330 2988 1371 omnem
3038 1321 3269 1389 speciem
3311 1323 3457 1376 vocis
3484 1326 3694 1393 penitus
3737 1327 3835 1381 ad-

2257 1406 2390 1461 imas
2414 1447 2431 1471 ,
2472 1406 2737 1461 silentium
2767 1416 2850 1461 est
2893 1409 2977 1463 ubi
3013 1427 3112 1465 vox
3154 1411 3295 1466 nulla
3334 1423 3415 1468 est
3445 1432 3457 1467 :
3490 1416 3629 1484 quod
3657 1425 3834 1472 tamen

2252 1495 2521 1549 silentium
2541 1536 2557 1563 ,
2603 1512 2668 1551 eo
2693 1499 2808 1566 ipso
2834 1499 2975 1567 quod
3001 1515 3100 1553 vox
3135 1502 3276 1554 nulla
3299 1513 3398 1569 est,
3428 1512 3679 1576 tanquam
3699 1523 3835 1562 con-

2253 1588 2472 1641 trarium
2514 1586 2633 1641 voci
2661 1589 2796 1643 solet
2824 1591 3039 1660 apponi.
3095 1592 3183 1646 Sic
3223 1602 3278 1648 et
3310 1594 3481 1649 lucida
3516 1606 3568 1651 et
3607 1598 3835 1653 obscura

2254 1685 2503 1746 tanquam
2543 1676 2649 1733 duo
2695 1680 2961 1734 contraria
3009 1680 3297 1738 dicuntur:
3328 1683 3525 1740 habent
3576 1696 3753 1743 tamen
3782 1698 3838 1744 et

2252 1768 2475 1823 obscura
2531 1770 2730 1839 aliquid
2783 1771 2953 1836 lucis,
3003 1786 3109 1841 quo
3137 1774 3181 1827 si
3210 1775 3418 1844 penitus
3461 1788 3710 1846 careant,
3762 1781 3837 1835 ita

2250 1868 2376 1916 sunt
2416 1860 2648 1915 tenehrze
2691 1860 2826 1915 lucis
2866 1861 3142 1931 absentia,
3193 1866 3331 1921 sicut
3373 1867 3639 1922 silentium
3684 1872 3837 1926 vocis

2250 1949 2508 2005 absentia.

2322 2041 2546 2097 CAPUT
2574 2041 2713 2096 XVI.
2744 2071 2813 2083 --
2843 2040 3159 2100 Privationes
3176 2045 3231 2100 in
3254 2047 3402 2101 rebus
3426 2048 3703 2104 decentem
3723 2050 3838 2107 Deo

2252 2132 2515 2188 ordinatae.
2573 2133 2703 2200 Quae
2745 2142 2924 2189 tamen
2964 2137 3121 2191 etiam
3166 2138 3490 2207 privationes
3532 2157 3708 2196 rerum
3758 2142 3839 2198 sic

2252 2224 2567 2281 ordinantur
2588 2225 2642 2278 in
2663 2225 3012 2283 universitate
3033 2236 3236 2283 naturae
3261 2269 3276 2295 ,
3321 2236 3378 2282 ut
3415 2231 3685 2301 sapienter
3703 2246 3839 2286 oon-

2252 2317 2610 2372 siderantibus
2639 2334 2746 2373 non
2770 2318 3077 2375 indecenter
3094 2320 3240 2376 vices
3260 2336 3384 2376 suas
3414 2322 3663 2377 habeant.
3697 2323 3837 2380 Nam

2251 2418 2307 2465 et
2332 2409 2471 2463 Deus
2490 2417 2633 2464 certa
2659 2410 2772 2464 loca
2801 2418 2855 2465 et
2880 2418 3119 2481 tempora
3146 2427 3251 2466 non
3275 2413 3619 2468 illuminanda
3644 2458 3659 2481 ,
3685 2424 3840 2471 tene-

2252 2498 2378 2555 bras
2413 2498 2538 2555 fecit
2578 2509 2683 2554 tam
2711 2501 2964 2556 decenter
2989 2518 3146 2572 quam
3173 2504 3307 2558 dies.
3340 2504 3395 2558 Si
3425 2506 3565 2559 enim
3590 2521 3687 2561 nos
3705 2523 3841 2563 con-

2253 2590 2469 2649 tinendo
2494 2606 2678 2646 vocem
2704 2633 2717 2656 ,
2760 2592 3014 2646 decenter
3050 2594 3438 2663 interponimus
3464 2596 3517 2650 in
3556 2596 3831 2667 loquendo

2252 2684 2552 2746 silentium;
2593 2692 2791 2753 quanto
2826 2686 2993 2756 magis
3023 2686 3111 2741 ille
3135 2688 3484 2757 quarumdam
3510 2705 3689 2744 rerum
3721 2693 3834 2761 pri-

2252 2775 2498 2828 vatioues
2527 2774 2781 2830 decenter
2810 2775 2934 2829 facit
2952 2818 2966 2843 ,
3013 2777 3150 2832 sicut
3189 2793 3365 2832 rerum
3396 2782 3631 2835 omnium
3657 2782 3841 2851 perfe-

2252 2876 2369 2923 ctus
2397 2867 2625 2923 artifex?
2677 2869 2932 2925 Unde—et
2973 2872 3027 2925 in
3074 2871 3275 2943 hymno
3322 2875 3478 2929 trium
3522 2891 3837 2945 puerorum,

2253 2962 2412 3017 etiam
2445 2963 2532 3016 lux
2572 2970 2625 3016 et
2667 2963 2896 3018 tenebrae
2940 2963 3158 3018 laudant
3186 2966 3353 3021 Deum
3389 2967 3545 3037 (Dan.
3578 2984 3669 3033 ut,
3702 2968 3836 3042 7‘2);

2251 3052 2305 3108 id
2326 3063 2427 3120 est,
2460 3055 2578 3125 ejus
2599 3055 2812 3111 laudem
2838 3056 2893 3110 in
2924 3056 3065 3113 bene
3092 3059 3545 3121 considerantium
3572 3062 3833 3119 cordibus

2250 3148 2480 3216 pariunt.
2672 3200 2673 3205 η
3550 3174 3551 3177 η

2322 3236 2545 3292 CAPUT
2583 3235 2747 3292 XVII.
2789 3242 2863 3278 —-‘
2903 3235 3107 3291 Natura
3143 3238 3196 3292 in
3239 3246 3483 3308 quantum
3521 3249 3704 3295 natura
3736 3251 3836 3311 est,

2251 3330 2392 3387 nulla
2417 3329 2572 3383 mala.
2613 3329 2727 3383 Non
2758 3343 2886 3399 ergo
2911 3330 3049 3384 mala
3088 3337 3207 3397 est,
3254 3330 3307 3385 in
3351 3340 3602 3401 quantum
3645 3341 3839 3388 natura

2251 3433 2369 3492 est,
2404 3424 2509 3478 ulla
2547 3431 2766 3489 natura;
2809 3423 2903 3477 sed
2933 3424 3123 3492 cuique
3163 3432 3364 3477 natura:
3393 3439 3498 3478 non
3526 3435 3605 3479 est
3634 3426 3839 3480 malum

2250 3516 2355 3572 nisi
2382 3516 2547 3570 minui
2596 3515 2757 3570 bono.
2804 3514 2958 3582 Quod
3004 3516 3051 3569 si
3098 3516 3385 3570 minuendo
3433 3516 3836 3584 absumeretur,

2250 3610 2388 3666 sicut
2419 3610 2625 3665 nullum
2659 3609 2887 3675 bonum,
2932 3608 3002 3662 ila
3030 3608 3174 3661 nulla
3196 3616 3383 3662 natura
3406 3609 3835 3678 relinqueretur:

2250 3719 2357 3760 non
2402 3704 2574 3759 solum
2619 3702 2829 3772 qualem
2873 3700 3130 3755 inducunt
3173 3700 3455 3754 Manichtei
3482 3741 3498 3764 ,
3549 3701 3638 3755 ubi
3685 3709 3839 3756 tanta

2252 3794 2390 3850 bona
2417 3794 2790 3859 inveniuntur,
2838 3798 2898 3845 ut
2922 3792 3086 3845 nimia
3114 3805 3298 3846 eorum
3326 3792 3539 3846 caecitas
3564 3792 3697 3846 mira
3724 3793 3836 3859 sit;

2249 3886 2343 3943 sed
2371 3886 2579 3956 qualem
2603 3892 2778 3954 potest
2797 3882 3015 3952 quilibet
3041 3882 3312 3937 inducere.

2319 3972 2545 4032 CAPUT
2585 3974 2771 4030 XVIII.
2794 4004 2863 4015 -—
2909 3973 3094 4044 Hylen,
3127 3989 3240 4044 qua!
3276 3990 3442 4027 rerum
3469 3973 3702 4041 infamis
3724 3990 3841 4028 ma-

2252 4072 2399 4125 teries
2426 4070 2645 4140 antiquis
2666 4067 2941 4131 dicebatur,
2969 4083 3072 4120 non
3098 4084 3203 4121 esse
3228 4068 3438 4121 malum.
3483 4065 3666 4136 Neque
3690 4068 3839 4122 enim

2251 4162 2336 4216 vel
2370 4161 2456 4215 illa
2490 4161 2772 4225 materies,
2805 4174 2961 4228 quam
2985 4159 3185 4229 antiqui
3219 4158 3375 4231 hylen
3400 4158 3673 4225 dixerunt,
3716 4175 3840 4214 ma-

2252 4253 2361 4308 lum
2388 4251 2609 4307 dicenda
2656 4260 2757 4305 est.
2806 4250 2921 4304 Non
2946 4265 3063 4306 eam
3103 4250 3259 4316 dico,
3316 4264 3471 4319 quam
3512 4249 3840 4306 Manichmus

2251 4346 2413 4418 hylen
2443 4344 2677 4415 appellat
2702 4342 3102 4399 dementissima
3123 4342 3390 4409 vanitate,
3432 4343 3679 4397 nesciens
3706 4342 3840 4412 quid

2252 4438 2531 4508 loquatur,
2571 4434 2931 4489 formatricem
2965 4448 3249 4504 corporum
3276 4450 3290 4485 :
3322 4432 3460 4488 unde
3485 4441 3630 4487 recte
3656 4432 3731 4486 illi
3758 4432 3841 4487 di-

2253 4540 2396 4587 ctum
2423 4538 2538 4593 est,
2585 4527 2728 4599 quod
2775 4528 2997 4582 alterum
3024 4526 3181 4580 deum
3211 4526 3425 4580 inducat
3456 4541 3469 4576 :
3504 4540 3662 4579 nemo
3690 4526 3839 4579 enim

2253 4625 2486 4678 formare
2524 4630 2579 4676 et
2619 4635 2803 4676 creare
2840 4633 3064 4689 corpora
3109 4618 3210 4673 nisi
3250 4618 3390 4673 Deus
3419 4626 3626 4688 potest;
3663 4631 3841 4687 neque

2253 4715 2396 4769 enim
2436 4720 2723 4779 creantur,
2773 4711 2873 4765 nisi
2920 4725 3039 4764 cum
3091 4711 3169 4763 eis
3207 4709 3397 4763 modus
3445 4716 3500 4764 et
3538 4709 3748 4777 species
3788 4715 3843 4762 et

2253 4806 2387 4861 ordo
2410 4805 2683 4871 subsistit,
2712 4818 2831 4873 quae
2858 4803 2995 4858 bona
3020 4816 3139 4857 esse
3160 4842 3174 4869 ,
3204 4816 3301 4855 nec
3329 4815 3449 4856 esse
3485 4814 3644 4870 posse
3678 4800 3784 4853 nisi
3811 4814 3842 4853 a

2255 4898 2385 4964 Deo,
2412 4905 2538 4967 puto
2565 4896 2705 4965 quod
2726 4896 2837 4965 jam
2865 4895 3023 4950 etiam
3049 4894 3147 4963 ipsi
3177 4894 3520 4948 conﬁtentur.
3546 4891 3653 4947 Sed
3673 4891 3841 4961 hylen

2256 4988 2377 5044 dico
2419 4987 2699 5058 quamdam
2746 4986 2956 5056 penitus
3001 4984 3283 5039 informem
3329 4994 3383 5039 et
3429 4985 3544 5038 sine
3582 4983 3846 5051 qualitate

2254 5082 2533 5139 materiem
2556 5122 2572 5147 ,
2614 5079 2757 5134 unde
2794 5081 2908 5133 ista:
2931 5093 3062 5149 quas
3101 5079 3363 5132 sentimus
3404 5076 3687 5146 qualitates
3725 5074 3839 5127 for-

2255 5184 2502 5241 mantur,
2554 5180 2612 5226 ut
2658 5172 2859 5242 antiqui
2903 5171 3175 5225 dixerunt.
3231 5170 3367 5223 Hinc
3415 5168 3557 5222 enim
3605 5175 3662 5220 et
3705 5164 3843 5218 silva

2255 5282 2428 5340 graece
2454 5270 2541 5327 ὕλη
2572 5263 2795 5329 dicitur,
2837 5260 2983 5333 quod
3010 5261 3354 5331 operantibus
3375 5268 3497 5330 apta
3523 5259 3617 5323 sit,
3652 5272 3760 5311 non
3787 5264 3845 5309 ut

2255 5358 2453 5430 aliquid
2473 5359 2581 5427 ipsa
2611 5355 2785 5418 faciat,
2814 5354 2907 5410 sed
2936 5353 3073 5409 unde
3098 5352 3297 5423 aliquid
3320 5352 3428 5406 tiat.
3458 5350 3570 5406 Nec
3592 5350 3693 5404 ista
3712 5362 3847 5417 ergo

2256 5452 2381 5523 ber
2405 5449 2601 5504 malum
2638 5446 2860 5502 dicenda
2892 5455 3008 5511 est,
3052 5460 3170 5515 qute
3199 5459 3303 5498 non
3339 5458 3433 5513 per
3461 5443 3692 5510 aliquam
3719 5454 3847 5507 spe—

2258 5543 2393 5598 ciem
2412 5539 2614 5604 sentiri,
2641 5537 2733 5593 sed
2764 5552 2858 5606 per
2878 5535 3236 5590 omnimodam
3259 5534 3453 5603 speciei
3490 5531 3843 5601 privationem

2259 5635 2475 5705 c0gitari
2521 5631 2609 5687 vix
2635 5640 2826 5701 potest.
2884 5629 3055 5684 Habet
3094 5628 3238 5682 enim
3268 5636 3320 5681 et
3346 5628 3456 5693 ipsa
3492 5626 3843 5695 capacitatem

2257 5729 2547 5784 formarum
2577 5743 2592 5779 :
2624 5739 2745 5778 nam
2781 5725 2826 5778 si
2854 5737 3045 5794 capere
3069 5723 3368 5790 impositam
3398 5720 3465 5773 ab
3496 5719 3700 5772 artilice
3727 5716 3846 5770 for-

2261 5836 2401 5879 mam
2428 5835 2535 5877 non
2558 5826 2755 5888 posset,
2778 5830 2875 5872 nec
2895 5815 3143 5872 materies
3165 5815 3344 5883 utique
3362 5813 3645 5869 diceretur.
3669 5809 3845 5868 Porro
