4094 6466
245 387 514 540 ῗέοιιιιηι
539 473 756 546 aliquod
781 477 866 532 est
889 469 1090 540 forma,
1133 469 1276 528 unde
1305 471 1396 542 qui
1431 483 1492 526 ea
1517 387 1828 540 praviicleliji:

245 571 460 630 formosi
505 569 868 638 appellantur,
907 565 1046 620 sicut
1080 579 1112 620 a
1146 564 1322 634 specie
1347 564 1606 634 speciosi,
1651 562 1838 633 procul-

247 665 404 724 dubio
429 664 630 718 bonum
651 659 865 731 aliquod
889 666 974 714 est
1003 659 1164 714 etiam
1199 659 1466 729 eapacitas
1495 658 1696 711 formis.
1723 655 1840 711 Sic-

246 771 304 818 ut
325 759 451 829 quia
493 758 694 812 bonum
731 763 816 810 est
854 754 1132 824 sapientia,
1163 767 1326 808 nemo
1350 751 1554 808 dubitat
1576 750 1718 821 quod
1741 750 1840 804 bo-

249 871 370 912 num
398 855 468 909 sit
488 866 738 924 capacem
759 865 879 908 esse
905 849 1198 920 sapientiae.
1227 847 1294 903 Et
1314 847 1434 918 quia
1455 861 1612 902 omne
1637 846 1838 902 bonum

247 965 278 1004 a
297 950 446 1014 Deo;
477 948 748 1002 neminem
767 952 979 1016 oportet
1002 943 1265 1008 dubitare,
1289 941 1448 996 etiam
1469 940 1646 1007 istam,
1669 937 1714 994 si
1730 953 1834 1009 qua

249 1050 349 1108 est,
381 1041 664 1096 materiem
695 1053 802 1094 non
829 1053 948 1093 esse
971 1036 1072 1091 nisi
1102 1051 1131 1090 a
1153 1036 1285 1090 Deo.

317 1132 549 1188 CAPUT
585 1129 730 1186 XIX.
757 1159 834 1172 --
863 1125 994 1181 Esse
1017 1142 1130 1181 vere
1151 1165 1168 1192 ,
1207 1124 1468 1196 proprium
1495 1123 1610 1178 Dei.
1639 1122 1842 1192 Magni-

250 1222 346 1276 ﬁce
369 1220 534 1292 igitur
552 1229 608 1274 et
625 1217 804 1274 divine
831 1219 972 1272 Deus
991 1223 1174 1270 noster
1195 1215 1392 1269 famulo
1417 1229 1516 1268 suo
1534 1213 1667 1268 dixit
1686 1255 1701 1279 ,
1729 1211 1842 1284 Ego

250 1328 360 1368 sunt
397 1312 490 1381 qui
526 1325 682 1374 sunt;
717 1317 804 1376 et,
835 1309 982 1364 Dices
1001 1307 1122 1376 ﬁliis
1145 1303 1341 1371 Israel,
1375 1304 1476 1371 Qui
1503 1313 1578 1358 est
1604 1304 1739 1356 misit
1764 1317 1846 1356 nte

251 1403 316 1456 ad
349 1417 444 1458 vos
471 1400 782 1474 (ExodJn,
805 1398 918 1469 Η).
967 1397 1109 1452 Vere
1145 1395 1286 1451 enim
1325 1395 1440 1465 ipse
1471 1401 1582 1460 est,
1613 1392 1736 1464 quia
1763 1394 1845 1448 in-

252 1492 656 1552 commutabilis
681 1499 784 1546 est.
816 1489 1002 1544 Omnis
1037 1488 1180 1543 enim
1205 1485 1430 1542 mutatio
1458 1485 1582 1540 facit
1597 1501 1702 1538 non
1722 1499 1844 1541 esse

251 1583 394 1654 quod
425 1590 550 1638 erat
577 1599 591 1634 :
623 1595 748 1636 vere
793 1593 922 1650 ergo
965 1578 1054 1634 ille
1095 1585 1210 1640 est,
1255 1577 1346 1646 qui
1397 1573 1844 1630 incommutabilis

249 1683 362 1740 est;
415 1684 614 1730 caetera
651 1687 772 1742 quae
797 1671 864 1726 ab
903 1671 998 1727 illo
1037 1668 1175 1724 facta
1203 1676 1355 1734 sunt,
1389 1669 1456 1722 ab
1493 1667 1586 1720 illo
1623 1681 1720 1737 pro
1745 1678 1846 1720 suo

250 1765 416 1822 modo
441 1779 568 1820 esse
603 1769 943 1832 acceperunt.
991 1761 1054 1816 Ei
1079 1771 1208 1830 ergo
1235 1759 1324 1830 qui
1362 1773 1568 1814 summe
1595 1766 1676 1813 est
1694 1800 1707 1822 ,
1737 1771 1845 1813 non

251 1865 434 1929 potest
457 1871 584 1912 esse
604 1856 932 1912 contrarium
959 1853 1060 1909 nisi
1086 1852 1228 1924 quod
1255 1867 1358 1906 non
1385 1859 1469 1906 est
1501 1869 1515 1906 :
1541 1867 1602 1907 ac
1623 1865 1720 1920 per
1743 1850 1846 1905 hoc

251 1949 390 2004 sicut
411 1947 486 2002 ab
513 1947 610 2002 illo
639 1954 722 2002 est
743 1959 904 2001 omne
923 1943 1066 2015 quod
1091 1944 1290 2000 bonum
1317 1951 1398 1998 est
1418 1983 1433 2008 ,
1463 1942 1541 1998 sic
1558 1942 1625 1998 ab
1653 1941 1744 1996 illo
1764 1947 1848 1997 est

252 2053 416 2095 omne
462 2037 608 2109 quod
649 2037 959 2092 naturaliter
1004 2035 1166 2100 est‘;
1210 2034 1462 2106 quoniam
1499 2045 1660 2086 omne
1703 2030 1848 2102 quod

253 2129 574 2186 naturaliter
592 2138 694 2196 est,
729 2129 926 2184 bonum
953 2133 1054 2181 est.
1081 2125 1265 2180 Omnis
1295 2123 1471 2195 itaque
1495 2131 1684 2178 natura
1706 2121 1846 2180 bona

251 2231 356 2286 est,
384 2229 444 2276 et
467 2235 634 2278 omne
655 2220 856 2276 bonum
885 2233 918 2274 a
947 2219 1062 2274 Deo
1085 2225 1170 2274 est
1201 2234 1216 2272 :
1246 2215 1424 2273 omnis
1445 2231 1576 2287 ergo
1595 2223 1784 2272 natura
1814 2229 1848 2272 a

251 2311 362 2370 Deo
389 2321 500 2368 est.
1733 2331 1737 2336 ’

319 2401 558 2460 CAPUT
579 2400 702 2458 XX.
729 2429 800 2444 --
836 2399 1002 2456 Dolor
1021 2400 1224 2454 nonnisi
1248 2400 1302 2454 in
1327 2399 1526 2454 naturis
1554 2397 1715 2454 bonis.
1741 2397 1850 2453 Do-

251 2493 336 2552 lor
365 2503 550 2550 autem
569 2533 588 2561 ,
631 2493 772 2564 quod
798 2491 1064 2562 praecipue
1091 2489 1291 2546 malum
1317 2491 1559 2546 nonnulli
1583 2489 1847 2544 arbitran-

251 2595 360 2654 tur,
383 2587 502 2642 sive
525 2586 582 2640 in
607 2585 786 2640 animo
813 2585 926 2640 sive
951 2583 1008 2637 in
1041 2597 1266 2652 corpore
1289 2582 1376 2647 sit,
1407 2597 1508 2638 nec
1532 2583 1649 2652 ipse
1671 2587 1849 2652 potest

249 2692 372 2734 esse
410 2679 520 2734 nisi
565 2677 622 2732 in
671 2675 878 2732 naturis
920 2675 1096 2731 bonis.
1145 2675 1260 2730 Hoc
1295 2675 1438 2729 enim
1477 2674 1654 2744 ipsum
1703 2673 1850 2744 quod

251 2771 458 2830 resistit
485 2772 510 2804 ³
537 2777 598 2826 ut
635 2769 816 2825 doleat
833 2809 848 2834 ,
898 2768 1128 2838 quodam
1165 2766 1328 2822 modo
1353 2774 1566 2820 recusat
1589 2781 1696 2821 non
1729 2779 1850 2822 esse

250 2863 394 2936 quod
424 2869 575 2928 erat,
601 2862 726 2933 quia
749 2861 946 2916 bonum
975 2857 1192 2930 aliquod
1213 2866 1328 2914 erat
1354 2874 1369 2912 :
1395 2857 1491 2913 sed
1511 2873 1632 2912 cum
1653 2857 1720 2912 ad
1737 2871 1849 2912 me-

251 2955 354 3010 li
369 2954 588 3026 cogitur
609 2993 624 3020 ,
655 2951 802 3008 utilis
843 2950 1000 3006 dolor
1040 2957 1158 3016 est;
1203 2963 1326 3004 cum
1349 2948 1415 3004 ad
1457 2947 1712 3014 deterius,
1761 2947 1848 3001 in-

251 3045 418 3101 utilis.
463 3045 528 3102 In
548 3043 728 3100 animo
747 3056 876 3112 ergo
903 3039 1144 3096 dolorem
1169 3039 1295 3094 facit
1322 3038 1566 3094 voluntas
1593 3037 1850 3094 resistens

251 3135 506 3209 potestati
545 3134 733 3205 majori
765 3151 780 3188 :
822 3133 876 3188 in
927 3145 1154 3202 corpore
1196 3129 1439 3186 dolorem
1482 3128 1608 3184 facit
1659 3139 1852 3184 sensus

161 3297 166 3303 _
251 3229 518 3286 resistens
561 3226 776 3296 corpori
813 3223 1125 3294 potentiori.
1166 3222 1302 3278 Sunt
1348 3229 1526 3276 autem
1557 3219 1695 3274 mala
1733 3219 1850 3275 sine

255 3317 442 3374 dolore
461 3318 652 3387 pejora
679 3333 694 3370 :
717 3315 870 3385 pejus
891 3321 980 3370 est
1007 3313 1152 3369 enim
1184 3312 1417 3384 gaudere
1443 3309 1512 3366 de
1543 3310 1845 3380 iniquitate,

253 3425 412 3481 quam
441 3407 634 3464 dolere
653 3406 724 3462 de
741 3405 1084 3476 corruptione
1116 3421 1130 3457 :
1158 3411 1526 3459 verumtamen
1553 3402 1715 3456 etiam
1745 3399 1850 3454 tale

254 3501 510 3571 gaudium
535 3514 645 3555 non
671 3506 850 3570 potest
872 3511 993 3553 esse
1035 3495 1136 3551 nisi
1176 3511 1240 3551 ex
1275 3494 1559 3566 adeptione
1587 3493 1849 3548 bonorum

254 3595 610 3658 inferiorum;
639 3589 734 3647 sed
761 3591 1012 3661 iniquitas
1033 3596 1117 3656 est
1133 3587 1370 3643 desertio
1395 3586 1694 3641 meliorum.
1715 3585 1848 3640 Item

254 3687 310 3743 in
333 3699 570 3755 corpore
595 3681 786 3738 melius
811 3689 896 3738 est
917 3681 1114 3736 vulnus
1137 3693 1258 3734 cum
1283 3677 1467 3732 dolore
1486 3719 1502 3744 ,
1548 3691 1704 3746 quam
1745 3689 1848 3746 pu-

255 3777 408 3834 tredo
433 3779 557 3836 sine
575 3775 764 3832 dolore
788 3813 804 3840 ,
850 3787 970 3843 quae.
989 3769 1294 3842 specialiter
1311 3767 1584 3839 corruptio
1609 3766 1801 3822 dicitur
1829 3783 1850 3822 :

253 3884 414 3941 quam
441 3882 554 3922 non
591 3865 753 3930 vidit,
795 3862 854 3918 id
873 3871 991 3930 est,
1037 3877 1140 3916 non
1171 3875 1326 3931 passa
1352 3867 1438 3916 est
1471 3867 1682 3914 mortua
1721 3871 1852 3914 caro

263 3960 508 4024 Domini,
533 3959 672 4016 sicut
693 3958 748 4012 in
767 3955 1046 4026 prophetia
1074 3953 1388 4024 praedictum
1417 3959 1551 4018 erat,
1573 3949 1684 4004 Nec
1707 3949 1852 4004 dabis

251 4063 496 4110 sanctum
523 4060 662 4105 tuum
683 4049 850 4106 uidere
874 4051 1244 4118 corruptionem
1277 4043 1444 4116 (Psal.
1472 4059 1564 4108 xv,
1585 4043 1696 4115 I0).
1715 4043 1849 4098 Nam

253 4146 600 4200 vulneratum
629 4157 750 4197 esse
773 4140 1073 4196 conlixione
1096 4139 1366 4194 clavorum
1391 4177 1406 4203 ,
1451 4143 1506 4190 et
1537 4149 1849 4206 percussum

257 4237 328 4292 de
349 4237 540 4290 lancea
565 4235 684 4306 quis
705 4242 862 4305 negat
889 4232 1066 4304 (Joan.
1095 4248 1222 4300 χιιι,
1256 4231 1344 4298 18,
1373 4229 1512 4302 54)?
1553 4229 1658 4284 Sed
1687 4230 1848 4285 etiam

257 4331 376 4400 ipsa
400 4343 524 4400 quae
549 4329 764 4399 preprie
796 4327 864 4381 ab
891 4326 1195 4380 hominibus
1217 4323 1488 4393 corruptio
1507 4322 1749 4392 corporis
1768 4322 1850 4377 di—

259 4423 422 4488 citur,
469 4421 526 4475 id
557 4427 672 4485 est,
715 4420 828 4489 ipsa
855 4417 1110 4489 putredo,
1161 4415 1206 4470 ei
1240 4415 1416 4470 adhuc
1449 4413 1610 4468 habet
1649 4411 1850 4482 aliquid

259 4512 536 4585 quodalte
581 4519 883 4576 consumat,
933 4511 1130 4564 bonum
1173 4503 1464 4562 minuendo
1508 4507 1701 4560 crescit
1729 4519 1850 4560 cor-

259 4606 462 4675 mptio.
511 4603 667 4670 Quod
704 4604 748 4657 si
795 4603 1006 4674 penitus
1029 4598 1422 4669 absumpserit,
1471 4597 1608 4651 sicut
1647 4595 1852 4650 nullum

261 4695 466 4750 bonum
489 4737 506 4760 ,
553 4695 626 4748 ita
673 4695 815 4748 nulla
849 4701 1035 4747 natura
1061 4688 1387 4756 remanebit,
1435 4687 1558 4758 quia
1593 4687 1702 4757 jam
1728 4701 1852 4741 cor-

261 4787 448 4856 roptio
471 4785 618 4856 quod
661 4793 969 4854 corrumpat
1011 4798 1118 4837 non
1157 4781 1290 4846 erit;
1337 4787 1393 4837 et
1435 4779 1556 4835 ideo
1595 4793 1694 4835 nec
1739 4777 1852 4848 ipsa

263 4878 498 4948 putredo
525 4877 647 4942 erit,
677 4877 800 4946 quia
827 4876 914 4929 ubi
946 4875 1016 4928 sit
1041 4873 1260 4928 omnino
1279 4887 1384 4925 non
1413 4871 1534 4926 erit.

337 4967 568 5024 CAPUT
590 4967 734 5021 XXI.
761 4995 832 5008 —-
859 4965 1065 5020 Modica
1091 4979 1124 5018 a
1151 4963 1302 5017 modo
1328 4962 1482 5016 dicta.
1511 4961 1638 5016 Ideo
1656 4960 1854 5031 quippe

263 5069 324 5116 et
367 5074 534 5129 parva
579 5067 738 5128 atque
779 5057 968 5128 exigua
1011 5056 1120 5126 jam
1163 5056 1432 5110 communi
1471 5053 1718 5124 loquendi
1755 5067 1854 5109 usu

263 5153 480 5208 modica
507 5152 756 5206 dicuntur
773 5191 790 5217 ,
822 5151 942 5220 quia
971 5147 1164 5204 modus
1191 5149 1246 5202 in
1273 5148 1352 5202 eis
1380 5147 1569 5217 aliquis
1591 5147 1786 5201 restitit
1805 5146 1850 5216 ³,

261 5243 388 5298 sine
414 5257 520 5312 quo
549 5257 658 5296 non
699 5242 808 5312 jam
855 5240 1062 5296 modica
1087 5281 1102 5307 ,
1153 5239 1247 5295 sed
1285 5239 1506 5294 omnino
1533 5238 1673 5293 nulla
1707 5245 1850 5292 sunt.

263 5335 363 5392 [Ila
395 5347 574 5391 autem
619 5351 738 5406 qute
777 5343 990 5404 propter
1019 5333 1246 5388 nimium
1289 5345 1628 5402 progressum
1671 5329 1858 5386 dicun-

264 5437 352 5486 tur
391 5427 701 5494 immodica,
751 5427 864 5495 ipsa
906 5425 1178 5480 nimietate
1203 5409 1483 5494 culpantur
1514 5441 1526 5476 :
1557 5422 1651 5478 sed
1679 5429 1854 5477 tamen

263 5519 384 5589 ipsa
415 5519 575 5572 etiam
603 5517 706 5572 sub
731 5517 859 5582 Deo,
892 5515 980 5586 qui
1009 5515 1186 5570 omnia
1211 5515 1264 5568 in
1295 5527 1562 5580 mensura,
1595 5521 1648 5568 et
1673 5513 1724 5566 in
1753 5528 1854 5566 nu-

263 5623 444 5675 mero,
474 5617 526 5662 et
551 5608 786 5680 pondere
805 5606 1066 5676 disposuit
1095 5605 1247 5677 (Sap.
1279 5621 1352 5668 xi,
1383 5604 1498 5674 Sil),
1525 5619 1742 5660 necesse
1775 5611 1857 5658 est

331 5729 351 5794 ξ
389 5734 497 5776 Mss.
520 5727 614 5776 hoc
839 5723 962 5786 loco,
985 5721 1112 5786 quod
1129 5718 1348 5772 naturale
1367 5726 1453 5772 est.

331 5791 355 5819 ²
389 5795 592 5847 malas,
615 5791 799 5837 restitit.
1043 5845 1050 5847 _
1103 5845 1112 5847 _
1213 5845 1218 5847 _
1293 5835 1300 5842 ι

333 5849 356 5882 ⁸
381 5849 460 5900 sic
481 5845 587 5900 Μεεζ
609 5848 728 5898 Editi
749 5854 930 5910 autem,
955 5845 1148 5898 resistit.
1169 5845 1316 5898 Minus
1337 5845 1484 5894 bene.

1673 343 1876 432 Lmen
1915 371 2110 432 unus.

1950 387 2110 432 INUS.
3418 387 3525 448 558

1950 478 2009 525 ut
2035 469 2212 541 aliquo
2237 467 2396 526 modo
2421 467 2784 528 cohibeantur.

2019 563 2100 617 CA
2111 562 2244 619 PU'I'
2273 563 2438 617 XXII.
2474 593 2545 604 ——
2583 562 2772 618 Modus
2795 581 2860 618 an
2888 563 3062 638 aliqua
3087 567 3282 623 ratione
3299 569 3408 625 Deo
3429 571 3530 644 ipsi

1949 655 2227 709 conveniat.
2259 655 2400 709 Deus
2429 665 2606 711 autem
2646 671 2746 712 nec
2773 658 2988 713 modum
3039 660 3236 718 habere
3273 663 3530 721 dicendus

1950 757 2052 816 εει,
2085 763 2152 804 ne
2183 749 2300 802 ﬁnis
2326 747 2440 817 ejus
2469 749 2572 803 dici
2610 758 2840 820 putetur.
2869 751 2976 807 Nec
2997 752 3118 809 ideo
3135 763 3310 811 tamen
3339 758 3530 814 immo-

1949 841 2164 896 deratus
2193 847 2294 907 εει,
2318 853 2348 894 a
2375 855 2482 912 quo
2507 841 2694 896 modus
2716 845 2960 902 omnibus
2989 847 3240 904 tribuitur
3257 849 3440 918 rebus,
3473 861 3534 909 ut

1949 934 2130 1004 aliquo
2180 933 2340 988 modo
2391 949 2513 989 esse
2551 935 2778 1006 possint.
2818 938 2926 995 Nec
2966 955 3152 998 rursus
3196 944 3532 1002 moderatum

1951 1031 2160 1096 oportet
2211 1025 2314 1080 dici
2357 1025 2522 1080 Deum
2549 1067 2563 1094 ,
2611 1035 2861 1098 tanquam
2891 1029 2958 1087 ab
2985 1033 3160 1104 aliquo
3201 1037 3416 1093 modum
3446 1055 3534 1094 ac-

1949 1115 2170 1184 ceperit.
2201 1115 2256 1171 Si
2287 1123 2464 1172 autem
2507 1117 2747 1172 dicamus
2781 1133 2902 1175 eum
2939 1137 3207 1181 summum
3259 1129 3479 1185 modum
3511 1173 3530 1201 ,

1951 1205 2088 1264 forte
2116 1210 2314 1280 aliquid
2337 1211 2599 1280 dicimus;
2641 1213 2686 1268 si
2721 1223 2900 1272 tamen
2933 1217 2986 1272 in
3026 1234 3090 1276 eo
3128 1219 3269 1291 quod
3307 1223 3534 1282 dicimus

1951 1315 2217 1358 summum
2274 1305 2520 1374 modum,
2580 1305 2934 1378 intelligamus
2991 1327 3254 1370 summum
3307 1315 3530 1374 bonum.

1951 1395 2136 1452 Omnis
2165 1397 2308 1453 enim
2335 1399 2522 1454 modus
2565 1399 2619 1454 in
2664 1411 2920 1472 quantum
2954 1405 3145 1462 modus
3185 1417 3306 1476 est,
3355 1411 3532 1468 bonus

1951 1497 2034 1543 est
2067 1490 2248 1544 :unde
2297 1492 2475 1572 omnia
2515 1491 2822 1562 moderata,
2857 1495 3127 1566 modesta,
3171 1501 3476 1558 modiﬁcata
3518 1547 3532 1572 ,

1950 1581 2054 1636 diei
2084 1584 2198 1638 sine
2225 1583 2380 1638 laude
2409 1599 2512 1639 non
2541 1593 2796 1655 possunt;
2829 1603 3130 1659 quanquam
3163 1591 3260 1648 sub
3297 1593 3401 1648 alio
3439 1596 3526 1650 in-
3565 1585 3570 1592 ’

1950 1671 2165 1727 tellectu
2191 1674 2404 1728 modum
2434 1689 2532 1745 pro
2557 1675 2662 1731 Ilne
2691 1692 2978 1746 ponamus,
3005 1686 3059 1734 et
3089 1681 3289 1736 null-um
3315 1685 3532 1740 modum
3611 1745 3619 1750 _

1953 1761 2221 1826 dicamus,
2261 1763 2348 1818 ubi
2389 1765 2563 1820 nullus
2599 1775 2680 1821 est
2721 1767 2841 1823 ﬁnis
2873 1787 2886 1824 :
2917 1769 3058 1838 quod
3099 1771 3380 1842 aliquando
3410 1790 3534 1830 cum

1951 1853 2109 1910 laude
2150 1854 2364 1923 dicitur,
2397 1857 2536 1912 sicut
2562 1857 2762 1914 dictum
2785 1867 2886 1928 est,
2916 1858 2984 1913 Et
3005 1863 3146 1933 regni
3171 1864 3280 1934 ejus
3309 1881 3408 1919 non
3442 1867 3538 1920 erit

1952 1946 2072 2016 ﬁnis
2105 1947 2253 2014 (Luc.
2288 1964 2325 2016 ι,
2362 1949 2477 2020 55).
2515 1951 2704 2007 Posset
2733 1953 2874 2007 enim
2899 1953 3004 2010 dici
3033 1956 3192 2010 etiam
3219 1999 3234 2026 ,
3276 1957 3393 2014 Non
3434 1961 3539 2016 erit

1950 2037 2164 2108 modus,
2185 2048 2242 2094 ut
2270 2042 2459 2097 modus
2493 2057 2590 2112 pro
2619 2045 2726 2099 line
2754 2045 2928 2101 dictus
2957 2048 3337 2120 intelligeretur
3368 2069 3381 2108 :
3413 2037 3538 2108 nam

1952 2131 2040 2200 qui
2063 2130 2209 2184 nullo
2233 2131 2392 2187 modo
2419 2143 2626 2206 regnat,
2659 2151 2766 2191 non
2797 2139 2976 2209 utique
3017 2151 3221 2211 regnat.

2021 2242 2248 2300 CAPUT
2287 2243 2474 2300 XXIII.
2513 2277 2586 2287 —
2627 2246 2775 2303 Unde
2819 2241 3072 2306 interdum
3123 2253 3322 2308 dicatur
3365 2257 3534 2314 malus

1951 2334 2152 2402 modus,
2185 2337 2320 2389 mala
2346 2337 2553 2406 species,
2586 2339 2752 2394 malus
2779 2341 2922 2394 ordo.
2951 2342 3120 2398 Malus
3144 2361 3273 2414 ergo
3310 2347 3530 2418 modus,

1951 2426 2036 2482 vel
2067 2425 2206 2482 mala
2237 2429 2464 2498 species,
2496 2429 2584 2485 vel
2613 2431 2782 2486 malus
2811 2433 2966 2502 ordo,
2999 2444 3092 2490 aut
3113 2435 3234 2492 ideo
3263 2437 3532 2508 dicuntur,

1953 2520 2073 2592 quia
2103 2522 2306 2576 minora
2342 2529 2464 2576 sunt
2495 2537 2654 2592 quam
2677 2539 2799 2580 esse
2818 2525 3132 2594 debuerunt,
3163 2539 3254 2583 aut
3281 2531 3403 2600 quia
3430 2548 3538 2590 non

1952 2609 2036 2666 his
2095 2612 2254 2668 rebus
2313 2615 2780 2670 accommodantur
2843 2618 3034 2688 quibus
3088 2623 3538 2680 accommodanda

1953 2709 2110 2768 sunt;
2139 2709 2196 2757 ut
2223 2703 2342 2758 ideo
2369 2704 2612 2760 dicantur
2642 2707 2780 2760 mala
2803 2748 2818 2774 ,
2868 2713 2986 2778 quia
3013 2717 3138 2764 sunt
3161 2711 3332 2766 aliena
3360 2723 3414 2768 et
3452 2717 3536 2770 in-

1954 2811 2188 2867 congrua
2218 2815 2230 2850 :
2269 2806 2520 2870 tanquam
2547 2799 2593 2854 si
2619 2799 2826 2870 dicatur
2854 2801 3045 2870 aliquis
3076 2819 3181 2872 non
3209 2805 3349 2860 bono
3377 2807 3538 2863 modo

1954 2887 2161 2958 egisse,
2212 2889 2332 2958 quia
2377 2888 2553 2944 minus
2579 2890 2684 2960 egit
2713 2906 2870 2960 quam
2901 2891 3121 2960 debuit,
3159 2903 3252 2949 aut
3305 2897 3428 2966 quia
3466 2898 3539 2956 ita

1952 2981 2060 3052 egit
2087 2979 2225 3035 sicut
2262 2981 2316 3035 in
2356 2996 2414 3036 re
2449 2982 2539 3036 tali
2569 2997 2674 3036 non
2717 2981 2933 3052 debuit,
2981 2985 3064 3040 vel
3108 2987 3336 3057 amplius
3378 3005 3540 3060 quam

1953 3071 2258 3144 oportebat,
2285 3073 2368 3128 vel
2388 3088 2494 3130 non
2522 3075 2901 3132 convenienter
2933 3095 2946 3131 :
2976 3085 3034 3132 ut
3061 3077 3162 3133 hoc
3199 3080 3371 3150 ipsum
3393 3081 3538 3153 quod

1955 3167 2380 3237 reprehenditur,
2409 3168 2550 3223 malo
2575 3168 2734 3224 modo
2762 3178 2960 3238 actum,
2994 3187 3102 3226 non
3132 3173 3202 3228 ob
3227 3173 3367 3228 aliud
3392 3174 3540 3244 juste

1953 3259 2398 3332 reprehendatur,
2431 3261 2532 3316 nisi
2553 3262 2674 3332 quia
2702 3278 2807 3318 non
2836 3272 2918 3318 est
2943 3263 3014 3318 ibi
3037 3275 3280 3320 servatus
3317 3267 3537 3324 modus.

1954 3351 2090 3408 Item
2131 3353 2338 3422 species
2377 3353 2514 3408 mala
2555 3355 2636 3410 vel
2673 3355 2726 3410 in
2762 3358 3162 3427 comparatione
3199 3359 3394 3416 dicitur
3427 3359 3540 3418 Ior-

1953 3443 2202 3498 mosioris
2229 3451 2388 3513 atque
2424 3443 2742 3514 pulchrioris
2761 3487 2776 3510 ,
2811 3447 2952 3518 quod
2993 3449 3092 3502 ista
3118 3450 3187 3504 sit
3211 3451 3389 3506 minor
3411 3465 3539 3524 Spe-

1955 3533 2085 3598 cies,
2115 3533 2204 3588 illa
2232 3534 2421 3603 major,
2453 3550 2557 3590 non
2587 3537 2746 3603 mole,
2783 3537 2879 3594 sed
2901 3537 3128 3606 decore;
3160 3549 3252 3595 aut
3278 3541 3399 3612 quia
3429 3558 3540 3602 non

1954 3625 2198 3694 congruit
2226 3622 2348 3678 huic
2369 3624 2446 3679 rei
2475 3625 2560 3680 cui
2585 3624 2820 3682 adhibita
2845 3635 2960 3694 est,
2993 3636 3052 3682 ut
3074 3629 3246 3685 aliena
3275 3639 3332 3686 et
3356 3631 3540 3686 incon-

1954 3715 2174 3770 veniens
2199 3714 2441 3770 videatur
2487 3732 2500 3767 :
2533 3723 2782 3786 tanquam
2825 3717 2872 3774 si
2923 3717 3096 3774 nudus
3131 3717 3293 3775 homo
3327 3720 3381 3776 in
3422 3720 3542 3778 foro

1956 3803 2284 3874 deambulet,
2307 3805 2448 3876 quod
2477 3820 2585 3860 non
2613 3806 2834 3862 oﬂ‘endit
2877 3809 2922 3864 si
2965 3809 3021 3864 in
3059 3809 3252 3868 balneo
3276 3811 3537 3870 videatur.

1956 3895 2212 3953 Similiter
2236 3905 2290 3952 et
2317 3897 2450 3952 ordo
2477 3907 2604 3953 tunc
2631 3899 2804 3954 malus
2825 3899 3048 3968 dicitur,
3079 3915 3202 3956 eum
3223 3901 3399 3958 minus
3421 3903 3538 3976 ipse

1956 3987 2088 4042 ordo
2111 3995 2352 4042 servatur
2379 4005 2393 4042 :
2421 3987 2562 4043 unde
2593 4003 2701 4044 non
2735 3987 2806 4044 ibi
2830 3989 2980 4056 ordo,
3011 3991 3107 4046 sed
3133 3993 3309 4062 potius
3338 3991 3543 4050 inordi-

1956 4077 2101 4132 natio
2129 4077 2267 4131 mala
2307 4085 2422 4145 est,
2464 4092 2586 4132 cum
2621 4087 2713 4132 aut
2739 4079 2914 4133 minus
2937 4080 3239 4136 ordinatum
3271 4090 3355 4138 est
3377 4098 3537 4156 quam

1957 4167 2158 4230 debuit,
2185 4177 2276 4224 aut
2305 4183 2410 4223 non
2436 4171 2574 4223 sicut
2601 4169 2802 4224 debuit.
2833 4169 3033 4226 Tamen
3061 4172 3152 4226 ubi
3191 4173 3384 4246 aliquis
3419 4190 3540 4232 mo-

1956 4261 2076 4328 dus,
2104 4261 2278 4331 aliqua
2302 4261 2531 4330 species,
2559 4260 2750 4331 aliquis
2795 4260 2926 4318 ordo
2961 4271 3043 4318 est
3062 4304 3076 4328 ,
3105 4263 3316 4336 aliquod
3341 4267 3542 4324 bonum

1959 4363 2012 4410 et
2038 4355 2210 4424 aliqua
2241 4363 2428 4408 natura
2453 4361 2535 4408 est
2567 4371 2580 4407 :
2608 4354 2697 4408 ubi
2726 4361 2902 4410 autem
2929 4355 3109 4412 nullus
3135 4356 3327 4414 modus
3346 4399 3361 4427 ,
3397 4360 3542 4416 nulla

1958 4446 2185 4516 species,
2218 4444 2394 4499 nullus
2430 4443 2563 4498 ordo
2599 4451 2716 4513 est,
2756 4445 2961 4502 nullum
2995 4446 3217 4518 bonum,
3265 4449 3409 4506 nulla
3438 4467 3538 4507 na-

1957 4544 2075 4591 tura
2120 4543 2219 4590 est.

2030 4626 2256 4684 CAPUT
2289 4625 2480 4683 XXIV.
2519 4657 2590 4668 ——
2626 4625 2946 4684 Testimoniis
2988 4627 3270 4705 Scriptum
3298 4637 3540 4706 probatur

1959 4717 2126 4773 Deum
2151 4735 2257 4772 esse
2281 4718 2754 4772 incommutabilem.
2795 4719 2990 4774 Filium
3039 4721 3136 4778 Dei
3157 4741 3265 4780 esse
3290 4729 3536 4798 genitum,

1905 4889 1910 4896 Ι
1958 4829 2060 4867 non
2089 4817 2300 4885 factum.
2329 4811 2456 4866 Ilaec
2478 4827 2597 4884 quae
2621 4821 2802 4867 nostra
2823 4812 2956 4869 Iides
2981 4813 3162 4882 habet,
3182 4827 3236 4874 et
3257 4829 3542 4892 utcumque

1959 4903 2096 4960 ratio
2120 4901 2418 4973 vestigavit,
2458 4902 2758 4958 divinarum
2802 4903 3196 4976 Scripturarum
3225 4911 3540 4970 testimoniis

1959 4995 2244 5052 munienda
2271 5003 2395 5052 sunt
2427 5011 2439 5048 :
2473 5003 2529 5050 ut
2555 4996 2644 5066 qui
2671 5011 2732 5051 ea
2760 4997 2968 5054 minore
3013 5001 3284 5058 intellectu
3326 5006 3542 5074 assequi

1960 5105 2066 5145 non
2108 5097 2363 5160 possunt,
2405 5087 2599 5144 divinae
2645 5091 2944 5146 auctoritati
2987 5093 3228 5162 credant,
3259 5106 3314 5150 et
3341 5097 3409 5152 ob
3438 5097 3542 5154 hoc

1961 5183 2257 5254 intelligere
2286 5190 2610 5238 mereantur.
2638 5181 2736 5249 Qui
2765 5193 2942 5240 autem
2969 5186 3289 5260 intelligunt,
3320 5190 3415 5246 sed
3445 5206 3538 5248 ee-

1961 5275 2276 5332 clesiasticis
2305 5273 2522 5330 Litteris
2543 5273 2715 5328 minus
2744 5275 2988 5332 instructi
3013 5287 3157 5344 sunt,
3175 5281 3346 5352 magis
3361 5297 3424 5338 ea
3439 5297 3542 5340 nos

1963 5385 2028 5424 ex
2076 5375 2260 5422 nostro
2305 5365 2575 5424 intellectu
2607 5364 2883 5434 proferre,
2922 5382 3082 5437 quam
3125 5369 3181 5426 in
3215 5371 3320 5428 illis
3364 5373 3542 5434 Libris

1962 5477 2102 5528 esse,
2148 5473 2254 5514 non
2283 5457 2626 5512 arbitrentur.
2660 5454 2841 5527 Itaque
2875 5457 3040 5514 Deum
3079 5476 3199 5520 esse
3241 5463 3542 5524 incommu-
3605 5463 3616 5490 ⁵

1965 5553 2197 5618 labilem,
2229 5551 2306 5604 sic
2340 5549 2594 5618 scriptum
2621 5555 2702 5602 est
2729 5549 2781 5602 in
2814 5547 3037 5606 Psalmis
3067 5569 3080 5605 :
3107 5553 3328 5612 Mutabis
3358 5575 3449 5622 ea,
3493 5566 3542 5616 et

1961 5643 2312 5703 mutabuntur;
2345 5649 2396 5690 tu
2423 5651 2587 5690 autem
2616 5637 2746 5691 idem
2773 5639 2881 5707 ipse
2900 5657 2950 5694 es
2968 5641 3136 5712 (Psal.
3160 5661 3229 5711 et,
3260 5647 3372 5715 27).
3399 5647 3465 5701 Et
3485 5649 3536 5702 in

1897 5737 1904 5742 ’
1963 5737 2097 5792 libro
2121 5733 2404 5804 Sapientia:
2433 5731 2501 5786 de
2539 5731 2648 5802 ipsa
2677 5731 2946 5802 Sapientia
2980 5753 2992 5790 :
3031 5736 3098 5791 In
3116 5755 3168 5794 se
3197 5741 3308 5810 ipsa
3333 5757 3539 5798 manens

1965 5829 2166 5882 innovat
2205 5823 2370 5880 omnia
2401 5821 2554 5893 (δίῳ.
2585 5838 2676 5890 vn,
2706 5821 2822 5896 27).
2847 5825 2998 5884 Unde
3026 5839 3078 5886 et
3104 5829 3376 5900 apostolus
3403 5829 3540 5886 Pau-
