4094 6430
571 439 658 496 lus
690 453 706 492 :
734 433 1021 505 Invisibili,
1068 432 1442 506 incorruptibili
1468 433 1564 489 soli
1588 432 1698 487 Deo
1718 431 1771 502 (ι
1811 430 1943 485 Tim.
1971 446 2011 499 ι,
2045 430 2155 499 l7).

573 531 645 588 Et
670 529 948 601 apostolus
968 527 1196 585 Jacohus
1219 544 1233 581 :
1256 526 1416 581 Omne
1460 526 1638 579 datum
1658 524 1924 594 optimum,
1946 531 1995 578 et
2014 538 2160 578 omne

573 623 767 678 donum
792 623 1069 694 perfectum
1098 619 1362 674 desursum
1386 624 1479 682 est,
1504 616 1809 671 descendens
1839 633 1871 670 a
1894 614 2054 670 Patre
2072 617 2156 671 lu-

571 715 787 780 minum,
812 712 955 783 apud
978 726 1126 782 quem
1162 725 1263 764 non
1300 717 1372 763 est
1408 709 1766 776 commulatio,
1806 724 1896 763 nec
1921 709 2160 764 momenti

570 804 887 861 obumbratio
916 801 1121 873 (Jacobi
1160 816 1211 866 ι,
1262 797 1374 871 17).
1415 798 1546 855 Item
1575 799 1699 870 quia
1728 798 1780 855 id
1807 798 1951 870 quod
1990 799 2059 856 de
2097 815 2159 856 se

568 899 773 971 genuit,
806 897 909 951 hoc
935 903 1016 951 est
1041 892 1182 964 quod
1207 892 1321 963 ipse
1347 899 1450 960 est,
1479 891 1552 947 ita
1577 892 1645 947 ab
1672 892 1790 963 ipso
1812 892 1949 948 Filio
1972 892 2153 950 brevi-

569 999 656 1045 ter
680 987 913 1044 dicitur:
943 984 1056 1057 Ego
1087 992 1135 1039 et
1166 982 1323 1039 Pater
1346 1000 1505 1038 unum
1533 1000 1708 1039 sumus
1736 982 1917 1055 (Joan.
1954 1000 2009 1052 ι,
2039 982 2151 1057 50).

569 1080 705 1149 Quia
729 1086 904 1133 autem
931 1092 1038 1132 non
1068 1084 1151 1132 est
1180 1075 1348 1132 factus
1384 1076 1545 1131 Filius
1564 1117 1579 1141 ,
1609 1076 1805 1147 quippe
1829 1090 1950 1132 cum
1975 1092 2070 1147 per
2088 1078 2158 1131 il-

567 1171 683 1226 lum
718 1170 854 1224 facta
883 1168 992 1223 sint
1017 1167 1232 1235 omnia;
1260 1168 1339 1223 sic
1366 1167 1620 1237 scriptum
1653 1176 1737 1222 est
1764 1186 1779 1222 :
1808 1166 1879 1221 In
1907 1168 2156 1240 principio

568 1269 678 1315 erat
717 1259 953 1324 Verbum,
984 1268 1031 1313 et
1063 1257 1276 1314 Verbum
1309 1267 1417 1314 erat
1440 1258 1580 1328 apud
1608 1255 1794 1324 Deum,
1819 1266 1864 1312 et
1886 1257 2023 1313 Deus
2046 1266 2156 1313 erat

576 1351 828 1419 Verbum;
853 1353 948 1408 hoc
968 1360 1075 1406 erat
1099 1351 1153 1406 in
1179 1352 1428 1423 principio
1456 1351 1596 1423 apud
1637 1351 1823 1406 Deum.
1860 1351 2045 1406 Omnia
2066 1367 2156 1423 per

567 1443 736 1514 ipsum
762 1444 898 1514 facta
925 1452 1063 1510 sunt,
1094 1452 1142 1498 et
1178 1443 1285 1497 sine
1321 1443 1433 1513 ipso
1459 1445 1651 1514 factum
1688 1451 1761 1497 est
1800 1442 1930 1497 nihil
1966 1441 2073 1514 (Id.
2110 1457 2151 1511 ι,

569 1535 696 1607 1-5)
727 1554 740 1591 :
774 1535 826 1591 id
851 1544 955 1603 est,
980 1549 1089 1590 non
1118 1533 1414 1590 estfactum
1441 1534 1556 1588 sine
1578 1533 1696 1604 ipso
1724 1532 1943 1604 aliquid.

639 1627 867 1685 CAPUT
896 1627 1139 1683 XXV.—
1170 1626 1315 1681 Illud
1344 1625 1639 1697 Evangelii,
1665 1626 1793 1681 Sine
1820 1627 1935 1695 ipso
1962 1625 2155 1681 factum

569 1726 656 1775 est
704 1718 869 1784 nihil,
898 1718 1031 1772 male
1066 1716 1373 1773 intellectum
1407 1733 1441 1770 a
1476 1717 1753 1771 nonnullis.
1799 1716 1981 1787 Neque
2010 1716 2155 1772 enim

568 1809 835 1866 audienda
866 1816 991 1865 sunt
1022 1807 1367 1865 deliramenta
1398 1805 1672 1863 hominum
1696 1847 1712 1874 ,
1757 1807 1847 1877 qui
1890 1806 2017 1861 nihil
2054 1806 2157 1861 hoc

476 1956 477 1959 η
568 1903 693 1959 loco
730 1901 929 1973 aliquid
971 1900 1379 1973 intelligendum
1426 1907 1631 1971 putant,
1673 1906 1728 1955 et
1755 1899 1822 1954 ad
1853 1898 2156 1969 hujusmodi

568 1993 857 2049 vanitatem
886 2001 1167 2063 propterea
1195 1999 1379 2062 putant
1405 1990 1522 2061 cogi
1552 2004 1709 2060 posse
1736 1990 1966 2061 aliquem
1988 2030 2005 2057 ,
2032 1989 2155 2061 quia

568 2085 744 2156 ipsum
784 2084 913 2138 nihil
954 2084 1010 2138 in
1054 2083 1162 2139 Iine
1190 2082 1467 2138 sententiae
1497 2082 1724 2151 positum
1752 2090 1855 2135 est.
1883 2079 2048 2151 Ergo,
2072 2080 2157 2135 in-

568 2174 993 2246 quiunt,iactum
1041 2182 1159 2241 est;
1202 2183 1256 2229 et
1299 2172 1421 2228 ideo
1446 2172 1567 2243 quia
1596 2172 1792 2228 factum
1835 2180 1949 2238 est,
1981 2172 2156 2241 ipsum

567 2267 700 2322 nihil
744 2266 941 2337 aliquid
983 2274 1087 2322 est.
1138 2265 1368 2322 Sensum
1410 2264 1551 2320 enim
1584 2262 1928 2333 perdiderunt
1973 2262 2153 2319 studio

567 2358 1005 2425 contradicendi,
1051 2372 1149 2412 nec
1188 2356 1490 2427 intelligunt
1519 2354 1651 2409 nihil
1677 2355 1937 2410 interesse
1973 2362 2153 2409 utrum

566 2452 793 2517 dicatur,
823 2450 948 2506 Sine
970 2449 1060 2503 illo
1085 2454 1276 2521 factum
1300 2456 1373 2502 est
1402 2447 1567 2512 nihil;
1594 2461 1663 2501 an
1686 2486 1701 2513 ,
1741 2446 1867 2501 Sine
1909 2446 2001 2500 illo
2026 2445 2156 2499 nihil

564 2547 761 2615 factum
788 2553 860 2599 est
893 2560 912 2597 :
953 2543 1076 2614 quia
1105 2552 1161 2597 et
1182 2542 1229 2596 si
1256 2541 1345 2597 illo
1376 2539 1564 2595 ordine
1596 2539 1887 2604 diceretur,
1918 2537 2045 2592 Sine
2062 2535 2154 2591 illo

564 2639 696 2693 nihil
722 2642 911 2711 factum
940 2646 1046 2701 est;
1089 2642 1312 2707 possent
1354 2632 1700 2687 nihilominus
1729 2631 1930 2695 dicere,
1973 2631 2151 2699 ipsum

563 2735 697 2790 nihil
720 2732 915 2803 aliquid
937 2745 1079 2799 esse,
1112 2730 1235 2800 quia
1265 2727 1463 2783 factum
1490 2734 1592 2782 est.
1617 2724 1770 2793 Quod
1796 2724 1940 2779 enim
1963 2736 2153 2778 revera

563 2837 648 2883 est
670 2824 890 2896 aliquid,
920 2823 1047 2894 quid
1073 2823 1296 2877 interest
1321 2827 1497 2875 utrum
1523 2818 1593 2872 ita
1619 2817 1858 2880 dicatur,
1890 2815 2016 2871 Sine
2058 2814 2153 2868 illo

562 2916 702 2973 facta
728 2925 809 2971 est
833 2915 1055 2979 domus;
1085 2928 1173 2978 an,
1207 2910 1334 2966 Sine
1368 2910 1461 2964 illo
1491 2908 1681 2963 domus
1706 2914 1790 2962 est
1814 2905 1990 2961 facta:
2020 2903 2150 2959 dum

562 3008 893 3078 intelligatur
917 3003 1119 3074 aliquid
1148 3003 1263 3057 sine
1292 3001 1383 3055 illo
1408 3000 1633 3064 factum,
1660 2997 1802 3068 quod
1827 2995 2023 3067 aliquid
2049 2994 2150 3049 do-

562 3115 685 3154 mus
714 3098 833 3153 est?
865 3096 938 3150 lla
965 3095 1087 3165 quia
1103 3094 1299 3149 dictum
1317 3099 1418 3156 est,
1440 3090 1565 3146 Sine
1586 3090 1674 3143 illo
1696 3093 1886 3161 factum
1904 3096 1975 3141 est
1998 3087 2151 3152 nihil;

564 3190 815 3261 quoniam
837 3187 969 3242 nihil
999 3186 1177 3257 utique
1203 3200 1308 3240 non
1342 3192 1423 3239 est
1453 3181 1673 3252 aliquid,
1702 3180 1914 3251 quando
1944 3195 2071 3235 vere
2096 3188 2151 3235 et

561 3283 783 3351 prOprie
807 3278 999 3333 dicitur
1030 3296 1044 3331 :
1087 3276 1201 3331 sive
1248 3275 1453 3329 dicatur
1482 3315 1497 3339 ,
1549 3274 1674 3328 Sine
1712 3272 1802 3327 illo
1846 3275 2039 3342 factum
2076 3280 2150 3326 cst

561 3372 733 3436 nihil;
775 3370 917 3436 sive,
960 3368 1086 3424 Sine
1113 3368 1202 3421 illo
1228 3366 1359 3421 nihil
1387 3366 1577 3435 factum
1615 3372 1724 3427 est,
1754 3362 1860 3429 vel,
1902 3363 2032 3416 nihil
2076 3370 2150 3416 est

562 3466 786 3535 factum;
828 3460 959 3515 nihil
988 3460 1234 3515 interest.
1266 3457 1394 3525 Quis
1424 3463 1605 3511 autem
1648 3454 1780 3510 velit
1830 3454 1976 3525 loqui
2025 3469 2148 3509 cum

560 3555 899 3620 hominibus,
926 3552 1015 3623 qui
1056 3551 1158 3606 hoc
1184 3551 1355 3620 ipsum
1383 3547 1526 3619 quod
1548 3546 1687 3612 dixi,
1717 3545 1858 3601 Nihil
1879 3547 2102 3601 interest
2130 3587 2145 3611 ,

558 3654 788 3717 possunt
815 3645 1015 3710 dicere,
1038 3643 1180 3712 Ergo
1199 3641 1418 3697 interest
1436 3638 1653 3709 aliquid,
1668 3639 1791 3708 quia
1816 3638 1987 3708 ipsum
2016 3635 2149 3691 nihil

560 3736 763 3808 aliquid
789 3736 911 3791 est?
940 3734 1005 3789 Ili
1030 3742 1208 3789 autem
1239 3731 1329 3801 qui
1360 3745 1547 3785 sanum
1576 3729 1773 3784 habent
1820 3728 2099 3783 cerebrum
2128 3768 2144 3795 ,

557 3843 676 3883 rem
722 3826 1207 3882 manifestissimum
1234 3822 1451 3887 vident,
1478 3822 1582 3876 hoc
1604 3820 1743 3875 idem
1774 3819 1998 3889 intelligi
2026 3834 2146 3874 cum

559 3919 692 3985 dixi,
724 3918 862 3973 Nihil
891 3919 1143 3985 interest,
1172 3915 1316 3988 quod
1346 3916 1733 3985 intelligeretur
1774 3914 1820 3969 si
1863 3914 2096 3970 dicerem
2126 3955 2142 3981 ,

560 4010 793 4064 Interest
820 4008 971 4062 nihil.
998 4008 1068 4062 At
1096 4008 1184 4062 isti
1213 4008 1254 4060 si
1284 4007 1439 4062 alicui
1462 4007 1660 4071 dicant,
1693 4005 1831 4074 Quid
1858 4004 2067 4060 fecisti?
2092 4014 2148 4061 et

561 4100 653 4155 ille
679 4099 1017 4169 respondeat,
1036 4096 1167 4151 nihil
1197 4113 1254 4152 se
1283 4098 1470 4153 fecisse
1498 4114 1511 4150 :
1540 4112 1874 4167 consequens
1898 4106 1981 4153 est
2008 4106 2068 4153 ut
2095 4098 2145 4154 ei

561 4192 954 4247 calumnientur
1004 4189 1265 4256 dicentes,
1311 4188 1505 4244 Fecisti
1554 4204 1681 4259 ergo
1724 4189 1963 4259 aliquid,
2024 4190 2144 4260 quia

563 4282 695 4337 nihil
743 4280 944 4346 fecisti;
1000 4281 1172 4351 ipsum
1217 4280 1358 4335 enim
1400 4280 1529 4334 nihil
1574 4279 1769 4347 aliquid
1804 4289 1904 4334 est.
1938 4280 2148 4337 Habent

562 4384 738 4427 autem
767 4383 820 4428 et
850 4374 1020 4443 ipsum
1048 4374 1327 4427 Dominum
1356 4373 1407 4427 in
1436 4371 1541 4427 line
1560 4372 1836 4427 sententia:
1858 4382 2143 4443 ponentem

563 4466 667 4519 hoc
698 4464 936 4529 verbum,
969 4465 1057 4519 ubi
1083 4464 1194 4518 ait:
1225 4463 1290 4516 Et
1320 4464 1372 4517 in
1402 4464 1595 4517 occulto
1635 4464 1832 4518 locutus
1873 4481 1983 4519 sum
2018 4465 2147 4521 nihil

566 4554 676 4625 (Id.
710 4570 854 4619 xvnt,
879 4556 989 4625 20).
1010 4556 1152 4626 Ergo
1174 4556 1368 4625 legant,
1398 4564 1453 4610 et
1486 4563 1715 4611 taceant.

634 4643 859 4700 CAPUT
898 4645 1089 4699 XXVI.
1117 4675 1189 4686 ——
1216 4646 1483 4699 Creaturas
1527 4662 1589 4701 ea:
1617 4646 1776 4700 nihilo
1820 4651 1983 4717 factas
2021 4664 2144 4703 esse.

564 4739 697 4805 Quia
728 4753 855 4809 ergo
880 4740 1023 4795 Deus
1043 4740 1220 4794 omnia
1240 4754 1357 4809 qua:
1386 4756 1489 4794 non
1520 4739 1587 4794 de
1613 4755 1671 4795 se
1692 4742 1908 4811 genuit,
1933 4741 2024 4795 sed
2052 4756 2147 4811 per

562 4829 799 4885 Verbum
830 4846 983 4884 suum
1013 4830 1153 4896 fecit,
1189 4845 1294 4885 non
1320 4830 1387 4885 de
1414 4830 1497 4884 his
1522 4832 1683 4885 rebus
1700 4846 1819 4901 qua:
1835 4830 1943 4900 jam
1972 4841 2144 4899 erant,

563 4921 657 4975 sed
680 4919 748 4975 de
774 4920 856 4975 his
885 4936 1002 4990 qua:
1031 4922 1251 4976 omnino
1277 4936 1384 4976 non
1416 4930 1597 4985 erant,
1628 4923 1729 4977 hoc
1754 4932 1856 4985 est,
1888 4923 1957 4977 de
1982 4923 2147 4978 nihilo

562 5009 707 5076 fecit,
736 5013 806 5065 ita
828 5011 957 5065 dicit
987 5013 1274 5081 Apostolus
1305 5033 1319 5066 :
1350 5014 1450 5081 Qui
1473 5021 1614 5067 vocat
1640 5030 1699 5067 ea
1724 5029 1836 5083 qua:
1862 5030 1961 5067 non
1988 5025 2103 5069 sunt
2126 5056 2143 5082 ,

562 5108 803 5172 tauquam
826 5103 927 5157 sint
952 5104 968 5134 ¹
998 5102 1175 5173 (Rom.
1209 5120 1278 5171 tv,
1312 5104 1422 5175 l7).
1453 5106 1702 5173 Apertius
1728 5116 1905 5162 autem
1934 5107 1987 5161 in
2011 5106 2148 5163 libro

560 5193 983 5248 Machaharorum
1029 5200 1282 5265 scriptum
1314 5206 1394 5251 est
1428 5216 1440 5250 :
1475 5197 1578 5251 Oro
1609 5208 1656 5252 te
1680 5240 1692 5263 ,
1734 5200 1830 5268 ﬁli,
1854 5204 2045 5273 respice
2081 5204 2149 5257 ad

565 5286 767 5349 ctutum,
814 5294 861 5337 et
891 5294 1095 5353 terram,
1127 5296 1173 5339 et
1206 5289 1373 5340 omnia
1393 5305 1507 5358 qua:
1542 5291 1594 5343 in
1649 5291 1717 5345 eis
1768 5303 1883 5347 sunt
1932 5310 1950 5347 :
1997 5295 2108 5349 vide
2130 5336 2145 5363 ,

563 5384 612 5428 et
642 5377 763 5428 scito
786 5376 905 5445 quia
932 5393 1032 5430 non
1079 5388 1222 5432 erant
1245 5421 1259 5443 ,
1303 5396 1368 5433 ea:
1404 5382 1581 5450 quibus
1617 5401 1706 5437 nos
1746 5386 1861 5456 fecit
1901 5386 2147 5442 Dominus

565 5463 707 5521 Deus
738 5467 815 5536 (ll
845 5467 1082 5525 Machab.
1124 5488 1215 5535 vn,
1259 5472 1373 5543 28).
1414 5475 1481 5529 Et
1526 5476 1657 5532 illud
1684 5480 1825 5549 quod
1854 5480 1907 5534 in
1935 5482 2148 5538 Psaltno

564 5556 821 5628 scriptum
846 5568 945 5627 est,
980 5560 1101 5633 Ipse
1128 5564 1276 5632 dixit,
1306 5574 1354 5621 et
1378 5567 1516 5639 [acta
1538 5578 1656 5624 sunt
1700 5570 1871 5643 (Psal.
1902 5586 2099 5630 cxnvut
2126 5615 2145 5645 ,

629 5737 652 5770 ⁸
683 5739 1024 5794 summa:
1054 5750 1792 5814 vero,tanquameaquceswtt.

2014 5832 2041 5847 Α
2050 5842 2051 5845 η

1284 316 1376 375 DE
1412 316 1694 376 NATURA
1731 313 1887 375 BONI
1924 310 2196 372 CONTRA
2232 310 2664 387 MANICIl/EOS,
2703 317 2765 377 S.
2802 316 3172 377 AUGUSTINI

3742 331 3848 394 560

2271 426 2327 500 5)
2350 448 2365 484 :
2388 432 2733 490 manifestum
2758 445 2859 502 est,
2887 436 3029 507 quod
3049 452 3156 494 non
3174 436 3243 495 de
3266 451 3328 498 se
3352 439 3453 499 ista
3473 446 3736 516 genuerit,
3757 432 3869 508 sed-

2265 518 2321 576 in
2344 524 2509 580 verbo
2529 535 2687 598 atque
2702 528 2927 599 imperio
2948 529 3154 587 fecerit.
3180 531 3336 601 Quod
3354 544 3531 592 autem
3552 553 3662 594 non
3681 539 3749 597 de
3772 557 3853 610 se,

2266 614 2448 686 utique
2485 616 2557 683 de,
2583 617 2771 675 nihilo.
2802 618 2923 676 Non
2960 622 3102 678 enim
3131 633 3250 680 erat
3285 625 3429 682 aliud
3462 628 3606 686 unde
3630 630 3852 703 faceret,

2268 705 2336 763 de
2366 724 2471 779 quo
2500 712 2838 782 apertissime
2862 715 3150 785 Apostolus
3168 718 3329 776 dicit:
3357 722 3609 787 Quoniam
3628 741 3693 779 ea:
3717 726 3852 798 ipso,

2262 806 2311 853 et
2338 817 2426 869 per
2453 802 2642 871 ipsum,
2673 813 2720 858 et
2738 805 2792 858 in
2810 805 2922 876 ipso
2949 817 3067 862 sunt
3096 811 3265 865 omnia
3288 811 3465 883 (Rom.
3488 830 3563 880 ιι,
3596 815 3710 887 56),

2334 890 2560 949 CAPUT
2584 892 2970 953 XXVll.—Ex
2994 899 3111 969 ipso
3132 912 3179 956 et
3195 902 3268 957 De
3284 903 3401 974 ipso
3425 922 3526 961 non
3539 907 3671 963 idem
3684 911 3853 981 signi-

2263 979 2437 1050 ficare.
2471 981 2556 1038 Ea:
2578 984 2689 1055 ipso
2711 994 2889 1043 autem
2905 1003 3013 1044 non
3032 990 3133 1045 hoc
3157 991 3439 1063 signiﬁcat,
3458 998 3599 1067 quod
3619 998 3693 1055 De
3715 979 3845 1071 ipso.

2262 1071 2415 1139 Quod
2439 1075 2581 1130 enim
2610 1078 2679 1132 de
2703 1078 2822 1149 ipso
2847 1090 2952 1150 est,
2984 1090 3161 1155 potest
3186 1084 3292 1140 dici
3315 1101 3380 1142 ex
3420 1088 3539 1158 ipso
3571 1108 3585 1145 :
3616 1107 3726 1148 non
3753 1109 3851 1150 au—

2262 1170 2370 1255 tem
2401 1179 2559 1241 omne
2580 1168 2724 1237 quod
2749 1186 2816 1225 ex
2843 1171 2961 1242 ipso
2984 1183 3088 1241 est,
3117 1187 3263 1232 recte
3290 1177 3485 1235 dicitur
3508 1182 3575 1238 de
3599 1184 3739 1255 ipso.
3769 1186 3853 1243 Ex

2261 1254 2379 1327 ipso
2401 1259 2542 1313 enim
2563 1261 2758 1316 coelum
2780 1273 2835 1318 et
2859 1272 3021 1334 terra,
3042 1267 3166 1337 quia
3191 1268 3306 1339 ipse
3333 1270 3461 1328 fecit
3483 1287 3547 1329 ea
3570 1292 3585 1329 :
3612 1291 3720 1332 non
3748 1291 3852 1333 au-

2261 1356 2368 1440 tem
2389 1350 2457 1406 de
2484 1352 2621 1423 ipso,
2649 1354 2773 1425 quia
2797 1370 2904 1412 non
2922 1357 2992 1414 de
3011 1359 3312 1419 substantia
3332 1378 3450 1421 sua.
3480 1364 3629 1423 Sicut
3656 1368 3852 1440 aliquis

2259 1437 2423 1496 homo
2446 1441 2493 1497 si
2521 1444 2702 1514 gignat
2721 1444 2914 1515 tilium,
2937 1456 2993 1504 et
3010 1449 3169 1506 iaciat
3192 1451 3433 1522 domum,
3452 1471 3520 1512 ex
3542 1458 3660 1529 ipso
3682 1437 3852 1529 ﬁlius,

2260 1544 2328 1587 ex
2357 1531 2474 1602 ipso
2507 1532 2699 1590 domus
2729 1553 2743 1590 :
2774 1536 2870 1593 sed
2895 1537 3038 1596 ﬁlius
3062 1540 3133 1597 de
3151 1542 3288 1612 ipso,
3313 1544 3505 1601 domus
3525 1547 3593 1605 de
3625 1558 3769 1606 terra
3797 1562 3856 1609 et

2259 1620 2422 1713 ligno.
2447 1622 2556 1680 Sed
2577 1624 2679 1681 hoc
2698 1627 2823 1697 quia
2843 1627 3005 1685 homo
3035 1639 3140 1699 est,
3179 1634 3272 1703 qui
3306 1649 3413 1691 non
3444 1646 3620 1707 potest
3648 1641 3857 1713 aliquid

2259 1712 2419 1769 etiam
2457 1713 2526 1771 de
2562 1716 2732 1772 nihilo
2756 1718 2933 1775 Iacere
2964 1736 2978 1774 :
3011 1720 3153 1778 Deus
3185 1731 3365 1781 autem
3402 1740 3470 1782 ex
3498 1744 3603 1800 quo
3642 1712 3851 1803 omnia,

2260 1820 2357 1877 per
2381 1822 2540 1879 quem
2579 1811 2778 1877 omnia,
2808 1812 2865 1867 in
2888 1828 2995 1884 quo
3021 1818 3200 1870 omnia
3221 1858 3236 1883 ,
3281 1833 3388 1874 non
3436 1835 3569 1892 opus
3616 1824 3855 1883 habebat

2260 1898 2437 1970 aliqua
2462 1902 2702 1970 materia,
2727 1918 2888 1975 quam
2914 1906 3029 1978 ipse
3048 1923 3158 1966 non
3176 1908 3398 1982 fecerat,
3414 1914 3653 1987 adjuvari
3672 1921 3855 1976 omni-

2259 1990 2551 2059 potentiam
2575 2007 2748 2049 suam.

2331 2083 2558 2140 CAPUT
2588 2085 2826 2145 XXVIII.
2857 2119 2929 2131 --
2956 2090 3179 2150 Peccata
3221 2112 3323 2150 non
3366 2113 3432 2152 ea:
3474 2097 3605 2166 Deo,
3653 2101 3746 2155 sed
3787 2118 3857 2158 ea:

2259 2172 2514 2229 uoluntate
2531 2191 2639 2231 esse
2657 2181 2990 2246 peccantium.
3013 2182 3149 2239 Cum
3173 2195 3351 2242 autem
3364 2188 3630 2259 audimus,
3662 2190 3858 2247 Omnia

2259 2280 2323 2320 ea:
2346 2266 2478 2336 ipso,
2503 2278 2551 2323 et
2579 2286 2668 2339 per
2687 2272 2874 2342 ipsum,
2893 2283 2941 2329 et
2962 2275 3018 2330 in
3036 2276 3181 2347 ipso;
3206 2292 3397 2336 omnes
3416 2283 3599 2353 utique
3626 2294 3854 2342 naturas

2259 2355 2557 2429 intelligere
2580 2361 2837 2419 debemus
2850 2379 2969 2435 quae
2988 2369 3302 2426 naturaliter
3326 2380 3470 2427 sunt.
3492 2373 3678 2445 Neque
3701 2377 3852 2433 enim

2258 2462 2326 2504 ex
2355 2450 2472 2520 ipso
2498 2460 2623 2507 sunt
2650 2463 2888 2525 peccata,
2917 2473 3037 2529 qua:
3055 2469 3302 2517 naturam
3330 2478 3437 2520 non
3471 2475 3686 2522 servant
3710 2510 3725 2534 ,
3750 2469 3854 2524 sed

2258 2539 2489 2608 vitiant,
2536 2559 2656 2613 quae
2702 2556 2919 2615 peccata
2947 2563 3015 2604 ex
3040 2550 3317 2608 voluntate
3354 2568 3476 2610 esse
3508 2560 3853 2626 peccantium

2258 2631 2443 2686 multis
2473 2634 2646 2690 modis
2670 2646 2855 2693 sancta
2879 2639 3155 2710 Scriptura
3182 2651 3427 2712 testatur,
3456 2648 3724 2718 praecipue
3753 2650 3853 2706 illo

2256 2720 2378 2777 loco
2424 2739 2531 2795 quo
2565 2726 2694 2783 dicit
2732 2731 3021 2799 Apostolus
3067 2751 3081 2787 :
3122 2733 3402 2791 Existimas
3450 2748 3617 2793 autem
3667 2742 3788 2809 hoc,
3820 2758 3856 2797 ο

2257 2811 2427 2880 homo,
2456 2816 2545 2885 qui
2558 2818 2765 2886 judicas
2789 2836 2873 2875 eos
2909 2822 2995 2891 qui
3023 2823 3147 2877 talia
3168 2834 3346 2895 agunt,
3379 2836 3425 2881 et
3452 2828 3582 2897 facis
3605 2846 3683 2895 ea,
3712 2848 3852 2902 quo-

2256 2906 2395 2959 niam
2422 2918 2477 2961 tu
2504 2908 2710 2980 eﬂ'ugies
2726 2912 2981 2982 judicium
3024 2914 3152 2970 Dei?
3180 2917 3259 2971 An
3285 2918 3499 2972 divitias.
3524 2919 3853 2993 benignitatis

2255 3004 2303 3050 et
2328 2997 2580 3065 patientia
2602 3002 2711 3070 ejus
2738 3011 2785 3055 et
2815 3004 3209 3073 longanimitatis
3246 3011 3556 3076 contemnis,
3604 3012 3853 3081 ignorans

2256 3090 2491 3158 quoniam
2535 3092 2780 3161 patientia
2806 3093 2902 3149 Dei
2930 3096 3000 3148 ad
3029 3098 3368 3165 paenitentiam
3394 3110 3440 3154 te
3461 3097 3715 3158 adducit?
3740 3105 3852 3160 Se-

2256 3181 2477 3234 cundum
2506 3181 2743 3237 duritiam
2780 3194 2948 3239 autem
2976 3186 3141 3241 cordis
3167 3189 3240 3241 tui
3279 3199 3327 3243 et
3364 3207 3451 3244 cor
3476 3192 3800 3263 impaenitens
3831 3237 3848 3261 ,

2256 3272 2566 3329 thesaurizas
2594 3273 2683 3327 tibi
2711 3274 2839 3328 iram
2877 3277 2931 3331 in
2955 3275 3037 3331 die
3063 3277 3155 3332 ira:
3180 3287 3229 3332 et
3255 3281 3576 3337 reuelationis
3594 3283 3725 3353 justi
3752 3286 3855 3357 ju-

2256 3363 2394 3465 dicii,
2421 3362 2516 3417 Dei
2531 3365 2681 3465 ,Μιμιὶ
2714 3365 2889 3421 reddet
2924 3367 3193 3439 unicuique
3227 3370 3500 3426 secundum
3550 3390 3708 3465 ορςα
3746 3391 3853 3431 sua

2255 3450 2367 3523 (Id.
2395 3469 2453 3519 ιι,
2486 3453 2626 3527 5-6).

2324 3545 2551 3602 CAPUT
2579 3548 2770 3605 XXIX.
2799 3580 2870 3592 —
2892 3550 3118 3629 Peccatis
3142 3556 3327 3611 nostris
3354 3555 3516 3612 Deum
3540 3574 3641 3613 non
3669 3560 3851 3631 inqui.
3886 3549 3897 3557 ’

2255 3639 2388 3692 nari.
2418 3639 2530 3696 Nec
2557 3650 2765 3710 tamen,
2788 3658 2908 3699 cum
2942 3645 2995 3699 in
3012 3645 3120 3701 Deo
3146 3647 3255 3703 sint
3284 3649 3530 3706 universa
3558 3667 3679 3722 quae
3706 3668 3850 3711 con-

2255 3728 2409 3793 didit,
2440 3730 2717 3801 inquinant
2737 3748 2861 3789 eum
2887 3735 2976 3805 qui
2999 3748 3242 3806 peccant,
3284 3738 3353 3794 de
3394 3741 3547 3811 cujus
3580 3744 3852 3813 sapientia

2255 3818 2448 3874 dicitur
2463 3839 2475 3874 :
2490 3820 2705 3893 Attingit
2716 3833 2884 3879 autem
2896 3827 3065 3881 omnia
3076 3839 3283 3899 propter
3304 3847 3450 3885 suam
3475 3835 3783 3889 munditiam
3799 3851 3846 3904 ι,

2253 3918 2301 3965 ει
2342 3912 2471 3965 nihil
2497 3912 2813 3983 inquinatum
2845 3918 2901 3972 in
2925 3934 3036 3973 eam
3060 3920 3270 3974 incurrit
3294 3921 3452 3993 (Sap.
3487 3939 3580 3991 vn,
3598 3926 3693 3993 24,
3719 3928 3847 4001 25).

2254 4002 2478 4074 Oportet
2514 4007 2678 4074 enim,
2720 4016 2782 4063 ut
2824 4010 2963 4065 sicut
2990 4011 3156 4067 Deum
3185 4014 3639 4087 incorruptibilem
3670 4029 3727 4075 et
3760 4023 3850 4077 in—

2255 4098 2715 4167 commutabilem,
2743 4100 2816 4156 ita
2843 4112 3233 4173 consequenter
3260 4106 3420 4161 etiam
3463 4110 3848 4181 incoinquina-

2253 4186 2416 4244 bilem
2456 4190 2758 4247 credamus.

2326 4277 2551 4334 CAPUT
2579 4279 2749 4336 XXX.
2777 4311 2846 4323 -—-
2865 4282 3011 4337 Bona
3031 4286 3179 4339 etiam
3207 4288 3417 4343 minima
3442 4299 3489 4345 et
3510 4300 3711 4347 terrena
3736 4310 3852 4349 esse

2254 4382 2286 4420 a
2314 4367 2441 4422 Deo.
2472 4369 2605 4434 Quia
2630 4385 2761 4426 vero
2802 4380 2858 4427 et
2904 4373 3121 4429 minima
3152 4376 3310 4443 bona,
3342 4378 3444 4435 hoc
3477 4390 3593 4448 est,
3626 4391 3850 4440 terrena

2253 4467 2413 4528 atque
2439 4460 2680 4514 mortalia
2707 4461 2821 4531 ipse
2842 4462 2983 4528 fecit,
3016 4465 3107 4520 illo
3133 4467 3371 4537 Apostoli
3400 4471 3519 4526 loco
3538 4473 3655 4529 sine
3683 4474 3852 4531 dubi-

2254 4552 2454 4604 tatione
2498 4551 2812 4622 intelligitur
2833 4594 2850 4620 ,
2898 4554 2990 4609 ubi
3026 4556 3252 4626 loquens
3281 4559 3348 4615 de
3376 4562 3632 4619 membris
3660 4568 3852 4623 carnis

2253 4650 2448 4696 nostrae.
2464 4684 2478 4707 ,
2514 4642 2649 4708 Quia
2674 4645 2719 4696 si
2741 4644 3055 4714 gloriﬁcatur
3081 4664 3237 4703 unum
3278 4652 3550 4706 membrum
3567 4694 3583 4721 ,
3608 4671 3847 4726 congau-

2254 4733 2372 4786 dent
2397 4736 2567 4787 omnia
2585 4735 2827 4801 membra;
2856 4747 2903 4791 et
2919 4738 2965 4792 si
2987 4739 3177 4807 patitur
3197 4758 3353 4795 unum
3374 4744 3672 4815 membrum,
3698 4764 3849 4802 cont-

2256 4827 2512 4895 patiuntur
2538 4828 2706 4881 omnia
2730 4830 2973 4894 membra;
2993 4831 3153 4887 etiam
3182 4833 3282 4889 hoc
3300 4835 3369 4889 ibi
3396 4836 3488 4903 ait,
3508 4837 3646 4893 Deus
3675 4843 3852 4911 posuit

2253 4916 2475 4970 membra
2502 4957 2517 4982 ,
2555 4918 2809 4989 singulum
2852 4922 3082 4993 quodque
3125 4940 3295 4978 eorum
3344 4927 3395 4980 in
3440 4944 3648 4999 corpore
3694 4940 3851 5001 prout

2254 5010 2436 5064 voluit:
2453 5018 2527 5075 ct,
2546 5009 2681 5065 Deus
2702 5014 2991 5083 temperavit
3010 5032 3211 5087 corpus,
3240 5019 3285 5072 ei
3303 5019 3384 5072 cui
3402 5020 3573 5075 deerat
3597 5024 3851 5093 majorem

2255 5100 2494 5155 honorent
2530 5102 2657 5157 dans
2679 5143 2694 5170 ,
2723 5113 2775 5157 ut
2816 5122 2917 5158 non
2945 5115 3103 5160 essent
3128 5109 3361 5163 scissura:
3393 5110 3448 5164 in
3480 5127 3691 5181 corpore
3711 5154 3727 5179 ,
3751 5115 3851 5168 sed

2253 5192 2387 5246 idem
2410 5193 2573 5263 ipsum
2600 5203 2654 5247 ut
2679 5212 2770 5264 pro
2796 5195 3005 5249 invicem
3032 5196 3249 5251 sollicita
3272 5202 3371 5253 sint
3400 5201 3623 5255 membra
3645 5203 3689 5272 (ἰ
3717 5202 3847 5259 Cor.

2255 5298 2327 5338 xu
2351 5325 2366 5351 ,
2394 5284 2463 5339 26
2485 5325 2500 5350 ,
2531 5285 2617 5350 18,
2645 5286 2735 5352 24,
2767 5286 2879 5355 25).
2908 5287 3020 5342 Iloc
3046 5298 3223 5344 autem
3250 5291 3390 5360 quod
3414 5292 3493 5347 sic
3522 5294 3574 5347 in
3604 5296 3765 5351 modo
3792 5306 3850 5353 et

2255 5378 2431 5446 specie
2450 5386 2503 5433 et
2530 5379 2715 5434 ordine
2740 5380 3100 5436 membrorum
3122 5386 3296 5439 carnis
3325 5385 3501 5442 laudat
3529 5390 3844 5460 Apostolus,

2255 5468 2309 5524 in
2325 5472 2561 5524 omnium
2579 5471 2884 5527 animalium
2907 5487 3069 5529 carne
3084 5474 3312 5542 invenis,
3331 5484 3386 5534 et
3404 5480 3761 5537 maximorum
3787 5491 3848 5539 et

2253 5695 2616 5823 “ﬁnd?
2638 5708 2776 5748 suam
2812 5696 3113 5750 utmdttiartt.
3149 5702 3207 5749 At
3247 5703 3356 5749 Mss.
3388 5698 3527 5762 juxta
3566 5697 3842 5764 Vulgatam,

2462 5793 2479 5821 ,
2582 5790 2595 5807 .

2462 5793 2479 5821 ν
2501 5790 2595 5809 νινε
