4094 6452
157 5853 194 5918 .i

273 410 372 471 561

271 525 642 596 minimarum;
662 538 785 583 cum
805 524 982 582 omnis
1003 537 1130 584 caro
1148 525 1205 582 in
1227 524 1384 585 bonis
1412 525 1658 596 terrenis,
1687 541 1753 584 ac
1772 543 1868 600 per

275 620 374 678 hoc
393 619 639 675 minimis
661 618 964 690 deputetur.

337 712 572 770 CAPUT
601 712 798 768 XXXI.
827 741 900 755 —
927 711 1125 768 Punire
1150 728 1211 769 ac
1263 711 1454 769 donare
1495 720 1701 785 peccata
1745 727 1865 784 per-

268 823 407 878 aeque
433 807 506 861 ad
524 805 694 862 Deum
717 806 982 878 pertinere.
1019 806 1149 862 Item
1175 806 1297 878 quia
1316 806 1508 876 cuique
1531 805 1704 876 culpae
1727 819 1864 875 qua-

267 899 330 955 lis
368 907 428 955 et
474 907 674 971 quanta
701 897 961 955 debeatur
987 912 1144 970 ptena
1163 939 1181 966 ,
1212 897 1377 954 divini
1397 897 1581 969 judicii
1606 905 1689 954 est
1711 938 1728 963 ,
1757 911 1866 954 non

267 991 528 1060 humani,
585 991 664 1048 sic
707 990 965 1061 scriptum
1015 997 1098 1046 est
1145 1007 1158 1044 :
1208 988 1256 1044 0
1308 989 1522 1044 altitudo
1575 988 1866 1044 diuitiarum

262 1084 531 1158 sapientiae
554 1091 602 1138 et
630 1083 850 1138 scientia:
870 1081 1006 1138 Dei!
1031 1098 1183 1154 quam
1209 1081 1557 1137 inscrutabilia
1581 1089 1699 1136 sunt
1711 1080 1863 1153 judi-

260 1177 339 1232 cia
367 1177 504 1247 ejus,
535 1184 582 1230 et
603 1173 974 1246 inuestigabiles
1001 1174 1097 1229 vita
1122 1174 1232 1245 ejus
1261 1173 1440 1244 (Rom.
1471 1190 1548 1242 x1,
1579 1171 1703 1247 35)!
1731 1172 1862 1229 Item

263 1265 382 1337 quia
423 1265 668 1322 bonitate
710 1265 809 1321 Dei
856 1264 1124 1321 donantur
1158 1272 1377 1335 peccata
1415 1264 1690 1321 conversis
1709 1305 1727 1332 ,
1758 1263 1864 1321 hoc

262 1358 438 1428 ipsum
483 1357 632 1429 quod
674 1356 922 1412 Christus
949 1357 1144 1413 missus
1168 1365 1253 1412 est
1273 1398 1290 1425 ,
1317 1357 1447 1412 satis
1472 1355 1742 1422 ostendit;
1769 1355 1862 1427 qui

261 1465 363 1506 non
404 1451 464 1506 in
489 1464 588 1506 sua
613 1458 802 1504 natura
829 1463 936 1520 qua
980 1448 1118 1504 Deus
1143 1456 1228 1504 est
1247 1489 1264 1515 ,
1288 1446 1385 1502 sed
1409 1447 1464 1502 in
1490 1454 1672 1502 nostra
1699 1459 1860 1518 quam

259 1543 320 1599 de
366 1542 574 1599 femina
624 1543 946 1613 assumpsit,
975 1556 1073 1612 pro
1098 1540 1253 1595 nobis
1279 1548 1519 1594 mortuus
1544 1547 1627 1594 est
1655 1556 1668 1593 :
1699 1553 1859 1608 quam

258 1636 350 1692 Dei
397 1635 700 1691 bonitatem
728 1635 871 1690 circa
903 1648 1000 1689 nos
1025 1642 1081 1689 et
1104 1632 1444 1700 ducetionem
1486 1631 1565 1686 sic
1603 1631 1861 1700 praedicat

255 1727 555 1798 Apostolus
584 1744 600 1782 :
630 1726 978 1791 Commendat,
1005 1725 1196 1796 inquit,
1225 1740 1372 1778 suam
1397 1723 1693 1778 charitatem
1721 1720 1861 1778 Deus

255 1819 304 1872 in
331 1820 505 1885 nobis,
531 1823 768 1890 quoniam
794 1833 908 1871 cum
930 1816 1100 1871 adhuc
1127 1824 1411 1887 peccatores
1437 1831 1676 1878 essemus,
1705 1812 1858 1869 Citri-

252 1921 358 1966 stus
383 1927 482 1982 pro
509 1911 653 1966 nobis
673 1919 900 1965 mortuus
925 1918 999 1965 est
1023 1925 1044 1963 :
1071 1909 1230 1965 ntulto
1252 1909 1412 1980 magis
1431 1925 1566 1963 nunc
1587 1907 1859 1980 justiﬁcati

253 2002 304 2056 in
329 2003 587 2072 sanguine
613 2002 809 2073 ipsius,
839 2000 966 2056 salui
1009 2002 1193 2057 erimus
1217 2001 1279 2054 ab
1318 2001 1397 2054 ira
1441 2018 1530 2072 per
1573 2001 1760 2072 ipsum.
1795 2001 1860 2057 Si

253 2096 384 2149 enim
403 2115 427 2161 ',
458 2112 578 2150 cum
601 2096 794 2150 inimici
817 2111 1056 2160 essemus,
1088 2093 1402 2150 reconciliati
1425 2109 1600 2148 sumus
1628 2091 1738 2147 Deo
1769 2109 1859 2163 per

255 2195 472 2240 mortem
497 2185 629 2240 Filii
651 2187 783 2257 ejus;
811 2186 970 2240 multo
985 2187 1148 2257 magis
1167 2184 1496 2251 reconciliati,
1522 2185 1647 2240 salvi
1673 2185 1857 2240 erimus

252 2279 302 2332 in
321 2279 429 2333 vita
448 2279 614 2350 ipsius
640 2277 752 2350 (Id.
777 2294 848 2347 ν,
877 2278 1051 2349 8-10).
1080 2278 1214 2345 Quia
1242 2293 1369 2334 vero
1393 2279 1552 2334 etiam
1581 2292 1701 2333 cum
1731 2292 1858 2348 pec-

251 2369 528 2424 catoribus
579 2384 735 2439 poena
783 2367 959 2424 debita
1012 2367 1420 2437 redditur,non
1474 2378 1558 2424 est
1605 2368 1855 2439 iniquitas

249 2458 392 2530 apud
419 2459 624 2528 Deum,
654 2459 733 2516 sic
769 2459 897 2516 dicit
937 2477 952 2514 :
995 2459 1132 2526 Quid
1172 2459 1439 2515 dicemus?
1468 2459 1730 2531 Numquid
1754 2460 1856 2514 ini-

249 2568 378 2622 quas
404 2551 572 2620 Deus,
594 2554 677 2622 qui
698 2553 847 2626 infert
868 2554 998 2608 iram
1025 2552 1136 2625 (Id.
1160 2569 1236 2620 ιιι,
1259 2553 1354 2624 5)?
1382 2552 1500 2609 Uno
1524 2562 1701 2608 autem
1733 2553 1854 2611 loco

249 2653 305 2702 et
327 2646 632 2702 bonitatem
661 2655 717 2703 et
742 2648 1081 2703 severitatem
1126 2647 1195 2703 ab
1225 2647 1317 2702 illo
1344 2661 1463 2702 esse
1488 2645 1724 2704 breviter
1753 2646 1851 2703 ad-

247 2738 494 2804 monuit,
527 2737 754 2794 dicens:
799 2736 948 2792 Vides
990 2754 1106 2808 ergo
1145 2739 1416 2792 bonitatem
1453 2746 1500 2792 et
1545 2738 1854 2793 seueritatem

247 2827 346 2883 Dei
375 2846 397 2884 :
425 2830 484 2883 in
525 2845 610 2884 eos
653 2828 853 2901 quidem
889 2829 978 2899 qui
1011 2828 1329 2895 ceciderunt,
1352 2829 1659 2884 severitatem
1680 2846 1699 2895 ;
1723 2829 1778 2884 in
1805 2837 1854 2885 te

249 2931 424 2978 autem
451 2923 742 2988 bonitatem,
764 2923 810 2976 si
830 2923 1164 2994 permanseris
1189 2922 1244 2977 in
1265 2922 1481 2977 bonitate
1503 2921 1613 2993 (Id.
1637 2939 1710 2990 xt,
1733 2921 1849 2994 22).

317 3013 552 3070 CAPUT
579 3011 799 3070 XXXII.
819 3044 890 3055 —
913 3014 958 3068 A
986 3013 1096 3070 Deo
1129 3031 1236 3070 esse
1259 3023 1307 3068 et
1332 3015 1497 3085 ipsam
1523 3016 1736 3070 nocendi
1758 3033 1854 3088 po-

248 3114 500 3161 testatem.
530 3104 662 3161 Item
690 3107 813 3176 quia
841 3105 1003 3162 etiam
1030 3105 1339 3162 nocentium
1364 3114 1602 3176 potestas
1629 3123 1734 3162 non
1765 3114 1851 3164 est

247 3196 348 3252 nisi
375 3211 406 3251 a
439 3197 584 3263 Deo,
617 3196 696 3252 sic
723 3196 980 3268 scriptum
1008 3205 1092 3252 est
1116 3196 1371 3268 loquente
1404 3197 1674 3268 Sapientia
1703 3215 1717 3253 :
1748 3197 1853 3254 Per

245 3307 324 3346 me
344 3307 492 3363 reges
510 3301 745 3363 regnant,
772 3301 819 3348 et
839 3293 1044 3364 tyranni
1068 3310 1158 3364 per
1180 3310 1260 3349 me
1280 3303 1446 3350 tenent
1475 3295 1848 3368 terram(l’rou.

245 3399 358 3451 vni,
383 3385 503 3466 15).
525 3384 663 3440 Dicit
684 3393 741 3440 et
761 3385 1051 3455 Apostolus
1073 3403 1088 3439 :
1113 3384 1238 3441 Non
1262 3396 1334 3441 est
1356 3387 1491 3442 enim
1507 3397 1727 3458 potestas
1752 3389 1852 3444 nisi

246 3488 279 3526 a
300 3472 410 3529 Deo
436 3473 620 3544 (Rom.
647 3490 783 3543 xm,
807 3473 882 3548 1).
910 3475 1079 3547 Digne
1102 3484 1281 3532 autem
1307 3476 1422 3533 ﬁeri
1446 3519 1462 3546 ,
1491 3478 1546 3533 in
1584 3479 1724 3536 libro
1748 3478 1851 3536 Job

245 3566 506 3636 scriptum
533 3574 616 3622 est
643 3584 658 3620 :
682 3565 784 3632 Qui
811 3582 1020 3638 regnare
1036 3568 1178 3644 facit,
1198 3567 1386 3638 inquit,
1413 3569 1664 3624 hominem
1686 3570 1850 3642 hypo-

245 3659 426 3712 critam
450 3699 467 3724 ,
499 3669 708 3729 propter
746 3660 1116 3729 peruersitatem
1159 3661 1339 3732 populi
1364 3660 1485 3732 (Job
1511 3678 1695 3731 xxxiv,
1730 3663 1847 3736 50).

245 3751 314 3806 Et
336 3751 410 3806 de
438 3751 639 3822 popqu
657 3751 820 3808 Israel
835 3751 964 3808 dicit
991 3752 1134 3808 Deus
1160 3770 1175 3807 :
1199 3751 1330 3808 Dedi
1367 3754 1440 3809 eis
1488 3771 1656 3825 regem
1679 3755 1735 3810 in
1769 3756 1850 3812 ira

245 3859 357 3897 mea
381 3841 542 3916 (Osee
563 3859 658 3899 XIII
676 3884 692 3909 ,
722 3844 836 3915 11).
869 3843 1124 3914 Iniustum
1153 3844 1296 3900 enim
1322 3860 1430 3900 non
1455 3853 1540 3901 est
1568 3854 1626 3902 ut
1650 3847 1850 3918 impro-

243 3934 329 3990 bis
377 3934 764 4005 accipientibus
811 3936 1036 3992 nocendi
1080 3944 1401 4007 potestatem
1421 3979 1438 4004 ,
1481 3945 1538 3993 et
1583 3937 1847 3994 bonorum

242 4027 510 4098 patientia
550 4028 839 4098 probetur,
869 4036 926 4084 et
965 4028 1233 4084 malorum
1278 4028 1530 4099 iniquitas
1576 4030 1844 4100 puniatur.

245 4117 386 4174 Nam
417 4133 516 4188 per
548 4126 862 4189 potestatem
892 4119 1104 4176 diabolo
1131 4118 1310 4176 datam
1330 4160 1346 4186 ,
1375 4129 1430 4176 et
1464 4119 1567 4176 Job
1594 4121 1848 4191 probatus

245 4217 331 4264 est
355 4217 414 4263 ut
431 4209 608 4279 justus
630 4218 910 4279 appareret
944 4209 1062 4279 (Job
1093 4220 1183 4265 tet
1207 4210 1290 4282 ιι),
1319 4218 1374 4266 et
1396 4211 1588 4267 Petrus
1617 4219 1847 4269 tentatus

245 4314 317 4355 ne
345 4299 417 4354 de
446 4313 508 4354 se
536 4307 883 4369 praesumeret
907 4298 1114 4371 (Matth.
1147 4316 1297 4369 xxvi,
1329 4301 1496 4357 51-55
1519 4343 1533 4367 ,
1557 4301 1772 4374 69-75),
1795 4311 1850 4360 et

251 4392 451 4448 Paulus
494 4391 859 4463 colaphizatus
899 4409 969 4449 ne
995 4409 1054 4448 se
1080 4392 1361 4450 extolleret
1385 4394 1452 4467 (II
1473 4392 1591 4451 Cor.
1621 4411 1714 4463 xu,
1748 4395 1801 4468 7)
1827 4435 1846 4465 ,

247 4491 303 4538 et
324 4482 353 4538 Ι
359 4482 493 4538 udas
509 4482 788 4539 damnatus
809 4492 868 4538 ut
885 4498 943 4539 se
964 4483 1318 4554 suspenderat
1338 4485 1547 4557 (Matth.
1572 4503 1742 4555 xxvn,
1765 4487 1844 4559 5).

250 4571 386 4629 Cum
415 4589 545 4644 ergo
574 4589 669 4644 per
701 4583 1016 4645 potestatem
1044 4590 1203 4646 quam
1232 4575 1443 4632 diabolo
1469 4577 1634 4644 dedit,
1666 4579 1848 4636 omnia

247 4665 392 4735 iuste
421 4667 536 4737 ipse
563 4665 705 4723 Deus
727 4666 936 4734 fecerit;
959 4683 1063 4723 non
1093 4676 1269 4724 tamen
1288 4684 1382 4740 pro
1401 4669 1644 4740 hisjuste
1667 4671 1844 4740 factis,

249 4759 344 4815 sed
376 4774 476 4830 pro
505 4759 690 4830 iniqua
712 4760 940 4816 nocendi
967 4761 1240 4817 voluntate
1259 4803 1273 4828 ,
1305 4778 1427 4832 quae
1455 4763 1622 4833 ipsius
1651 4763 1848 4820 diaboli

246 4851 345 4907 fuit
375 4893 394 4918 ,
440 4852 491 4908 ei
536 4851 789 4908 reddetur
832 4855 884 4907 in
923 4852 1029 4909 line
1081 4854 1438 4925 supplicium,
1485 4869 1606 4910 cum
1642 4855 1848 4912 dicetur

246 4944 430 5014 impiis
461 4945 554 5016 qui
585 4947 702 5015 ejus
725 4945 975 5015 nequitiae
999 4948 1308 5003 consentire
1340 4949 1798 5016 perseveraverint
1827 4965 1844 5002 :

247 5035 329 5091 Ite
353 5037 409 5090 in
438 5037 608 5108 ignem
627 5047 886 5105 aeternum,
905 5054 1052 5110 quem
1077 5040 1272 5108 paravit
1302 5039 1458 5094 Pater
1485 5056 1622 5096 meus
1645 5040 1848 5095 diabolo

244 5138 293 5181 et
317 5129 521 5199 angelis
544 5130 654 5200 ejus
674 5129 783 5198 (id.
810 5144 952 5199 xxv,
977 5131 1094 5202 41).

317 5219 552 5276 CAPUT
591 5219 830 5275 XXXIII.
867 5250 938 5260 —-
969 5221 1187 5292 Angelos
1221 5221 1382 5275 malos
1406 5237 1506 5276 non
1540 5239 1571 5275 a
1604 5221 1736 5290 Deo,
1759 5222 1847 5278 sed

245 5314 513 5384 peccando
542 5319 704 5386 factos
733 5330 840 5370 esse
866 5316 1048 5370 malos.
1076 5315 1208 5383 Quia
1239 5330 1367 5370 vero
1391 5324 1444 5370 et
1473 5316 1571 5386 ipsi
1603 5316 1727 5371 mali
1752 5331 1850 5371 ano

243 5408 355 5478 geli
383 5422 492 5462 non
528 5423 559 5463 a
585 5409 694 5463 Deo
735 5407 857 5462 mali
883 5417 1010 5463 sunt
1033 5407 1232 5464 conditi
1255 5450 1270 5476 ,
1300 5409 1394 5463 sed
1421 5408 1691 5479 peccando
1721 5407 1848 5465 facti

243 5509 374 5554 sunt
397 5500 522 5554 mali
546 5541 562 5568 ,
589 5501 665 5556 sic
700 5501 888 5556 Petrus
918 5501 970 5555 in
1013 5500 1250 5571 Epistola
1292 5515 1387 5556 sua
1414 5500 1542 5555 dicit
1573 5518 1585 5553 :
1618 5499 1679 5555 Si
1715 5501 1849 5556 enim

245 5591 396 5646 Deus
432 5593 624 5664 angelis
671 5594 991 5664 peccantibus
1031 5611 1134 5648 non
1174 5593 1414 5665 pepercit,
1446 5593 1534 5648 sed
1567 5593 1849 5648 carceribus

245 5683 488 5755 caliginis
512 5684 660 5754 inferi
694 5684 964 5740 detrudens
991 5685 1008 5716 ¹
1035 5685 1242 5739 tradidit
1270 5685 1324 5738 in
1339 5685 1540 5754 judicio
1567 5683 1848 5754 puniendos

243 5777 444 5831 seruari
466 5776 532 5847 (II
563 5776 702 5832 Petr.
731 5794 791 5849 ιι,
824 5779 905 5852 4).
932 5778 1068 5836 Hinc
1091 5778 1281 5836 Petrus
1311 5777 1540 5836 ostendit
1569 5775 1742 5834 adhuc
1769 5777 1848 5848 eis

308 5894 327 5925 ι
369 5897 423 5942 tn
444 5897 572 5957 Mss,
597 5893 810 5947 trudens.

630 6035 700 6050 ν...

1696 409 1901 470 LIBER
1935 410 2138 472 UNUS.

3449 425 3559 486 562

1977 527 2150 584 ultimi
2177 525 2360 600 iudicii
2387 542 2601 602 poenam
2625 529 2810 590 deberi
2836 573 2853 601 ,
2881 530 2950 588 de
2973 544 3080 605 qua
3101 533 3356 594 Dominus
3381 537 3512 596 dicit
3543 558 3559 596 :

1973 617 2007 674 Ι
2010 628 2056 675 te
2077 619 2131 675 in
2155 620 2323 691 ignem
2345 630 2605 691 reternum,
2633 625 2721 695 qui
2743 634 2950 696 paratus
2981 635 3056 682 est
3079 627 3279 685 diabolo
3303 639 3350 685 et
3367 631 3563 704 angelis

1971 711 2102 781 eius.
2130 711 2382 780 Quamvis
2402 711 2512 783 jam
2535 716 2818 786 ptenaliter
2836 719 2854 750 ί
2883 717 3026 775 hunc
3053 718 3306 790 inferum,
3329 721 3432 779 hoc
3453 733 3560 794 est,

1971 803 2279 861 inferiorem
2303 805 2650 877 caliginosum
2677 823 2856 866 aerem
2884 818 3136 882 tanquam
3163 827 3433 872 carcerem
3461 830 3559 872 ac-
3644 871 3646 874 ,

1971 894 2210 965 ceperint
2235 913 2250 950 :
2277 895 2370 966 qui
2399 904 2574 953 tamen
2597 898 2848 969 quoniam
2879 908 2934 958 et
2967 902 3162 958 caelum
3192 903 3384 961 dicitur
3406 945 3422 971 ,
3450 921 3560 962 non

1968 983 2101 1040 illud
2123 985 2318 1042 coelum
2339 987 2391 1042 in
2417 1002 2524 1059 quo
2551 999 2678 1044 sunt
2705 990 2900 1061 sidera,
2922 992 3018 1049 sed
3034 993 3138 1049 hoc
3158 993 3378 1052 inferius
3405 995 3562 1067 cujus

1967 1074 2196 1148 caligine
2233 1077 2414 1134 nubila
2453 1079 2836 1151 conglobantur
2857 1122 2873 1149 ,
2903 1091 2958 1139 et
3002 1083 3094 1140 ubi
3133 1099 3259 1142 aves
3291 1086 3558 1154 volitant;

1921 1201 1930 1208 -
1965 1183 2094 1225 nam
2115 1178 2171 1226 et
2199 1171 2396 1228 ccelum
2421 1171 2660 1229 nubilum
2688 1173 2883 1230 dicitur
2901 1217 2918 1246 ,
2943 1185 2999 1233 et
3025 1178 3258 1234 volatilia
3300 1179 3424 1238 coeli
3458 1195 3558 1251 ap-

1919 1294 1924 1299 -
1966 1259 2232 1331 pellantur
2263 1281 2277 1317 :
2305 1264 2595 1320 secundum
2638 1264 2742 1321 hoc
2775 1267 3063 1337 Apostolus
3103 1269 3299 1326 Paulus
3337 1271 3558 1328 eosdem

1964 1351 2176 1423 iniquos
2201 1355 2420 1426 angelos
2437 1396 2453 1424 ,
2483 1365 2668 1412 contra
2688 1373 2824 1429 quos
2843 1359 2998 1416 nobis
3028 1361 3234 1417 invidos
3255 1363 3342 1433 pie
3373 1364 3558 1420 viven-

1963 1441 2034 1498 do
2062 1458 2358 1515 pugnamus
2377 1488 2391 1514 ,
2421 1448 2710 1518 spiritualia
2735 1452 2970 1522 nequitiae
2995 1453 3050 1506 in
3074 1453 3354 1509 caelestibus
3384 1455 3558 1510 nomi-

1963 1528 2056 1590 nat
2112 1535 2327 1610 (Ephes.
2357 1555 2428 1604 VI,
2460 1538 2571 1612 12).
2599 1540 2754 1607 Quod
2803 1557 2873 1598 ne
2915 1543 2986 1598 de
3033 1542 3146 1600 illis}
3191 1546 3556 1614 superioribus

1963 1627 2116 1683 caelis
2143 1629 2484 1701 intelligatur,
2513 1641 2696 1703 aperte
2725 1633 2849 1688 alibi
2877 1633 3009 1690 dicit
3037 1653 3050 1688 :
3083 1634 3379 1690 Secundum
3407 1638 3555 1708 prin-

1962 1721 2124 1792 cipem
2152 1726 2409 1793 potestatis
2432 1726 2562 1780 aeris
2582 1725 2756 1797 hujus,
2774 1727 2861 1798 qui
2887 1743 3020 1781 nunc
3047 1736 3287 1798 operatur
3310 1729 3364 1782 in
3390 1728 3554 1798 ﬁliis”

1963 1812 2252 1884 difﬁdentia:
2279 1815 2386 1885 (Id.
2417 1832 2473 1879 ιι,
2499 1816 2580 1888 2).

2033 1905 2258 1964 CAPUT
2282 1907 2524 1964 XXXIV.
2551 1939 2624 1949 —
2651 1909 2929 1966 Peccatum
2956 1928 3059 1967 non
3083 1920 3157 1968 est
3181 1912 3331 1969 malae
3358 1921 3556 1970 natura:

1959 1999 2222 2073 appetitio,
2244 2002 2334 2056 sed
2357 2002 2576 2058 melioris
2598 2003 2834 2060 desertio.
2854 2004 2985 2061 Item
3011 2006 3135 2076 quia
3161 2016 3438 2077 peccatum
3467 2007 3555 2064 vel

1959 2092 2208 2165 iniquitas
2251 2110 2356 2151 non
2399 2107 2482 2152 est
2510 2097 2767 2168 appetitio
2788 2108 3097 2156 naturarum
3125 2101 3382 2157 malarum
3412 2142 3428 2169 ,
3456 2101 3555 2158 sed

1960 2183 2192 2241 desertio
2203 2187 2503 2257 meliorum;
2516 2190 2593 2246 sic
2605 2190 2658 2245 in
2673 2190 2786 2247 Scri
2794 2193 2961 2262 pluris
2981 2193 3247 2249 invenitur
3264 2195 3549 2266 scriptum,

1962 2276 2140 2334 Omnis
2169 2288 2399 2335 creatura
2423 2279 2522 2336 Dei
2546 2281 2678 2336 bona
2704 2294 2776 2337 est
2797 2283 2841 2354 (I
2865 2282 2996 2338 Tim.
3019 2300 3092 2352 ιν,
3115 2285 3174 2356 4)
3205 2303 3217 2340 :
3243 2300 3306 2340 ac
3333 2301 3428 2356 per
3448 2285 3552 2342 hoc

1957 2379 2014 2429 et
2056 2387 2216 2428 omne
2257 2373 2460 2443 lignum
2505 2374 2648 2444 quod
2694 2375 2751 2431 in
2798 2375 3042 2446 paradiso
3071 2377 3214 2433 Deus
3255 2380 3550 2450 plantavit,

1960 2464 2140 2534 utique
2184 2463 2384 2520 bonum
2432 2471 2534 2520 est.
2561 2463 2679 2520 Non
2720 2480 2850 2537 ergo
2880 2467 3075 2522 malam
3106 2477 3350 2524 naturam
3381 2470 3550 2528 homo

1955 2555 2211 2626 appetivit
2235 2595 2250 2620 ,
2275 2569 2398 2610 cum
2423 2555 2670 2618 arborem
2699 2557 2916 2612 vetitam
2947 2559 3118 2629 tetigit
3148 2576 3162 2613 :
3191 2560 3287 2616 sed
3327 2560 3381 2616 id
3405 2561 3551 2632 quod

1956 2649 2147 2706 melius
2174 2657 2289 2704 erat
2315 2649 2634 2716 deserendo,
2663 2649 2860 2706 factum
2887 2651 3086 2706 malum
3115 2651 3231 2722 ipse
3256 2654 3547 2710 commisit.

1954 2743 2141 2799 Melior
2168 2745 2365 2814 quippe
2389 2742 2629 2811 Creator,
2652 2757 2811 2814 quam
2832 2743 2941 2800 ulla
2964 2753 3209 2801 creatura
3229 2761 3389 2817 quam
3418 2761 3549 2802 con-

1954 2835 2128 2891 didit:
2158 2835 2308 2907 cujus
2335 2835 2617 2906 imperium
2643 2850 2750 2892 non
2779 2844 2896 2892 erat
2917 2836 3274 2896 deserendum
3293 2877 3309 2903 ,
3337 2845 3397 2892 ut
3425 2847 3549 2895 tan-

1953 2935 2168 3000 geretur
2206 2925 2530 2997 prohibitum
2554 2968 2570 2995 ,
2599 2927 2842 2998 quamvis
2887 2927 3086 2984 bonum
3111 2945 3126 2994 ;
3156 2929 3409 2999 quoniam
3441 2928 3550 2986 de-

1953 3028 2101 3076 serto
2146 3018 2371 3075 meliore
2394 3058 2409 3085 ,
2439 3019 2642 3075 bonum
2691 3025 2954 3076 creaturae
2982 3021 3333 3091 appetebatur
3354 3062 3370 3088 ,
3401 3021 3548 3093 quod

1953 3119 2142 3166 contra
2190 3109 2460 3168 Creatoris
2513 3109 2798 3181 imperium
2864 3110 3206 3181 tangebatur.
3260 3111 3380 3168 Non
3447 3112 3550 3168 ita-

1953 3215 2058 3272 que
2097 3201 2238 3257 Deus
2275 3199 2525 3256 arborem
2564 3200 2760 3256 malam
2794 3200 2850 3256 in
2888 3200 3138 3272 paradiso
3181 3201 3546 3273 plantaverat;

1951 3291 2049 3350 sed
2074 3293 2190 3364 ipse
2216 3301 2332 3349 erat
2358 3293 2570 3360 melior,
2597 3292 2690 3364 qui
2713 3307 2832 3348 eam
2858 3294 3005 3366 tangi
3028 3293 3366 3364 prohibebat.

2021 3383 2249 3441 CAPUT
2287 3384 2505 3442 XXXV.
2533 3415 2606 3428 —-
2632 3385 2797 3441 Arbor
2840 3386 3039 3441 Atlanta
3075 3388 3260 3456 uetita,
3289 3405 3392 3443 non
3425 3388 3549 3460 quia
3619 3389 3624 3392 ’

1951 3479 2091 3535 mala
2115 3521 2132 3549 ,
2163 3480 2252 3535 sed
2277 3481 2396 3551 quia
2421 3479 2612 3534 homini
2640 3479 2824 3534 bonum
2849 3487 2904 3533 ut
2947 3479 3178 3535 subditus
3205 3480 3271 3535 sit
3300 3479 3430 3535 Deo.
3457 3479 3548 3538 Ad

1952 3571 2056 3628 hoc
2073 3572 2215 3627 enim
2237 3580 2290 3628 et
2309 3570 2672 3642 prohibuerat,
2695 3579 2755 3626 ut
2774 3570 3083 3628 ostenderet
3100 3572 3293 3628 anima:
3311 3571 3548 3629 rationa-

1951 3666 2018 3722 lis
2043 3676 2286 3721 naturam
2311 3707 2326 3732 ,
2358 3679 2464 3721 non
2491 3665 2546 3720 in
2571 3679 2668 3720 sua
2696 3672 2990 3735 potestate,
3015 3664 3111 3720 sed
3141 3665 3251 3720 Deo
3276 3664 3547 3722 subditam

1951 3775 2072 3817 esse
2097 3759 2292 3818 debere
2309 3803 2326 3828 ,
2359 3770 2415 3818 et
2439 3760 2681 3817 ordinem
2711 3777 2823 3816 sua:
2849 3761 3037 3817 salutis
3059 3775 3157 3832 per
3181 3758 3547 3816 obedientiam

1951 3852 2256 3920 custodire,
2289 3867 2391 3922 per
2443 3851 2858 3908 inobedicntiam
2906 3866 3272 3922 corrumpere.
3306 3850 3442 3906 Hinc
3488 3856 3548 3908 et

1951 3947 2196 4003 arborem
2225 3961 2384 4018 quam
2412 3946 2555 4016 tangi
2578 3945 2772 4014 vetuit,
2802 3945 2882 4001 sic
2905 3945 3213 4016 appellavit,
3245 3944 3547 4016 dignoscen-

1952 4042 2036 4098 tia:
2075 4041 2192 4097 boni
2232 4049 2281 4096 et
2321 4041 2446 4094 mali
2467 4038 2618 4112 (Gen.
2645 4055 2683 4094 ιι
2709 4081 2724 4106 ,
2751 4039 2854 4111 9):
2884 4039 3008 4110 quia
3047 4054 3168 4095 cum
3198 4053 3316 4094 eam
3356 4045 3546 4094 contra

1949 4133 2170 4190 vetitum
2193 4133 2474 4204 tetigisset,
2506 4131 2840 4202 experiretur
2862 4145 3072 4201 pmnam
3121 4129 3360 4200 peccati,
3392 4136 3448 4184 et
3475 4141 3545 4183 eo

1951 4225 2113 4282 modo
2168 4225 2508 4296 dignosceret
2549 4224 2676 4294 quid
2716 4223 3002 4280 interesset
3043 4223 3183 4279 inter
3227 4221 3545 4278 obedientia:

1951 4318 2149 4375 bonum
2173 4327 2226 4374 et
2253 4317 2624 4373 inobedientiae
2646 4317 2866 4372 malum.

2022 4407 2248 4465 CAPUT
2283 4406 2524 4462 XXXVI.
2547 4435 2618 4448 --
2635 4405 2800 4461 Nulla
2825 4414 3060 4462 creatura
3085 4405 3179 4462 Dei
3196 4407 3355 4474 mala,
3371 4405 3461 4461 sed
3479 4421 3543 4463 ea

1951 4502 2084 4557 male
2111 4502 2185 4556 uti
2201 4510 2274 4556 est
2299 4501 2511 4555 malum.
2537 4499 2675 4556 Nam
2696 4500 2815 4570 quis
2832 4499 2905 4555 ita
2925 4500 3172 4571 desipiat,
3197 4508 3254 4556 ut
3275 4500 3370 4556 Dei
3391 4514 3546 4556 crea-

1952 4603 2146 4665 turam,
2176 4597 2407 4651 maxime
2433 4596 2484 4650 in
2514 4593 2761 4666 paradiso
2789 4596 3078 4665 plantatam
3101 4636 3115 4662 ,
3136 4593 3543 4665 vituperandam

1952 4697 2120 4760 putet;
2152 4687 2581 4759 quandoquidem
2609 4703 2714 4745 nec
2741 4688 2872 4760 ipsa:
2893 4689 3061 4760 spina:
3087 4703 3151 4744 ac
3178 4688 3377 4754 tribuli,
3405 4700 3544 4758 quos

1952 4782 2218 4852 peccatori
2247 4781 2299 4836 in
2321 4776 2513 4838 labore
2545 4780 2874 4838 conterendo
2900 4781 2922 4813 ³
2948 4781 3242 4838 secundum
3270 4781 3366 4834 Dei
3389 4777 3542 4849 judi-

1952 4873 2166 4928 ciariam
2191 4873 2516 4929 voluntatem
2544 4881 2686 4928 terra
2713 4873 2939 4943 peperit,
2963 4881 3108 4928 recte
3133 4867 3542 4940 vituperemur?

1953 4963 2159 5019 llabent
2188 4965 2331 5019 enim
2369 4971 2424 5019 et
2450 4963 2585 5018 tales
2613 4963 2794 5019 herbae
2823 4963 3061 5029 modum,
3093 4969 3148 5017 et
3177 4961 3408 5031 speciem
3437 5001 3453 5026 ,
3487 4967 3544 5015 et

1952 5055 2194 5111 ordinem
2223 5070 2376 5110 suum
2404 5095 2420 5122 ,
2452 5071 2571 5125 qum
2595 5055 2832 5125 quisquis
2859 5054 3036 5110 sobrie
3074 5050 3494 5108 consideraverit
3522 5091 3539 5115 ,

1953 5147 2214 5203 laudanda
2255 5147 2526 5217 reperiet:
2559 5147 2651 5202 sed
2701 5147 2749 5201 ei
2798 5156 2998 5200 natura:
3041 5145 3142 5200 ista
3190 5145 3327 5198 mala
3365 5152 3540 5208 sunt,

1953 5255 2109 5312 quam
2140 5240 2346 5311 peccati
2372 5240 2563 5294 merito
2602 5240 2679 5294 sic
2708 5238 2943 5294 coerceri
2983 5237 3282 5308 oportebat.
3310 5236 3425 5291 Non
3459 5244 3544 5291 est

1953 5348 2079 5404 ergo
2104 5375 2118 5401 ,
2149 5341 2206 5387 ut
2230 5331 2358 5400 dixi,
2388 5339 2662 5402 peccatum
2707 5330 2858 5384 malae
2887 5338 3089 5384 naturae
3125 5329 3379 5401 appetitio
3405 5370 3418 5393 ,
3446 5326 3543 5383 sed

1955 5425 2190 5479 melioris
2232 5423 2464 5478 desertio
2489 5439 2502 5489 ;
2531 5431 2585 5478 ct
2615 5421 2734 5476 ideo
2762 5419 2952 5475 factum
2981 5421 3152 5490 ipsum
3191 5420 3388 5474 malum
3416 5428 3498 5475 cst
3520 5459 3539 5486 ,

1955 5532 2060 5572 non
2087 5516 2178 5572 illa
2225 5526 2411 5571 natura
2452 5531 2552 5585 qua
2587 5505 2725 5570 male
2754 5515 2918 5570 utitur
2954 5530 3202 5586 peccans.
3234 5514 3428 5570 Malum
3459 5522 3544 5572 est

1955 5609 2096 5666 enim
2123 5608 2262 5663 male
2280 5607 2353 5662 uti
2382 5607 2545 5662 bono.
2579 5605 2730 5661 Unde
2753 5607 3039 5677 Apostolus
3067 5606 3347 5663 damnatos
3374 5622 3539 5678 quos-

2019 5767 2037 5837 ξ
2072 5772 2208 5837 loco,
2233 5763 2576 5837 pwnrtliterﬁrl
2597 5770 2710 5835 Mss:
2731 5762 2914 5837 legit-m-
2929 5798 2952 5837 2
2976 5777 3136 5827 ρωηα,
3166 5835 3174 5837 _
3346 5825 3356 5835 ο
3385 5824 3403 5837 Α

2017 5830 2039 5861 ¹
2072 5829 2206 5888 aliti,
2229 5825 2280 5879 in
2300 5826 2441 5891 filios.
2466 5834 2522 5891 At
2544 5835 2669 5886 Mss,
2687 5825 2744 5891 in
2764 5825 2896 5890 filiis.
2920 5825 3082 5878 Graece
3106 5835 3201 5891 est,
3225 5838 3284 5876 en
3305 5825 3442 5878 uicis.

2021 5891 2044 5925 ³
2077 5891 2214 5955 aditi,
2237 5888 2561 5944 contercndos.
2587 5888 2904 5955 \'crius'hlss.,
2927 5888 3227 5942 conterenda.
