4094 6436
557 415 665 475 565

554 529 680 585 dam
729 527 909 584 divino
929 525 1127 597 judicio
1148 523 1507 594 reprehendit.
1536 521 1625 590 qui
1654 518 1916 573 coluerunt
1950 526 1998 571 et
2025 531 2129 569 ser-

553 620 751 675 uierunt
798 628 1042 674 creatura:
1083 618 1247 684 potius
1290 630 1441 683 quam
1485 612 1710 666 Creatori
1738 610 1914 683 (Rom.
1944 625 1981 675 ι,
2011 606 2127 679 25).

552 708 735 781 Neque
760 712 902 766 enim
930 718 1223 765 creaturam
1250 703 1618 774 reprehendit;
1649 704 1787 773 quod
1810 702 1899 773 qui
1921 701 2126 768 fecerit,

551 803 789 860 Creatori
810 802 935 857 facit
949 800 1194 871 injuriam
1216 815 1230 854 :
1248 797 1344 855 sed
1359 814 1452 854 eos
1466 797 1556 868 qui
1571 797 1709 852 male
1726 796 1809 852 usi
1824 804 1948 851 sunt
1964 795 2127 863 bono,

552 896 775 952 meliore
800 895 1032 949 deserto.

621 987 846 1045 CAPUT
875 985 1138 1042 XXXVII.
1165 1015 1235 1027 --
1275 984 1428 1039 Malis
1472 983 1785 1055 peccantium
1830 981 1967 1036 Deus
2007 979 2130 1035 bene

549 1083 726 1136 utitur.
759 1080 989 1135 Proinde
1036 1080 1082 1135 si
1110 1078 1411 1134 custodiant
1438 1092 1623 1132 omnes
1652 1085 1856 1131 naturae
1886 1072 2121 1141 modum,

548 1184 602 1229 et
627 1174 881 1242 speciem,
899 1182 951 1227 et
971 1173 1210 1227 ordinem
1227 1172 1517 1241 preprium,
1543 1171 1742 1225 nullum
1771 1170 1873 1224 erit
1892 1168 2124 1223 malum:

546 1265 591 1319 si
616 1272 793 1319 autem
827 1264 909 1318 his
936 1264 1088 1319 bonis
1117 1265 1338 1333 quisque
1363 1263 1501 1318 male
1543 1263 1620 1316 uti
1651 1262 1893 1323 voluerit,
1928 1274 2024 1315 nec
2046 1259 2127 1316 sic

546 1355 707 1411 vincit
738 1356 1062 1410 voluntatem
1106 1356 1235 1420 Dei,
1266 1356 1353 1425 qui
1396 1356 1552 1408 etiam
1591 1354 1813 1423 injustos
1851 1353 1993 1421 juste
2033 1366 2124 1406 0r-

543 1445 732 1503 dinare
757 1448 920 1512 novit;
950 1458 1007 1501 ut
1032 1447 1073 1501 si
1100 1447 1196 1515 ipsi
1228 1462 1318 1516 per
1346 1446 1673 1516 iniquitatem
1706 1446 1986 1501 voluntatis
2016 1460 2125 1499 sure

544 1540 684 1594 male
706 1540 786 1593 usi
813 1539 1003 1593 fuerint
1027 1539 1177 1591 bonis
1204 1539 1357 1605 illius,
1386 1538 1474 1593 ille
1498 1554 1590 1606 per
1614 1539 1867 1606 justitiam
1894 1545 2127 1608 potesta-

546 1631 614 1685 tis
653 1647 763 1686 suae
792 1632 937 1693 bene
960 1640 1139 1685 utatur
1178 1631 1328 1684 malis
1382 1631 1613 1698 ipsorum
1644 1671 1657 1695 ,
1687 1639 1831 1685 recte
1874 1630 2124 1685 ordinans

544 1723 600 1779 in
652 1725 862 1794 pinnis,
917 1725 1007 1794 qui
1068 1738 1128 1779 se
1179 1736 1429 1792 perverse
1481 1722 1841 1777 ordinaverint
1888 1724 1941 1777 in
2001 1736 2123 1791 pec-

543 1815 695 1870 catis.

617 1906 843 1963 CAPUT
872 1906 1157 1961 XXXVIII.
1184 1935 1256 1947 —
1279 1905 1424 1977 Ignis
1459 1914 1675 1960 aeternus
1702 1904 1863 1958 malos
1891 1904 2122 1958 crucians

547 2018 649 2057 non
674 2003 855 2055 malus.
885 2000 1015 2055 Nam
1042 2015 1141 2055 nec
1162 2000 1273 2068 ipse
1303 2000 1439 2064 ignis
1467 2007 1716 2061 mternus,
1744 1997 1835 2066 qui
1860 1996 2123 2050 cruciatu-

543 2108 635 2147 rus
660 2101 742 2147 est
781 2092 969 2160 impios
989 2132 1005 2157 ,
1036 2092 1174 2145 mala
1201 2100 1386 2145 natura
1415 2099 1495 2145 est
1515 2130 1530 2153 ,
1561 2089 1762 2142 habens
1805 2088 2021 2141 modum
2070 2095 2122 2143 et

542 2183 773 2251 speciem
791 2191 845 2236 et
859 2182 1099 2236 ordinem
1117 2181 1439 2247 suum,nulla
1458 2180 1732 2250 iniquitate
1746 2179 2084 2247 depravatum
2104 2196 2117 2234 :

542 2274 639 2329 sed
677 2276 941 2330 cruciatus
971 2283 1053 2331 est
1094 2275 1354 2329 damnatis
1400 2274 1568 2327 malus
1589 2314 1603 2339 ,
1636 2288 1860 2342 quorum
1889 2272 2120 2341 peccatis

542 2376 624 2421 est
648 2366 878 2422 debitus.
905 2366 1087 2436 Neque
1113 2368 1253 2420 enim
1283 2376 1335 2420 et
1366 2366 1453 2420 lux
1484 2366 1579 2419 ista
1601 2406 1616 2430 ,
1649 2365 1771 2434 quia
1798 2364 1970 2434 lippos
1993 2378 2113 2418 cru-

541 2456 665 2524 ciat,
694 2458 829 2511 mala
858 2467 1042 2511 natura
1069 2466 1169 2512 est.

549 2568 554 2572 '
614 2545 842 2603 CAPUT
869 2547 1113 2601 XXXIX.
1138 2547 1459 2601 —/Eternus
1484 2547 1615 2617 ignis
1635 2547 1839 2614 dicitur,
1869 2562 1969 2600 non
1988 2546 2118 2601 sicut

537 2636 698 2705 Deus,
717 2639 805 2693 sed
824 2640 943 2709 quia
959 2642 1066 2694 sine
1077 2641 1197 2708 ﬁne.
1213 2639 1468 2695 IEternus
1493 2647 1668 2693 autem
1685 2639 1841 2709 ignis,
1858 2654 1964 2693 non
1980 2639 2117 2695 sicut

538 2728 679 2785 Deus
700 2739 953 2797 aeternus,
984 2730 1126 2801 quod
1151 2731 1251 2785 etsi
1273 2731 1389 2785 sine
1418 2730 1521 2785 ﬁne
1564 2730 1669 2794 sit,
1696 2746 1801 2784 non
1828 2738 1909 2784 est
1936 2739 2115 2784 tamen

535 2822 653 2876 sine
680 2821 833 2876 initio
857 2824 895 2888 ¹;
918 2823 1055 2877 Deus
1084 2830 1260 2877 autem
1282 2823 1439 2876 etiam
1469 2823 1583 2877 sine
1612 2822 1761 2875 initio
1782 2830 1882 2876 est.
1914 2820 2115 2876 Deinde

538 2914 660 2982 quia
682 2914 806 2969 licet
831 2924 1115 2984 perpetuus
1143 2917 1163 2945 ²
1186 2924 1521 2983 peccatorum
1550 2913 1825 2983 suppliciis
1859 2912 2114 2966 adhibea-

536 3011 658 3071 tur,
690 3005 955 3059 mutabilis
981 3013 1157 3059 tamcn
1183 3014 1369 3060 natura
1406 3014 1507 3061 est.
1535 3004 1625 3058 Illa
1656 3014 1739 3060 est
1772 3013 1950 3059 autem
1990 3019 2114 3059 vera

536 3098 804 3154 aeternitas
827 3141 842 3167 ,
870 3115 988 3169 quae
1014 3116 1137 3155 vera
1165 3100 1551 3167 immortalitas;
1585 3100 1687 3154 hoc
1716 3107 1798 3152 est
1819 3140 1832 3163 ,
1862 3099 1947 3152 illa
1968 3112 2115 3152 sum-

535 3204 623 3243 ma
667 3190 1167 3247 incommutabilitas
1192 3234 1206 3258 ,
1234 3207 1392 3261 quam
1433 3194 1578 3247 solus
1620 3192 1759 3245 Deus
1790 3190 1949 3243 habet
1977 3232 1991 3255 ,
2022 3190 2114 3259 qui

534 3281 729 3336 mutari
772 3283 990 3339 omnino
1034 3299 1138 3338 non
1172 3292 1364 3353 potest.
1392 3283 1551 3338 Aliud
1577 3291 1658 3337 est
1684 3282 1828 3337 enim
1860 3296 1962 3335 non
1992 3297 2112 3334 mu-

534 3370 637 3426 tari
663 3388 822 3438 ,cum
869 3373 1037 3443 possit
1081 3374 1313 3439 mutari;
1342 3373 1482 3427 aliud
1528 3383 1701 3427 autem
1744 3385 1964 3441 prorsus
2006 3387 2111 3425 non

530 3478 690 3534 posse
727 3466 940 3521 mutari.
969 3466 1118 3522 Sicut
1164 3482 1293 3537 ergo
1338 3465 1531 3521 dicitur
1568 3468 1730 3519 homo
1764 3466 1976 3539 bonus,
2008 3480 2113 3520 non

530 3564 709 3611 tamen
737 3557 873 3612 sicut
910 3558 1052 3613 Deus
1080 3600 1095 3622 ,
1118 3559 1185 3614 de
1224 3573 1330 3629 quo
1354 3558 1551 3612 dictum
1598 3565 1682 3612 est
1704 3598 1718 3622 ,
1752 3556 1913 3611 Nemo
1956 3556 2113 3611 bonus

532 3646 632 3700 nisi
675 3663 806 3701 unus
847 3648 983 3703 Deus
1006 3648 1196 3721 (Marc.
1219 3666 1252 3703 χ
1277 3690 1293 3717 ,
1318 3649 1405 3719 18)
1430 3665 1445 3715 ;
1471 3658 1528 3705 et
1555 3648 1693 3703 sicut
1720 3648 1911 3703 dicitur
1937 3648 2113 3703 anima

530 3738 846 3796 immortalis
871 3784 884 3807 ,
918 3757 1023 3797 non
1069 3752 1245 3799 tamen
1289 3743 1425 3798 sicut
1468 3742 1610 3798 Deus
1633 3784 1647 3807 ,
1675 3743 1742 3797 de
1770 3758 1877 3812 quo
1915 3743 2113 3796 dictum

528 3841 633 3899 est,
664 3834 761 3901 Qui
781 3836 918 3889 solus
949 3835 1094 3890 liabet
1118 3836 1548 3891 immortalitatem
1567 3835 1612 3907 (l
1642 3834 1773 3889 Tim.
1798 3852 1872 3900 v1,
1906 3836 1991 3905 16)
2016 3852 2031 3901 ;
2064 3844 2116 3889 et

532 3922 670 3978 sicut
696 3923 890 3978 dicitur
916 3925 1074 3981 homo
1094 3926 1325 3995 sapiens,
1346 3941 1453 3981 non
1482 3936 1658 3980 tamen
1684 3925 1821 3980 sicut
1850 3927 1986 3981 Deus
2006 3966 2021 3991 ,
2045 3926 2115 3981 de

532 4027 639 4083 quo
662 4014 860 4069 dictum
888 4025 969 4069 est
988 4058 1001 4077 ,
1028 4017 1141 4071 Soli
1161 4019 1375 4086 sapienti
1396 4016 1505 4071 Deo
1532 4017 1704 4088 (Rom.
1736 4032 1850 4083 XVI,
1869 4015 1962 4087 27)
1994 4034 2007 4071 :
2039 4017 2115 4073 sic

532 4106 725 4162 dicitur
754 4108 888 4178 ignis
908 4118 1139 4163 aeternus
1170 4151 1186 4176 ,
1216 4125 1323 4165 non
1370 4118 1545 4164 tamen
1595 4110 1733 4164 sicut
1760 4110 1935 4177 Deus,
1962 4108 2114 4179 cujus

529 4197 699 4253 solius
724 4198 1094 4254 immortalitas
1114 4200 1229 4268 ipsa
1258 4209 1340 4255 est
1367 4215 1490 4255 vera
1518 4200 1809 4254 :eternitas.

603 4289 829 4347 CAPUT
858 4291 969 4345 XL.
1000 4322 1071 4331 —
1100 4291 1209 4345 Nec
1241 4292 1346 4345 Deo
1384 4294 1550 4347 noceri
1577 4302 1736 4361 potest
1761 4310 1849 4349 nec
1876 4294 1985 4360 alii,
2017 4296 2114 4350 nisi

530 4378 631 4436 Dei
661 4381 805 4451 justo
847 4382 1181 4438 ordinatione.
1213 4383 1341 4450 Qua:
1386 4398 1506 4437 cum
1552 4384 1623 4437 ita
1673 4384 1780 4437 sint
1821 4384 2112 4439 secundum

531 4472 849 4527 catholicam
880 4473 1034 4528 Iidem
1051 4484 1104 4528 et
1136 4488 1317 4529 sanam
1346 4474 1660 4540 doctrinam,
1692 4483 1745 4529 et
1770 4475 2116 4545 intelligenti-

532 4563 635 4620 bus
662 4566 995 4635 perspicuam
1041 4568 1355 4635 veritatem,
1384 4584 1482 4622 nec
1523 4577 1725 4623 natura:
1772 4568 1865 4622 Dei
1920 4584 2114 4626 nocere

530 4664 710 4727 potest
736 4656 1013 4729 quisquam
1034 4700 1049 4724 ,
1079 4675 1177 4714 nec
1204 4668 1388 4715 natura
1431 4660 1526 4715 Dei
1553 4676 1747 4716 nocere
1777 4662 1969 4731 injuste
1997 4664 2113 4718 cui-

530 4763 691 4818 quam
720 4791 735 4817 ,
765 4751 851 4807 vel
887 4767 1080 4807 nocere
1116 4754 1329 4822 impune
1388 4752 1583 4822 patitur
1620 4768 1957 4824 quemquam.
2015 4754 2116 4818 Qui

530 4845 663 4898 enim
696 4852 877 4910 nocet,
905 4845 979 4898 ait
1004 4844 1317 4913 Apostolus,
1340 4845 1546 4915 recipiet
1588 4845 1641 4898 id
1674 4845 1807 4913 quod
1833 4845 2040 4909 nocuit;
2067 4854 2114 4898 et

529 4950 633 4989 non
683 4944 755 4990 est
810 4951 1137 5006 personarum
1188 4936 1412 5007 acceptio
1468 4937 1605 5007 apud
1650 4936 1816 4990 Deum
1871 4934 2111 5010 (Coloss.

532 5042 611 5096 ιιι,
633 5029 748 5098 25).

601 5118 825 5175 CAPUT
863 5119 998 5174 XLI.
1027 5149 1099 5159 —
1127 5110 1331 5185 Quanta
1367 5119 1496 5172 bona
1535 5117 1807 5172 Manicluci
1848 5127 2032 5188 ponant
2060 5120 2115 5172 in

529 5221 713 5266 natura
742 5213 883 5277 ntali,
907 5222 951 5267 et
970 5222 1159 5281 quanta
1188 5212 1321 5266 mala
1364 5213 1417 5264 in
1443 5221 1626 5265 natura
1649 5211 1783 5264 boni.
1811 5211 1963 5277 Quod
2000 5211 2113 5265 Ma-

532 5305 723 5359 niehcci
770 5305 816 5361 si
868 5304 1071 5359 vellent
1115 5305 1230 5359 sine
1274 5303 1570 5374 pernicioso
1598 5303 1773 5356 studio
1796 5302 2117 5358 defendendi

532 5396 730 5449 erroris
775 5395 891 5463 sui,
922 5402 977 5450 et
1020 5409 1140 5449 cum
1175 5395 1269 5449 Dei
1296 5396 1484 5449 timore
1510 5392 1775 5463 cogitare;
1801 5408 1907 5446 non
1943 5393 2115 5446 scele-

534 5488 766 5544 stissime
785 5487 1216 5558 blasphemarent
1236 5487 1533 5542 inducendo
1553 5486 1683 5541 duas
1704 5495 1939 5550 naturas,
1956 5500 2116 5541 unam

598 5604 615 5636 ι
632 5610 704 5667 Er.
732 5604 875 5667 Lugd.
895 5611 1012 5667 Ven.
1038 5605 1230 5654 Lov.sie
1251 5604 1434 5651 habent
1450 5603 1579 5667 hunc
1592 5602 1779 5654 locum:
1801 5609 2012 5653 Meritus
2034 5617 2119 5653 au-

536 5671 628 5715 tem
646 5664 786 5730 ignis,
801 5664 902 5730 'non
918 5666 1039 5716 sicut
1062 5672 1413 5730 Deusxeternus
1436 5665 1613 5730 dicitur
1638 5678 1845 5728 proprie,
1872 5666 1983 5728 quia
2006 5680 2119 5730 pro-

535 5726 698 5800 pterea
720 5729 843 5793 ignis
865 5735 1070 5781 (etcrnus
1087 5726 1297 5790 estquod
1321 5726 1422 5779 sine
1445 5726 1541 5792 ﬁne
1558 5726 1741 5790 δὶιίηοιι
1761 5726 2119 5781 εδιιαιηεπδὺιε

534 5799 723 5906 “rosio
873 5851 993 5906 Edtti
1008 5856 1190 5915 autem,
1214 5851 1471 5919 perpetuis.

1264 410 1351 465 DE
1390 408 1669 465 NATURA
1708 404 1861 462 BONI
1898 400 2171 459 CONTRA
2208 401 2638 473 MANICII/EOS,
2679 410 2735 467 S.
2763 409 3146 471 AUGUSTINI.

3702 410 3814 471 564

2238 520 2429 575 bonam
2456 536 2613 592 quam
2641 523 2821 578 dicunt
2843 524 3029 593 Deum,
3057 526 3279 581 alteram
3296 524 3491 583 malam
3518 535 3678 600 quam
3704 543 3814 587 non

2236 614 2418 669 fecerit
2465 616 2600 671 Deus
2631 636 2643 672 :
2670 619 2739 673 ita
2777 628 3016 675 errantes
3039 662 3053 687 ,
3081 620 3157 675 ita
3190 620 3477 679 delirantes
3500 665 3516 691 ,
3546 622 3654 679 imo
3682 638 3815 681 vero

2236 709 2306 761 ita
2334 707 2686 774 insanientes,
2710 717 2897 765 utnon
2918 712 3162 778 videant,
3186 722 3239 767 et
3265 713 3319 768 in
3346 729 3413 769 eo
3449 716 3590 786 quod
3629 716 3818 772 dicunt

2234 807 2475 853 naturam
2517 801 2709 855 summi
2739 802 2891 867 mali,
2920 817 3119 873 ponere
3142 818 3202 859 se
3235 813 3377 860 tanta
3404 805 3540 861 bona
3561 848 3576 874 ,
3598 806 3687 862 ubi
3714 821 3817 877 po-

2234 901 2367 946 nunt
2389 892 2570 957 vitam,
2600 894 2907 961 potentiam,
2932 896 3176 960 salutem,
3207 898 3544 964 memoriam,
3599 898 3817 954 intelle-

2230 993 2398 1046 ctum,
2430 984 2762 1054 temperiem,
2788 988 3057 1051 virtutem,
3088 988 3318 1057 copiam,
3343 1004 3577 1055 sensum,
3606 984 3813 1057 lumen,

2232 1076 2874 1143 suavitatem,mensuras,
2899 1093 3166 1144 numeros,
3193 1095 3398 1149 pacem,
3427 1080 3663 1146 modum,
3692 1094 3818 1152 spe-

2232 1166 2366 1220 ciem
2394 1206 2409 1233 ,
2441 1168 2713 1234 ordinem;
2741 1171 2794 1224 in
2842 1184 2908 1224 eo
2930 1180 3107 1224 autem
3147 1171 3287 1241 quod
3323 1172 3504 1227 dicunt
3541 1187 3815 1229 summum

2231 1257 2426 1313 bonum
2448 1300 2460 1322 ,
2491 1267 2634 1313 tanta
2665 1261 2797 1314 mala
2824 1301 2839 1326 ,
2863 1270 3088 1316 mortem
3108 1302 3121 1326 ,
3155 1263 3517 1333 aegritudinem
3538 1305 3553 1329 ,
3582 1263 3813 1319 oblivio-

2233 1366 2352 1405 nem
2378 1393 2392 1418 ,
2425 1352 2777 1421 insipientiam
2803 1395 2817 1419 ,
2860 1354 3307 1422 perturbationem
3338 1398 3353 1422 ,
3397 1357 3763 1425 impotentiam
3792 1398 3812 1425 ,

2230 1451 2542 1511 egestatem,
2572 1444 2911 1497 stoliditatem
2935 1486 2948 1509 ,
2980 1447 3295 1513 czccitatem,
3322 1446 3560 1501 dolorem
3578 1488 3592 1511 ,
3618 1445 3815 1517 iniqui-

2233 1541 2413 1598 tatem,
2442 1533 2693 1601 dedecus,
2720 1535 2937 1600 bellum,
2964 1536 3470 1603 immoderationem,
3497 1538 3812 1594 deformita-

2231 1634 2337 1679 tem
2363 1667 2376 1690 ,
2409 1626 2829 1694 perversitatem.
2852 1627 3151 1697 .Principes
3196 1630 3337 1683 enim
3382 1629 3717 1684 tenebrarum
3756 1639 3811 1686 et

2229 1718 2425 1772 vixisse
2453 1718 2507 1771 in
2535 1733 2629 1774 sua
2670 1727 2857 1773 natura
2897 1720 3101 1784 dicunt,
3134 1729 3189 1775 et
3216 1721 3268 1775 in
3297 1736 3395 1775 suo
3423 1736 3588 1792 regno
3630 1722 3810 1779 salvos

2228 1806 2412 1875 fuisse,
2442 1818 2495 1862 et
2522 1811 2844 1874 meminisse,
2869 1819 2923 1866 et
2945 1812 3284 1867 intellexisse.
3314 1812 3400 1867 Sic
3424 1814 3564 1868 enim
3584 1814 3808 1869 concio-

2229 1912 2408 1955 natum
2458 1902 2532 1955 illi
2580 1901 2763 1957 dicunt
2806 1902 3099 1971 principem
3144 1903 3478 1959 tenebrarum
3504 1945 3517 1968 ,
3544 1914 3602 1959 ut
3634 1920 3809 1975 neque

2228 1993 2342 2063 ipse
2376 1994 2497 2048 talia
2526 1994 2703 2049 dicere
2722 2037 2737 2061 ,
2769 2010 2942 2065 neque
2967 1998 3034 2050 ab
3061 1996 3139 2051 eis
3171 1995 3362 2064 quibus
3386 1995 3595 2051 dicebat
3632 1996 3808 2051 audiri

2227 2086 2342 2141 sine
2386 2089 2640 2141 memoria
2688 2097 2740 2141 et
2788 2087 3059 2142 intellectu
3097 2089 3353 2157 potuisset
3399 2104 3414 2141 :
3460 2094 3513 2142 et
3556 2086 3808 2143 habuisse

2226 2172 2538 2247 temperiem
2566 2180 2743 2234 animo
2764 2188 2817 2235 et
2835 2181 3044 2251 corpori
3072 2195 3170 2235 suo
3190 2195 3500 2251 congruam,
3530 2190 3584 2236 et
3610 2182 3809 2237 virtute

2226 2272 2475 2338 potentia:
2503 2286 2773 2341 regnasse,
2802 2281 2855 2327 et
2879 2272 3058 2341 cupias
3083 2273 3470 2327 elementorum
3498 2287 3720 2328 suorum
3744 2286 3807 2328 ac

2224 2362 2611 2418 fecunditates‘
2644 2364 2909 2429 habuisse,
2937 2372 2992 2418 et
3016 2364 3246 2418 sensisse
3270 2379 3329 2419 se
3359 2364 3582 2419 invicem
3613 2379 3678 2420 ac
3702 2364 3805 2419 sibi

2224 2455 2456 2509 vicinum
2478 2455 2675 2521 lumen,
2694 2462 2752 2510 et
2773 2455 2955 2509 oculos
2981 2454 3249 2523 habuisse,
3276 2455 3466 2525 quibus
3492 2454 3620 2510 illud
3648 2455 3806 2525 longe

2223 2548 2621 2617 conspicerent;
2669 2549 2756 2618 qui
2807 2549 2987 2617 utique
3029 2548 3167 2603 oeuli
3213 2549 3331 2604 sine
3373 2549 3548 2619 alique
3601 2548 3805 2604 lumine

2224 2638 2404 2693 lumen
2430 2642 2450 2671 ²
2477 2638 2657 2693 videre
2685 2654 2789 2692 non
2818 2647 3095 2709 poterant,
3126 2639 3267 2694 unde
3288 2648 3435 2694 recte
3458 2640 3619 2694 etiam
3639 2637 3804 2693 lumié

2222 2746 2291 2786 na
2318 2731 2659 2785 nominantur
2687 2748 2699 2784 :
2728 2740 2782 2785 et
2804 2732 3061 2785 suavitate
3084 2745 3196 2786 suae
3224 2731 3507 2800 voluptatis
3531 2745 3651 2785 esse
3672 2745 3804 2804 per-

2221 2823 2443 2888 fruitos,
2482 2831 2538 2878 et
2582 2822 2841 2877 dimensis
2883 2822 3135 2877 membris
3185 2828 3342 2891 atque
3393 2820 3805 2877 habitationibus

2220 2915 2600 2971 determinatus
2643 2913 2825 2969 fuisse.
2854 2913 2963 2968 Nisi
3005 2923 3179 2968 autem
3207 2914 3365 2968 etiam
3405 2914 3805 2984 qualiscumque

2219 3008 2558 3079 pulchritudo
2585 3008 2655 3062 ibi
2684 3007 2888 3073 fuisset,
2912 3022 3011 3062 nec
3036 3016 3280 3062 amarent
3298 3006 3540 3077 conjugia
3560 3022 3676 3073 sua,
3700 3021 3804 3062 nec

2221 3100 2449 3169 partium
2473 3100 2817 3170 congruentia
2837 3113 3057 3167 corpora
3083 3112 3267 3153 eorum
3295 3090 3635 3151 constarent:
3660 3094 3803 3167 quod

2218 3192 2306 3247 ubi
2338 3208 2443 3247 non
2474 3193 2647 3255 fuerit,
2673 3207 2778 3247 non
2806 3200 3025 3260 possunt
3048 3206 3108 3244 ea
3137 3190 3252 3245 ﬁeri
3274 3205 3391 3260 quae
3418 3189 3488 3243 ibi
3520 3190 3653 3243 facta
3682 3202 3805 3243 esse

2218 3285 2466 3340 delirant.
2498 3286 2563 3338 Et
2592 3285 2691 3338 nisi
2723 3299 2825 3354 pax
2847 3284 3022 3353 aliqua
3042 3282 3115 3337 ibi
3142 3290 3301 3346 esset,
3324 3281 3544 3350 principi
3573 3294 3671 3335 suo
3693 3295 3803 3335 non

2217 3380 2513 3435 obedirent.
2540 3378 2649 3432 Nisi
2676 3379 2864 3433 modus
2900 3377 2969 3432 ibi
3008 3386 3187 3444 esset,
3220 3374 3351 3429 nihil
3375 3372 3515 3428 aliud
3541 3380 3800 3443 agerent,

2216 3486 2377 3541 quam
2408 3469 2750 3525 comedereut
2773 3510 2787 3535 ,
2818 3477 2911 3523 aut
2934 3468 3177 3522 biberent
3200 3507 3214 3533 ,
3240 3474 3331 3521 aut
3376 3465 3625 3521 saevirent
3647 3464 3688 3529 ³,
3710 3471 3804 3520 aut

2218 3565 2493 3635 quodlibet
2517 3564 2656 3619 aliud
2670 3562 2784 3618 sine
2806 3562 2979 3631 aliqua
3005 3558 3291 3616 societate‘
3318 3578 3331 3614 :
3357 3572 3657 3629 quanquam
3699 3571 3803 3612 nec

2221 3658 2319 3728 ipsi
2346 3659 2431 3728 qui
2454 3657 2557 3712 hoc
2581 3658 2840 3727 agebant,
2864 3655 3048 3710 formis
3078 3654 3189 3708 suis
3214 3652 3553 3707 determinati
3576 3659 3758 3707 essent
3781 3691 3798 3717 ,

2220 3751 2323 3806 nisi
2352 3752 2541 3805 modus
2563 3750 2631 3805 ibi
2651 3759 2789 3804 esset
2815 3766 2829 3803 :
2853 3762 2993 3801 nunc
3008 3761 3134 3801 vero
3156 3745 3281 3799 talia
3302 3744 3481 3799 dicunt
3500 3759 3593 3799 eos
3603 3744 3800 3814 egisse,

2219 3852 2277 3897 ut
2320 3844 2370 3897 in
2398 3843 2643 3898 onmibus
2688 3840 2981 3895 actionibus
3028 3840 3138 3892 suis
3164 3836 3350 3892 modos
3389 3835 3490 3891 sibi
3535 3847 3805 3904 congruos

2220 3933 2468 3989 habuisse
2498 3948 2692 4003 negare
2711 3947 2817 3985 non
2841 3930 3065 4000 possint.
3088 3928 3145 3983 Si
3170 3935 3347 3983 autem
3371 3926 3576 3995 species
3598 3926 3667 3980 ibi
3693 3939 3803 3978 non

2219 4027 2406 4082 fuisset
2436 4070 2451 4095 ,
2476 4026 2623 4081 nulla
2666 4025 2736 4079 ibi
2785 4024 3011 4094 qualitas
3060 4020 3315 4075 naturalis
3358 4018 3690 4073 subsisteret.
3742 4015 3804 4071 Si

2220 4119 2395 4173 nullus
2423 4118 2555 4171 ordo
2596 4116 2667 4170 ibi
2712 4115 2934 4181 luisset,
2968 4128 3074 4167 non
3115 4112 3204 4164 alii
3245 4109 3677 4173 dominarentur,
3710 4106 3802 4162 alii

2218 4209 2590 4273 subderentur,
2624 4222 2729 4261 non
2757 4207 2811 4260 in
2841 4206 2950 4258 suis
2979 4202 3257 4259 elementis
3281 4208 3637 4269 congruenter
3658 4199 3806 4254 vive-

2217 4312 2337 4360 rent
2362 4344 2378 4370 ,
2408 4316 2513 4356 non
2538 4300 2766 4369 denique
2793 4298 2901 4352 suis
2930 4297 3060 4352 locis
3085 4296 3338 4351 haberent
3362 4294 3597 4349 membra
3622 4292 3806 4361 dispo-

2218 4395 2320 4450 sita
2349 4435 2364 4459 ,
2392 4402 2451 4448 ut
2492 4392 2581 4446 illa
2620 4391 2801 4445 omnia
2837 4405 2956 4459 qua:
2996 4403 3132 4443 vana
3162 4387 3248 4441 isti
3275 4385 3577 4441 fabulantur
3598 4425 3613 4451 ,
3642 4397 3804 4454 agerc

2218 4496 2454 4560 possent.
2485 4485 2580 4540 Dei
2607 4493 2781 4540 autem
2812 4489 3052 4538 naturam
3080 4483 3123 4535 si
3154 4497 3259 4535 non
3291 4488 3551 4535 mortuam
3592 4478 3799 4543 dicunt,

2218 4579 2346 4651 quid
2385 4576 2673 4633 secundum
2707 4590 2892 4631 eorum
2936 4574 3222 4627 vanitatem
3254 4572 3475 4627 suscitat
3513 4568 3755 4624 Christus
3776 4568 3803 4621 ?

2218 4671 2274 4728 Si
2305 4686 2409 4726 non
2458 4669 2641 4723 dicunt
2687 4682 2881 4737 trgram
2908 4708 2923 4733 ,
2953 4663 3081 4735 quid
3124 4664 3323 4719 curat?
3349 4663 3404 4717 Si
3457 4675 3561 4715 non
3615 4659 3802 4713 dicunt

2218 4762 2459 4828 oblitam,
2477 4760 2602 4830 quid
2622 4756 3099 4814 commemorat?Si
3124 4771 3228 4810 non
3244 4753 3797 4822 dicuntinsipientem,

2218 4856 2344 4927 quid
2370 4856 2526 4911 docet
2545 4853 2570 4905 ?
2595 4852 2653 4908 Si
2676 4866 2782 4906 non
2809 4850 2990 4905 dicunt
3010 4848 3388 4920 perturbatam,
3416 4844 3538 4916 quid
3562 4844 3800 4898 redinte-

2220 4946 2372 5018 grat?
2398 4946 2451 5001 Si
2480 4958 2585 4999 non
2625 4944 2761 4997 victa
2798 4950 2851 4997 et
2886 4948 3038 5010 capta
3066 4949 3148 4996 est
3171 4982 3184 5006 ,
3207 4939 3332 5009 quid
3361 4936 3589 4992 liberat?
3613 4935 3668 4990 Si
3693 4949 3802 4988 non

2221 5046 2361 5107 eget,
2388 5037 2469 5091 cui
2500 5035 2781 5091 subvenit?
2804 5033 2859 5089 Si
2886 5048 2990 5088 non
3016 5032 3193 5088 amisit
3227 5046 3460 5095 sensum,
3493 5028 3619 5098 quid
3644 5040 3804 5096 vege-

2221 5130 2407 5186 tat?Si
2446 5144 2548 5184 non
2571 5137 2654 5184 est
2678 5136 2941 5184 excaecata
2965 5168 2982 5193 ,
3005 5126 3132 5197 quid
3169 5124 3475 5181 illuminat?
3498 5123 3552 5178 Si
3582 5137 3687 5176 non
3718 5127 3804 5174 est

2221 5222 2275 5279 in
2306 5223 2506 5287 dolore,
2531 5221 2659 5291 quid
2687 5219 2938 5275 recreat?
2964 5218 3019 5274 Si
3046 5233 3151 5272 non
3181 5226 3261 5271 est
3296 5216 3473 5285 iniqua
3500 5254 3515 5280 ,
3550 5210 3673 5275 quid
3704 5226 3804 5281 per

2221 5321 2486 5385 praecepta
2514 5311 2768 5380 corrigit?
2797 5310 2851 5365 Si
2883 5324 2988 5364 non
3018 5317 3099 5362 est
3118 5307 3435 5362 dedecorata
3456 5346 3469 5370 ,
3494 5302 3619 5374 quid
3644 5315 3804 5355 mun-

2223 5405 2354 5461 dat?
2375 5405 2429 5461 Si
2457 5420 2562 5459 non
2588 5402 2745 5459 estin
2773 5402 2912 5458 bello
2935 5442 2950 5468 ,
2974 5401 3057 5455 cui
3085 5399 3342 5470 promittit
3367 5397 3590 5468 pacem?
3618 5395 3673 5451 Si
3697 5408 3805 5449 non

2288 5608 2306 5638 ι
2340 5604 2505 5652 Plures
2526 5607 2652 5659 Mss,
2681 5596 3002 5662 fecunditatis.

2288 5670 2309 5700 ι
2341 5666 2442 5715 Sola
2482 5658 2770 5713 editio'tLov.
2805 5661 2883 5710 hic
2903 5660 3093 5717 omittit,
3130 5658 3305 5709 annon.

2291 5731 2309 5761 ³
2342 5726 2670 5778 (:istereiensis
2694 5732 2793 5785 Ms.,
2817 5729 2897 5772 aut
2913 5720 3115 5772 sitirent.
3130 5728 3336 5781 Quatuor
3358 5718 3584 5781 Vaticani,
3604 5720 3687 5768 aut
3710 5726 3811 5767 scr-

2226 5797 2395 5903 mfniii
2417 5859 2542 5915 Mss,
2564 5848 2664 5903 sine
2685 5847 2845 5911 aliqua
2863 5845 3090 5899 satietate.
