4094 6454
277 361 382 421 565

275 482 358 532 est
381 473 756 544 immoderata,
781 475 868 531 cui
887 475 1103 532 modum
1132 473 1264 545 legis
1288 473 1552 546 imponit?
1571 473 1628 532 Si
1650 491 1754 532 non
1772 485 1852 532 est

274 566 532 625 deformis
553 609 569 632 ,
599 568 728 638 quid
756 565 1051 624 reformat?
1077 567 1133 625 Si
1174 583 1279 623 non
1315 575 1396 624 est
1426 581 1671 639 perversa
1697 611 1710 634 ,
1734 566 1860 638 quid

274 660 550 718 emendat?
567 659 757 715 Omnia
782 661 924 716 enim
955 661 1069 716 haec
1093 675 1125 716 a
1145 659 1374 726 Christo,
1399 675 1504 715 non
1532 661 1605 715 illi
1625 659 1702 716 rei
1727 673 1864 730 prae-

274 752 400 807 stari
423 752 644 818 dicunt,
667 767 786 822 qua:
817 752 953 808 facta
981 761 1065 808 cst
1090 768 1120 808 a
1148 753 1256 808 Deo
1276 793 1291 817 ,
1315 759 1371 808 et
1396 751 1618 807 arbitrio
1643 752 1862 822 proprio

274 843 548 914 peccando
573 845 893 914 depravata;
921 845 1014 899 sed
1041 844 1140 916 ipsi
1167 852 1367 900 natura:
1387 860 1402 910 ;
1426 844 1526 914 ipsi
1554 843 1862 900 substantia:

276 933 392 1000 Dei,
414 951 535 1005 qua:
559 936 660 990 huc
686 944 770 990 est
793 936 934 1006 quod
959 937 1117 990 Deus.

339 1025 832 1083 CAPUTVXLII.—
847 1028 1248 1083 [machinarum
1273 1030 1336 1084 de
1373 1029 1470 1083 Dei
1507 1037 1693 1084 natura
1749 1029 1863 1084 δια-

273 1117 534 1186 sphemite.
575 1119 717 1187 Quid
745 1121 862 1175 istis
909 1119 1256 1190 blasphemiis
1308 1122 1602 1190 comparari
1656 1120 1865 1191 potest?

272 1209 415 1265 Nihil
444 1213 700 1277 omnino,
743 1210 838 1268 sed
881 1213 896 1244 ¹
939 1213 982 1267 si
1014 1213 1237 1267 aliarum
1264 1228 1636 1283 perversurum
1686 1221 1859 1268 secta-

273 1318 388 1356 rum
437 1303 850 1360 eonsiderentur
892 1317 1105 1358 errores
1127 1319 1146 1358 :
1171 1305 1215 1358 si
1254 1313 1434 1359 autem
1463 1303 1564 1358 iste
1587 1302 1689 1358 sibi
1714 1318 1866 1358 error

273 1409 335 1448 ex
375 1405 530 1463 parte
574 1397 780 1462 altera,
829 1396 898 1452 de
945 1411 1047 1466 qua
1089 1395 1325 1452 nondum
1386 1396 1656 1460 diximus,
1715 1409 1865 1449 com-

273 1496 494 1555 paretur
512 1528 526 1551 ,
559 1486 736 1542 adhuc
765 1487 924 1543 etiam
953 1487 1123 1542 multo
1153 1487 1306 1558 pejus
1329 1496 1387 1542 et
1411 1486 1787 1542 exsecrabiiius
1812 1486 1865 1539 in

274 1576 363 1632 Dei
385 1585 640 1632 naturam
683 1579 1056 1649 blasphemare
1100 1579 1452 1635 convincitur.
1487 1579 1680 1635 Dicunt
1721 1577 1867 1634 enim

272 1667 432 1725 etiam
460 1670 744 1726 nonnullas
783 1671 1019 1738 animas,
1047 1686 1181 1742 quas
1234 1670 1424 1727 volunt
1452 1686 1571 1727 esse
1621 1670 1689 1725 de
1733 1670 1866 1725 sub-

272 1761 471 1817 stantia
531 1762 628 1818 Dei
681 1771 736 1819 et
757 1761 1002 1833 ejusdem
1038 1764 1258 1819 omnino
1303 1771 1544 1830 naturae,
1594 1778 1712 1833 qua:
1759 1773 1868 1817 non

271 1863 462 1924 sponte
511 1855 873 1923 peccaverint,
896 1855 988 1909 sed
1019 1869 1047 1909 a
1097 1864 1256 1926 gente
1302 1854 1642 1910 tenebrarum
1663 1895 1677 1921 ,
1709 1868 1868 1925 quam

273 1948 392 2000 mali
418 1957 664 2002 naturam
687 1948 892 2016 dicunt,
920 1948 986 2003 ad
1013 1965 1170 2018 quam
1187 1949 1560 2005 debellandam
1583 1964 1688 2004 non
1705 1951 1864 2016 nitro,

273 2038 362 2093 sed
395 2041 566 2109 patris
621 2041 845 2110 imperio
873 2041 1300 2110 descenderunt,
1349 2051 1618 2114 superatae
1663 2051 1719 2099 et
1769 2058 1866 2115 0p-

273 2146 474 2201 pressm
511 2133 620 2188 sint
641 2176 656 2202 ,
689 2134 832 2205 afﬁgi
860 2136 915 2189 in
955 2145 1213 2190 mternum
1256 2135 1414 2206 globo
1441 2136 1685 2191 horribili
1714 2143 1868 2192 tene-

272 2224 512 2279 brarum.
563 2226 637 2280 Ita
692 2226 985 2282 secundum
1013 2242 1199 2282 eorum
1230 2228 1486 2298 sacrilega
1515 2228 1814 2299 vaniloquia
1848 2269 1863 2294 ,

275 2317 416 2374 Deus
439 2334 500 2374 se
531 2321 703 2389 ipsum
735 2322 790 2375 in
809 2321 1038 2391 quadam
1069 2330 1221 2391 parte
1246 2336 1276 2375 a
1299 2336 1492 2392 magno
1511 2323 1654 2376 malo
1677 2321 1872 2376 libera-

275 2411 374 2475 vit,
406 2420 466 2466 et
502 2427 688 2468 rursus
718 2427 778 2468 se
810 2413 985 2483 ipsum
1017 2413 1068 2468 in
1094 2413 1324 2484 quadam
1371 2421 1521 2482 parte
1559 2412 1866 2479 damnavit,

275 2519 434 2573 quam
461 2506 690 2562 liberare
716 2506 782 2561 ab
797 2506 949 2562 hoste
978 2523 1085 2561 non
1109 2507 1296 2577 potuit,
1315 2515 1370 2562 et
1393 2516 1643 2578 tanquam
1670 2505 1736 2560 de
1755 2505 1872 2576 ipso

276 2597 430 2652 hoste
440 2598 650 2654 devicto
663 2601 878 2671 insuper
895 2600 1256 2671 triumphavit.
1277 2602 1320 2656 0
1335 2602 1618 2656 scelestam
1632 2609 1685 2656 et
1698 2601 1873 2656 inere-

275 2688 495 2747 dibiiem
510 2691 805 2759 audaciam,
822 2693 946 2748 talia
961 2694 1027 2750 de
1044 2695 1152 2749 Deo
1168 2693 1440 2757 credendi,
1457 2692 1581 2748 talia
1596 2692 1865 2763 loquendi,

275 2785 398 2838 talia
440 2785 798 2854 praedicandi!
829 2785 984 2854 Quod
1017 2801 1138 2841 cum
1167 2784 1455 2841 defendere
1495 2793 1783 2852 conantur,
1815 2792 1876 2840 ut

277 2877 327 2932 in
353 2879 539 2948 pejora
571 2879 774 2934 irruant
801 2879 998 2934 clausis
1028 2879 1194 2935 oculis
1221 2921 1234 2945 ,
1265 2879 1450 2934 dicunt
1475 2880 1496 2911 ¹
1529 2877 1683 2933 malae
1720 2886 1874 2933 natu-

277 2987 350 3028 ra:
376 2972 819 3029 commixtionem
878 2971 1057 3028 facere
1106 2971 1241 3039 ista,
1272 2977 1330 3026 nt
1368 2971 1508 3027 bona
1549 2970 1646 3026 Dei
1685 2977 1875 3026 natura

282 3072 427 3119 tanta
461 3063 607 3118 mala
635 3065 869 3133 patiatur
899 3082 912 3118 :
947 3078 1071 3118 nam
1100 3063 1268 3134 ipsam
1295 3063 1436 3133 apud
1462 3077 1522 3118 se
1547 3061 1716 3132 ipsam
1740 3061 1872 3115 nihil

279 3153 473 3210 borum
495 3156 604 3225 pati
645 3155 886 3224 potuisse
931 3155 1017 3211 vel
1047 3169 1224 3226 posse.
1255 3153 1419 3220 Quasi
1450 3152 1573 3208 inde
1601 3152 1871 3208 laudanda

281 3247 349 3303 sit
372 3257 564 3302 natura
590 3246 1006 3318 ineorruptibiiis
1029 3287 1042 3312 ,
1073 3246 1195 3317 quia
1229 3247 1340 3316 ipsa
1367 3245 1468 3301 sibi
1491 3261 1596 3300 non
1622 3253 1798 3312 nocet,
1822 3251 1878 3301 et

281 3354 388 3395 non
411 3341 536 3411 quia
564 3339 698 3394 nihil
718 3341 768 3396 ei
795 3340 976 3395 noceri
999 3339 1066 3394 ab
1088 3339 1268 3408 aliquo
1285 3346 1476 3409 potest.
1504 3337 1705 3394 Deinde
1719 3337 1765 3393 si
1781 3352 1878 3393 na-

283 3441 395 3487 tura
423 3432 768 3488 tenebrarum
809 3431 992 3488 nocuit
1039 3439 1242 3487 natura:
1291 3431 1417 3498 Dei,
1449 3437 1504 3486 et
1544 3438 1733 3485 natura
1779 3429 1878 3485 Dei

283 3527 465 3582 nocuit
491 3535 694 3582 natura
716 3525 1094 3592 tenebrarum;
1124 3524 1231 3580 duo
1255 3539 1382 3596 ergo
1426 3523 1568 3579 mala
1591 3531 1716 3578 sunt
1757 3536 1878 3593 qua:

281 3621 384 3677 sibi
409 3621 642 3677 invicem
672 3629 1008 3685 nocuerunt,
1051 3629 1101 3676 et
1129 3619 1349 3674 meliore
1393 3617 1572 3673 animo
1612 3616 1710 3672 fuit
1746 3627 1878 3687 gens

285 3715 625 3771 tenebrarum
649 3756 666 3783 ,
694 3715 817 3784 quia
842 3722 896 3770 et
921 3714 966 3768 si
994 3711 1175 3768 nocuit
1192 3753 1207 3781 ,
1235 3713 1424 3768 nolens
1449 3711 1631 3766 nocuit
1659 3727 1672 3764 :
1705 3722 1878 3780 neque

284 3807 423 3861 enim
450 3821 680 3873 nocere,
709 3803 807 3861 sed
845 3804 950 3860 frui
976 3803 1145 3860 voluit
1172 3803 1315 3859 bono
1344 3801 1461 3858 Dei.
1512 3801 1655 3858 Deus
1695 3809 1877 3856 autem

284 3897 427 3953 illam
447 3899 786 3968 exstinguere
813 3896 1002 3964 voluit,
1032 3896 1168 3951 sicut
1189 3893 1513 3950 Manichacus
1542 3891 1880 3962 apertissime

286 3990 342 4045 in
383 3990 608 4060 epistola
636 3989 839 4045 ruinosi
890 3989 972 4044 sui
1017 3986 1373 4044 Fundamenti
1428 3984 1640 4040 delirat.
1671 3982 1880 4039 Oblitus

286 4081 431 4137 enim
451 4080 590 4151 quod
615 4079 773 4152 paulo
798 4088 922 4135 ante
950 4079 1179 4146 dixerat,
1211 4076 1295 4132 Ita
1323 4088 1487 4131 autem
1516 4073 1737 4146 fundata
1766 4085 1882 4129 sunt

287 4173 516 4246 ejusdem
539 4173 949 4244 splendidissima
981 4188 1137 4242 regna
1175 4185 1332 4242 supra
1363 4167 1582 4223 lucidam
1605 4176 1651 4222 et
1687 4165 1883 4220 beatam

291 4273 511 4332 terram,
542 4271 600 4318 ut
642 4281 676 4318 a
722 4265 865 4318 nullo
903 4278 1126 4334 unquam
1162 4269 1251 4315 aut
1281 4260 1498 4325 moveri,
1547 4268 1636 4313 aut
1683 4256 1886 4312 concuti

292 4358 522 4428 possint;
569 4365 750 4427 postea
785 4356 959 4412 dixit:
1007 4354 1160 4410 Lucis
1186 4369 1300 4408 vero
1341 4352 1638 4408 beatissime
1681 4351 1842 4407 Pater
1865 4394 1880 4419 ,

292 4450 450 4504 sciens
484 4450 646 4505 labent
668 4465 904 4520 magnam
930 4464 990 4501 ac
1005 4447 1288 4502 vastitatem
1312 4460 1424 4516 qua:
1453 4461 1514 4499 ex
1537 4443 1748 4499 tenebris
1768 4458 1884 4498 sur-

292 4550 446 4613 geret,
471 4541 711 4594 adcersus
730 4557 820 4594 sua
836 4548 1010 4594 sancta
1031 4538 1320 4608 impendere
1339 4535 1546 4604 saecula,
1565 4535 1661 4588 nisi
1681 4531 1887 4602 aliquod

295 4635 534 4688 exintium
581 4649 641 4686 ac
676 4631 978 4703 praclarum
1007 4639 1056 4684 et
1083 4630 1264 4684 virtute
1289 4635 1463 4699 potens
1508 4641 1693 4680 numen
1727 4639 1889 4694 oppo-

296 4735 379 4780 nat
409 4726 454 4794 ⁸,
478 4741 578 4796 quo
599 4734 800 4795 superet
815 4723 966 4778 simul
985 4739 1045 4776 ac
1071 4721 1298 4776 destruat
1311 4717 1520 4789 stirpem
1543 4716 1885 4783 tenebrarum,

297 4837 393 4890 qua
433 4818 681 4873 exstincta
733 4827 976 4888 perpetua
1023 4816 1159 4886 quies
1203 4813 1334 4868 lucis
1379 4810 1558 4866 incolis
1603 4816 1888 4880 pararetur.

298 4911 432 4966 Ecce
457 4909 636 4964 timuit
653 4908 828 4965 labem
849 4923 911 4963 ac
929 4907 1231 4962 vastitatem
1254 4901 1654 4974 impendentem
1677 4897 1890 4956 sacculis

299 5006 426 5059 suis.
459 5004 619 5060 Certe
648 5002 725 5058 sic
750 5011 902 5058 erant
929 4999 1144 5056 fundata
1164 5014 1324 5069 super
1350 4996 1578 5052 lucidam
1597 5003 1652 5049 et
1678 4993 1892 5048 beatam

302 5109 498 5154 terram
517 5141 534 5164 ,
565 5106 679 5153 uta
705 5097 851 5152 nullo
878 5110 1110 5167 unquam
1135 5091 1340 5148 moveri
1379 5099 1471 5145 aut
1517 5087 1729 5144 concuti
1771 5098 1895 5156 pos-

301 5190 460 5247 sent?
491 5190 635 5247 Ecce
657 5206 688 5246 a
704 5191 897 5246 timore
918 5202 1112 5243 nocere
1137 5185 1306 5240 voluit
1329 5183 1518 5238 vicina:
1543 5178 1706 5252 genti,
1736 5189 1897 5245 quam

304 5284 583 5339 destruere
609 5290 664 5338 et
708 5283 1046 5352 exstinguere
1089 5285 1310 5335 conatus
1358 5283 1441 5331 est
1465 5316 1481 5342 ,
1526 5281 1587 5328 ut
1641 5278 1896 5341 perpetua

306 5375 457 5446 quies
487 5373 622 5430 lucis
651 5373 838 5429 incolis
877 5381 1173 5442 pararetur.
1205 5354 1382 5437 Quare
1420 5379 1530 5420 non
1558 5360 1789 5428 addidit,
1832 5360 1900 5414 Et

309 5476 624 5538 perpetuum
650 5464 918 5520 vinculum
938 5463 964 5517 ἲ
987 5463 1070 5518 An
1113 5461 1218 5517 illae
1248 5460 1440 5514 animte
1478 5470 1612 5528 quas
1641 5455 1693 5508 in
1741 5451 1902 5524 globo

309 5560 656 5618 tenebrarum
681 5557 739 5613 in
765 5564 1025 5612 aeternum
1066 5552 1286 5624 conligit
1308 5593 1325 5621 ,
1369 5565 1479 5606 non
1517 5553 1671 5606 erant
1713 5542 1904 5600 incolas

376 5713 395 5746 ι
428 5719 550 5772 Vox,
575 5708 680 5772 sed,
702 5710 844 5773 abest
866 5708 928 5773 ab
948 5707 1194 5773 EraLugd.
1218 5714 1339 5773 Ven,
1363 5712 1476 5773 Loy.
1553 5709 1638 5773 tu."
1739 5759 1768 5773 η

374 5777 398 5807 ²
430 5760 680 5838 aditi—ne
711 5760 764 5824 in
807 5771 975 5838 pejora
1019 5760 1244 5834 irruant,
1291 5767 1469 5824 clausis
1511 5761 1662 5821 oculis
1716 5760 1900 5817 dicunt.

313 5837 640 5890 lmendantur
665 5848 728 5886 ex
756 5837 860 5886 Mss.

379 5901 402 5937 ι
432 5898 661 5965 Plerique
680 5905 814 5965 uss,
834 5896 995 5952 trunca
1013 5899 1236 5962 opponat.

255 6033 262 6038 '
309 6011 340 6030 ν

1675 362 1876 420 LIBER
1918 362 2111 438 unus.

3441 369 3546 429 566

1973 471 2107 529 lucis
2131 515 2146 540 ,
2165 472 2232 528 de
2257 471 2445 545 quibus
2471 481 2652 545 aperte
2677 475 2804 531 dicit
2821 516 2838 544 ,
2869 475 3009 547 quod
3033 492 3206 532 errare
3235 494 3289 533 se
3331 495 3362 532 a
3384 481 3551 550 priore

1971 564 2140 618 lucida
2159 579 2252 619 sua
2271 573 2454 620 natura
2476 581 2638 635 posse
2654 568 2753 622 sint
2774 565 2800 621 t
2823 568 2912 624 ubi
2941 575 2994 624 et
3014 570 3202 625 nolens
3225 577 3442 625 coactus
3467 582 3552 627 est

1968 656 2179 727 dicere,
2211 657 2377 712 libera
2403 673 2494 713 eas
2520 661 2795 715 voluntate
2835 675 3116 731 peccasse,
3148 661 3237 731 qui
3283 675 3390 717 non
3435 664 3553 719 vult

1969 757 2242 819 peccatum
2271 764 2472 819 ponere
2517 751 2617 806 nisi
2662 752 2714 806 in
2765 752 3082 808 necessitate
3108 760 3311 809 natura:
3334 765 3552 810 contra-

1968 841 2064 896 τίω
2095 858 2108 896 :
2140 841 2334 912 ubique
2361 843 2605 898 nesciens
2629 843 2757 914 quid
2778 845 3026 916 loquatur
3045 887 3058 910 ,
3088 853 3142 901 et
3163 854 3411 918 tanquam
3440 849 3555 918 ipse

1964 932 2074 1003 jam
2125 934 2360 989 inclusus
2385 934 2455 988 sit
2483 933 2536 990 in
2569 937 2907 1004 tenebrarum
2953 937 3112 1008 globo
3155 953 3312 1008 quem
3358 939 3553 1007 tinxit,

1970 1039 2213 1095 quaerens
2238 1041 2340 1097 qua
2367 1035 2559 1094 exeat,
2589 1036 2643 1084 et
2669 1043 2777 1083 non
2799 1028 3094 1085 inveniens.
3125 1029 3231 1086 Sed
3252 1029 3392 1086 dicat
3413 1031 3554 1102 quod

1969 1119 2081 1172 vult
2104 1118 2332 1174 seductis
2355 1127 2410 1175 ct
2428 1119 2659 1189 miseris,
2677 1121 2918 1190 aquibus
2948 1121 3116 1176 multo
3142 1122 3370 1192 amplius
3393 1133 3552 1192 quam

1969 1210 2211 1267 Christus
2241 1211 2533 1267 honoratur
2557 1257 2572 1279 ,
2603 1220 2661 1268 ut
2692 1214 2792 1268 hoc
2823 1215 2992 1284 pretio
3019 1224 3124 1269 tam
3150 1215 3334 1286 longas
3364 1226 3416 1271 et
3445 1224 3552 1270 tam

1971 1307 2251 1376 sacrilegas
2273 1307 2349 1362 eis
2370 1305 2574 1362 fabulas
2591 1307 2801 1361 vendat.
2821 1308 2972 1362 Dicat
2997 1308 3137 1378 quod
3159 1309 3292 1376 vult,
3319 1309 3556 1364 includat

1971 1398 2023 1452 in
2045 1399 2202 1469 globo
2228 1408 2476 1469 tanquam
2504 1401 2558 1454 in
2579 1413 2794 1455 carcere
2830 1408 3041 1469 gentem
3087 1401 3431 1456 tenebrarum
3450 1442 3464 1464 ,
3495 1409 3552 1455 et

1971 1491 2271 1548 forinsecus
2297 1492 2474 1564 alligat
2524 1503 2766 1547 naturam
2799 1493 2965 1559 lucis,
2995 1492 3081 1548 cui
3126 1493 3192 1549 de
3221 1493 3375 1548 hoste
3425 1507 3554 1548 exs-

1972 1585 2138 1640 tincto
2186 1585 2416 1656 quietem
2447 1595 2757 1658 perpetuam
2815 1584 3152 1654 promittebat
3187 1599 3353 1640 :ecce
3401 1585 3553 1654 pejor

1973 1685 2056 1733 est
2106 1692 2264 1747 poena
2311 1677 2448 1732 lucis
2477 1691 2637 1748 quam
2665 1677 3039 1740 tenebrarum,
3090 1675 3240 1745 pejor
3265 1683 3349 1730 est
3396 1688 3555 1745 poena

1973 1769 2165 1824 divina:
2194 1779 2396 1825 natura:
2423 1785 2578 1840 quam
2601 1768 2772 1840 gentis
2793 1767 3052 1823 adversas.
3081 1765 3170 1820 Iila
3219 1767 3413 1836 quippe
3457 1765 3558 1820 etsi

1973 1860 2028 1916 in
2055 1859 2286 1916 tenebris
2317 1861 2456 1914 intus
2478 1867 2590 1926 est,
2624 1858 2690 1914 ad
2713 1866 2955 1913 naturam
2982 1858 3099 1927 ejus
3125 1856 3356 1926 pertinet
3383 1855 3435 1908 in
3469 1859 3556 1909 te-

1975 1955 2160 2011 nebris
2208 1954 2446 2009 habitare
2476 1970 2489 2006 :
2538 1953 2728 2008 animm
2758 1959 2932 2006 autem
2965 1966 3081 2020 qua:
3134 1948 3237 2004 hoc
3266 1957 3390 2003 sunt
3415 1945 3559 2016 quod

1975 2048 2116 2104 Deus
2139 2088 2154 2115 ,
2186 2063 2292 2102 non
2319 2053 2567 2116 poterunt
2596 2045 2797 2115 recipi,
2842 2044 2978 2098 sicut
3003 2042 3162 2107 dicit,
3196 2041 3247 2095 in
3279 2055 3439 2110 regna
3471 2038 3560 2093 illa

1973 2139 2194 2211 paciﬁca
2213 2181 2226 2205 ,
2259 2146 2312 2194 et
2341 2155 2369 2192 a
2391 2139 2497 2192 vita
2520 2152 2583 2192 ac
2602 2137 2844 2192 libertate
2873 2145 3071 2190 sanctae
3093 2133 3225 2186 lucis
3250 2131 3562 2186 aiienabun-

1973 2239 2061 2286 tur
2084 2274 2099 2298 ,
2123 2239 2176 2285 et
2203 2229 2538 2300 conligentur
2559 2229 2610 2283 in
2635 2227 2886 2298 praadieto
2913 2224 3154 2280 horribili
3184 2223 3340 2294 globo
3373 2239 3386 2276 :
3419 2220 3562 2277 unde

1975 2333 2022 2377 et
2047 2321 2374 2376 adhaerebunt
2393 2362 2408 2388 ,
2439 2319 2641 2391 inquit,
2673 2319 2736 2373 iis
2755 2317 2903 2372 rebus
2923 2317 3105 2370 animm
3125 2314 3314 2368 eadem
3335 2328 3460 2384 quas
3481 2311 3562 2365 di-

1976 2418 2207 2474 lexerunt
2227 2459 2241 2484 ,
2264 2415 2455 2470 relictae
2474 2415 2525 2468 in
2547 2413 2719 2468 eodem
2746 2411 3061 2466 tenebrarunt
3081 2407 3228 2479 globo
3245 2448 3258 2472 ,
3283 2406 3385 2460 suis
3406 2405 3560 2457 meri-

1977 2513 2040 2565 tis
2067 2510 2121 2564 id
2139 2508 2235 2563 sibi
2261 2506 2626 2577 conquirentes.
2655 2503 2815 2559 Certe
2843 2516 2948 2556 non
2967 2509 3049 2555 est
3073 2499 3299 2553 liberum
3321 2494 3566 2549 volunta-

1978 2605 2046 2659 tis
2072 2600 2384 2658 arbitrium?
2423 2597 2612 2654 Videte
2639 2595 2902 2667 quomodo
2948 2591 3220 2648 insaniens
3246 2588 3371 2658 quid
3416 2587 3561 2640 dicat

1977 2697 2221 2767 ignorat,
2253 2703 2306 2749 et
2335 2692 2600 2749 contraria
2623 2689 2721 2745 sibi
2743 2687 3008 2758 loquendo
3030 2685 3180 2756 pejus
3201 2681 3396 2738 bellum
3427 2695 3560 2735 eon-

1979 2795 2060 2842 tra
2079 2800 2137 2840 se
2159 2786 2328 2855 gerit,
2359 2797 2514 2853 quam
2535 2793 2718 2836 contra
2744 2780 2901 2835 deum
2934 2776 3100 2848 ipsius
3119 2775 3291 2846 gentis
3317 2772 3564 2855 tenebra-

1977 2894 2117 2934 rum.
2151 2877 2350 2933 Deinde
2379 2876 2425 2931 si
2478 2883 2757 2945 propterea
2786 2872 3104 2927 damnantur
3134 2867 3326 2922 animce
3381 2865 3514 2920 lueis
3536 2849 3559 2931 ’,

1979 2971 2104 3043 quia
2129 2970 2434 3025 dilexerunt
2459 2967 2736 3029 tenebras;
2788 2965 2982 3034 injuste
3011 2962 3294 3016 damnatur
3319 2971 3452 3028 gens
3481 2963 3563 3010 te-

1980 3063 2267 3118 nebrarum
2287 3101 2302 3128 ,
2341 3075 2460 3130 quce
2487 3059 2660 3113 lucem
2690 3053 2892 3111 dilexit.
2922 3053 2988 3108 Et
3015 3065 3144 3123 gens
3171 3048 3381 3119 quidem
3413 3053 3566 3101 tene-

1980 3155 2195 3211 brarum
2225 3153 2397 3208 lucem
2423 3151 2490 3206 ab
2519 3149 2670 3204 initio
2701 3148 2887 3204 dilexit
2906 3188 2920 3213 ,
2958 3160 3114 3215 quam
3141 3141 3242 3198 etsi
3264 3141 3522 3196 violenter
3550 3179 3564 3203 ,

1981 3253 2160 3302 tamen
2209 3243 2484 3315 possidere
2505 3241 2710 3307 voluit,
2753 3253 2857 3292 non
2885 3237 3224 3306 exstinguere
3258 3251 3270 3287 :
3324 3231 3457 3286 lucis
3476 3244 3571 3284 au-

1981 3344 2090 3393 tem
2117 3343 2307 3390 natura
2341 3336 2393 3388 iu
2419 3333 2558 3388 bello
2585 3330 2832 3386 tenebras
2861 3330 3200 3397 exstinguere
3247 3323 3446 3388 voluit;
3479 3335 3570 3376 eas

1984 3445 2114 3500 ergo
2141 3430 2278 3484 victa
2302 3425 2506 3483 dilexit.
2537 3424 2686 3492 Quod
2715 3423 2874 3478 vultis
2904 3422 3082 3492 eligite
3115 3438 3126 3474 :
3179 3427 3354 3473 utrum
3385 3431 3572 3470 neces-

1983 3522 2143 3579 sitate
2189 3521 2464 3590 compulsa
2494 3525 2552 3572 ut
2581 3517 2824 3588 diligeret
2864 3513 3111 3570 tenebras
3131 3554 3144 3580 ,
3195 3526 3262 3564 an
3295 3509 3573 3565 voluntate

1982 3614 2223 3671 seducta.
2256 3612 2312 3668 Si
2365 3609 2718 3675 necessitate,
2749 3622 2913 3678 quare
2937 3603 3256 3661 danmatnr?
3298 3601 3343 3656 si
3380 3602 3572 3655 volun-

1986 3714 2124 3772 tate,
2153 3718 2318 3774 quare
2344 3702 2437 3758 Dei
2467 3709 2654 3756 natura
2699 3698 2752 3755 in
2783 3699 2926 3754 tanta
2977 3696 3253 3767 iniquitate
3282 3691 3574 3763 deprehen-

1985 3800 2163 3856 ditur?
2192 3797 2251 3853 Si
2293 3795 2614 3853 necessitate
2660 3793 2759 3848 Dei
2805 3797 2995 3847 natura
3035 3795 3216 3860 coacta
3241 3793 3324 3843 est
3351 3785 3574 3857 diligere

1986 3892 2272 3959 tenebras,
2320 3890 2461 3945 victa
2489 3895 2575 3944 est
2617 3900 2780 3957 ergo,
2813 3897 2920 3940 non
2960 3883 3090 3938 vicit
3123 3900 3135 3936 :
3168 3881 3212 3937 si
3256 3879 3529 3935 voluntate
3550 3921 3566 3944 ,

1987 3984 2114 4057 quid
2161 3983 2271 4055 jam
2299 3981 2482 4037 miseri
2517 3978 2761 4035 dubitant
2805 3973 3061 4047 peccandi
3103 3973 3432 4029 voluntatem
3479 3970 3576 4024 tri-

1986 4079 2153 4136 buere
2177 4086 2384 4134 naturae
2411 4090 2568 4148 quam
2600 4075 2741 4130 Deus
2766 4085 2833 4129 ex
2860 4067 3028 4128 nihilo
3065 4069 3220 4138 fecit,
3248 4082 3318 4125 ne
3344 4067 3578 4124 tribuant

1990 4186 2108 4229 eam
2129 4170 2235 4226 luci
2257 4183 2416 4241 quam
2442 4165 2656 4239 genuit?

2059 4259 2290 4321 CAPUT
2328 4257 2514 4316 XLIII.
2553 4288 2622 4299 —-
2664 4255 2810 4312 Mala
2849 4263 2965 4309 ante
3009 4252 3133 4308 mali
3173 4250 3578 4307 commixtionem

1990 4356 2154 4416 multa
2178 4355 2330 4411 tribui
2371 4361 2566 4409 natura:
2593 4348 2690 4405 Dei
2709 4366 2740 4404 a
2775 4347 3096 4403 Manichwis.
3145 4343 3315 4413 Quid,
3345 4343 3390 4398 si
3417 4341 3578 4397 etiam

1991 4451 2323 4510 ostendimus
2340 4489 2356 4513 ,
2375 4455 2500 4502 ante
2519 4442 2953 4500 commixtionem
2983 4439 3107 4494 mali
3128 4479 3140 4504 ,
3166 4451 3324 4509 quam
3343 4434 3581 4490 fabulose

1992 4543 2274 4600 conllctam
2303 4537 2710 4596 dementissime
2760 4532 3137 4598 crediderunt,
3182 4532 3234 4585 in
3286 4529 3401 4600 ipsa
3447 4526 3583 4583 lucis

1992 4647 2211 4706 natura,
2243 4649 2400 4706 quam
2428 4632 2644 4695 dicunt,
2681 4643 2871 4700 magna
2900 4625 3039 4682 mala
3091 4622 3293 4680 fuisse?
3340 4620 3466 4692 quid
3515 4618 3583 4672 ad

1995 4733 2124 4789 istas
2142 4726 2500 4800 biasphemias
2521 4722 2643 4779 addi
2669 4737 2826 4793 posse
2855 4715 3159 4775 videbitur?
3180 4715 3292 4771 lilie
3319 4713 3459 4769 enim
3483 4709 3582 4800 fuit

1995 4834 2282 4895 antequam
2319 4823 2676 4891 pugnaretur,
2718 4813 2850 4870 dura
2880 4822 2934 4867 et
2962 4805 3282 4866 inevitabilis
3313 4799 3581 4876 pugnandi

1997 4918 2326 4975 necessitas:
2355 4911 2605 4981 eccejam
2632 4921 2882 4979 magnum
2908 4904 3104 4960 malum
3131 4908 3410 4969 antequam
3441 4895 3584 4950 bono

1998 5011 2315 5066 misceretur
2342 5003 2586 5060 malum:
2642 4999 2822 5056 dicant
2876 4996 2978 5050 hoc
3022 4990 3196 5060 unde,
3243 5002 3363 5045 cum
3412 4983 3586 5038 adhuc

1999 5104 2146 5160 nulla
2175 5106 2317 5156 esset
2341 5098 2477 5153 facta
2503 5091 2834 5150 commixtio.
2867 5087 2923 5145 Si
2962 5095 3139 5142 autem
3168 5079 3458 5138 necessitas
3479 5091 3586 5132 non

2002 5204 2149 5262 erat,
2176 5193 2422 5249 voluntas
2449 5201 2579 5259 ergo
2603 5192 2748 5240 erat:
2781 5180 2922 5236 unde
2970 5186 3025 5234 et
3049 5177 3151 5232 hoc
3178 5183 3285 5228 tam
3335 5183 3587 5262 magnum

2003 5261 2207 5348 malum
2227 5330 2242 5356 ,
2275 5293 2333 5341 ut
2359 5283 2503 5340 Deus
2525 5281 2638 5350 ipse
2682 5283 2885 5332 natura:
2911 5286 3022 5328 suae
3058 5281 3253 5324 nocere
3283 5265 3439 5321 vellet
3461 5306 3475 5331 ,
3504 5261 3589 5318 cui

2005 5385 2189 5443 noceri
2209 5355 2275 5437 ab
2297 5379 2453 5435 hoste
2482 5389 2589 5431 non
2611 5376 2837 5443 poterat,
2867 5362 3128 5422 mittendo
3158 5376 3274 5416 eam
3304 5355 3590 5415 crudeliter

2006 5474 2374 5538 miscendam,
2423 5467 2652 5539 turpiter
2704 5458 3060 5534 purgandam,
3115 5454 3295 5525 inique
3333 5449 3592 5506 damnat»

2005 5567 2170 5626 dam?
2194 5566 2334 5621 Ecce
2361 5567 2616 5632 quantum
2641 5553 2841 5628 malum,
2875 5547 3190 5623 perniciosa:
3240 5551 3296 5600 et
3324 5541 3499 5598 noxia:
3543 5546 3594 5632 et

2009 5629 2414 5719 immanissimac
2440 5647 2731 5708 voluntatis
2754 5685 2769 5713 ,
2795 5653 3083 5715 antequam
3112 5638 3278 5696 ullum
3308 5633 3508 5691 malum
3529 5629 3594 5685 de

2010 5762 2169 5828 gente
2195 5747 2463 5808 contraria
2511 5744 2848 5800 misceretur.
2878 5739 2961 5793 An
3007 5736 3144 5790 forte
3187 5729 3460 5788 nesciebat
3495 5723 3596 5780 hoc

2013 5822 2331 5912 eventurum
2356 5837 2614 5902 membris
2653 5835 2766 5896 suis
2789 5875 2805 5908 ,
2850 5841 2910 5892 ut
2951 5831 3232 5904 diligerent
3259 5822 3508 5889 tenebras
3544 5822 3598 5878 et
