4094 6456
486 422 589 485 56³1

486 543 714 599 inimica:
733 541 1022 600 existerent
1044 548 1241 596 sancta:
1267 538 1371 593 luci
1393 577 1409 605 ,
1440 539 1575 592 sicut
1597 536 1712 605 ipse
1762 534 1926 600 dicit,
1966 531 2067 585 hoc

486 642 601 698 est,
631 648 737 688 non
770 642 970 688 tantum
1027 632 1140 687 Deo
1181 644 1315 697 suo,
1344 628 1439 684 sed
1464 628 1626 684 etiam
1684 626 1829 682 Patri
1868 626 1935 681 de
1960 641 2065 696 quo

485 725 673 779 erant?
695 725 847 781 Unde
864 740 989 795 ergo
1018 723 1119 777 hoc
1143 724 1198 776 in
1221 722 1328 775 Deo
1351 730 1457 775 tam
1483 735 1732 790 magnum
1755 719 2065 789 ignorantiae

485 819 701 884 malum,
720 826 999 887 antequam
1026 815 1191 870 ullum
1213 814 1279 869 de
1303 823 1458 885 gente
1472 812 1735 869 contraria
1754 811 2067 867 misceretur

484 911 719 965 malum?
739 910 793 965 Si
818 919 992 963 autem
1021 908 1121 962 hoc
1137 906 1370 962 futurum
1392 907 1611 972 sciebat,
1635 913 1727 959 aut
1742 904 2065 974 sempiterna

485 1002 539 1055 in
572 1002 661 1056 illo
685 1009 800 1055 erat
825 1000 1108 1055 crudelitas
1127 1041 1142 1068 ,
1172 1001 1216 1054 si
1255 1000 1322 1055 de
1359 1014 1469 1054 suae
1498 1006 1700 1052 natura:
1729 996 1905 1051 futura
1933 1011 2065 1051 con-

486 1094 827 1148 taminatione
853 1102 906 1148 et
927 1092 1267 1147 damnatione
1318 1092 1449 1146 nihil
1469 1090 1718 1156 dolebat;
1747 1096 1838 1143 aut
1866 1088 2064 1158 sempi-

484 1193 634 1240 terna
663 1184 875 1239 miseria
902 1226 916 1251 ,
946 1184 993 1238 si
1020 1184 1233 1238 dolebat
1263 1201 1277 1237 :
1308 1183 1451 1237 unde
1477 1190 1538 1237 et
1566 1182 1666 1236 hoc
1712 1189 1918 1235 tantum
1944 1194 2063 1234 ma-

484 1273 593 1327 lum
631 1274 825 1327 summi
868 1273 993 1328 boni
1038 1273 1202 1328 vestri
1251 1282 1374 1327 ante
1417 1272 1579 1326 ullam
1631 1272 2061 1325 commixtionem

482 1366 675 1420 summi
698 1366 822 1420 mali
842 1366 1040 1421 vestri?
1065 1364 1182 1435 Ipsa
1204 1374 1348 1420 certe
1364 1364 1619 1435 particula
1646 1373 1847 1419 naturae
1872 1364 2057 1434 ipsius,

482 1474 600 1527 quae
622 1459 674 1512 in
703 1458 844 1513 illius
866 1458 1009 1528 globi
1053 1466 1252 1512 aeterno
1291 1457 1504 1512 vinculo
1528 1456 1838 1527 configitur,
1888 1457 1935 1512 si
1959 1457 2063 1513 hoc

481 1548 583 1604 sibi
605 1549 883 1605 imminere
912 1547 1215 1616 nesciebat,
1246 1548 1404 1604 etiam
1434 1549 1511 1605 sic
1537 1558 1650 1604 erat
1670 1550 1723 1603 in
1752 1559 1941 1603 natura
1966 1548 2062 1604 Dei

480 1641 804 1710 sempiterna
826 1643 1153 1712 ignorantia;
1190 1644 1235 1699 si
1263 1650 1441 1699 autem
1468 1643 1704 1708 sciebat,
1738 1644 2061 1713 sempiterna

480 1732 696 1787 miseria
728 1752 740 1786 :
773 1734 914 1789 unde
937 1735 1039 1790 hoc
1067 1744 1271 1791 tantum
1320 1735 1549 1803 malum,
1581 1743 1866 1807 antequam
1894 1738 2060 1791 ullum

480 1821 548 1878 de
571 1834 729 1893 gente
756 1826 1019 1881 contraria
1045 1826 1360 1881 misceretur
1383 1827 1627 1881 malum?
1653 1829 1734 1881 An
1784 1828 1920 1883 forte
1942 1844 2057 1883 ma-
2088 1890 2093 1897 ,

480 1929 580 1983 gna
602 1916 860 1972 charitate
880 1918 1175 1987 gaudebat,
1204 1919 1323 1989 quia
1351 1934 1448 1988 per
1476 1920 1589 1989 ejus
1614 1935 1827 1990 poenam
1867 1937 2059 1993 perpe-

484 2015 570 2060 tua
597 2007 747 2075 quies
791 2009 998 2064 caeteris
1020 2009 1152 2064 lucis
1196 2010 1384 2066 incolis
1410 2011 1735 2081 parabatur?
1762 2013 1873 2069 Hoc
1897 2029 2057 2084 quam

480 2098 630 2152 nefas
653 2099 722 2153 sit
745 2098 923 2155 dicere
958 2100 1049 2170 qui
1075 2102 1251 2167 videt,
1295 2104 1601 2159 anathemet
1642 2107 1681 2158 ¹.
1732 2104 1839 2161 Sed
1868 2107 1913 2161 si
1956 2107 2059 2162 hoc

477 2188 668 2243 saltem
694 2190 765 2243 ita
792 2190 1020 2257 faceret,
1059 2202 1116 2247 ut
1154 2194 1269 2264 ipsa
1319 2194 1424 2249 luci
1456 2196 1667 2251 inimica
1705 2212 1811 2251 non
1860 2198 2013 2254 fieret
2037 2238 2056 2267 ,
2084 2181 2110 2239 ί

477 2289 659 2347 posset
682 2280 904 2338 fortasse
932 2298 1035 2338 non
1063 2293 1310 2355 tanquam
1342 2287 1434 2341 Dei
1464 2296 1672 2357 natura,
1691 2289 1785 2345 sed
1807 2297 2057 2361 tanquam

477 2371 666 2441 aliquis
697 2372 854 2427 homo
884 2374 1116 2443 laudari,
1144 2377 1231 2446 qui
1273 2394 1369 2447 pro
1416 2380 1585 2447 patria
1611 2396 1705 2435 sua
1750 2382 1907 2438 vellet
1930 2384 2057 2439 mali

477 2464 675 2534 aliquid
696 2467 836 2535 pati,
862 2469 1004 2537 quod
1030 2469 1243 2539 quidem
1274 2471 1473 2527 malum
1513 2472 1579 2528 ad
1623 2483 1832 2545 tempus
1875 2485 2057 2545 posset

475 2570 627 2621 csse,
658 2574 764 2612 non
808 2559 861 2614 in
886 2572 1145 2615 aeternum
1174 2580 1186 2616 :
1216 2578 1356 2618 nunc
1384 2580 1511 2620 vero
1535 2575 1589 2622 et
1627 2567 1769 2622 illam
1796 2568 1850 2623 in
1897 2569 2055 2639 globo

476 2647 813 2705 tenebrarum
844 2652 1197 2709 conlisionem
1220 2654 1402 2711 dicunt
1421 2665 1708 2724 aaternam,
1738 2668 1792 2715 et
1828 2675 1931 2714 non
1963 2676 2055 2716 cu-

471 2740 663 2811 jusque
686 2744 761 2798 rei
790 2784 804 2809 ,
832 2746 925 2801 sed
958 2756 1160 2802 natura:
1188 2748 1312 2814 Dei;
1348 2758 1403 2804 et
1444 2751 1625 2820 utique
1663 2752 2054 2822 iniquissimum

474 2843 528 2886 ct
573 2836 899 2893 exsecrabile
947 2849 1001 2895 et
1053 2840 1389 2898 ineliabiliter
1429 2845 1743 2917 sacrilegum
1796 2847 2051 2917 gaudium

476 2931 592 2978 erat
612 2964 629 2991 ,
657 2926 701 2980 si
730 2926 823 2982 Dei
852 2938 1036 2985 natura
1060 2933 1325 3002 gaudebat
1353 2948 1412 2990 se
1434 2936 1682 2992 tenebras
1710 2937 2047 3007 dilecturam,

473 3023 525 3068 et
550 3014 653 3071 luci
680 3028 876 3074 sanctae
906 3022 1172 3077 inimicam
1215 3024 1467 3080 futuram.
1500 3026 1653 3082 Unde
1680 3028 1781 3084 hoc
1810 3039 1915 3084 tam
1948 3032 2052 3086 im-

475 3120 632 3163 mane
658 3116 712 3163 et
727 3110 1011 3166 scelestum
1048 3115 1242 3169 malum
1264 3158 1278 3181 ,
1304 3125 1588 3186 antequam
1610 3118 1771 3172 ullum
1799 3135 1863 3174 ex
1890 3131 2051 3190 gente

473 3200 735 3253 contraria
762 3201 1077 3259 misceretur
1104 3208 1340 3261 malum?
1364 3208 1493 3275 Quis
1540 3218 1645 3264 tam
1668 3225 1970 3279 perversam
1998 3221 2053 3268 et

475 3298 582 3344 tam
611 3291 827 3361 impiam
883 3293 1019 3351 {erat
1046 3296 1340 3366 insaniam,
1374 3315 1583 3355 summo
1635 3302 1775 3357 malo
1815 3304 2051 3360 tribuere

472 3390 614 3437 tanta
661 3384 831 3454 bona,
862 3396 914 3443 et
958 3402 1169 3446 summo
1197 3390 1372 3459 bono,
1403 3393 1544 3463 quod
1576 3394 1717 3450 Deus
1742 3404 1856 3462 est,
1907 3405 2050 3452 tanta

470 3476 651 3529 mala?

470 3659 764 3729 excogitata:
813 3662 867 3715 in
899 3660 1025 3717 Deo.
1053 3663 1169 3718 Jam
1197 3680 1326 3720 vero
1350 3666 1490 3735 quod
1520 3667 1686 3737 ipsam
1715 3677 1921 3737 partem
1948 3685 2047 3724 na-

468 3757 601 3803 tura:
631 3751 724 3807 Dei
745 3752 928 3809 dicunt
952 3755 1145 3826 ubique
1169 3759 1485 3827 permixtam
1512 3761 1563 3814 in
1591 3761 1761 3825 ctelis,
1786 3762 1839 3815 in
1868 3764 2046 3831 terris,

468 3840 567 3894 sub
590 3845 768 3911 terris,
809 3845 862 3899 in
892 3847 1139 3903 omnibus
1162 3850 1493 3919 corporibus,
1524 3852 1678 3907 siccis
1716 3863 1769 3909 et
1795 3854 2047 3922 humidis,

468 3930 520 3983 in
550 3933 795 3989 omnibus
822 3936 1090 4006 carnibus,
1116 3939 1170 3994 in
1199 3941 1443 3996 omnibus
1463 3944 1755 3999 seminibus
1775 3945 2045 4013 arborum,

470 4018 779 4088 herbarum,
820 4024 1114 4095 hominum,
1144 4030 1451 4087 animalium
1486 4049 1628 4089 :non
1654 4038 1891 4105 potentia
1914 4037 2050 4093 divi-

467 4112 647 4167 nitatis
674 4114 789 4171 sine
809 4116 920 4172 ullo
939 4133 1077 4174 nexu
1098 4120 1628 4192 incoinquinabiliter,
1650 4126 2046 4199 inviolabiliter,

469 4204 940 4275 incorruptibiliter
982 4211 1226 4266 omnibus
1270 4213 1428 4269 rebus
1472 4215 1910 4275 administrandis
1955 4234 2045 4276 re-

466 4295 757 4366 gendisque
786 4308 1122 4369 praesentem,
1140 4303 1282 4373 quod
1312 4320 1408 4361 nos
1429 4306 1496 4362 de
1522 4308 1635 4364 Deo
1653 4310 1880 4367 dicimus
1904 4329 1917 4377 ;
1949 4312 2048 4369 sed

470 4386 706 4455 ligatam,
739 4403 1070 4459 oppressam,
1105 4394 1381 4464 pollutam,
1427 4413 1585 4468 quam
1622 4401 1777 4467 solvi,
1807 4402 2043 4473 liberari,

467 4478 787 4548 purgarique
812 4480 1014 4550 dicunt,
1044 4499 1151 4540 non
1192 4487 1363 4542 solum
1394 4504 1488 4558 per
1513 4490 1811 4547 discursum
1832 4494 1963 4550 solis
1993 4503 2049 4552 et

467 4566 627 4635 luna3,
646 4578 699 4624 et
719 4571 939 4629 virtutes
954 4574 1101 4643 lucis,
1130 4592 1313 4633 verum
1334 4580 1494 4635 etiam
1525 4598 1620 4652 per
1646 4583 1861 4641 Electos
1888 4601 2044 4643 suos:

468 4660 571 4717 hoc
612 4678 781 4734 genus
822 4665 1187 4725 nefandissimi
1229 4674 1428 4728 erroris
1454 4690 1615 4744 quam
1662 4678 1946 4749 sacrilegas
1993 4688 2049 4735 et

466 4756 803 4814 incredibiles
851 4762 1209 4830 turpitudines
1260 4765 1338 4820 eis
1380 4766 1636 4834 suadeat,
1681 4770 1890 4824 etiamsi
1938 4784 2047 4826 non

463 4850 798 4917 persuadeat,
830 4851 1084 4910 horribile
1104 4864 1184 4911 est
1208 4856 1407 4913 dicere.
1438 4859 1628 4914 Dicunt
1657 4860 1798 4915 enim
1823 4861 2047 4919 virtutes

463 4941 598 4996 lucis
630 4942 991 5014 transfigurari
1034 4946 1090 5001 in
1127 4949 1398 5004 masculos
1440 4950 1713 5021 pulchros,
1764 4960 1818 5007 et
1845 4955 2044 5023 opponi

462 5030 675 5087 feminis
702 5035 873 5104 gentis
899 5037 1237 5093 tenebrarum
1262 5056 1276 5104 ;
1303 5049 1357 5095 et
1382 5040 1599 5095 easdem
1619 5056 1802 5099 rursus
1823 5045 2044 5101 virtutes

462 5123 595 5179 lucis
640 5125 1004 5196 transfigurari
1047 5129 1101 5183 in
1131 5128 1358 5185 feminas
1398 5130 1684 5199 pulchras,
1740 5142 1795 5190 et
1844 5138 2042 5206 opponi

465 5216 716 5271 masculis
752 5219 925 5287 gentis
974 5221 1346 5288 tenebrarum;
1378 5230 1435 5277 ut
1476 5239 1569 5292 per
1598 5225 2041 5294 pulchritudinem

464 5319 615 5362 suam
654 5306 988 5367 inflamment
1022 5311 1419 5382 spurcissimam
1448 5315 1721 5373 libidinem
1747 5320 2043 5391 principum

527 5463 547 5537 ξ
582 5471 762 5537 Am._et
784 5471 859 5537 Er.
888 5482 902 5517 :
937 5476 1036 5517 Hoc
1058 5480 1202 5537 quam
1224 5469 1357 5537 nefas
1376 5470 1436 5519 sit
1459 5469 1636 5537 dicere,
1664 5478 1851 5524 natura:
1869 5475 1959 5525 Dei
1979 5476 2048 5526 sic

462 5524 720 5595 subveniri,
742 5528 1027 5595 quicumque
1039 5524 1193 5591 audit,
1221 5524 1657 5595 an'athematizaret,
1676 5543 1768 5584 etc.
1797 5524 1925 5595 Lov.,
1948 5524 2051 5587 Hoc

465 5600 608 5656 quam
625 5589 841 5658 perussit
862 5589 1040 5658 dicere,
1064 5589 1251 5658 natura:
1279 5592 1363 5658 Dei
1385 5609 1415 5643 a
1438 5589 1623 5645 natura
1638 5589 1721 5646 hei
1744 5598 1813 5647 sic
1836 5589 2051 5650 subveni-

466 5649 527 5721 ri,
554 5649 838 5721 quicumque
855 5650 1009 5721 audit,
1032 5654 1468 5721 aturthematizaret,
1488 5666 1583 5721 etc.
1612 5666 1663 5721 At
1687 5660 1901 5721 melioris
1924 5649 2051 5710 nota:

468 5718 596 5782 διεδ.)
635 5717 827 5771 omisso,
874 5718 1060 5782 "(illth
1084 5717 1171 5782 Dei
1196 5730 1245 5782 __a
1274 5724 1449 5782 natura
1582 5720 1650 5770 sic
1683 5720 1939 5782 subreniri,
1965 5724 2052 5774 ha-

466 5771 627 5848 bent:
653 5784 914 5848 Hocquam
934 5778 1068 5848 nefas
1090 5779 1149 5828 sit
1172 5778 1333 5829 dicere
1353 5779 1435 5848 qui
1464 5781 1606 5848 ridet,
1640 5771 1938 5848 arutthemet.'
1960 5771 2052 5837 Sed

467 5834 633 5947 spicftoc
671 5834 840 5890 saltem
876 5836 943 5890 ita
984 5834 1162 5902 faceret
1191 5854 1207 5894 :
1240 5834 1430 5905 supple,
1470 5842 1556 5895 illa
1586 5834 1823 5908 particula
1865 5834 2053 5909 natura:

1142 422 1231 477 DE
1266 418 1547 477 NATURA
1583 414 1741 474 BONI
1779 411 2053 472 CONTRA
2088 412 2520 487 MANICHAEOS,
2560 417 2617 475 S.
2656 417 3022 511 AIiGUSTlNI

3635 429 3746 491 568

2178 532 2534 601 tenebrarum,
2563 544 2616 589 ct
2639 551 2704 591 eo
2746 538 2906 593 modo
2938 538 3112 595 vitalis
3149 538 3468 611 substantia,
3515 538 3622 599 hoc
3645 555 3755 615 est,

2174 621 2269 678 Dei
2298 632 2506 693 natura,
2541 642 2700 696 quam
2725 627 2907 683 dicunt
2924 630 2978 685 in
2997 645 3183 686 eorum
3202 632 3517 702 corporibus
3538 632 3761 705 ligatam

2174 715 2440 782 teneri,ex
2463 732 2649 773 eorum
2678 721 2931 776 membris
2960 738 3055 792 per
3074 722 3241 793 ipsam
3266 720 3758 795 concupiscentiam

2171 804 2442 872 relaxatis,
2483 810 2653 864 soluta
2684 810 2869 883 fugiat,
2910 822 2964 868 et
2989 825 3235 885 suscepta
3257 818 3341 873 vel
3368 828 3590 889 purgata
3619 819 3760 875 libe-

2171 906 2335 953 retur.
2372 900 2481 955 Hoc
2502 902 2737 959 infelices
2775 907 2976 976 legunt,
3010 906 3112 963 hoc
3131 908 3332 976 dicunt,
3379 910 3482 965 hoc
3506 912 3757 981 audiunt,

2171 990 2273 1046 hoc
2298 993 2543 1061 credunt,
2572 994 2673 1051 hoc
2713 998 2763 1051 in
2811 998 2948 1054 libro
2998 1000 3225 1069 septimo
3270 1001 3531 1058 Thesauri
3565 1019 3757 1059 eorum

2174 1085 2273 1158 (sic
2300 1088 2440 1142 enim
2470 1089 2738 1160 appellant
2775 1092 3087 1162 scripturam
3131 1094 3415 1164 quamdam
3453 1095 3756 1164 Manichaei,

2170 1178 2256 1233 ubi
2278 1181 2393 1234 istre
2412 1179 2755 1250 blasphemiae
2776 1185 3089 1253 conscrime
3105 1184 3250 1257 sunt)
3282 1187 3352 1241 ita
3380 1188 3609 1256 positum
3638 1197 3755 1243 est:

2171 1268 2315 1325 Tunc
2336 1274 2507 1326 beatus
2539 1274 2625 1327 ille
2655 1273 2830 1340 Pater,
2851 1278 2937 1345 qui
2964 1277 3157 1331 lucidas
3174 1294 3322 1332 naves
3352 1279 3497 1333 habet
3522 1280 3753 1334 diverso-

2167 1362 2245 1415 ria
2270 1371 2315 1416 et
2336 1362 2621 1418 habitacula
2651 1381 2738 1418 seu
2779 1367 3169 1437 magnitudines,
3195 1384 3286 1437 pro
3329 1368 3482 1422 insita
3518 1369 3612 1422 sibi
3642 1370 3754 1423 cle-

2166 1455 2355 1508 mentia
2399 1460 2495 1526 fert
2535 1473 2701 1527 opem,
2744 1475 2843 1527 qua
2887 1460 3087 1513 exuitur
3130 1468 3176 1514 et
3221 1460 3460 1514 liberatur
3491 1462 3553 1514 ab
3580 1462 3755 1528 impiis

2167 1547 2456 1601 retinaculis
2514 1556 2561 1602 et
2600 1550 2843 1619 angustiis
2901 1560 3048 1620 atque
3090 1552 3361 1622 angoribus
3427 1567 3536 1605 sua:
3582 1552 3754 1606 vitalis

2166 1636 2456 1693 substantite
2475 1640 2512 1692 '.
2545 1638 2725 1707 Itaque
2745 1641 2982 1694 invisibili
3007 1658 3097 1695 suo
3128 1652 3253 1696 nutu
3278 1644 3394 1697 illas
3437 1658 3557 1697 suas
3585 1644 3752 1696 virtu-

2167 1735 2256 1793 tes,
2288 1744 2400 1799 qua:
2424 1730 2477 1784 in
2515 1731 2795 1785 clarissima
2821 1732 2916 1785 hac
2944 1734 3059 1786 navi
3087 1733 3332 1787 habentur
3349 1776 3364 1801 ,
3393 1735 3747 1805 transﬁgurat,

2166 1839 2345 1893 easque
2366 1840 2541 1893 parere
2564 1826 2686 1895 facit
2724 1826 2945 1880 adversis
2967 1826 3308 1895 potestatibus,
3334 1842 3449 1896 qua:
3480 1828 3532 1879 in
3573 1827 3751 1896 singu-

2165 1914 2229 1969 lis
2254 1914 2494 1970 ccelorum
2532 1917 2770 1971 tractibus
2805 1918 3052 1972 ordinata:
3089 1928 3225 1973 sunt.
3250 1918 3378 1985 Qua:
3404 1920 3645 1989 quoniam
3683 1933 3752 1973 ea:

2163 2016 2373 2077 utroque
2411 2025 2535 2064 sexu
2578 2012 2918 2064 masculorum
2962 2028 3021 2064 ac
3069 2013 3371 2081 feminarum
3418 2014 3744 2079 consistunt,

2162 2098 2275 2154 ideo
2297 2100 2563 2171 praedictas
2580 2102 2781 2156 virtutes
2798 2105 2983 2173 partim
3000 2104 3165 2173 specie
3193 2121 3461 2175 puerorum
3481 2106 3749 2159 investiuns

2163 2208 2339 2263 parere
2356 2193 2497 2263 jubet
2521 2194 2688 2264 generi
2708 2195 2914 2249 adverso
2938 2197 3255 2267 feminarum,
3287 2198 3471 2267 partim
3496 2197 3749 2267 virginum

2162 2284 2448 2339 lucidarunt
2479 2286 2644 2355 forma
2689 2289 2857 2357 generi
2898 2289 3149 2341 contrario
3178 2288 3513 2343 masculorum
3541 2306 3561 2342 :
3582 2290 3747 2344 sciens

2162 2394 2245 2431 eas
2274 2392 2444 2432 omnes
2464 2378 2670 2431 hostiles
2700 2387 2987 2447 potestates,
3024 2386 3229 2449 propter
3256 2380 3529 2450 ingenitam
3557 2379 3651 2432 sibi
3671 2381 3748 2433 le-

2162 2469 2313 2523 talem
2360 2478 2408 2522 et
2449 2469 2827 2539 spurcissimam
2864 2471 3315 2539 concupiscentiam
3334 2470 3576 2539 facillime
3602 2470 3744 2539 capi,

2160 2572 2306 2632 atque
2323 2564 2500 2616 iisdem
2526 2563 2783 2632 speciebus
2815 2564 3165 2632 pulcherrimis
3188 2579 3301 2633 qua:
3326 2572 3576 2633 apparent
3604 2580 3749 2616 man-

2160 2655 2341 2724 cipari,
2371 2656 2561 2725 hocque
2589 2656 2738 2709 modo
2775 2656 3000 2710 dissolvi.
3030 2656 3221 2711 Sciatis
3249 2666 3415 2710 autem
3441 2658 3572 2709 hunc
3600 2672 3748 2710 eum-

2160 2747 2272 2801 dem
2297 2756 2521 2801 nostrum
2551 2748 2747 2802 beatum
2770 2747 2973 2802 Patrem
2999 2750 3093 2802 hoc
3120 2748 3254 2801 idem
3278 2764 3401 2814 esse,
3430 2749 3563 2816 quod
3592 2748 3747 2800 etiam

2158 2853 2264 2892 sua:
2288 2839 2513 2905 virtutes,
2546 2856 2672 2909 quas
2716 2840 2775 2893 ob
2806 2841 3141 2895 necessariam
3168 2856 3374 2894 causam
3414 2842 3746 2909 transformat

2159 2930 2213 2983 in
2255 2947 2525 3000 puerorum
2549 2941 2593 2984 et
2627 2932 2877 3001 virginum
2918 2932 3263 2986 intemeratum
3292 2934 3311 2964 ²
3339 2932 3741 2986 similitudinem.

2163 3020 2331 3076 Utitur
2356 3032 2520 3077 autem
2549 3023 2626 3076 his
2651 3032 2891 3093 tanquam
2920 3024 3139 3093 prapriis
3159 3024 3333 3089 armis,
3364 3033 3512 3093 atque
3539 3040 3627 3092 per
3655 3038 3743 3076 eas

2157 3130 2301 3167 suam
2328 3116 2542 3184 complet
2566 3115 2890 3171 voluntatem.
2922 3115 3122 3170 Harum
3148 3132 3262 3171 vero
3282 3101 3523 3171 virtutum
3552 3116 3741 3169 divinav

2157 3221 2291 3273 rum,
2309 3222 2424 3274 qua:
2450 3208 2518 3259 ad
2538 3208 2698 3261 instar
2723 3208 2950 3278 conjugii
2978 3218 3154 3263 contra
3182 3209 3382 3279 inferna
3409 3224 3593 3280 genera
3633 3217 3741 3262 sta-

2158 3304 2385 3361 tuuntur,
2417 3314 2622 3368 qumque
2659 3300 2923 3353 alacritate
2951 3316 3009 3353 ac
3036 3300 3279 3369 facilitate
3302 3301 3357 3354 id
3382 3301 3518 3371 quod
3545 3302 3743 3370 cogita-

2156 3390 2335 3456 verint,
2358 3401 2608 3445 momento
2634 3392 2807 3446 eodem
2832 3393 3071 3462 efﬁciunt,
3110 3392 3274 3463 plenae
3296 3404 3414 3448 sunt
3430 3395 3615 3448 lucida:
3652 3411 3743 3447 na-

1520 3549 1529 3555 _
2070 3524 2083 3555 ξ
2155 3497 2257 3537 ves.
2281 3480 2461 3553 Itaque
2496 3499 2608 3537 cum
2631 3484 2761 3538 ratio
2788 3486 3072 3554 peposcerit
3103 3494 3157 3538 ut
3181 3485 3424 3539 masculis
3458 3495 3741 3556 appareant

524 3568 752 3625 CAPUT
772 3570 1389 3646 XLIV.—Turpitudines
1399 3577 1712 3634 incredibiles
1723 3595 1753 3631 a
1766 3579 1818 3631 Μ
1825 3581 2050 3636 anichazo

2156 3574 2341 3629 etedcm
2364 3584 2551 3629 sancta:
2568 3576 2792 3643 virtutes,
2818 3576 2959 3631 illico
2985 3577 3137 3631 etiam
3164 3594 3308 3632 suam
3346 3579 3555 3649 effigiem
3578 3579 3740 3649 virgi-

2155 3683 2277 3720 num
2302 3668 2755 3736 pulcherrimarum
2784 3669 2959 3724 habitu
3000 3671 3366 3726 demonstrant.
3396 3672 3591 3726 Rursus
3618 3689 3741 3727 cum

2154 3757 2223 3811 ad
2248 3758 2460 3828 feminas
2486 3768 2685 3813 ventum
2731 3760 2903 3829 fuerit,
2953 3769 3307 3833 postponentes
3349 3762 3538 3831 species
3576 3762 3740 3834 virgi-

2154 3864 2296 3915 num,
2330 3865 2600 3918 puerorum
2625 3851 2891 3905 inuestium
2916 3853 3133 3920 speciem
3160 3853 3447 3907 ostendunt.
3476 3852 3590 3907 Hoc
3634 3870 3737 3909 au-

2155 3948 2253 3993 tem
2279 3940 2388 3993 visu
2416 3940 2597 3995 decoro
2626 3942 2833 3995 illarum
2854 3942 3009 3997 ardor
3036 3951 3084 3997 et
3102 3944 3509 4013 concupiscentia
3529 3944 3735 4011 crescit,

2153 4038 2301 4101 atque
2335 4032 2429 4085 hoc
2474 4031 2625 4086 modo
2666 4032 2921 4086 vinculum
2954 4033 3290 4102 pessimarum
3327 4034 3689 4103 cogitationum
3716 4034 3741 4065 ⁸

2153 4138 2327 4175 earum
2348 4122 2577 4190 solvitur,
2604 4124 2808 4193 vivaque
2838 4124 3008 4177 anima
3034 4138 3145 4193 qua:
3173 4123 3460 4178 earumdem
3500 4123 3739 4181 membris

2155 4218 2433 4281 tenebatur,
2466 4218 2562 4271 hac
2600 4218 2859 4273 occasione
2889 4219 3063 4272 laxata
3092 4220 3274 4285 evadit,
3308 4229 3355 4273 et
3394 4236 3487 4275 suo
3515 4221 3736 4290 purissi-

2152 4323 2235 4362 mo
2259 4309 2364 4361 aeri
2390 4307 2663 4372 miscetur;
2687 4310 2771 4362 ubi
2803 4309 3001 4377 penitus
3025 4309 3214 4364 abluta:
3234 4310 3418 4364 animte
3456 4311 3739 4365 ascendunt

2152 4399 2221 4451 ad
2240 4399 2436 4452 lucidas
2457 4415 2624 4467 naves,
2651 4415 2764 4469 qua:
2785 4399 2878 4454 sibi
2894 4400 2961 4453 ad
2980 4400 3336 4454 vectationem"
3356 4409 3503 4470 atque
3539 4401 3606 4454 ad
3626 4416 3739 4455 sua:

2154 4491 2333 4560 patria:
2360 4490 2817 4560 transfretationem
2854 4500 2969 4545 sunt
2996 4502 3313 4562 prazparatce.
3354 4490 3423 4544 1d
3460 4507 3574 4545 vero
3599 4492 3738 4560 quod

2154 4582 2319 4636 adhuc
2343 4582 2539 4636 adversi
2564 4584 2761 4653 generis
2795 4582 3021 4636 maculas
3064 4591 3253 4652 portat,
3289 4598 3377 4652 per
3398 4591 3551 4635 testas
3585 4590 3741 4651 atque

2152 4673 2345 4727 calores
2366 4672 2709 4743 particulatim
2746 4671 3019 4739 descendit,
3046 4681 3194 4742 atque
3220 4672 3482 4728 arboribus
3514 4672 3739 4726 ca’teris-

2149 4782 2245 4837 que
2268 4765 2661 4835 plantationibus
2689 4780 2748 4817 ac
2768 4765 2892 4819 satis
2919 4764 3147 4818 omnibus
3174 4766 3428 4830 miscetur,
3465 4772 3513 4817 et
3542 4764 3734 4818 calori-

2152 4860 2244 4914 bus
2288 4858 2495 4913 diversis
2536 4858 2758 4925 inﬁcitur
2774 4858 2816 4911 ⁸.
2845 4856 2916 4911 Ει
2943 4873 3043 4927 quo
3087 4865 3234 4927 pacto
3263 4873 3326 4911 ea:
3354 4858 3453 4911 ista
3477 4873 3663 4926 magna
3686 4865 3737 4910 et

2151 4949 2432 5007 clarissima
2470 4952 2584 5005 navi
2608 4952 2788 5021 figuris
2811 4966 3083 5021 puerorum
3110 4966 3171 5003 ac
3198 4950 3451 5019 virginum
3481 4955 3737 5019 apparent

2152 5044 2418 5100 contrariis
2446 5042 2786 5113 potestatibus,
2814 5057 2927 5112 qua:
2968 5042 3023 5094 in
3074 5041 3210 5095 caelis
3266 5041 3471 5109 degunt,
3524 5054 3735 5108 quicque

2150 5138 2349 5208 igneam
2373 5134 2553 5188 habent
2582 5142 2849 5198 naturam;
2887 5142 3035 5201 atque
3077 5148 3138 5186 ex
3178 5131 3273 5184 isto
3296 5140 3501 5199 aspectu
3528 5130 3729 5195 decoro,

2151 5233 2265 5287 vita!
2287 5248 2405 5301 pars
2443 5246 2556 5301 qua:
2593 5232 2646 5283 in
2684 5228 2972 5283 earumdem
3001 5226 3235 5281 membris
3280 5226 3509 5291 habetur,
3559 5226 3737 5279 laxata

2152 5325 2413 5380 deducitur
2443 5340 2530 5394 per
2555 5322 2748 5377 calores
2775 5322 2829 5374 in
2854 5329 3039 5378 terram
3062 5334 3079 5371 :
3103 5318 3277 5372 eodem
3302 5316 3451 5370 modo
3472 5318 3623 5369 etiam
3645 5318 3739 5375 illa

2152 5416 2400 5472 altissima
2428 5416 2603 5482 virtus,
2625 5428 2737 5484 qua:
2763 5413 2817 5465 in
2845 5411 2960 5464 navi
2989 5410 3214 5463 vitalium
3248 5424 3494 5478 aquarum
3516 5408 3734 5473 habitat,

2153 5510 2209 5563 in
2233 5507 2561 5563 similitudine
2613 5519 2883 5575 puerorum
2929 5518 2991 5555 ac
3033 5501 3283 5572 virginum
3329 5508 3622 5555 sanctarum
3648 5514 3737 5567 per

2220 5665 2235 5694 ί
2273 5663 2459 5723 Aliquot
2480 5667 2584 5707 Mss.
2601 5694 2621 5723 ί,
2642 5672 2730 5709 sua
2752 5656 2907 5723 vitalis
2928 5654 3209 5705 substantia.

2218 5727 2244 5789 ξ
2270 5720 2388 5773 Tres
2409 5722 2613 5771 Vaticani
2636 5728 2761 5789 ωδε..
2788 5720 3164 5789 intemperatam.

2219 5786 2240 5819 ³
2272 5796 2371 5835 Duo
2394 5793 2518 5844 Mss,
2542 5782 2833 5846 passivarum
2847 5782 3195 5846 cogitationum.
3461 5845 3464 5846 ν
3794 5840 3797 5843 Δ

2218 5850 2241 5881 δ
2272 5857 2321 5898 tn
2346 5842 2769 5906 B.,evectutionem.
2784 5850 2851 5891 Er.
2876 5842 3467 5906 Al_.ugd.ﬂ\'cn.Lov.qsemti
3486 5855 3667 5894 sumus.
3685 5849 3740 5904 Μ.

2221 5915 2241 5948 ⁸
2275 5903 2494 5977 ιιιυιήἐιιω
2519 5918 2642 5973 Mss,
2668 5915 2714 5961 et
2738 5904 2972 5961 coloribus
2994 5904 3195 5961 diversis
3216 5903 3448 5971 infigitur.
