4094 6434
299 475 410 533 569
1265 503 1312 542 ,

295 603 418 646 suos
451 585 656 658 angelos
693 591 905 656 apparet
933 583 1012 638 his
1056 579 1393 652 potestatibus,
1436 593 1651 650 quorum
1693 585 1876 631 natura

293 679 488 751 frigida
507 686 580 734 est
598 687 749 748 atque
772 677 1001 744 humida,
1027 691 1231 746 qua’que
1259 675 1312 728 in
1326 672 1462 728 cretis
1479 672 1723 726 ordinatte
1739 677 1872 724 sunt.

295 772 366 827 Et
391 771 594 842 quidem
619 771 698 824 his
723 785 834 838 quae
857 769 1060 839 femina:
1089 776 1228 834 sunt,
1267 767 1318 820 in
1359 766 1483 834 ipsis
1509 764 1670 834 forma
1695 777 1876 832 puero-

291 881 408 918 rum
431 873 686 934 apparet:
717 862 956 916 masculis
983 877 1118 924 vero,
1169 859 1436 930 virginum.
1473 857 1585 910 Hac
1625 871 1736 910 vero
1765 870 1877 908 ntu-

295 957 486 1010 tatione
516 963 560 1008 et
584 953 870 1008 diversitate
897 953 1183 1006 divinarum
1206 963 1610 1018 personarumnc
1637 945 1875 1014 pulcher-

291 1049 560 1114 rimarum,
591 1045 814 1100 humida:
835 1045 1130 1116 frigidaeque
1153 1043 1326 1114 stirpis
1371 1041 1621 1112 principes
1667 1037 1877 1092 masculi

289 1141 397 1194 sive
417 1139 617 1209 femina:
659 1138 942 1202 solvuntur,
976 1145 1122 1206 atque
1140 1136 1193 1188 id
1235 1133 1371 1206 quod
1405 1134 1458 1186 in
1483 1133 1607 1202 ipsis
1627 1141 1701 1186 est
1731 1129 1878 1184 vitale

295 1231 426 1299 fugit
453 1245 470 1282 :
499 1229 636 1298 quod
655 1243 769 1282 vero
789 1227 1043 1289 resederit,
1074 1225 1300 1279 laxatum
1324 1223 1588 1278 deducitur
1614 1223 1667 1276 in
1695 1231 1878 1275 terram

291 1337 384 1390 per
425 1321 680 1392 frigora‘,
716 1330 762 1374 et
817 1319 1008 1374 cunctis
1058 1327 1205 1372 terrea
1245 1315 1504 1387 generibus
1555 1315 1874 1368 admiscetur.

291 1412 422 1480 Quis
477 1411 582 1466 hoc
618 1409 790 1466 ferat?
839 1410 955 1479 quis
984 1409 1086 1464 hoc
1113 1407 1312 1474 credat,
1341 1422 1446 1462 non
1495 1406 1612 1461 dico
1639 1406 1710 1460 ita
1735 1419 1874 1473 esse,

289 1501 386 1556 sed
411 1501 496 1556 vel
527 1500 630 1556 dici
659 1500 932 1571 potuisse?
959 1500 1095 1555 Ecce
1124 1499 1212 1570 qui
1238 1498 1516 1554 docentem
1539 1497 1728 1551 timent
1747 1509 1878 1550 ana-

293 1595 534 1650 themare
581 1593 956 1658 Manicbteum,
1007 1602 1062 1648 et
1111 1608 1217 1646 non
1271 1587 1458 1646 timent
1493 1589 1712 1646 credere
1763 1587 1880 1643 haec

289 1687 578 1744 facientem
607 1697 664 1742 et
689 1686 804 1742 haec
833 1687 1118 1756 patientem
1141 1685 1340 1740 Deum!

361 1780 590 1836 CAPUT
633 1779 790 1834 XLV.
821 1809 892 1822 σ-
918 1777 1272 1848 Turpitudines
1311 1773 1541 1844 quaedam
1583 1772 1791 1842 nefaria:
1816 1769 1879 1825 de

287 1874 416 1942 ipsis
435 1871 732 1926 Manio/uvis
747 1887 846 1925 non
859 1870 1104 1924 immerito
1124 1867 1344 1922 creditae.
1363 1866 1464 1920 Per
1479 1865 1690 1918 Eiectos
1702 1871 1876 1916 autem

291 1979 418 2018 suos
451 1963 662 2032 purgari
701 1962 884 2016 dicunt
912 1959 1154 2015 eamdem
1185 1959 1351 2028 ipsam
1382 1956 1720 2012 commixtam
1751 1970 1877 2024 par-

291 2063 400 2108 tem
429 2069 494 2108 ac
517 2063 762 2107 naturam
793 2053 905 2116 Dei,
931 2049 1298 2106 manducando
1324 2047 1527 2103 scilicet
1549 2055 1602 2102 et
1626 2045 1874 2112 bibendo,

291 2147 412 2214 quia
447 2159 564 2198 eam
590 2145 642 2198 in
668 2144 932 2198 alimentis
956 2141 1201 2196 omnibus
1224 2138 1405 2193 dicunt
1433 2136 1644 2206 ligatam
1675 2135 1874 2202 teneri;

292 2251 412 2304 qua:
460 2251 581 2290 cum
633 2235 700 2290 ab
746 2235 938 2290 Electis
999 2232 1142 2288 velut
1190 2231 1384 2284 sanctis
1431 2229 1484 2282 in
1533 2227 1878 2284 refectionem

295 2327 540 2396 corporis
585 2324 954 2380 manducando
999 2333 1052 2378 et
1091 2321 1320 2377 bibendo
1371 2327 1733 2384 assumuntur,
1785 2331 1879 2386 per

295 2432 478 2472 eorum
523 2403 860 2472 sanctitatem
911 2414 1082 2482 solvi,
1138 2411 1333 2482 signari
1380 2419 1433 2464 et
1483 2407 1714 2465 liberari.
1771 2406 1876 2462 Nec

293 2509 577 2562 attendunt
621 2507 822 2574 miseri,
851 2521 1007 2576 quam
1039 2519 1144 2559 non
1173 2503 1462 2573 incongrue
1491 2500 1558 2556 de
1583 2500 1686 2554 illis
1705 2497 1878 2554 credi-

297 2609 404 2655 tum
433 2601 522 2666 sit,
551 2601 692 2672 quod
713 2599 906 2654 frustra
937 2607 1150 2669 negant,
1181 2597 1284 2651 nisi
1312 2595 1526 2652 eosdem
1556 2593 1719 2648 libros
1744 2607 1875 2646 ana-

295 2695 674 2762 themaverint,
707 2703 762 2750 et
786 2692 1061 2748 Manichmi
1100 2706 1218 2747 esse
1266 2689 1580 2746 destiterint.
1612 2685 1666 2740 Si
1711 2685 1873 2748 enim,

293 2787 428 2840 sicut
481 2786 686 2850 dicunt,
739 2785 791 2838 in
829 2781 1076 2839 onmibus
1119 2780 1406 2834 seminibus
1451 2785 1533 2832 est
1569 2776 1724 2846 ligata
1756 2788 1878 2845 pars

297 2878 406 2940 Dei,
454 2877 606 2931 etab
633 2875 830 2932 Electis
875 2872 1243 2928 manducando
1277 2878 1560 2940 purgatur;
1601 2867 1719 2938 quis
1771 2881 1878 2920 non

295 2969 452 3039 digne
489 2969 678 3024 credat
704 2983 796 3022 eos
816 2966 1010 3032 facere,
1038 2963 1178 3035 quod
1203 2965 1338 3016 inter
1365 2962 1586 3014 virtutes
1623 2957 1878 3012 caelorum

295 3071 348 3115 et
381 3062 650 3131 principes
681 3059 1018 3115 tenebrarum
1040 3057 1152 3112 fieri
1173 3057 1226 3109 in
1253 3053 1524 3130 Thesauro
1551 3065 1648 3106 suo
1663 3051 1876 3120 legunt;

297 3152 723 3222 quandoquidem
767 3160 821 3206 et
865 3164 1053 3205 carnes
1091 3162 1214 3202 suas
1242 3146 1308 3201 de
1335 3153 1494 3216 gente
1542 3142 1880 3198 tenebrarum

297 3262 412 3302 esse
431 3247 637 3314 dicunt,
659 3255 714 3300 et
739 3246 791 3300 in
819 3246 898 3300 eis
913 3244 1126 3314 ligatam
1156 3241 1325 3296 teneri
1351 3240 1563 3294 vitalem
1591 3237 1734 3292 illam
1755 3236 1883 3292 sub-

297 3338 564 3402 stantiam,
605 3345 812 3408 partem
857 3333 1214 3402 Dci,credere
1253 3341 1412 3400 atque
1464 3328 1733 3383 afﬁrmare
1773 3343 1880 3382 non

297 3427 575 3483 dubitant?
601 3427 732 3495 Quae
755 3425 936 3496 utique
959 3425 1004 3479 si
1029 3421 1284 3478 solvenda
1305 3429 1406 3488 est,
1435 3429 1490 3476 et
1511 3417 1881 3474 manducando

297 3522 588 3593 purganda,
630 3519 767 3574 sicut
808 3533 900 3574 eos
948 3516 1102 3572 fateri
1135 3515 1277 3586 cogit
1302 3513 1540 3568 funestus
1563 3527 1714 3566 error
1739 3511 1881 3582 ipso-

299 3628 442 3676 rum;
486 3611 610 3682 quis
658 3625 766 3665 non
801 3609 996 3676 videat,
1039 3607 1158 3678 quis
1203 3621 1309 3661 non
1353 3604 1655 3669 exhorreat,
1688 3609 1882 3671 quanta

301 3703 570 3773 turpitudo
595 3711 650 3757 et
675 3715 833 3772 quam
863 3700 1062 3756 nefaria
1091 3696 1488 3768 consequatur?

367 3795 598 3852 CAPUT
621 3793 804 3848 XLVI.
825 3823 895 3833 ——
925 3791 1173 3862 Epistola:
1197 3787 1539 3843 Fundamenti
1567 3785 1762 3856 nefaria
1791 3783 1883 3837 do-

301 3890 482 3944 ctrina.
505 3887 638 3942 Nam
653 3896 708 3944 et
719 3901 750 3942 a
767 3883 1078 3956 quibusdam
1107 3881 1433 3954 principibus
1446 3879 1619 3950 gentis
1641 3877 1884 3934 tenebra-

297 4000 420 4038 rum
455 3983 534 4038 sic
577 3981 760 4037 dicunt
785 3979 954 4034 Adam
983 3978 1210 4049 primum
1236 3974 1506 4044 hominem
1526 3978 1784 4038 creatum,
1827 3973 1886 4022 ut

297 4075 484 4129 lumen
514 4074 580 4128 ab
603 4074 680 4128 eis
706 4087 773 4128 ne
801 4070 1008 4140 fugeret
1051 4075 1340 4123 teneretur.
1383 4065 1441 4120 ln
1469 4063 1690 4135 epistola
1741 4060 1885 4117 enim

299 4179 460 4234 quam
487 4161 838 4218 Fundamenti
857 4161 1144 4231 appellant,
1172 4155 1438 4230 quomodo
1467 4155 1712 4225 princeps
1742 4163 1888 4208 tene-

301 4256 540 4322 brarum,
587 4269 746 4325 quem
773 4261 977 4324 patrem
1011 4251 1181 4321 .primi
1229 4249 1462 4304 hominis
1512 4245 1784 4311 inducunt,
1818 4241 1888 4298 ad

301 4357 526 4402 caeteros
589 4345 764 4400 socios
815 4357 941 4398 suos
995 4341 1333 4396 tenebrarum
1372 4337 1638 4408 principes
1681 4337 1888 4390 locutus

305 4439 464 4494 fuerit
489 4447 544 4493 et
564 4437 752 4508 egerit,
776 4437 846 4490 ita
872 4435 1088 4504 scripsit
1115 4432 1435 4488 Manichzeus
1459 4449 1474 4485 :
1505 4429 1702 4498 Iniquis
1730 4428 1886 4498 igitur

305 4534 598 4588 commentis
623 4533 692 4586 ad
738 4547 820 4586 eos
871 4529 957 4600 qui
985 4527 1197 4582 aderant
1233 4527 1344 4580 ait:
1376 4525 1510 4590 Quid
1536 4523 1670 4576 vobis
1691 4521 1886 4575 videtur

307 4625 586 4681 inanimum
621 4625 717 4678 hoc
746 4621 912 4676 lumen
947 4619 1082 4690 quod
1121 4617 1320 4672 oritur?
1353 4613 1630 4670 Intuemini
1654 4609 1891 4682 quemad-

309 4719 514 4772 modum
565 4717 740 4788 polum
777 4723 974 4782 movet,
1026 4710 1246 4766 concutit
1302 4708 1552 4779 plurimas
1607 4711 1890 4774 potestates.

315 4810 633 4880 Quapropter
683 4807 808 4862 mihi
853 4822 938 4861 vos
979 4805 1142 4876 potius
1187 4817 1385 4872 aequum
1430 4799 1562 4864 est’,
1601 4797 1653 4850 id
1681 4794 1894 4868 quodin

312 4904 480 4956 vestris
525 4901 710 4956 viribus
754 4897 946 4952 habetis
988 4895 1188 4950 luminis
1223 4907 1508 4963 praerogare
1543 4904 1560 4942 :
1600 4889 1671 4942 sic
1709 4887 1894 4958 quippe

313 4995 448 5048 illius
469 4992 644 5064 magni
684 4991 768 5061 qui
793 4989 1042 5061 gloriosus
1087 4984 1344 5056 apparuit,
1371 4981 1638 5052 imaginem
1681 4979 1892 5048 ﬁngam,

317 5103 402 5152 per
446 5101 604 5156 quant
650 5097 862 5154 regnare
910 5080 1180 5152 poterimus
1199 5118 1214 5142 ,
1263 5074 1578 5130 tenebrarum
1623 5069 1896 5134 aliquando

319 5174 690 5230 conversatione
719 5171 934 5226 liberati.
969 5169 1090 5223 llazc
1121 5165 1400 5230 audientes,
1430 5180 1488 5216 ac
1513 5161 1600 5216 diu
1625 5177 1792 5214 secum
1811 5158 1899 5213 de-

317 5267 603 5330 liberantes,
617 5264 956 5335 justissintum
977 5265 1268 5332 putaverunt
1295 5257 1346 5310 id
1368 5254 1500 5324 quod
1519 5251 1900 5322 postulabantur

295 5360 560 5428 praebere.
594 5356 704 5410 Nec
744 5356 878 5410 enim
919 5353 1138 5422 ﬁdebant
1169 5366 1220 5403 se
1245 5349 1376 5401 idem
1403 5347 1569 5400 lumen
1603 5343 1796 5414 jugiter
1820 5356 1902 5394 re-

321 5461 582 5506 tenturos:
611 5449 745 5502 unde
771 5445 950 5500 melius
979 5443 1078 5497 rati
1107 5449 1222 5496 sunt
1245 5437 1460 5510 principi
1505 5451 1596 5489 suo
1625 5433 1678 5486 id
1698 5431 1916 5501 offerre,

322 5563 634 5618 nequaquam
683 5543 1000 5614 desperantes
1048 5537 1224 5594 eodem
1268 5551 1320 5590 se
1357 5541 1502 5604 pacto
1529 5530 1548 5561 ³
1583 5537 1900 5600 regnaturus.

386 5768 403 5798 ⁸
443 5765 632 5830 Aliquot
650 5763 814 5830 proba:
837 5767 965 5811 nota:
983 5763 1110 5830 Mss,
1134 5751 1455 5830 prqfﬁqu‘g

383 5830 404 5938 ἶ
413 5812 1164 5938 ὲοηῖῐρηαρνορὲώ·
1187 5812 1302 5870 mihi
1317 5812 1442 5867 vobis
1463 5823 1580 5877 opus
1595 5813 1681 5862 est.
1709 5815 1910 5872 usquam

325 5891 466 5942 estid
491 5891 640 5952 quod,
663 5897 758 5937 etc.
787 5949 797 5952 Α
825 5895 878 5934 Μ.
922 5947 938 5952 _
998 5951 1004 5952 γ
1197 5921 1226 5940 ο

389 5955 412 5990 ³
446 5947 694 6006 Vaticanus
715 5949 886 6014 codex,
909 5947 1052 6014 facto.

1717 460 1916 520 LIBER
1959 464 2152 520 UNUS.

3453 461 3564 530 570

1990 579 2100 646 Quo
2123 578 2273 648 igitur
2303 580 2453 636 modo
2502 581 2668 637 lumen
2695 581 2828 638 illud
2840 583 2856 614 ¹
2890 583 3025 656 quod
3051 581 3294 638 hauebant
3331 583 3559 655 praebue-

1984 674 2105 740 rint,
2134 675 2549 730 considerandum
2575 685 2666 732 est.
2694 676 2832 730 Nam
2855 678 2949 732 hoc
2966 679 3114 732 etiam
3135 675 3363 734 omnibus
3383 679 3564 736 divinis

1984 765 2244 834 scripturis
2263 767 2558 836 arcanisque
2583 770 2856 822 caelestibus
2895 786 3154 839 aspersum
3178 779 3250 823 est
3280 785 3298 824 :
3325 771 3564 840 sapienti-

1987 854 2077 908 bus
2111 871 2222 908 vero
2267 857 2515 924 quomodo
2554 859 2616 911 sit
2643 859 2815 913 datum
2839 861 2967 913 scire
2995 860 3199 914 minime
3226 869 3298 914 est
3323 861 3523 932 difﬁcile
3546 877 3567 918 .'

1987 963 2104 998 nam
2130 962 2298 1000 coram
2322 961 2587 1018 aperteque
2605 951 2920 1019 cognoscitur
2938 951 3000 1004 ab
3021 967 3078 1004 eo
3103 951 3189 1020 qui
3213 967 3325 1005 vere
3351 968 3412 1004 ac
3431 951 3562 1020 fide-

1988 1036 2100 1092 liter
2121 1039 2304 1092 intueri
2344 1039 2573 1094 voluerit.
2611 1041 2862 1106 Quoniam
2892 1058 3064 1096 eorum
3106 1043 3190 1111 qui
3232 1051 3563 1097 convenerant

1985 1133 2262 1202 frequentia
2283 1135 2568 1203 promiscua
2597 1141 2721 1200 erat,
2751 1134 3052 1202 feminarum
3074 1135 3262 1190 scilicet
3291 1152 3352 1189 ac
3366 1151 3564 1189 mascu-

1987 1225 2172 1293 lorum,
2201 1227 2401 1297 impulit
2429 1243 2511 1282 eos
2539 1235 2591 1280 ut
2617 1228 2749 1280 inter
2766 1243 2818 1282 se
2843 1227 3028 1281 coirent
3057 1244 3078 1284 :
3103 1229 3154 1282 in
3195 1245 3291 1298 quo
3321 1229 3452 1282 coitu
3475 1227 3564 1282 alii

1986 1319 2316 1382 seminat-unt,
2365 1320 2480 1372 alite
2517 1319 2739 1388 gravida:
2782 1317 2969 1385 effecta:
3014 1328 3147 1374 sunt.
3201 1319 3360 1374 Erant
3397 1329 3558 1374 auten'

1988 1419 2162 1476 partus
2191 1409 2252 1464 iis
2281 1410 2368 1474 qui
2401 1419 2674 1478 genuerunt
2711 1410 2918 1474 similes,
2950 1412 3075 1465 vires
3101 1411 3342 1482 plurimas
3377 1428 3564 1480 paren-
3622 1447 3631 1468 ι

1987 1507 2091 1552 tum
2117 1500 2189 1552 uti
2225 1500 2375 1570 primi
2399 1501 2691 1556 obtinentes.
2729 1501 2854 1555 Hac
2895 1519 3095 1556 sumens
3131 1519 3302 1556 eorum
3331 1505 3566 1574 princeps

1985 1596 2060 1647 uti
2079 1596 2393 1664 prcecipuum
2423 1596 2612 1650 donum
2640 1598 2842 1668 gavisus
2872 1605 2963 1650 est.
2993 1596 3061 1650 Et
3086 1597 3234 1650 sicuti
3261 1598 3410 1650 etiam
3430 1611 3565 1650 nunc

1985 1684 2098 1750 fieri
2123 1685 2362 1754 videmus,
2397 1703 2667 1754 corporum
2687 1686 3028 1758 formatricem
3047 1696 3282 1740 naturam
3301 1687 3422 1739 mali
3445 1684 3566 1739 inde

1985 1776 2112 1828 vires
2139 1787 2413 1830 sumentem
2442 1779 2664 1848 ﬁgurare
2695 1796 2706 1832 :
2733 1778 2806 1832 ita
2842 1779 2989 1831 etiam
3010 1785 3126 1831 ante
3143 1777 3304 1832 dictus
3335 1779 3560 1848 princeps

1985 1865 2234 1919 sodalium
2261 1867 2454 1936 prolem
2485 1868 2754 1937 accipiens,
2795 1869 3056 1922 habentem
3080 1876 3342 1938 parentant
3367 1883 3562 1932 sensus,

1987 1957 2326 2026 prudentiam,
2359 1959 2518 2012 lucem
2538 1959 2692 2014 simul
2713 1976 2880 2014 secum
2901 1960 2952 2012 in
2977 1960 3297 2030 generatione
3329 1975 3566 2030 procrea—

1987 2059 2108 2116 tam,
2136 2051 2386 2116 comedit;
2412 2067 2472 2104 ac
2503 2052 2754 2121 plerisque
2772 2052 2958 2105 viribus
2986 2053 3196 2120 sumptis
3219 2067 3279 2104 ea:
3306 2051 3562 2104 istiusmo-

1985 2143 2037 2196 di
2085 2159 2216 2208 esca,
2247 2145 2322 2206 ,in
2368 2161 2466 2212 qua
2491 2161 2593 2198 non
2617 2146 2764 2198 modo
2795 2145 2953 2198 inerat
2983 2144 3246 2212 fortitudo,
3291 2143 3380 2196 sed
3407 2142 3564 2196 multo

1983 2237 2144 2306 magis
2167 2236 2363 2288 astutias
2387 2245 2434 2290 et
2461 2236 2603 2305 pravi
2631 2252 2807 2290 sensus
2837 2252 2898 2289 ea:
2927 2236 3034 2304 fera
3055 2235 3336 2306 genitorum
3356 2235 3558 2304 gente”,

1984 2327 2242 2396 prapriam
2261 2327 2328 2380 ad
2354 2342 2410 2380 se
2441 2328 2706 2397 conjugem
2750 2327 2987 2392 evocavit,
3016 2341 3076 2380 ea:
3097 2341 3156 2378 ea
3177 2341 3274 2394 qua
3320 2324 3427 2394 ipse
3455 2331 3562 2376 erat

1981 2417 2136 2487 stirpe
2163 2429 2490 2483 manantem;
2539 2426 2584 2472 et
2611 2422 2748 2486 facta
2782 2433 2896 2470 cum
2919 2433 2978 2470 ea
3011 2416 3168 2482 coitu,
3199 2415 3480 2479 seminavit,
3509 2421 3562 2466 ut

1981 2509 2168 2574 cwteri,
2200 2507 2558 2562 abundantiam
2603 2509 2850 2562 malorum
2888 2523 3000 2576 qua:
3037 2507 3354 2559 devoraverat
3381 2520 3399 2557 :
3429 2519 3560 2556 non-

1981 2603 2110 2656 nihil
2138 2603 2286 2656 etiam
2310 2604 2419 2672 ipse
2445 2603 2687 2674 adjiciens
2725 2619 2788 2656 ea:
2812 2619 2904 2656 sua
2943 2601 3242 2672 cogitatione
3271 2615 3330 2652 ac
3357 2600 3559 2664 virtute,

1983 2705 2040 2748 ut
2063 2703 2191 2749 esset
2214 2711 2390 2749 sensus
2418 2696 2526 2763 ejus
2553 2695 2776 2748 omnium
2801 2710 2972 2748 eorum
2992 2708 3106 2763 qua:
3127 2691 3420 2763 profuderat
3449 2695 3560 2762 for-

1981 2795 2149 2840 motor
2189 2795 2338 2854 atque
2373 2785 2688 2851 descriptor;
2725 2786 2870 2854 cujus
2896 2799 3104 2852 compar
3130 2781 3407 2851 excipiebat
3432 2781 3557 2846 htec,

1983 2889 2040 2933 ut
2067 2897 2232 2934 semen
2261 2881 2517 2934 consuevit
2538 2879 2674 2932 culta
2703 2879 2888 2948 optime
2921 2861 3054 2932 terra
3076 2876 3348 2946 percipere.
3377 2871 3446 2926 In
3473 2889 3561 2926 ea-

1983 2971 2098 3024 dem
2143 2971 2274 3024 enim
2321 2970 2736 3025 construebantur
2797 2979 2843 3024 et
2893 2967 3286 3022 contexebantur
3338 2966 3561 3018 omnium

1983 3063 2248 3133 imagines,
2278 3061 2556 3116 caelestium
2606 3078 2666 3115 ac
2690 3071 3000 3116 terrenarum
3046 3061 3302 3124 virtutum,
3333 3067 3386 3112 ut
3428 3056 3564 3127 pleni

1983 3153 2208 3208 videlicet
2261 3153 2428 3221 orbis,
2483 3155 2538 3207 id
2603 3153 2739 3224 quod
2781 3153 3096 3224 formabatur
3118 3193 3134 3220 ,
3159 3221 3162 3224 _
3188 3149 3566 3204 similitudinem

1983 3247 2241 3301 obtineret.

2055 3338 2279 3395 CAPUT
2305 3335 2588 3393 XLVll.-—
2601 3337 2957 3407 Turpitudines
2996 3335 3257 3390 horribiles
3285 3333 3419 3403 cogit
3447 3347 3561 3401 per-

1987 3441 2208 3502 petrare.
2226 3431 2270 3484 0
2293 3439 2584 3484 monstrum
2599 3429 2884 3484 scelestum
2907 3430 2970 3483 lo
2994 3425 3315 3482 exsecranda
3333 3423 3560 3494 perditio

1985 3533 2040 3578 et
2067 3523 2216 3578 labes
2242 3522 2584 3590 deceptarum
2614 3521 2911 3574 animarum
2937 3521 2950 3573 l
2985 3517 3183 3572 Omitto
3209 3515 3332 3585 quid
3359 3515 3448 3578 sit,
3497 3513 3566 3568 dc

1987 3625 2175 3670 natura
2203 3615 2296 3668 Dei
2316 3613 2458 3683 quod
2487 3613 2565 3666 sic
2587 3613 2776 3682 ligetur
2805 3611 2847 3678 ³,
2876 3610 2988 3664 haec
3012 3609 3209 3664 dicere.
3241 3607 3352 3661 Hoc
3379 3605 3566 3659 saltem

1985 3708 2260 3764 attendant
2279 3705 2460 3762 miseri
2485 3705 2693 3775 decepti
2723 3713 2778 3760 et
2801 3717 2985 3758 errore
3027 3699 3301 3756 mortifero
3331 3709 3567 3752 venena-

1985 3801 2045 3866 ti,
2068 3800 2188 3870 quia
2209 3799 2254 3854 si
2283 3813 2377 3867 per
2403 3797 2602 3852 coitum
2627 3795 2983 3852 masculorum
3013 3801 3068 3848 et
3092 3791 3407 3846 feminarum
3429 3787 3566 3858 liga-

1987 3901 2072 3948 tur
2115 3907 2239 3964 pars
2289 3890 2405 3956 Dei,
2453 3905 2610 3960 quam
2645 3904 2705 3944 se
2727 3881 3098 3944 manducando
3121 3885 3333 3940 solvere
3358 3890 3411 3938 et
3435 3897 3567 3951 pur-

1987 4001 2112 4058 gare
2141 3983 2476 4053 profitentur,
2504 3983 2644 4050 cogit
2668 3995 2762 4035 eos
2789 3977 2946 4048 hujus
2983 3987 3087 4031 tam
3113 3973 3326 4030 nefandi
3366 3972 3570 4027 erroris

1989 4078 2296 4142 necessitas,
2329 4083 2388 4130 ut
2431 4089 2534 4130 non
2565 4071 2736 4127 solum
2768 4070 2834 4126 de
2861 4083 2997 4140 pane
3017 4075 3073 4122 et
3108 4066 3339 4121 oleribus
3389 4071 3442 4118 et
3476 4077 3574 4132 po-

1993 4172 2112 4236 mis,
2139 4185 2258 4241 qure
2306 4167 2418 4222 sola
2451 4165 2694 4220 videntur
2743 4163 2798 4216 in
2857 4157 3140 4215 manifesto
3183 4155 3444 4223 accipere,
3476 4151 3573 4206 sed

1991 4263 2114 4318 inde
2140 4261 2298 4316 etiam
2320 4260 2528 4314 solvant
2565 4265 2618 4312 et
2643 4261 2868 4324 purgent
2895 4259 3094 4322 partem
3130 4248 3245 4316 Dei,
3297 4245 3438 4301 unde
3477 4258 3576 4314 per

1992 4356 2330 4414 concubitum
2377 4359 2570 4422 potest,
2600 4351 2642 4402 si
2668 4347 2878 4401 feminae
2913 4351 3064 4398 utero
3090 4347 3346 4410 concepta
3391 4336 3572 4400 fuerit,

1992 4445 2254 4518 colligari.
2287 4443 2400 4498 l-loc
2429 4457 2486 4496 se
2513 4441 2690 4494 facere
2714 4435 2926 4508 quidam
2953 4431 3183 4489 confessi
3225 4445 3345 4486 esse
3391 4428 3442 4482 in
3480 4442 3579 4497 pu-

1997 4539 2143 4594 blico
2168 4535 2368 4608 judicio
2399 4531 2766 4602 perhibentur,
2812 4541 2918 4580 non
2941 4533 3144 4579 tantum
3185 4523 3238 4577 in
3283 4519 3582 4590 Paphlago-

1997 4631 2106 4694 nia,
2139 4626 2234 4682 scd
2262 4625 2421 4682 etiam
2449 4623 2504 4678 in
2528 4622 2718 4688 Gallia,
2745 4619 2880 4673 sicut
2907 4633 2938 4671 a
2964 4615 3194 4688 quodam
3225 4613 3408 4669 Roma:
3437 4609 3582 4666 chri-

1997 4724 2170 4778 stiano
2199 4718 2463 4774 catholico
2489 4715 2663 4770 audivi
2695 4732 2707 4767 :
2733 4721 2786 4768 et
2815 4727 2936 4766 cum
2963 4711 3436 4780 interrogarentur,
3479 4719 3580 4758 cu-

1994 4815 2080 4885 jus
2105 4811 2416 4868 auctoritate
2455 4807 2728 4877 scriptura:
2759 4804 2859 4858 ista
2885 4802 3142 4866 facerent,
3171 4801 3274 4854 hoc
3322 4796 3388 4851 de
3433 4793 3580 4848 The-

1999 4883 2156 4960 sauro
2179 4915 2276 4958 suo
2300 4899 2618 4972 prodidisse,
2641 4895 2782 4967 quod
2809 4894 2969 4964 paulo
2995 4901 3118 4947 ante
3141 4883 3580 4944 commemoravi.

1999 4995 2090 5052 lsti
2109 5001 2286 5048 autem
2313 5006 2434 5046 cum
2473 4989 2576 5042 hoc
2617 4987 2694 5042 eis
2735 4985 3002 5056 objicitur,
3031 4981 3204 5036 solent
3231 4973 3579 5046 respondere,

2001 5087 2182 5143 nescio
2209 5099 2364 5154 quem
2389 5080 2661 5137 inimicum
2685 5091 2839 5132 suum
2857 5075 2923 5130 de
2944 5084 3167 5128 numero
3196 5082 3313 5132 suo,
3347 5065 3451 5118 hoc
3473 5071 3580 5130 est,

2002 5153 2310 5234 Electorum
2359 5187 2578 5228 suorum
2628 5168 2936 5228 descivisse,
2995 5171 3051 5218 et
3089 5159 3319 5216 schisma
3366 5153 3581 5221 fecisse,

2003 5279 2162 5340 atque
2205 5263 2508 5336 hujusmodi
2536 5259 2930 5332 spurcissimam
2957 5251 3200 5308 haeresim
3250 5244 3576 5302 condidisse.

2005 5334 2158 5416 unde
2180 5334 2516 5412 manifestum
2545 5361 2645 5419 est,
2678 5349 2796 5420 quia
2825 5347 2928 5402 hoc
2952 5345 3109 5400 ctiam
3138 5341 3184 5395 si
3210 5340 3296 5394 ἰδῑί
3341 5352 3446 5392 non
3497 5334 3582 5389 fa-

2005 5455 2170 5520 ciunt,
2203 5449 2272 5507 de
2318 5449 2550 5520 ipsorum
2581 5443 2732 5500 libris
2761 5441 2861 5496 hoc
2892 5438 3093 5493 faciunt
3131 5434 3448 5506 quicumque
3500 5427 3580 5483 fa-

2007 5548 2172 5602 ciunt.
2215 5542 2482 5614 Abjiciant
2518 5552 2644 5607 ergo
2691 5535 2880 5600 libros,
2930 5533 2976 5586 si
3024 5529 3228 5586 crimen
3273 5525 3586 5590 exhorrent,

2009 5639 2154 5712 quod
2182 5609 2515 5694 committere
2541 5635 2820 5699 coguntur,
2865 5624 2912 5680 si
2951 5622 3119 5680 libros
3158 5629 3360 5684 tenent;
3409 5622 3498 5670 aut
3540 5609 3588 5668 si

2075 5803 2092 5833 ί
2129 5805 2178 5848 tn
2201 5805 2326 5852 Mss,
2355 5794 2510 5842 lumen
2531 5789 2678 5838 idem.

2076 5865 2098 5894 ³
2131 5861 2298 5911 Plures
2316 5863 2444 5915 Mss,
2467 5858 2638 5915 mente.
2819 5907 2830 5915 ι
2927 5913 2933 5915 _
3059 5911 3082 5915 _
3139 5902 3170 5915 __

2085 5927 2105 5960 ³
2133 5899 2306 5976 £12721
2319 5899 2634 5984 Ej'legitur.
2658 5917 2788 5974 Lov.,
2815 5907 3011 5974 legetur.
3053 5902 3350 5966 Castigantur
3389 5907 3454 5950 cx
3493 5899 3606 5951 MSS:
