4028 6490
451 400 551 460 5⁸11

453 530 560 571 non
587 514 946 579 committunt,
977 512 1227 568 mundius
1268 511 1444 565 vivere
1468 517 1651 564 contra
1697 523 1823 562 suos
1864 504 2031 562 libros

451 615 729 662 conantur.
753 605 854 661 Sed
883 604 1006 674 quid
1048 612 1229 675 agunt,
1258 616 1376 657 cum
1405 601 1482 655 cis
1503 601 1716 665 dicitur,
1762 596 1867 653 Aut
1904 612 2029 668 pur-

452 709 574 770 gate
600 699 801 765 lumen,
835 696 902 752 de
940 696 1127 768 quibus
1170 691 1450 765 potueritis
1494 692 1806 756 seminibus,
1839 698 1894 744 ut
1932 703 2033 743 nec

454 789 582 845 illud
626 789 898 855 recusetis,
944 786 1082 857 quod
1116 801 1209 840 vos
1258 800 1360 839 non
1414 783 1591 838 facere
1615 781 1883 844 asseritis;
1942 787 2031 834 aut

419 880 801 936 ‘Maniclneum
847 879 1202 941 anathemate,
1236 876 1469 947 quicum
1510 875 1636 930 dicit
1683 874 1735 927 in
1787 871 2032 926 omnibus

451 973 742 1027 seminibus
770 986 887 1026 esse
920 979 1125 1040 partem
1172 968 1283 1036 Dei,
1315 976 1367 1023 et
1404 965 1805 1022 concumbendo
1840 962 2026 1034 ligari;

449 1064 701 1135 quidquid
732 1071 907 1116 autem
945 1061 1179 1125 luminis,
1206 1059 1309 1114 hoc
1337 1066 1437 1125 est,
1469 1058 1705 1128 ejusdem
1740 1057 1904 1125 partis
1936 1054 2030 1109 Dei

449 1155 515 1209 ad
538 1169 687 1208 escas
712 1153 1012 1207 Electorum
1034 1153 1349 1222 pervenerit,
1374 1149 1743 1205 manducando
1773 1148 1985 1219 purgari
2013 1164 2027 1201 :

448 1246 571 1316 quid
601 1245 750 1299 vobis
780 1244 999 1299 suadeat
1020 1244 1233 1309 videtis,
1260 1251 1313 1298 et
1341 1258 1459 1297 cum
1493 1240 2029 1296 adhueanathemare

445 1335 734 1392 dubitatis?
763 1334 899 1402 Quid
929 1343 1111 1404 agunt,
1148 1335 1381 1405 inquam,
1412 1347 1531 1388 cum
1568 1331 1670 1387 hoc
1700 1332 1777 1385 eis
1804 1328 2031 1385 dicitur?

446 1425 527 1481 Ad
554 1443 684 1497 quas
707 1426 1172 1496 tergiversationes
1212 1440 1269 1479 se
1294 1433 1630 1487 convertunt,
1662 1438 1783 1478 cum
1812 1427 1903 1476 aut
1924 1432 2028 1475 tam

444 1518 647 1573 nefaria
687 1518 925 1574 doctrina
976 1518 1043 1573 sit
1095 1516 1503 1582 anathemanda,
1552 1522 1643 1569 aut
1682 1522 1789 1568 tam
1829 1512 2029 1567 nefaria

446 1610 715 1680 turpitudo
762 1609 1022 1676 facienda,
1085 1626 1135 1663 ιιι
1163 1608 1316 1676 cujus
1359 1607 1757 1676 comparatione
1779 1606 1888 1674 jam
1940 1605 2029 1658 illa

444 1706 623 1759 omnia
650 1704 787 1758 mala
811 1720 930 1773 quae
959 1701 1314 1757 intolerabilia
1343 1700 1500 1769 paulo
1521 1706 1646 1752 ante
1690 1710 2025 1752 commemo-

444 1795 650 1861 rabam,
677 1810 769 1851 eos
812 1795 878 1850 de
904 1804 1089 1850 natura
1150 1795 1243 1849 Dei
1302 1793 1501 1859 dicere,
1525 1790 1666 1862 quod
1713 1791 2030 1845 necessitate

445 1901 698 1957 oppressa
720 1888 789 1942 sit
820 1894 877 1941 ut
902 1887 1098 1942 bellum
1125 1892 1355 1957 gereret,
1385 1883 1527 1954 quod
1575 1890 1667 1937 aut
1707 1882 2028 1951 sempiterna

445 1979 741 2049 ignorantia
771 1995 954 2036 secura
990 1990 1124 2044 erat,
1170 1986 1261 2033 aut
1280 1978 1603 2045 sempiterno
1634 1974 1820 2029 dolore
1867 1981 1920 2028 et
1964 1973 2029 2027 ti-

445 2084 595 2124 more
617 2069 860 2137 sollicita,
918 2069 1128 2139 quando
1168 2066 1269 2122 sibi
1320 2066 1527 2121 veniret
1564 2064 1836 2133 corruptio
1882 2077 2029 2118 com-

444 2158 714 2214 mixtionis
737 2169 790 2215 et
814 2160 1081 2215 vinculum
1104 2169 1317 2214 arternae
1344 2156 1721 2221 damnationis,
1755 2153 1897 2225 quod
1927 2154 2028 2208 de-

442 2251 601 2320 nique
626 2259 776 2321 gesto
803 2249 941 2306 bello
972 2250 1049 2305 sic
1075 2249 1235 2304 fuerit
1268 2249 1551 2318 captivata,
1584 2260 1862 2315 oppressa,
1895 2243 2019 2314 pol-

443 2342 573 2409 luta,
625 2342 766 2412 quod
819 2348 938 2411 post
990 2339 1181 2395 falsam
1223 2339 1501 2394 victoriam
1542 2338 1619 2392 sic
1661 2335 1839 2390 futura
1868 2335 1937 2388 sit
1972 2334 2026 2388 in

442 2434 683 2489 horribili
712 2432 873 2504 globo
904 2432 957 2487 in
978 2442 1236 2488 aeternum
1261 2430 1467 2487 conﬁxa
1491 2438 1543 2484 et
1571 2429 1637 2483 ab
1660 2426 1882 2497 originis
1912 2438 2025 2480 suae

442 2515 987 2596 felicitate’separata,
1016 2525 1312 2581 tolerabilia
1341 2523 1641 2588 videantur,
1683 2535 1802 2575 cum
1837 2534 1933 2590 per
1962 2531 2026 2574 se

442 2619 577 2689 ipsa,
600 2619 643 2673 si
674 2618 1098 2687 considerentur,
1122 2618 1369 2673 sustineri
1392 2631 1496 2671 non
1528 2614 1775 2686 possint?

515 2712 742 2769 CAPUT
778 2711 1085 2768 XLVlll.-—
1108 2711 1552 2782 OratAugustinus
1578 2724 1667 2779 pro
1696 2705 2013 2760 Manichea-

440 2819 553 2858 rum
598 2804 957 2874 resipiscentia.
1018 2806 1275 2875 Omagna
1326 2803 1579 2874 patientia
1634 2808 1743 2866 tua,
1801 2797 2025 2852 Domine

442 2895 747 2950 misericors
777 2904 832 2950 et
852 2896 1153 2962 miserator,
1183 2894 1503 2964 lmganimis
1526 2901 1578 2947 et
1607 2891 1832 2945 multum
1855 2887 2021 2942 mise-

438 2987 624 3052 ricors,
655 2994 709 3042 et
749 3001 911 3042 verax
942 2986 1112 3062 (Psat.
1139 3004 1230 3054 cn,
1257 2988 1336 3057 8);
1368 2987 1456 3056 qui
1508 2986 1637 3040 facis
1668 2984 1795 3038 oriri
1849 2981 2021 3037 solem

440 3087 584 3133 tuum
611 3093 774 3149 super
798 3080 967 3135 bonos
987 3089 1041 3135 et
1066 3080 1254 3147 malos,
1285 3078 1421 3149 pluis
1450 3093 1612 3147 super
1648 3077 1820 3146 justos
1861 3082 1916 3128 et
1941 3074 2023 3127 in-

434 3169 607 3239 iustos
634 3170 848 3240 (Matth.
871 3187 923 3235 v,
946 3170 1061 3239 45);
1090 3170 1179 3240 qui
1202 3185 1309 3223 non
1324 3169 1406 3224 vis
1435 3177 1662 3223 mortem
1695 3163 2016 3237 peccatoris,

436 3270 695 3331 quantum
739 3271 797 3318 ut
847 3271 1142 3318 revertatur
1179 3269 1234 3317 et
1273 3261 1415 3315 vivat
1449 3259 1661 3332 (Ezecli.
1686 3272 1872 3325 χχχιιι,
1906 3255 2017 3325 il);

1683 384 2041 451 SECUNDINI
2080 392 2432 450 MANICH/El

3617 393 3729 452 572

2142 507 2230 578 qui
2275 507 2510 577 partibus
2536 506 2848 579 corripiens,
2886 505 2983 561 das
3019 504 3227 561 locum‘
3255 505 3601 576 paenitentiae,
3650 514 3711 563 ut

2141 597 2324 655 relicta
2378 597 2576 654 malitia
2626 599 2845 654 credant
2886 598 2937 652 In
2984 606 3057 663 te,
3089 596 3712 670 Domlne(Sap.xu,%);

2140 693 2229 762 qui
2262 691 2511 761 patientia
2560 696 2645 745 tua
2687 691 2753 745 ad
2794 691 3158 761 paenitentiam
3204 688 3445 754 adducis,
3476 690 3723 759 quamvis

2139 783 2291 838 multi
2336 782 2627 838 secundum
2653 782 2901 837 duritiam
2922 781 3099 836 cordis
3134 781 3215 835 sui
3251 789 3306 835 et
3338 794 3431 834 eor
3462 780 3717 849 imposui-

2140 884 2259 929 tens
2288 875 2647 930 thesaurizent
2668 874 2767 930 sibi
2798 874 2927 928 iram
2956 874 3007 928 ln
3034 873 3123 927 die
3159 873 3251 926 irae
3279 880 3333 927 et
3377 873 3723 926 revelationis

2134 965 2261 1035 justi
2280 966 2463 1036 judicii
2496 968 2587 1033 tui,
2609 966 2699 1037 qui
2728 966 2908 1021 reddis
2933 967 3215 1034 unicuique
3235 963 3525 1020 secundum
3552 979 3721 1034 opera

2138 1074 2233 1114 sua
2263 1059 2433 1131 (Rom.
2455 1076 2511 1126 ιι,
2542 1060 2685 1131 4-6);
2737 1060 2827 1130 qui
2858 1059 2912 1114 iu
2959 1075 3062 1129 qua
3104 1058 3191 1115 die
3236 1072 3528 1115 conversus
3559 1059 3725 1113 fuerit

2139 1151 2299 1206 homo
2328 1167 2358 1206 a
2388 1152 2621 1222 nequitia
2652 1167 2747 1206 sua
2768 1152 2834 1206 ad
2869 1151 3291 1208 misericordiam
3333 1158 3391 1205 et
3436 1150 3722 1205 veritatem

2138 1251 2306 1310 tuam,
2352 1258 2535 1298 omnes
2590 1244 2894 1314 iniquitates
2944 1243 3060 1313 ejus
3112 1241 3447 1297 Oblivisceris
3497 1240 3719 1312 (Ezech.

2140 1351 2284 1401 xvm,
2311 1334 2405 1406 21)
2435 1352 2447 1390 :
2480 1343 2671 1406 praesta
2696 1335 2867 1400 nobis,
2902 1335 3040 1389 dona
3067 1334 3241 1398 nobis,
3266 1342 3321 1387 ut
3340 1348 3435 1403 per
3450 1342 3691 1386 nostrum

2138 1426 2511 1495 ministerium,
2544 1442 2650 1497 quo
2677 1427 3059 1482 exsecrabilem
3106 1434 3159 1480 et
3198 1423 3356 1479 nimis
3404 1423 3721 1478 horribilem

2138 1517 2279 1573 hunc
2299 1532 2541 1575 errorem
2570 1518 2815 1590 redargui
2846 1519 3079 1586 voluisti,
3104 1520 3242 1574 sicut
3264 1518 3370 1587 jam
3397 1516 3547 1571 multi
3580 1516 3723 1570 libe-

2136 1611 2237 1666 rati
2268 1620 2409 1675 sunt,
2442 1619 2495 1666 et
2522 1611 2607 1665 alii
2638 1611 2951 1678 liberentur,
2981 1618 3031 1664 et
3057 1611 3170 1664 sive
3200 1623 3294 1679 per
3321 1618 3718 1663 sacramentum

2137 1702 2304 1756 sancti
2353 1703 2603 1772 Baptismi
2630 1702 2723 1767 tui,
2754 1702 2866 1757 sive
2892 1717 2988 1772 per
3020 1701 3335 1757 sacriﬁcium
3375 1699 3725 1756 contribulati

2137 1794 2354 1863 spiritus
2379 1802 2433 1847 et
2475 1792 2652 1848 cordis
2682 1793 2896 1849 contriti
2925 1802 2976 1847 et
3014 1793 3274 1847 humiliati
3319 1791 3487 1867 (Psat.
3518 1808 3567 1858 L,
3601 1791 3720 1863 19),

2137 1889 2186 1943 in
2221 1888 2407 1945 dolore
2449 1887 2799 1958 paenitentia},
2846 1888 3216 1944 remissionem
3265 1896 3603 1959 peccatorum
3664 1894 3728 1941 et

2134 1980 2581 2051 blasphemiarum
2634 1995 2869 2044 suarum,
2917 1980 3108 2049 quibus
3149 1995 3244 2049 per
3282 1978 3634 2049 ignorantiam
3667 1984 3726 2032 te

2134 2075 2489 2143 offenderunt,
2523 2076 2766 2145 accipere
2794 2081 3121 2131 mereantur.
3148 2075 3374 2129 Tantum
3403 2074 3545 2129 enim
3570 2073 3723 2128 valet

2134 2168 2449 2238 prmpollens
2495 2166 2857 2222 misericordia
2908 2175 2964 2222 et
3007 2174 3243 2238 potestas
3293 2174 3381 2220 tua
3428 2174 3480 2220 et
3517 2166 3721 2220 veritas

2132 2259 2387 2329 Baptismi
2419 2258 2519 2325 tui,
2545 2259 2825 2329 clavesque
2847 2257 2996 2329 regni
3023 2258 3279 2313 caelorum
3308 2258 3361 2311 in
3390 2262 3572 2311 sancta
3604 2256 3711 2310 Ec-

2132 2350 2291 2406 clesia
2320 2359 2426 2417 tua,
2457 2359 2637 2406 utnec
2663 2351 2729 2405 de
2761 2350 2866 2405 illis
2894 2348 3285 2419 desperandum
3321 2348 3408 2414 sit,
3448 2346 3713 2418 quamdiu

2131 2442 2184 2497 in
2209 2442 2309 2498 hac
2339 2451 2477 2497 terra
2521 2458 2613 2513 per
2658 2451 2803 2497 tuam
2845 2441 3152 2512 patientiam
3183 2441 3385 2506 vivunt,
3419 2440 3506 2510 qui
3547 2439 3715 2493 etiam

2129 2536 2359 2591 scientes
2401 2540 2654 2605 quantum
2706 2535 2903 2588 malum
2942 2533 3010 2587 sit
3039 2534 3161 2587 talia
3206 2533 3273 2587 de
3300 2541 3352 2587 te
3391 2531 3592 2586 sentire
3628 2530 3730 2584 vcl-

2130 2626 2326 2691 dicere,
2362 2637 2577 2697 propter
2598 2627 2825 2694 aliquam
2869 2625 3178 2695 temporalis
3208 2633 3262 2679 et
3305 2636 3535 2679 terrenae
3568 2638 3723 2678 com-

2130 2716 2401 2773 moditatis
2426 2716 2865 2772 consuetudinem
2905 2717 2987 2771 vel
3022 2716 3358 2785 adeptionem
3385 2714 3439 2769 in
3468 2714 3558 2768 illa
3596 2728 3721 2768 ma-

2129 2808 2269 2882 ligna
2304 2808 2635 2878 professione
2655 2808 2983 2873 detinentur,
3020 2808 3063 2862 si
3093 2806 3161 2862 ad
3210 2816 3354 2861 tuam
3391 2804 3720 2860 ineil'abilem

2126 2900 2419 2956 bonitatem
2456 2900 2642 2955 saltem
2706 2900 2960 2969 increpati
3007 2900 3111 2955 tuis
3149 2898 3575 2969 correptionibus
3630 2896 3723 2950 fu-

2128 2994 2292 3065 giant,
2327 3001 2381 3049 et
2404 2994 2650 3049 omnibus
2690 2992 2919 3048 carnalis
2956 2991 3078 3047 vita:
3121 2991 3386 3048 illecebris
3432 2990 3719 3046 caelestem

2127 3088 2287 3141 vitam
2311 3095 2671 3155 mternamque
2700 3092 3010 3154 prteponant
3031 3084 3074 3135 '.

2191 3180 2207 3208 ³
2244 3176 2379 3239 Εόὶιὶ,
2414 3174 2563 3239 portis
2586 3172 2869 3239 corripiens,
2895 3174 3017 3223 dans
3038 3172 3291 3239 tocmn._At
3329 3178 3454 3229 Mss,
3493 3168 3719 3239 partim

2126 3230 2700 3301 corripiens,'daslocum
2716 3230 2745 3285 ἐ
2782 3230 2908 3286 utin
2928 3236 3077 3287 sacris
3100 3234 3277 3295 Bibliis,
3310 3240 3417 3296 sap.
3440 3230 3547 3296 cap.
3572 3230 3651 3283 12.

2189 3304 2208 3333 ²
2243 3300 2295 3349 ιιι
2317 3308 2421 3350 Mss.
2448 3300 2656 3359 additur,
2682 3311 2843 3348 Amen.

444 3424 3718 3495 Μ

1426 3561 1507 3624 ΙΝ
1537 3555 2136 3633 SUBSEQUENTES
2179 3550 2711 3627 SCRIPTIONES,

470 3726 471 3729 η
523 3686 676 3751 Vide
704 3686 812 3751 lib.
841 3686 905 3762 2,
936 3688 1180 3768 eapJO,
1210 3688 1759 3750 Retractationum
1783 3729 1799 3761 ,
1834 3692 1980 3746 tom.
2016 3684 2075 3758 1,
2105 3682 2221 3745 col.
2254 3678 2395 3757 63!»,
2428 3701 2465 3741 a
2498 3680 2719 3751 verbis,
2752 3680 3153 3744 Secundinus
3200 3680 3491 3760 quidam,
3514 3696 3715 3760 usque

434 3791 515 3854 ad
548 3792 761 3869 verba,
799 3794 942 3857 Tua
967 3794 1035 3855 in
1077 3810 1179 3855 me
1208 3791 1679 3855 benevolentia.
1964 3786 2053 3848 M.

436 3924 3719 3950 ww

1003 4021 2081 4171 SECUNDINI
2155 4021 3211 4173 MANICHIEI

1242 4261 1800 4346 EPISTOLA
1846 4262 2003 4346 AD
2055 4262 2881 4348 AUGUSTINUM.

1853 4443 2257 4481 W-

490 4566 724 4617 Itanichtel
741 4565 1004 4617 doctrinam
1019 4564 1321 4632 commendat
1342 4571 1607 4632 tueturque
1627 4578 1737 4616 cum
1750 4565 2000 4632 Catholicae
2016 4566 2126 4618 ﬁdei
2144 4568 2547 4632 reprehensione,
2570 4568 2767 4632 indigne
2784 4566 2950 4618 ferens
2971 4566 3099 4631 quod
3116 4580 3220 4632 eam
3243 4566 3432 4630 scriptis
3455 4574 3711 4632 oppugnet

426 4631 734 4695 Augustinus,
752 4642 900 4693 quem
930 4641 960 4680 a
994 4630 1244 4681 uaniclmo
1285 4629 1459 4679 timore
1475 4628 1684 4691 quodam
1715 4636 1769 4680 et
1789 4630 1986 4681 honoris
2005 4628 2265 4695 cupiditate
2287 4628 2812 4693 defecisse’inshuulat,
2837 4628 3057 4695 atqtte'ut
3072 4630 3133 4679 ad
3152 4629 3283 4680 illius

425 4692 617 4753 redeat,
641 4692 947 4742 exhortatur.

494 4817 545 4871 Ι.
586 4815 798 4872 Habeo‘
826 4826 880 4873 et
905 4831 1006 4889 ago
1028 4817 1225 4889 gratias
1261 4815 1510 4872 inell'abili
1540 4830 1602 4872 ac
1626 4817 1999 4875 sacratissima

418 4908 710 4977 Majestati,
735 4910 957 4981 ejusque
979 4910 1331 4981 primogenita
1355 4909 1592 4965 omnium
1621 4909 1877 4966 luminum
1890 4912 2001 4983 regi

417 4998 544 5053 Jesu
572 5000 806 5066 Christo,
834 5001 1005 5057 habeo
1052 5002 1249 5073 gratias
1273 5013 1327 5057 et
1362 5002 1587 5072 supplex
1610 5012 1793 5059 sancto
1822 5004 2002 5060 refero

416 5092 671 5162 Spiritui,
701 5093 844 5167 quod
882 5094 1126 5152 dederint
1153 5096 1585 5167 prtebuerintque
1623 5099 1957 5155 occasionem
1983 5142 1999 5168 ,

414 5197 517 5253 qua
547 5199 647 5255 ego
672 5200 893 5243 securus
940 5186 1225 5243 salutarem
1273 5196 1416 5242 tuam
1446 5190 1709 5260 egregiam
1736 5189 2004 5246 Sanctita-

415 5282 545 5348 tem,
574 5274 792 5337 domine
834 5278 1027 5338 merito
1063 5279 1342 5338 laudabilis
1386 5290 1442 5337 et
1484 5280 1640 5338 unice
1665 5283 2002 5354 percolende.

2106 4818 2215 4875 Nec
2239 4818 2431 4874 mirum
2462 4837 2475 4873 :
2506 4828 2628 4875 sunt
2653 4819 2793 4875 enim
2821 4820 2886 4876 ad
2925 4820 3103 4876 omnia
3133 4820 3272 4876 bona
3310 4819 3615 4891 praestanda
3646 4828 3705 4878 et

2106 4911 2173 4966 ad
2202 4916 2379 4967 omnia
2410 4913 2547 4967 mala
2576 4913 2803 4968 arcenda
2830 4915 2959 4969 satis
2986 4914 3277 4985 aptissimi,
3308 4914 3507 4984 quique
3546 4922 3696 4968 tuam

2107 5003 2535 5073 benevolentiam
2562 5006 2671 5061 suis
2692 5006 2978 5062 defendant
2999 5007 3424 5077 propugnaculis,
3444 5006 3705 5075 eripiant-

2107 5112 2210 5167 qne
2240 5098 2306 5153 ab
2336 5099 2428 5153 illo
2458 5099 2628 5166 malo,
2652 5114 2756 5154 non
2797 5100 2937 5171 quod
2970 5099 3102 5153 nihil
3130 5108 3243 5166 est,
3293 5105 3385 5153 aut
3426 5098 3570 5168 quod
3623 5097 3706 5152 fa-

2109 5191 2284 5247 ctione
2309 5194 2663 5264 passioneque
2693 5194 2995 5249 mortalium
3026 5194 3279 5265 gignitur,
3308 5192 3401 5248 sed
3428 5190 3571 5262 quod
3602 5206 3703 5262 pa-

2109 5292 2281 5340 ratum
2309 5297 2391 5341 est
2415 5296 2471 5341 ut
2500 5287 2696 5343 veniat.
2725 5287 2819 5344 Vae
2844 5296 3022 5344 autem
3048 5286 3124 5343 illi
3147 5286 3239 5358 qui
3266 5300 3329 5342 se
3356 5285 3530 5342 eidem
3557 5298 3706 5354 prae-

3722 4904 3740 4939 Ι

1619 5415 1901 5455 ΑΒΙΙΟΝΙΤΙΟ
1927 5417 2005 5454 PP.
2031 5416 2510 5458 BENEDICTINORUI.

418 5553 430 5565 .
475 5490 615 5567 Liber
658 5498 823 5567 contra
864 5489 1189 5567 semindinum
1224 5492 1283 5567 fin
1318 5488 1538 5567 Belgicis.
1561 5492 1829 5567 codicibus“
1849 5492 1973 5567 olim
1997 5493 2175 5567 frustra
2207 5498 2439 5567 quaesitus
2481 5497 2847 5567 bovaniensium
2884 5510 3015 5567 cura,
3057 5510 3185 5547 nunc
3207 5509 3235 5546 a
3279 5496 3438 5567 nobis.
3460 5501 3707 5567 repertus

414 5553 463 5603 in
495 5552 729 5624 Gallicano
762 5562 845 5605 Ms.
882 5553 1081 5617 optim
1111 5561 1270 5617 notae,
1304 5552 1463 5619 quiin
1497 5556 1689 5606 abbatia
1724 5564 1768 5605 s.
1804 5558 1930 5606 Petri
1960 5557 2010 5606 in
2055 5557 2183 5608 valle
2214 5552 2494 5609 éaruoteusi
2545 5567 2853 5623 asservatur,
2893 5552 3101 5624 ejusime
3155 5572 3254 5623 ope
3302 5558 3469 5610 multis
3502 5552 3705 5609 mendis

415 5621 647 5675 Purgatus
684 5624 778 5667 est.

488 5696 990 5785 'Comparavimus
1018 5708 1311 5783 prtetena
1345 5720 1443 5763 eas
1496 5718 1697 5762 omnes
1732 5700 2032 5763 editiones
2059 5703 2247 5765 initio
2280 5706 2444 5766 Retr.
2468 5713 2523 5766 et
2543 5703 2857 5781 Confess.,
2881 5715 2927 5767 t.
2957 5707 3017 5780 1,
3044 5711 3433 5767 memoratas.
3521 5703 3611 5765 Μ.

472 5800 500 5864 ἦ
528 5800 658 5861 Apud
680 5806 753 5864 Er2
776 5799 919 5864 Lugd.
946 5808 1062 5848 ven.
1089 5808 1141 5864 et
1164 5808 1273 5850 Lov.
1299 5802 1392 5851 hoc
1414 5809 1489 5864 est
1512 5802 1856 5864 praeambulum
1880 5805 1985 5864 Epi-

408 5862 550 5925 stola
845 5861 908 5919 ad
928 5862 1249 5925 Augustinum
1273 5876 1288 5916 ;
1310 5861 1524 5918 Dontino'
1539 5864 1709 5919 merito
1728 5861 1998 5922 honorabit:

2081 5804 2542 5922 σᾶιὲἑεωιαιὲᾇαωιὶἅι
2574 5808 2712 5859 wticc
2735 5807 3024 5871 percolendo
3059 5806 3342 5875 augustino,
3369 5804 3694 5860 Secundinus.

2255 5901 2273 5932 θ
2297 5901 2392 5922 VW.
2480 5901 2538 5918 tuo
