4094 6448
399 389 512 446 573

399 499 584 555 buerit
636 496 991 554 occasionem.
1032 493 1166 550 Nam
1207 485 1402 564 dignus
1419 503 1518 560 es,
1567 493 1656 564 qui
1685 491 1752 548 ab
1793 487 1984 546 iisdem

401 593 533 648 talia
587 605 808 647 munera
853 588 1198 660 consequaris
1217 629 1232 656 ,
1286 587 1552 658 iidemque
1593 585 1833 642 veritatis
1883 593 1989 640 tuae

401 682 696 738 nutritores
719 680 1034 744 efficiantur,
1067 693 1192 734 vere
1241 677 1488 743 lucerna,
1533 691 1692 748 quam
1721 677 1773 730 in
1805 674 1983 730 cordis

401 775 480 830 tui
509 772 828 828 candelabro
856 771 1072 826 dextera
1103 769 1276 840 posuit
1305 767 1540 824 veritatis
1559 807 1574 833 ,
1605 783 1672 822 ne
1717 765 1852 822 furis
1891 765 1985 822 ad-

401 873 566 920 ventu
596 862 828 918 thesauri
857 862 932 916 tui
959 859 1277 932 dilapidetur
1302 857 1980 930 patrimoniumzjubeant-

399 969 507 1024 que
532 953 649 1008 sine
689 952 840 1022 lapsu
873 953 1015 1008 illam
1041 967 1260 1008 manere
1284 950 1534 1019 domumi,
1562 965 1720 1020 quam
1769 958 1825 1004 tu
1875 963 1982 1004 non

401 1061 564 1115 super
604 1045 806 1101 erroris
847 1059 1095 1109 arenam,
1137 1042 1233 1100 sed
1271 1058 1432 1114 super
1471 1042 1705 1098 scientia:
1751 1041 1980 1112 lapidem

397 1139 676 1194 collocasti
709 1155 723 1192 :
752 1138 1005 1210 illumque
1033 1152 1063 1192 a
1095 1137 1249 1192 nobis
1277 1135 1536 1205 repellant
1561 1144 1794 1190 atrocem
1823 1131 1982 1203 spiri-

349 1219 366 1273 ι
403 1245 546 1300 tum,
572 1232 662 1300 qui
709 1231 1014 1288 hominibus
1043 1231 1288 1286 timorem
1327 1229 1561 1284 immittit
1588 1237 1642 1284 et
1667 1227 1980 1298 perﬁdiam;

401 1333 458 1378 ut
485 1324 692 1378 animas
721 1331 922 1378 avertat
951 1323 1018 1380 ab
1043 1333 1268 1393 angusto
1296 1322 1508 1378 tramite
1529 1320 1858 1376 Salvatoris:
1889 1336 1984 1376 cu-

391 1415 482 1483 jus
513 1414 686 1468 omnis
713 1413 942 1484 impetus
986 1429 1082 1484 per
1123 1413 1244 1468 illos
1275 1413 1538 1484 principes
1565 1411 1820 1478 funditur,
1848 1427 1980 1466 con-

375 1513 480 1582 ;tra
509 1519 646 1574 quos
673 1519 731 1560 se
755 1505 1045 1575 Apostolus
1082 1505 1134 1560 in
1161 1504 1518 1574 Ephesiorum
1549 1503 1780 1572 Epistula
1807 1511 1981 1558 certa—

393 1610 522 1654 men
549 1595 782 1652 subiisse
813 1595 1028 1652 fatetur.
1059 1597 1196 1651 Dicit
1211 1597 1350 1650 enim
1373 1610 1431 1650 se
1457 1612 1557 1649 non
1579 1606 1755 1648 contra
1781 1611 1981 1656 carnem

399 1697 444 1744 et
469 1689 770 1758 sanguinem
791 1689 970 1744 habere
995 1699 1264 1754 certamen,
1280 1689 1369 1744 sed
1393 1687 1637 1744 adversus
1665 1689 1916 1759 principes
1935 1696 1982 1742 et

399 1788 670 1850 potestates
694 1820 710 1846 ,
757 1781 996 1834 adversus
1034 1780 1322 1851 spiritantia
1372 1780 1621 1850 nequitiae,
1649 1795 1759 1849 qua:
1785 1788 1899 1834 sunt
1928 1779 1982 1832 in

395 1875 680 1930 calestibus
705 1875 918 1947 (Ephes.
946 1893 1019 1941 vt,
1048 1875 1161 1946 i2).
1189 1876 1256 1932 Et
1281 1891 1499 1940 revera;
1539 1874 1659 1944 quis
1687 1875 1826 1930 enim
1853 1888 1982 1928 con-

397 1975 478 2022 tra
507 1983 656 2022 arma
683 1968 874 2024 habeat
891 2009 908 2036 ,
927 1969 1028 2024 nisi
1045 1977 1229 2024 contra
1260 1976 1541 2031 armatum,
1563 1965 1980 2022 adversusillum

397 2057 486 2128 qui
511 2069 758 2114 movetur
778 2059 800 2112 Ἰ
823 2058 890 2114 Ut
915 2061 1056 2114 enim
1077 2060 1350 2114 hominum
1362 2073 1588 2128 corpora
1609 2072 1752 2112 arma
1775 2057 1980 2127 peccati

399 2161 560 2220 sunt,
601 2153 672 2206 ita
713 2152 966 2208 salutaria
995 2160 1256 2222 praecepta
1281 2167 1428 2206 arma
1443 2149 1858 2220 justitia:(Rom.
1903 2163 1978 2218 vr,

399 2241 510 2314 15).
541 2243 655 2297 Hoc
679 2243 894 2308 Paulus,
926 2243 1028 2300 hoc
1053 2244 1168 2312 ipse
1191 2250 1416 2298 testatur
1440 2241 1780 2298 Manichzeus.

465 2337 520 2390 2.
549 2336 668 2392 Non
689 2352 815 2408 ergo
839 2352 1112 2394 armorum
1139 2351 1312 2407 pugna
1345 2344 1428 2391 est
1449 2375 1464 2400 ,
1513 2333 1609 2392 sed
1654 2334 1974 2403 Spirituum,

395 2429 485 2498 qui
513 2427 704 2484 iisdem
733 2437 948 2484 utuntur
971 2431 1010 2482 ί.
1039 2429 1282 2498 Pugnant
1314 2439 1492 2484 autem
1533 2427 1828 2482 animarum
1851 2441 1976 2498 gra-

397 2520 489 2574 tia.
513 2519 714 2576 Horum
737 2521 790 2576 in
813 2521 988 2576 medio
1017 2521 1194 2590 posita
1219 2529 1303 2576 est
1329 2520 1528 2586 anima,
1547 2521 1632 2576 cui
1658 2535 1688 2574 a
1719 2519 1977 2589 principio

397 2621 588 2668 natura
612 2629 706 2668 sua
732 2613 878 2668 dedit
904 2613 1200 2669 victoriam.
1241 2611 1368 2668 Haec
1395 2612 1440 2667 si
1471 2627 1575 2667 una
1619 2626 1744 2668 cum
1787 2611 1976 2682 spiritu

397 2704 658 2758 virtutum
683 2703 930 2770 fecerit’,
958 2704 1172 2760 habebit
1195 2719 1318 2760 cum
1341 2718 1408 2760 eo
1431 2705 1592 2760 vitam
1635 2713 1942 2774 perpetuam
1957 2745 1974 2774 ,

395 2794 634 2865 illudque
661 2795 952 2865 possidebit
975 2810 1230 2866 regnum,
1257 2795 1325 2850 ad
1349 2795 1490 2866 quod
1517 2795 1772 2850 Dominus
1795 2802 1977 2850 noster

403 2885 592 2942 invitat
621 2905 634 2942 :
665 2887 710 2942 si
737 2902 864 2944 vero
895 2887 961 2942 ab
987 2887 1176 2958 spiritu
1205 2887 1450 2942 vitiorum
1479 2886 1694 2956 incipiat
1723 2885 1894 2952 trahi,
1924 2893 1978 2942 et

395 2980 730 3046 consentiat,
773 2994 840 3036 ac
884 2987 1004 3050 post
1046 2994 1367 3036 consensum
1389 2977 1769 3049 poenitudinem
1793 2987 1974 3048 gerat,

397 3068 618 3156 habebit
645 3072 834 3126 harum
865 3072 1102 3128 sordium
1149 3072 1490 3142 indulgentiae
1535 3072 1756 3128 fontem.
1788 3069 1977 3128 Carnis

397 3164 542 3220 enim
567 3165 946 3222 commixtione
969 3165 1200 3232 ducitur,
1227 3181 1336 3220 non
1363 3165 1576 3234 propria
1602 3165 1979 3222 voluntate.At

393 3257 442 3312 si
467 3271 590 3314 cum
613 3273 673 3314 se
697 3257 866 3328 ipsam
893 3259 1231 3328 cognoverit,
1263 3257 1560 3312 consentiat
1587 3258 1726 3312 malo
1745 3297 1760 3322 ,
1793 3264 1845 3312 et
1871 3270 1975 3311 non

391 3363 454 3404 se
501 3357 675 3404 armet
721 3358 908 3406 contra
939 3350 1208 3404 inimicum
1231 3391 1246 3414 ,
1279 3349 1556 3404 voluntate
1595 3364 1692 3404 sua
1718 3346 1973 3417 peccavit.

393 3439 562 3506 Quam
581 3442 628 3494 si
657 3441 852 3496 iterum
879 3441 1074 3510 pud-eat
1089 3455 1300 3496 errasse
1319 3479 1334 3506 ,
1359 3449 1603 3510 paratum
1633 3439 1866 3494 inveniet
1887 3439 1980 3492 mi-

391 3532 804 3588 sericordiam
833 3541 1128 3590 auctorem.
1157 3533 1272 3588 Non
1299 3534 1440 3590 enim
1467 3534 1684 3603 punitur
1705 3532 1828 3603 quia
1855 3545 1979 3601 pec-

397 3626 572 3694 cavit,
595 3625 692 3680 sed
719 3627 842 3696 quia
861 3625 930 3682 de
961 3635 1176 3696 peccato
1202 3641 1308 3682 non
1335 3625 1524 3680 doluit.
1555 3625 1625 3679 At
1664 3625 1708 3678 si
1736 3639 1856 3678 cum
1879 3637 1977 3679 eo-

393 3715 520 3771 dem
567 3727 786 3786 peccato
833 3718 948 3773 sine
991 3717 1148 3773 venia
1177 3717 1428 3784 recedat,
1461 3724 1589 3772 tunc
1631 3714 1975 3783 excludetur,

395 3817 524 3862 tunc
553 3807 748 3878 virgini
775 3807 952 3864 stultae
998 3809 1394 3879 comparabitur
1419 3849 1436 3876 ,
1483 3817 1610 3862 tunc
1659 3807 1834 3862 haeres
1875 3805 1980 3861 erit

393 3898 628 3954 sinistra:
653 3913 842 3954 manus
864 3941 879 3967 ,
911 3909 1037 3956 tunc
1057 3915 1086 3954 a
1109 3900 1332 3956 Domino
1358 3899 1588 3970 pelletur
1625 3913 1696 3954 ex
1735 3897 1978 3954 convivio

395 3993 698 4062 nuptiarum
717 4033 734 4060 ,
751 3992 1028 4062 nigrarum
1049 4007 1208 4048 causa
1234 3993 1485 4058 vestium,
1509 3991 1598 4048 ubi
1621 3990 1776 4046 ﬂetus
1797 3991 1900 4046 erit
1923 3998 1980 4046 et

401 4083 598 4138 stridor
617 4083 876 4152 dentium,
899 4085 1098 4155 ibitque
1125 4100 1248 4140 cum
1277 4084 1490 4140 diabolo
1517 4083 1584 4138 ad
1614 4085 1788 4152 ignem
1818 4081 1979 4152 origi-

393 4175 482 4230 nis
507 4175 702 4245 ipsius;
731 4192 888 4247 quem
909 4185 1000 4232 tua
1023 4177 1158 4232 mira
1211 4175 1490 4247 prudentia
1531 4183 1622 4230 aut
1646 4189 1716 4229 ex
1745 4174 1978 4228 archan-

391 4270 516 4338 gelo
545 4268 744 4326 factum
785 4277 1048 4326 memorat
1068 4311 1086 4338 ,
1139 4278 1232 4326 aut
1273 4269 1405 4324 nihil
1459 4283 1578 4324 esse
1613 4267 1828 4323 fatetur.
1875 4265 1981 4322 Cur

391 4375 524 4431 ergo
549 4361 848 4432 regnabunt
869 4361 996 4432 justi
1023 4362 1046 4416 ?
1065 4361 1174 4416 Cur
1203 4359 1444 4430 Apostoli
1467 4368 1520 4415 et
1547 4369 1809 4430 martyres
1827 4371 1981 4413 coro-

399 4453 708 4508 nabantur?
734 4453 926 4508 Totum
955 4463 1238 4524 propterea
1261 4493 1278 4520 ,
1319 4453 1440 4522 quia
1467 4452 1710 4506 vicerunt
1733 4450 1864 4505 nihil
1889 4449 1912 4504 Ἰ
1935 4449 1982 4504 Ο

391 4553 658 4610 quantum
681 4543 966 4600 frustratur
995 4542 1258 4598 vincentis
1284 4543 1540 4611 potentia,
1571 4556 1692 4596 cum
1727 4541 1978 4596 adversa—

393 4636 507 4689 rius
549 4636 748 4691 nullius
777 4635 986 4692 virtutis
1025 4651 1144 4690 esse
1171 4634 1488 4704 praedicatur
1520 4635 1533 4688 l
1557 4633 1700 4688 Muta
1719 4671 1736 4700 ,
1763 4647 1978 4702 quaeso,

393 4728 738 4796 sententiam,
763 4727 973 4797 depone
1003 4727 1216 4782 Punicae
1258 4725 1432 4796 gentis
1471 4723 1743 4794 perfidiam
1765 4763 1782 4789 ,
1813 4732 1866 4777 et
1895 4737 1981 4778 re-

393 4819 695 4874 cessionem
744 4828 888 4876 tuam
929 4820 998 4876 ad
1051 4820 1326 4876 veritatem
1347 4859 1366 4887 ,
1415 4833 1534 4889 qua:
1581 4833 1678 4888 per
1725 4817 1973 4872 timorem

395 4906 538 4966 facta
577 4917 692 4979 est,
743 4919 994 4969 converte
1035 4931 1052 4966 :
1093 4911 1202 4968 noli
1247 4909 1334 4966 his
1379 4907 1670 4966 mendaciis
1717 4917 1769 4964 te
1813 4923 1980 4964 excu-

395 5013 518 5055 sare
538 5001 586 5056 ³.

467 5091 522 5148 5.
557 5090 710 5163 Legit
735 5093 878 5148 enim
905 5093 1170 5164 aliquanta
1198 5091 1337 5148 exile
1363 5106 1542 5146 meum
1587 5099 1644 5146 et
1671 5091 1982 5161 qualecum-

395 5197 504 5254 que
537 5185 762 5242 Romani
787 5185 1018 5244 hominis
1051 5183 1384 5258 ingenium‘,
1412 5183 1722 5240 reverendae
1754 5193 1855 5240 tua:
1888 5184 1980 5238 Di-

431 5297 748 5408 Ιὲὸὶιέὦθξιῦε
765 5297 924 5350 codex
939 5297 1246 5348 carnotensis
1267 5296 1460 5358 optim
1475 5302 1622 5346 notae.
1645 5294 1766 5346 Editi
1798 5303 1982 5358 autem,

645 5373 672 5406 it
727 5373 802 5408 ur.

393 5365 566 5422 quibus
589 5365 802 5408 utuntur.

459 5422 490 5494 ³.
513 5421 632 5494 editi
649 5421 730 5494 ilic
753 5428 807 5494 et
840 5421 892 5494 in
913 5422 1250 5494 sumente
1270 5419 1416 5494 “M92
1438 5431 1544 5482 περ·
1578 5419 1630 5480 ε»
1665 5431 1774 5494 est!
1812 5418 1984 5494 θρέτέιιι

393 5482 622 5553 girtutem
641 5482 826 5553 (eccm.
851 5483 1017 5553 Melius
1037 5482 1341 5553 (eructansis
1363 5489 1478 5553 (Ms.,
1503 5495 1612 5553 cum
1637 5482 1810 5545 spiritu
1833 5482 1985 5553 uirtu-

394 5547 507 5654 gq:
524 5545 844 5656 fecfz'tégam
865 5547 1088 5608 spiritum
1109 5547 1338 5596 virtutum
1355 5545 1652 5594 Secundinus
1671 5546 1868 5607 opponit
1884 5547 1982 5607 spi-

495 5622 512 5655 l
541 5620 588 5656 vr
611 5620 626 5655 ι
771 5643 782 5654 .

391 5616 494 5700 mg
495 5616 840 5740 1323:3353:
861 5670 1182 5740 Carnotensis,
1203 5667 1302 5729 noti
1323 5667 1400 5720 his
1421 5667 1686 5722 mendaciis
1707 5681 1944 5720 eamme
1963 5681 1982 5720 ἔ

393 5729 590 5792 supple,
613 5729 925 5782 recessionem
946 5739 1094 5782 tuam.
1168 5729 1175 5730 “

399 5849 413 5861 _
459 5793 483 5822 δ
515 5799 588 5860 ur.
607 5795 754 5856 Lugd.
779 5801 899 5847 Ven.
921 5799 1056 5859 ιρι,
1071 5798 1120 5848 et
1135 5791 1762 5861 qualecmtqueestnomani
1781 5793 1985 5850 hominis

391 5862 776 5918 ΜΠ.

1571 377 1902 438 EPISTOLA
1935 374 2031 431 AD
2068 374 2530 437 AUGUSTINUM.

3566 383 3676 444 57‘

2098 491 2361 560 gnationis
2391 493 2585 564 scripta
2605 534 2620 560 ,
2647 491 2703 549 in
2731 491 2924 566 quibus
2949 494 3026 552 sic
3069 494 3314 553 irasceris
3341 499 3578 569 veritati,
3609 508 3670 558 ut
3761 549 3764 552 .

2091 579 2442 654 philosophiae
2493 585 2825 644 Hortensius.
2869 587 2995 645 Haec
3037 589 3216 660 itaque
3241 604 3364 646 cum
3408 605 3668 662 suspenso

2091 676 2271 730 animo
2299 677 2526 748 agilique
2563 681 2720 736 oculo
2759 679 2951 736 iterum
2983 683 3282 752 iterumque
3311 685 3624 756 repetissem
3651 726 3668 750 ,

2089 779 2356 822 summum
2379 765 2554 824 inveni
2583 770 2774 842 ubique
2798 781 3062 829 oratorem
3083 783 3138 829 et
3163 773 3319 830 deum
3347 791 3482 846 pene
3510 777 3670 832 totius

2091 858 2408 930 eloquentiae
2437 877 2454 914 :
2484 877 2742 934 nusquam
2768 881 2896 920 vero
2922 868 3158 938 comperi
3199 869 3548 924 christianum
3574 887 3588 924 :
3617 877 3671 926 et

2090 961 2350 1007 armatum
2382 955 2592 1024 quidem
2616 965 2798 1011 contra
2829 960 3025 1028 omnia,
3049 958 3402 1015 affirmantem
3430 977 3557 1016 vero
3589 961 3669 1016 ni-

2089 1039 2201 1096 hil:
2233 1059 2354 1100 cum
2387 1053 2440 1102 te
2465 1047 2632 1118 magis
2661 1048 2879 1102 scientia
2927 1051 3155 1119 peritum
3193 1050 3444 1108 debueris
3485 1061 3670 1108 osten-

2089 1135 2246 1200 dere,
2279 1153 2386 1192 non
2429 1152 2694 1194 sermone.
2747 1139 2878 1194 Illud
2910 1145 3035 1196 vero
3067 1151 3242 1198 tacere
3289 1159 3394 1198 non
3449 1159 3665 1213 possum

2090 1235 2194 1282 ture
2221 1227 2616 1297 patientissima!
2645 1230 2918 1286 Sanetitati
2945 1249 2958 1286 :
2983 1233 3125 1288 visus
3171 1233 3310 1288 enim
3343 1235 3472 1292 mihi
3497 1250 3586 1298 es,
3615 1243 3670 1290 et

2089 1331 2185 1390 pro
2211 1332 2358 1378 certo
2387 1321 2462 1376 sic
2483 1330 2584 1388 est,
2609 1332 2662 1376 et
2695 1339 2962 1394 nunquam
2991 1323 3153 1380 fuisse
3181 1325 3552 1395 Manichteum,
3571 1341 3670 1382 nec

2087 1413 2203 1484 ejus
2231 1423 2280 1468 te
2313 1414 2549 1484 potuisse
2575 1430 2768 1470 arcana
2793 1417 3056 1486 incognita
3079 1417 3267 1472 secreti
3299 1433 3661 1488 cognoscere,

2083 1513 2243 1574 atque
2269 1505 2368 1558 sub
2395 1504 2664 1560 Manichaai
2687 1506 2900 1562 nomine
2923 1508 3172 1578 persequi
3196 1516 3246 1562 te
3275 1507 3624 1563 Hannibalem
3644 1509 3662 1540 ⁸

2085 1605 2244 1666 atque
2267 1595 2649 1652 Mithridatem.
2678 1600 2791 1670 Ego
2823 1615 3049 1669 namque
3075 1599 3244 1654 fateor
3267 1615 3372 1654 non
3421 1601 3513 1656 tali
3541 1599 3666 1656 dili-

2085 1687 2262 1758 gentia
2292 1703 2392 1744 nec
2439 1698 2582 1744 tanta
2611 1691 2870 1745 industria
2925 1691 3196 1745 Anicianae
3233 1690 3424 1746 domus
3467 1692 3667 1748 micare

2085 1796 2352 1834 marmora
2374 1823 2390 1846 ,
2441 1790 2638 1852 quanta
2667 1793 2755 1836 tua
2795 1783 2986 1852 scripta
3021 1782 3296 1852 perlucent
3340 1783 3664 1852 eloquentia.

2085 1873 2233 1926 lianc
2253 1873 2298 1928 si
2322 1873 2578 1929 voluisses
2597 1873 2806 1930 veritati
2833 1875 3180 1940 concordare,
3209 1889 3458 1945 magnum
3481 1874 3667 1944 utique

2085 1964 2242 2020 nobis
2297 1966 2591 2020 exstitisset
2643 1975 3038 2021 ornamentum.
3079 1965 3235 2032 Noli,
3275 1981 3437 2036 rogo,
3482 1975 3666 2021 contra

2083 2062 2228 2112 tuam
2256 2057 2438 2113 venire
2461 2065 2704 2112 naturam
2733 2099 2748 2126 ,
2787 2059 2895 2112 noli
2945 2074 3062 2114 esse
3089 2059 3286 2114 erroris
3313 2059 3496 2115 lancea
3515 2099 3532 2127 ,
3563 2074 3666 2130 qua

2075 2150 2222 2208 .latus
2261 2153 2557 2223 percutitur
2601 2151 2909 2208 Salvatoris.
2939 2151 3101 2208 Vides
3143 2152 3282 2206 enim
3323 2151 3472 2206 illum
3515 2160 3570 2206 et
3610 2151 3666 2207 in

2081 2244 2230 2298 omni
2255 2243 2454 2298 mundo
2482 2250 2536 2298 et
2563 2241 2616 2296 in
2655 2243 2798 2297 omni
2822 2242 3000 2297 anima
3029 2257 3149 2298 esse
3173 2241 3514 2308 crucifixum,
3545 2257 3665 2312 qua:

2075 2337 2259 2409 anima
2297 2351 2563 2406 nunquam
2591 2335 2778 2391 habuit
2800 2334 3146 2390 succensendi
3175 2341 3418 2388 naturam
3439 2334 3480 2386 '.
3513 2331 3582 2388 Et
3608 2341 3664 2388 tu

2079 2425 2241 2498 igitur
2266 2428 2356 2497 qui
2378 2443 2442 2482 ex
2473 2427 2586 2496 ipsa
2617 2441 2676 2482 es
2701 2468 2716 2492 ,
2751 2426 2957 2482 dimitte
2975 2467 2992 2494 ,
3015 2439 3219 2498 quaeso,
3247 2424 3360 2496 jam
3385 2439 3549 2480 vanas
3577 2424 3663 2480 in-

2081 2519 2408 2586 cusationes,
2438 2519 2731 2590 superfluas
2767 2519 3008 2590 relinque
3036 2517 3448 2574 controversias.
3495 2516 3662 2574 Tanto

2081 2621 2324 2684 tempore
2347 2627 2468 2668 cum
2495 2621 2714 2684 parente
2743 2621 2834 2666 tuo
2859 2610 2912 2665 in
2943 2610 3122 2666 medio
3167 2609 3506 2666 tenebrarum
3531 2623 3661 2664 con-

2079 2706 2330 2772 stitutus,
2355 2718 2623 2774 nunquam
2659 2701 2995 2758 subsannasti
3023 2718 3037 2754 :
3067 2701 3122 2756 in
3161 2699 3392 2756 medium
3439 2699 3568 2756 solis
3597 2713 3662 2754 ac

2080 2797 2220 2854 lunae
2247 2798 2492 2853 iuventus
2515 2811 2576 2851 es
2599 2804 2897 2852 accusator.
2924 2785 3238 2864 Quis‘igitur
3279 2793 3376 2848 tibi
3401 2800 3658 2864 patronus

2079 2891 2544 2960 eritantcjustum
2575 2887 2804 2942 tribunal
2822 2886 3042 2952 Judicis,
3071 2891 3194 2942 eum
3229 2894 3284 2942 et
3311 2885 3380 2940 de
3415 2897 3661 2940 sermone

2079 2993 2134 3042 et
2155 2983 2222 3040 de
2245 2997 2406 3054 opere
2427 2981 2654 3052 coeperis
2678 2989 2729 3035 te
2758 2987 2890 3034 teste
2910 2978 3152 3033 convinci
3172 2977 3195 3030 ?
3217 2976 3376 3032 Persa
3399 2990 3554 3046 quem
3580 2975 3662 3030 in-

2080 3076 2297 3141 cusasti,
2327 3090 2431 3130 non
2455 3071 2644 3130 aderit.
2677 3071 2786 3126 Hoc
2807 3079 3050 3142 excepto,
3069 3067 3186 3138 quis
3211 3077 3264 3124 te
3293 3067 3508 3122 ﬂentem
3525 3080 3658 3122 con-

2081 3169 2338 3224 solabitur
2359 3168 2382 3222 ’ἰ
2403 3166 2532 3234 Quis
2555 3165 2814 3220 Punicum
2839 3163 3104 3218 salvabit?
3131 3162 3214 3216 An
3238 3159 3577 3216 emendatum
3605 3158 3660 3216 in

2081 3261 2370 3332 Evangelio
2391 3257 2649 3330 est,quod
2675 3257 2906 3328 spatiosa
2926 3257 3008 3310 via
3027 3270 3134 3310 non
3169 3253 3395 3310 deducat
3415 3253 3469 3308 in
3490 3252 3659 3314 inter-

2081 3355 2212 3410 itum
2263 3354 2473 3428 (Matth.
2498 3369 2592 3420 vn,
2619 3351 2753 3422 l5)?
2777 3351 2860 3406 An
2887 3349 3077 3404 falsum
3103 3351 3156 3404 in
3185 3348 3351 3404 Paulo
3376 3357 3489 3416 est,
3519 3345 3661 3417 quod

2083 3461 2303 3515 operum
2325 3443 2521 3513 singuli
2547 3457 2762 3498 suorum
2791 3457 2898 3497 non
2919 3449 3077 3496 erunt
3105 3438 3370 3496 reddituri
3403 3439 3663 3494 rationem

2085 3538 2262 3609 (Rom.
2296 3553 2426 3604 xxv,
2460 3535 2563 3608 l2)
2589 3537 2612 3588 ἲ
2637 3535 2680 3590 Ο
2709 3536 2909 3589 utinam
2961 3549 2990 3587 a
3037 3532 3329 3586 Manichaeo
3365 3530 3659 3598 recedens,

2083 3627 2424 3684 Academiam
2481 3625 2743 3695 petisses,
2799 3633 2888 3678 aut
2940 3622 3303 3676 Romanorum
3347 3621 3522 3688 bella,
3572 3618 3662 3689 qui

2081 3720 2264 3776 omnia
2289 3725 2626 3788 superarunt,
2651 3717 3028 3785 interpretatus
3050 3711 3244 3768 fuisses
3263 3731 3276 3767 :
3295 3727 3454 3784 quam
3473 3725 3664 3781 magna

2081 3810 2194 3876 ibi,
2225 3824 2384 3880 quam
2413 3807 2624 3879 egregia
2643 3805 3001 3875 comperisses
3020 3845 3036 3866 .
3062 3810 3118 3858 et
3143 3817 3270 3870 non,
3301 3810 3480 3858 castus
3501 3801 3663 3856 homo

2083 3901 2268 3970 utique
2293 3899 2454 3954 totius
2477 3896 2743 3968 pudicitiae
2763 3905 2816 3950 et
2835 3895 3179 3966 paupertatis,
3206 3893 3342 3948 isses
3363 3891 3430 3947 ad
3452 3891 3662 3946 Judmo-

2083 4007 2202 4048 rum
2227 4000 2413 4062 gentes
2437 3989 2692 4044 barbaras
2715 3985 2957 4042 moribus
2984 4002 2997 4038 ε
3025 3999 3146 4040 cum
3175 3983 3454 4054 praeceptis
3473 3981 3665 4038 inseris

2081 4083 2288 4140 fabulas
2303 4083 2346 4149 ³,
2375 4089 2433 4138 et
2455 4081 2674 4138 adducis
2701 4077 3290 4148 uxoremfomicariam;
3312 4085 3398 4142 et,
3423 4075 3578 4146 facies
3599 4075 3666 4144 ﬁ-

2085 4176 2178 4231 lios
2199 4175 2486 4248 [ornicariw
2502 4190 2522 4238 ;
2539 4181 2624 4242 et,
2651 4171 2950 4243 [criticando
2977 4169 3305 4242 fornicabitnr
3325 4177 3462 4223 terra
3497 4185 3530 4221 a
3557 4165 3666 4222 Do-

2083 4267 2220 4322 mino
2251 4265 2462 4336 (Usen,
2493 4264 2584 4336 2);
2608 4271 2684 4328 et,
2709 4261 2832 4316 Non
2869 4260 3058 4316 lavabis
3093 4275 3272 4314 manus
3325 4267 3438 4328 post
3478 4258 3666 4312 coitum

2084 4359 2314 4432 coniugis
2332 4376 2350 4422 ;
2385 4367 2440 4412 et
2463 4398 2478 4424 ,
2519 4355 2665 4410 Mitte
2705 4369 2882 4408 manus
2908 4370 3060 4424 super
3107 4353 3270 4422 lentur
3299 4367 3464 4405 meum
3507 4349 3658 4424 (Gen.

2085 4466 2235 4516 xxrv,
2260 4450 2315 4516 2,
2339 4457 2384 4503 et
2415 4463 2584 4515 xnvu,
2605 4445 2718 4517 29);
2743 4453 2830 4510 et,
2867 4442 3038 4498 Macta
3063 4453 3108 4498 et
3152 4442 3404 4496 manduca
3443 4439 3578 4514 (Act.
3605 4457 3663 4506 ι,

2089 4545 2202 4610 15);
2231 4551 2285 4598 et
2304 4581 2320 4607 ,
2353 4540 2568 4595 Crescite
2589 4547 2638 4592 et
2666 4537 3074 4606 multiplicamini
3101 4534 3252 4607 (Gen.
3277 4551 3316 4602 ι,
3333 4533 3450 4602 28).
3471 4535 3550 4588 An
3569 4533 3664 4588 tibi

2087 4635 2270 4690 leones
2319 4633 2378 4686 in.
2405 4631 2521 4686 lacu
2555 4630 2866 4699 placuerunt
2895 4627 3058 4690 (Dan.
3085 4644 3160 4696 vt,
3185 4627 3300 4699 16),
3331 4627 3454 4698 quia
3483 4641 3665 4682 cavea:

2085 4741 2192 4782 non
2220 4735 2372 4780 erant
2400 4725 2526 4778 ?An
2573 4723 2666 4778 tibi
2711 4722 2960 4778 sterilitas
2985 4721 3130 4776 Sorae
3156 4721 3344 4788 doluit,
3371 4723 3521 4790 cujus
3567 4735 3667 4788 pu-

2085 4818 2232 4874 doris
2275 4818 2562 4873 distractor
2603 4815 2822 4870 maritus
2851 4829 3096 4870 sororem
3141 4814 3345 4884 ﬁngens
3386 4813 3669 4866 exstiterat

2087 4912 2239 4984 (Gen.
2267 4928 2362 4978 xtl,
2409 4913 2476 4968 15
2497 4952 2512 4976 ,
2549 4919 2596 4964 et
2623 4926 2712 4977 xx,
2741 4907 2796 4981 2)
2825 4909 2848 4962 ’ἶ
2875 4908 2978 4964 Sed
3009 4907 3146 4963 forte
3192 4915 3314 4977 post
3364 4904 3572 4960 Daretis
3613 4911 3668 4960 et

2085 5006 2282 5062 Entelli
2307 5015 2577 5060 certamen
2596 5006 2613 5076 (
2627 5002 2806 5075 Virgil.
2829 5001 2905 5058 19‘
2911 5003 3042 5058 neid.
3071 5003 3157 5056 tib.
3176 5001 3227 5066 5,
3249 5015 3373 5054 vers.
3387 4997 3656 5070 562-484),

2087 5097 2252 5154 Jacob
2271 5097 2500 5166 etipsius
2527 5095 2910 5167 pammachiam
2925 5102 3233 5164 exspectare
3251 5090 3492 5146 volueras
3509 5085 3660 5160 (Gen.

2087 5207 2256 5258 xxxn,
2301 5189 2394 5256 24,
2424 5187 2516 5262 25)
2543 5189 2566 5243 ‘f
2595 5189 2676 5244 An
2709 5202 2987 5243 numerum
3019 5183 3451 5240 Αιιιοττιιίεοηπη
3480 5179 3684 5252 (Josue

2087 5301 2144 5350 ι,
2167 5284 2244 5354 5),
2272 5299 2340 5338 an
2370 5297 2692 5354 pancarpum
2717 5282 2770 5335 in
2787 5295 2909 5335 arca
2929 5278 3042 5334 Noe
3061 5277 3370 5348 conspicere
3393 5273 3668 5344 disposue-

2151 5421 2168 5452 ι
2203 5417 2322 5467 Editi
2359 5417 2531 5480 vulgo,
2563 5413 3040 5480 humilem,babent,
3065 5411 3186 5474 loco,
3211 5409 3544 5463 annibalem.
3584 5415 3689 5478 Ca-q

2085 5483 2324 5546 stigantur
2360 5493 2422 5530 ex
2453 5479 2730 5546 Carnoteusi
2763 5486 2858 5546 Ms.
2888 5543 2903 5546 _
3301 5534 3312 5546 ,
3364 5535 3374 5546 _
3427 5535 3456 5546 ,η
3683 5481 3692 5500 ⁸

2150 5534 2180 5577 ἵ
2203 5553 2266 5594 tta
2287 5542 2590 5592 Carnotensis
2609 5541 2781 5590 codex.
2815 5545 2867 5588 Al.
2887 5543 3016 5596 Lov.,
3036 5548 3280 5598 nunquam
3293 5534 3457 5586 habuit
3477 5547 3668 5598 conum

2087 5603 2398 5658 sncmtsendi
2439 5609 2676 5653 naturam.
2701 5602 2850 5651 Editio
2872 5595 3162 5663 Am.,’fineni
3199 5595 3511 5649 succensendi
3533 5603 3663 5646 natu-

2087 5681 2256 5779 rminln
2295 5737 2376 5777 Ms.
2399 5727 2694 5784 Caniotensi,
2729 5723 2843 5775 isses
2876 5724 2940 5773 ad
2963 5722 3248 5786 Judworum
3283 5722 3432 5786 gentis
3453 5719 3673 5786 barbara:

2089 5807 2203 5906 aq:
2237 5789 2446 5905 gregibus
2499 5795 2601 5840 tum
2653 5781 2907 5853 praeceptis
2943 5785 3173 5850 fabulas:
3211 5791 3260 5837 et
3283 5781 3506 5842 ’κακῶς
3545 5792 3670 5833 uxo-

2093 5869 2148 5906 re
2201 5887 2218 5906 .

2093 5869 2218 5918 rem,

3693 5965 3712 5993 λ

2705 6022 2718 6028 ’⁷
2793 6019 2846 6042 ,ἒ-ῐ.

2675 6045 2684 6056 ρ
2705 6023 2717 6028 ’⁷
2793 6023 2956 6078 ,ζιυΰλ

2654 6045 2670 6060 Ι
2794 6077 2834 6089 ἰ’
2883 6057 2906 6086 ‘I.
2959 6057 3000 6072 ,η
