4094 6436
463 458 573 519 5'15

460 610 550 651 ras
567 592 716 668 (Gen.
736 591 831 666 vn)
849 590 1023 650 ?Novi
1051 606 1150 664 ego
1168 599 1218 647 te.
1243 590 1359 645 haec
1387 602 1598 658 semper
1622 585 1744 642 odio
1768 584 2041 652 habuisse,

460 690 584 743 novi
607 702 705 759 ego
727 698 777 743 te
797 702 1007 758 semper
1031 699 1217 755 magna
1243 682 1527 745 amavisse,
1555 694 1673 750 qua:
1690 687 1860 735 terras
1885 676 2047 732 dese-

460 788 669 844 rerent,
695 795 811 850 qua:
841 768 1017 835 caelos
1034 782 1295 847 peterent,
1323 789 1443 846 quae
1485 787 1709 843 corpora
1744 768 2042 828 mortiﬁca-

463 881 614 937 rent,
647 888 763 942 quae
792 872 995 925 animas
1019 869 1368 925 vivificarent.
1396 867 1526 935 Quis
1553 867 1711 937 igitur
1736 864 1826 921 ille
1850 861 2043 934 estqui

458 972 513 1021 te
536 973 757 1036 repente
788 962 1052 1019 mutavit?

528 1060 580 1113 4.
615 1060 925 1127 Quanquam
955 1055 1071 1111 haec
1096 1063 1202 1111 tuae
1227 1055 1508 1111 Sanctitati
1532 1053 1711 1109 dicere
1738 1051 1895 1107 nimis
1938 1050 2041 1107 ab-

353 1214 361 1225 .
455 1147 676 1201 surdum
701 1147 789 1201 sit.
821 1147 939 1216 Ipse
964 1147 1105 1201 enim
1137 1161 1241 1201 non
1264 1146 1477 1217 ignoras
1493 1159 1650 1215 quam
1670 1142 1934 1213 pessimus
1949 1139 2039 1209 Sit,

457 1253 721 1308 quamque
749 1238 1030 1308 malignus,
1064 1239 1260 1309 quique
1282 1238 1441 1292 etiam
1460 1244 1604 1290 tanta
1630 1233 1920 1290 calliditate
1940 1233 2041 1288 ad-

456 1343 645 1383 versus
676 1330 858 1385 fideles
888 1339 941 1385 et
969 1346 1207 1385 summos
1232 1330 1375 1405 viros
1402 1329 1623 1396 militat,
1656 1336 1714 1383 ut
1740 1335 1795 1382 et
1822 1327 2039 1381 Petrum

455 1422 690 1490 coegerit
736 1422 835 1476 sub
861 1439 961 1476 una
1007 1431 1163 1477 nocte
1188 1422 1342 1477 tertio
1375 1420 1655 1476 Dominum
1706 1433 1939 1489 negare,
1985 1425 2040 1473 et

454 1511 626 1567 eidem
672 1514 969 1584 resurgenti
1000 1513 1257 1568 Thomam
1307 1527 1412 1566 non
1443 1510 1744 1580 permiserit
1770 1508 1991 1564 credere
2023 1525 2037 1562 :

455 1618 573 1672 qua:
596 1612 772 1659 tamen
801 1606 1018 1660 vulnera
1044 1614 1223 1659 curata
1252 1611 1376 1657 sunt
1395 1602 1734 1671 indulgentiae
1752 1599 2035 1654 medicina.

454 1695 587 1751 Illud
620 1713 746 1752 vero
775 1714 934 1768 quam
955 1698 1204 1753 audacter
1227 1697 1443 1751 molitus
1469 1695 1556 1757 sit,
1576 1704 1633 1748 ut
1653 1693 1878 1747 Domino
1902 1690 2040 1760 opti-

453 1805 601 1843 mum
634 1806 816 1846 semen
846 1792 1148 1856 seminanti,
1176 1790 1263 1843 ille
1286 1788 1483 1843 zizania
1512 1786 1803 1851 miscuerit,
1822 1791 2039 1839 cttanlo

454 1884 653 1951 pastori
686 1882 989 1938 Iscariotem
1015 1882 1281 1953 rapuerit;
1339 1889 1393 1935 ct
1419 1888 1479 1934 ut
1503 1878 1569 1933 ad
1596 1879 1835 1933 ultimum
1867 1876 2040 1931 crucis

452 1975 772 2045 supplicium
821 1977 1124 2041 veniretur,
1172 1975 1224 2029 in
1282 1973 1569 2044 perniciem
1614 1971 1779 2040 ipsius
1822 1969 2038 2026 Scribas

452 2065 859 2137 Pharisaeosque
885 2066 1204 2133 accenderit,
1232 2075 1290 2120 ut
1318 2064 1605 2119 Barrabam
1633 2062 1825 2117 dimitti
1845 2062 2040 2117 clama-

453 2166 609 2223 rent,
629 2167 681 2213 et
731 2158 911 2214 Jesum
954 2159 1209 2227 crucifigi.
1243 2156 1521 2211 Evasimus
1568 2155 1725 2225 igitur
1748 2195 1762 2219 ,
1790 2154 1910 2224 quia
1930 2153 2037 2222 spi-

454 2249 698 2304 ritualem
717 2250 883 2304 secuti
907 2265 1089 2304 sumus
1120 2248 1469 2303 Salvatorem.
1499 2246 1631 2301 Nam
1660 2246 1801 2300 illius
1832 2252 2036 2298 tantum

453 2341 629 2411 erupit
651 2342 867 2397 audacia
889 2383 904 2408 ,
928 2351 986 2396 ut
1018 2343 1062 2395 si
1092 2350 1273 2396 noster
1312 2339 1571 2395 Dominus
1613 2338 1838 2393 carnalis
1863 2338 2034 2402 foret,

451 2432 625 2486 omnis
646 2440 823 2486 nostra
846 2432 1033 2487 fuisset
1054 2447 1178 2501 spes
1204 2438 1492 2500 amputata.
1526 2430 1596 2484 Et
1621 2438 1797 2484 tamen
1824 2444 1889 2482 ne
1922 2428 2038 2497 ipso

450 2521 667 2591 quidem
694 2522 866 2577 crucis
908 2522 1195 2592 opprobrio
1240 2520 1408 2592 potuit
1436 2520 1616 2575 satiari
1645 2537 1658 2574 :
1687 2518 1924 2589 quinimo
1951 2518 2037 2571 in-

454 2614 669 2669 saniens
690 2657 703 2680 ,
734 2614 857 2670 hinc
883 2615 1057 2686 coegit
1084 2615 1251 2686 spinis
1279 2612 1553 2679 coronari,
1587 2612 1730 2667 illinc
1763 2618 1917 2666 aceto
1942 2624 2038 2680 po-

455 2705 592 2771 tari;
621 2704 745 2761 hinc
766 2706 1003 2760 militum“
1021 2706 1201 2761 lancea
1229 2706 1454 2775 percuti,
1473 2705 1617 2758 illinc
1642 2703 1839 2758 sinistri
1870 2703 2037 2758 latro-

451 2796 536 2849 nis
560 2811 653 2851 ore
679 2798 1032 2867 blasphemari
1064 2797 1274 2871 (Matth.
1305 2814 1462 2865 xxvr,
1501 2812 1684 2862 xxvn;
1717 2794 1847 2849 Luc.
1888 2811 1999 2849 xxii
2019 2836 2035 2862 ,

451 2903 605 2953 χχιιι,
632 2897 677 2943 et
702 2887 858 2943 Joan.
882 2890 1163 2960 xvnt-xx).
1194 2891 1263 2943 At
1295 2898 1476 2960 postea
1505 2897 1706 2943 tantum
1735 2889 1851 2957 ejus
1871 2887 2039 2943 crevit

453 2980 705 3051 iniquitas
728 3024 743 3048 ,
775 2991 832 3036 ut
855 2991 903 3037 ct
940 2983 1054 3052 ipso
1076 2991 1131 3036 et
1156 2983 1421 3051 Apostolis
1449 2982 1563 3052 ejus
1592 2982 1717 3037 illuc
1742 2980 2037 3035 ascenden-

452 3070 595 3126 tibus
640 3071 878 3129 diversas
918 3081 1263 3143 componeret
1302 3075 1655 3143 quaestiones,
1687 3073 1788 3128 sub
1815 3086 2034 3138 eorum,

451 3162 593 3232 quod
616 3162 767 3233 pejus
793 3174 901 3231 est,
932 3165 1149 3219 nomine
1171 3164 1554 3234 superstitiosis
1567 3163 1834 3230 omnibus,
1850 3163 1902 3218 id
1918 3172 1999 3218 cst
2017 3203 2033 3231 ,

454 3254 702 3311 catholici
729 3256 969 3311 vocabuli
996 3256 1240 3312 dividens
1270 3257 1600 3328 dignitatem.
1642 3257 1842 3313 Omitto
1880 3273 2035 3311 nam-

452 3361 555 3414 que
580 3354 840 3417 quatenus
888 3364 1317 3419 unumquemque
1363 3347 1746 3419 discipulorum
1781 3349 2037 3403 adversus

449 3441 734 3508 magistros
758 3441 1077 3507 armaverit,
1112 3449 1373 3510 quatenus
1400 3439 1748 3511 Hymenaeum
1767 3441 1807 3506 ί,
1847 3448 2036 3510 quate-

448 3547 550 3586 nus
582 3532 939 3587 Alexandrum
970 3533 1239 3603 deceperit
1260 3533 1306 3602 (I
1339 3531 1475 3586 Tim.
1520 3550 1559 3601 ι,
1605 3530 1720 3604 20),
1747 3548 1866 3603 quae
1896 3532 2036 3602 apud

447 3621 820 3689 Antiochiam,
850 3639 965 3693 quae
993 3622 1131 3693 apud
1157 3623 1459 3694 Smyrnam,
1485 3639 1603 3694 qua:
1630 3624 1767 3694 apud
1799 3624 2035 3679 lconium

449 3715 776 3769 commiserit
806 3731 820 3767 :
856 3715 946 3769 illa
978 3730 1119 3770 nunc
1143 3714 1281 3769 addo
1305 3730 1423 3785 quae
1446 3729 1683 3784 praesens
1699 3716 1882 3770 actilat
1906 3715 2038 3769 mul-

451 3809 655 3876 titudo,
686 3825 715 3864 a
740 3824 841 3879 qua
868 3817 1073 3863 tantum
1104 3809 1271 3863 virtus
1299 3808 1481 3879 procul
1512 3816 1622 3875 est,
1652 3819 1905 3879 quantum
1934 3824 2036 3879 po-

451 3899 575 3967 pulo
621 3900 799 3953 clausa
830 3908 930 3953 est.
974 3899 1084 3954 Nec
1133 3899 1273 3953 enim
1302 3899 1470 3953 virtus
1496 3908 1578 3953 est
1604 3898 1667 3953 ad
1695 3915 1855 3969 quam
1884 3900 2036 3957 turba

446 3992 691 4059 pervenit
710 4033 724 4057 ,
754 4000 807 4045 et
841 3991 991 4045 turba
1012 4007 1168 4060 quam
1196 3991 1423 4045 maxime
1444 3990 1781 4047 feminarum.
1811 3992 1918 4049 Sed
1948 4008 2036 4049 ve-

446 4095 581 4135 reor-
615 4080 940 4135 clandestina
990 4096 1175 4135 eorum
1230 4082 1535 4150 publicare,
1566 4098 1632 4137 ne
1680 4084 1746 4139 ab
1788 4084 1906 4140 aliis
1943 4099 2035 4139 or-

400 4156 403 4159 »
448 4172 558 4228 dita
596 4174 819 4228 crimina
856 4174 1214 4243 geminentur.
1263 4173 1575 4243 Quanquam
1616 4176 1915 4245 sapientum
1954 4186 2037 4234 est

445 4272 733 4334 utrumque
757 4264 895 4318 ferre
914 4304 929 4328 ,
955 4272 1238 4334 utrumque
1263 4264 1469 4330 ridere;
1500 4276 1553 4321 et
1580 4267 1647 4321 ad
1672 4268 1802 4322 illud
1831 4277 2034 4325 tantum

449 4355 547 4409 niti
569 4395 584 4421 ,
614 4354 751 4425 quod
782 4354 1162 4410 beatitudinem
1210 4356 1484 4423 conciliat,
1515 4358 1656 4428 quod
1700 4361 1923 4430 parturit
1953 4362 2034 4416 vi-

446 4454 577 4499 tam.

416 4550 423 4561 “
516 4538 571 4593 5.
615 4536 681 4592 Et
706 4547 882 4592 tamen
926 4538 1115 4593 iterum
1144 4546 1304 4609 atque
1348 4540 1541 4595 iterum
1572 4544 1799 4614 supplex
1843 4544 2033 4615 depre-

443 4641 556 4693 cor,
588 4642 683 4682 oro
712 4629 871 4683 etiam
901 4637 1059 4699 atque
1081 4630 1239 4685 etiam
1279 4631 1524 4700 obsecro,
1552 4635 1783 4703 primum
1817 4637 2033 4708 quidem

446 4721 653 4776 veniam
685 4721 863 4791 largiri
904 4721 1157 4793 digneris,
1204 4724 1248 4778 si
1277 4739 1383 4794 quo
1408 4740 1658 4783 sermone
1686 4729 1845 4784 fuerit
1884 4738 2030 4784 tuum

441 4812 708 4866 titillatum
757 4827 976 4867 aureum
1025 4822 1209 4882 pectus
1239 4832 1252 4867 :
1284 4815 1478 4871 ardore
1524 4817 1667 4872 enim
1715 4817 1817 4873 hoc
1868 4820 2033 4875 nimio

440 4901 567 4970 feci,
600 4904 719 4972 quia
746 4903 871 4958 nolo
900 4912 950 4957 te
975 4918 1005 4957 a
1037 4912 1220 4961 nostro
1247 4921 1408 4976 grege
1433 4906 1631 4973 divelli,
1666 4923 1696 4961 a
1738 4923 1843 4978 quo
1870 4910 2029 4966 etiam

439 5011 539 5065 ego
585 4996 699 5065 ipse
745 4996 1001 5051 abcrrans
1045 5012 1180 5066 pene
1225 4998 1508 5067 perieram,
1558 4998 1660 5053 nisi
1689 4998 1797 5055 cito
1845 5016 1933 5057 me
1962 5002 2030 5059 de

441 5088 621 5157 iniqua
651 5088 1040 5143 communionis
1070 5089 1306 5144 tulissem
1338 5099 1544 5144 natura.
1575 5090 1796 5158 Deinde,
1821 5102 1877 5147 ut
1901 5108 2030 5149 con-

445 5178 596 5233 cilies
620 5190 669 5235 te
693 5180 790 5247 illi,
816 5196 933 5251 qua:
962 5180 1014 5235 in
1039 5189 1091 5236 te
1117 5180 1247 5235 nihil
1275 5180 1495 5252 deliquit
1519 5198 1533 5236 :
1557 5181 1743 5238 redeas
1770 5184 1834 5238 ad
1860 5185 2025 5255 illam,

438 5286 555 5338 qum
582 5270 674 5325 tibi
702 5280 755 5326 et
786 5272 835 5326 in
862 5272 1070 5328 dierum
1115 5274 1321 5343 culpam
1349 5276 1391 5341 ²,
1425 5289 1529 5329 non
1557 5276 1660 5330 erit
1682 5292 2025 5336 succensura.

436 5359 545 5414 Nec
583 5363 725 5416 enim
756 5365 954 5432 septies
980 5372 1183 5419 tantum
1229 5364 1376 5419 novit
1413 5366 1692 5435 ignoscere
1734 5386 1749 5422 :
1791 5370 2028 5439 quinimo

437 5451 595 5507 habet
618 5462 672 5508 et
695 5454 888 5526 ligandi
910 5465 965 5511 et
986 5456 1224 5511 solvendi
1246 5466 1585 5527 potestatem.
1618 5459 1736 5514 Noli
1759 5470 1811 5515 te
1830 5463 2028 5532 fingere

435 5544 671 5614 palpare,
704 5548 793 5618 qui
833 5547 1034 5603 dudum
1079 5548 1257 5604 vidisti
1293 5568 1305 5603 :
1340 5550 1448 5605 noli
1489 5552 1627 5607 velle
1673 5552 1902 5618 discere,
1936 5557 2028 5625 qui

434 5644 590 5703 potes
612 5636 826 5694 docere.
868 5638 1085 5694 Dimitte
1112 5640 1384 5696 hominum
1412 5642 1657 5712 gloriam,
1690 5644 1734 5699 si
1761 5646 1840 5699 vis
1866 5644 2026 5701 Chri-

500 5777 519 5847 ξ
536 5779 841 5847 Carnotensis
850 5777 1150 5839 codex,loco,
1161 5783 1655 5847 Hymentenmmahet,
1662 5792 2022 5847 Hermogenem.

498 5840 520 5869 ²
553 5840 683 5888 Idem
702 5841 859 5889 codex
879 5836 1337 5909 Caruotensisfqua;
1356 5843 1441 5894 tibi
1474 5836 1520 5909 si
1566 5836 1771 5909 redieris
1795 5879 1811 5909 ,
1835 5836 2027 5907 culpam

435 5909 635 5952 nonem
657 5914 963 5955 succensura.
997 5911 1137 5958 Forte
1162 5905 1438 5969 legendum,
1462 5905 1519 5958 ob
1545 5906 1750 5973 culpam.

1204 451 1566 512 SECUNDINI
1604 445 1960 507 MANICHEI
1998 443 2329 506 EPISTOLA
2370 451 2463 513 AD
2498 449 2971 512 AUGUSTINUM.

3632 460 3743 520 576

2153 594 2237 641 sto
2266 586 2494 657 placere.
2524 588 2877 660 Temporibus
2921 589 3118 647 nostris
3147 603 3347 649 renova
3374 591 3618 663 Paulum,
3645 597 3740 668 qui

2150 692 2271 734 cum
2298 679 2428 750 legis
2456 680 2688 737 Iudaicae
2712 682 2899 739 doctor
2922 692 3084 749 esset,
3111 694 3431 742 consecutus
3457 702 3488 742 a
3509 688 3740 747 Domino

2150 771 2476 841 apostolatus
2504 774 2749 843 gratiam,
2781 790 2900 846 quae
2925 776 3143 846 putabat
3167 780 3469 849 commoda,
3498 792 3740 839 contem-

2150 862 2256 932 psit
2295 871 2356 918 ut
2378 874 2634 934 stercora,
2684 875 2742 921 ut
2784 867 3051 924 Christum
3105 869 3436 928 lucrifaceret
3477 872 3737 945 (Philipp.

2149 968 2228 1022 ιιι,
2258 953 2335 1026 8).
2369 954 2602 1012 Subveni
2630 958 2821 1013 anima:
2851 966 2954 1013 tute
2981 968 3087 1015 tam
3116 960 3303 1016 lucidze
3334 980 3347 1016 :
3374 963 3494 1032 quia
3524 964 3740 1035 ignoras

2148 1047 2291 1117 quali
2334 1049 2405 1103 sit
2432 1048 2518 1104 fur
2535 1049 2666 1105 hora
2707 1060 2988 1108 venturus.
3048 1053 3166 1108 Noli
3211 1069 3406 1112 ornare
3450 1069 3734 1116 mortuos:

2148 1139 2269 1209 quia
2300 1141 2539 1197 vivorum
2576 1159 2636 1198 es
2663 1154 3061 1200 ornamentum.
3092 1145 3211 1201 Noli
3254 1162 3437 1204 comes
3480 1156 3601 1205 es$e
3643 1150 3738 1206 lati

2148 1230 2371 1300 itineris,
2399 1234 2523 1303 quia
2563 1236 2935 1292 Amorrhaeum
2964 1245 3239 1308 exspectat
3271 1257 3284 1293 :
3317 1239 3411 1296 sed
3439 1239 3504 1296 ad
3530 1252 3736 1297 arctam

2145 1320 2337 1377 festina
2364 1323 2528 1388 viam,
2556 1332 2615 1379 ut
2653 1328 2998 1398 consequaris
3022 1329 3184 1383 vitam
3212 1337 3488 1385 aeternam.
3517 1331 3735 1399 Desine,

2147 1428 2348 1483 quzeso,
2393 1424 2544 1469 utero
2593 1416 2844 1472 claudere
2895 1418 3187 1487 Christum,
3238 1436 3307 1476 ne
3360 1422 3473 1491 ipse
3520 1437 3739 1479 rursum

2145 1514 2299 1561 utero
2326 1507 2679 1563 concludaris.
2710 1509 2904 1566 Desine
2930 1510 3061 1567 duas
3089 1521 3305 1567 naturas
3332 1512 3506 1569 facere
3534 1530 3734 1581 unam;

2145 1597 2267 1666 quia
2310 1599 2699 1669 apprOpinquat
2744 1600 2952 1656 Domini
2993 1602 3273 1672 judicium.
3320 1604 3412 1659 Vae
3459 1606 3548 1675 qui
3591 1606 3738 1661 acci-

2146 1687 2312 1755 pient,
2360 1688 2450 1757 qui
2490 1688 2632 1759 quod
2660 1689 2815 1746 dulce
2844 1700 2965 1759 est,
3011 1692 3065 1748 in
3105 1693 3514 1751 amaritudinem
3563 1705 3741 1753 trans-

2144 1777 2341 1834 ferunt.

2216 1869 2270 1923 6.
2311 1868 2418 1924 Sed
2443 1869 2488 1924 si
2511 1869 2722 1927 dubitas
2747 1871 2814 1927 de
2837 1874 3120 1945 principio,
3145 1877 3190 1932 si
3210 1877 3432 1949 ambigis
3453 1879 3520 1934 de
3545 1895 3741 1952 pugnat

2144 1960 2387 2028 exordio,
2418 1963 2614 2031 poterit
2637 1964 2831 2020 diurno
2859 1975 3082 2022 tractatu
3113 1969 3438 2040 pacificoque
3463 1971 3737 2043 colloquio

2143 2053 2295 2108 reddi
2319 2055 2473 2110 ratio.
2508 2056 2639 2111 Illud
2669 2066 2844 2113 tamen
2870 2069 3056 2115 notum
3087 2061 3221 2117 facio
3250 2072 3353 2118 tua:
3376 2066 3737 2135 sagacissime:

2143 2144 2389 2213 bonitati,
2433 2148 2553 2217 quia
2582 2158 2707 2204 sunt
2730 2151 2973 2219 quaedam
3023 2168 3107 2209 res
3143 2170 3263 2226 qua:
3292 2157 3486 2226 exponi
3516 2158 3595 2213 sic
3622 2172 3734 2215 non

2144 2246 2369 2306 possunt
2418 2248 2474 2293 ut
2495 2239 3139 2310 intelliganturzexcedit
3184 2245 3325 2301 enim
3373 2248 3550 2304 divina
3598 2249 3737 2307 ratio

2142 2328 2448 2384 mortalium
2476 2340 2690 2400 pectora
2722 2351 2734 2386 :
2764 2342 2947 2404 utputa
2974 2334 3077 2391 hoc
3105 2336 3301 2405 ipsum,
3333 2339 3602 2409 quomodo
3626 2342 3737 2398 sint

2143 2421 2262 2477 duae
2293 2431 2517 2490 naturae,
2550 2434 2640 2480 aut
2666 2441 2832 2496 quare
2874 2431 3189 2498 pugnaverit
3233 2431 3323 2502 qui
3350 2433 3483 2486 nihil
3527 2443 3738 2503 poterat

2141 2516 2249 2585 pati
2276 2533 2290 2580 ;
2323 2532 2529 2572 necnon
2559 2519 2718 2574 etiam
2746 2519 2816 2575 de
2844 2522 3042 2578 saaculo
3076 2538 3235 2591 novo,
3267 2524 3410 2594 quod
3440 2526 3578 2582 idem
3621 2543 3738 2583 me-

2143 2615 2336 2671 morat,
2385 2607 2509 2677 quia
2558 2610 2797 2679 praecisis
2822 2612 2839 2642 ¹
2872 2613 3117 2667 maxime:
3146 2614 3287 2669 illius
3315 2623 3473 2671 terrae
3501 2618 3735 2674 motibus

2142 2696 2247 2751 hoc
2300 2698 2614 2755 aedificetur.
2665 2701 2794 2769 Quis
2841 2713 3016 2759 autem
3069 2705 3315 2761 admittat
3370 2708 3509 2764 inter
3554 2710 3736 2768 divina

2142 2788 2381 2857 prmcidi,
2414 2790 2618 2846 scilicet
2644 2792 2745 2848 nisi
2775 2792 2998 2865 ﬁguram
3027 2795 3188 2852 facias
3235 2798 3635 2869 interpretantis
3664 2801 3735 2856 ad

2143 2880 2509 2948 auditorem’,
2542 2883 2666 2952 quia
2708 2884 2774 2940 ab
2820 2885 2923 2941 hoc
2968 2888 3130 2943 verba
3171 2890 3552 2959 przcciduntur,
3596 2902 3653 2948 et
3680 2893 3736 2949 in

2143 2968 2235 3023 illo
2263 2976 2698 3041 componuntur?
2728 2975 2795 3029 Et
2817 2979 3060 3047 quamvis
3089 2987 3343 3036 tractator
3368 2983 3533 3038 multa
3576 2983 3735 3039 dixe-

2143 3060 2232 3126 rit,
2278 3077 2397 3132 qua:
2442 3072 2622 3120 teneat
2671 3067 2809 3137 apud
2839 3083 2897 3123 se
2916 3070 3124 3126 auditor
3147 3114 3163 3138 ,
3188 3081 3362 3128 tamen
3384 3090 3415 3129 a
3446 3083 3737 3133 tractatore

2142 3169 2250 3209 non
2272 3168 2649 3213 recesserunt:
2674 3160 2774 3214 nisi
2800 3160 2980 3218 taliter
3004 3163 3145 3219 etde
3171 3164 3264 3221 illo
3288 3166 3487 3223 sentias
3511 3169 3731 3236 saeculo.

2140 3254 2195 3299 ct
2240 3246 2293 3300 id
2329 3245 2404 3319 (a)
2433 3249 2575 3319 quod
2620 3250 2815 3307 dicitur
2859 3253 3076 3308 stultum
3107 3256 3237 3311 satis
3279 3266 3335 3313 et
3363 3258 3621 3329 ineptum.
3654 3258 3732 3315 Ita

2141 3352 2352 3407 quoque
2379 3348 2433 3393 et
2457 3339 2524 3395 de
2566 3356 2762 3413 pugna,
2794 3344 2936 3414 quod
2966 3347 3068 3400 nisi
3097 3347 3272 3417 primo
3299 3349 3570 3419 conjicias,
3602 3352 3731 3422 quia

2143 3426 2281 3482 Deus
2326 3438 2467 3486 totns
2503 3431 2706 3501 justitia
2750 3442 2851 3500 est,
2895 3436 3143 3492 ultimum
3171 3447 3349 3495 autem
3402 3441 3606 3498 facinus
3649 3452 3735 3500 est

2141 3518 2392 3577 invadere
2421 3522 2591 3578 aliena
2621 3541 2635 3578 :
2662 3525 2730 3581 ad
2759 3524 2862 3582 hoc
2892 3543 3023 3584 vero
3067 3544 3189 3587 cum
3216 3533 3423 3588 venerit
3462 3536 3731 3592 contraria

2141 3621 2349 3681 natura,
2380 3615 2469 3670 ille
2510 3617 2725 3687 quidem
2755 3620 2884 3675 nihil
2927 3629 3138 3691 poterat
3165 3626 3292 3695 pati,
3323 3627 3445 3697 quia
3471 3629 3731 3698 praescius

2139 3716 2276 3774 erat,
2298 3707 2440 3762 visus
2460 3706 2646 3765 fuisset
2670 3711 2889 3768 facinori
2913 3716 3259 3773 consensisse
3276 3718 3377 3774 nisi
3400 3730 3726 3790 pugnasset:

2141 3806 2196 3853 ct
2219 3797 2339 3854 ideo
2364 3814 2610 3871 magnam
2636 3804 2884 3873 Opposuit
2910 3796 3144 3862 venienti
3174 3808 3442 3878 virtutem,
3468 3811 3544 3865 uti
3566 3811 3727 3881 justi-

2142 3893 2212 3945 tia
2239 3892 2404 3961 ipsius
2428 3894 2569 3947 nulla
2596 3896 2924 3965 pollueretur
2953 3899 3215 3971 sacrilegii
3243 3903 3616 3959 consensione.
3650 3905 3731 3961 Ita

2139 3981 2281 4036 enim
2308 3982 2377 4038 ab
2405 3998 2471 4039 eo
2493 3984 2669 4055 justus
2690 3986 2710 4017 ³
2736 3986 2914 4044 finitus
2940 3997 3042 4055 est,
3070 4000 3127 4045 ut
3151 4005 3251 4048 nec
3278 3992 3394 4063 ipse
3416 4004 3602 4064 peccet
3624 3996 3730 4050 ali-

2139 4076 2371 4144 quando,
2422 4093 2521 4133 nec
2566 4079 2849 4150 aliquando
2897 4084 3198 4139 consentiat
3249 4087 3537 4155 peccatori.
3592 4087 3730 4144 Illud

2138 4166 2298 4221 etiam
2324 4169 2445 4238 quia
2478 4170 2617 4225 Deus
2641 4172 2693 4225 in
2723 4186 2820 4227 suo
2846 4188 3011 4243 regno
3038 4184 3229 4245 potens
3256 4187 3373 4232 erat
3412 4178 3465 4233 in
3496 4187 3686 4235 natura
3708 4220 3729 4249 ,

2141 4264 2197 4310 ut
2226 4259 2559 4328 omnipotens
2585 4269 2639 4315 et
2669 4262 2852 4331 judex.
2882 4264 3008 4319 Haec
3025 4266 3287 4336 siquidem
3313 4268 3384 4323 ita
3409 4268 3548 4325 dicta
3580 4280 3727 4341 sunt,

2138 4362 2244 4403 non
2269 4357 2325 4404 ut
2353 4350 2441 4406 ille
2453 4350 2622 4407 factus
2649 4354 2858 4419 est,sed
2873 4364 2929 4410 ut
2953 4359 3276 4430 asscquiego
3298 4376 3405 4415 non
3435 4362 3577 4416 valui
3601 4363 3681 4433 (b)
3709 4379 3727 4419 :

2137 4438 2312 4495 adhuc
2336 4456 2441 4497 non
2464 4444 2593 4498 satis
2617 4444 2816 4500 faciunt
2835 4447 3091 4517 perfidiae,
3113 4464 3213 4506 nec
3233 4453 3390 4508 caecis
3405 4452 3486 4508 sol
3511 4462 3732 4511 exortus

2137 4542 2239 4599 est,
2283 4549 2383 4589 nec
2428 4536 2601 4591 surdis
2632 4553 2733 4592 vox
2776 4540 2955 4594 audita
3004 4552 3108 4608 est,
3141 4559 3243 4599 nec
3283 4544 3448 4615 dapes
3498 4550 3732 4604 mortuis

2135 4638 2468 4698 praeparatae.
2514 4630 2667 4697 Quod
2712 4641 2888 4688 autem
2920 4634 3037 4690 loca
3075 4637 3280 4693 naturis
3324 4640 3585 4710 assignari
3618 4656 3729 4697 non

2135 4730 2378 4787 possunt,
2408 4721 2509 4777 hoc
2546 4732 2629 4778 est
2671 4724 2815 4793 quod
2840 4726 3074 4782 conditio
3104 4727 3337 4785 humana
3368 4730 3728 4789 inenarrabile

2135 4821 2290 4866 vocat
2308 4824 2465 4884 atque
2487 4815 2770 4872 ineffabile.
2799 4817 3041 4875 Salvator
3060 4831 3239 4878 autem
3259 4824 3343 4879 cui
3371 4833 3540 4880 totum
3566 4825 3724 4883 facile

2134 4913 2236 4969 est,
2264 4904 2372 4960 duo
2403 4907 2516 4963 haec
2536 4908 2783 4964 dextrum
2806 4919 2965 4967 vocat
2983 4928 3047 4969 ac
3073 4914 3284 4983 laevum,
3314 4916 3458 4972 intus
3483 4932 3543 4972 ac
3574 4916 3723 4984 foris,

2149 4994 2317 5050 Venite
2338 5014 2402 5053 ac
2419 5000 2651 5055 Recedite
2681 5000 2893 5072 (Matth.
2917 5004 3074 5075 xxv).
3102 5005 3184 5061 Tu
3207 5015 3385 5063 autem
3406 5023 3729 5064 conversum

2135 5086 2265 5144 facis
2296 5090 2369 5161 (c)
2414 5100 2468 5147 et
2494 5091 2686 5163 pedem
2719 5096 2892 5165 ponis,
2928 5106 2985 5151 ut
3012 5107 3116 5163 est,
3160 5098 3335 5164 Orbis,
3367 5100 3497 5165 vita,
3540 5100 3685 5155 salus
3708 5140 3725 5167 ,

2135 5179 2335 5247 lumen,
2365 5183 2470 5248 lex,
2500 5183 2652 5252 ordo,
2698 5195 2935 5255 potestas
2961 5206 2975 5240 :
3003 5188 3048 5243 si
3075 5190 3312 5245 vocalem
3338 5190 3471 5245 dicis
3517 5199 3571 5244 ct
3603 5206 3730 5245 mu-

2136 5286 2263 5346 tam,
2314 5279 2524 5349 longam
2564 5294 2723 5335 vocas
2768 5280 3007 5349 brevem,
3058 5298 3178 5352 quae
3219 5292 3422 5338 naturae
3463 5283 3579 5339 haec
3620 5299 3731 5339 non

2197 5414 2215 5481 ξ
2251 5421 2314 5463 Ita
2344 5416 2749 5481 CarnotensisMs.
2776 5423 2831 5466 At
2854 5417 2989 5481 editi,
3016 5418 3291 5481 mtetert'tis.

2197 5478 2217 5506 '
2248 5480 2552 5547 Carnutensis
2574 5478 2747 5541 codex,
2774 5481 2860 5529 sed
2896 5479 2990 5529 nisi
3016 5478 3181 5543 ﬁgura
3223 5480 3377 5543 facias
3413 5487 3731 5545 temperantes

2132 5536 2197 5587 ad
2220 5538 2503 5588 auditorem.
2734 5536 2743 5541 ’
3019 5536 3027 5543 ’
3056 5536 3076 5543 ”
3223 5536 3233 5543 ’
3507 5536 3517 5545 ”

2196 5600 2217 5666 ξ
2248 5602 2321 5666 sic
2346 5608 2423 5649 Ms.
2450 5604 2769 5666 Carnotcpsis.
2796 5609 2849 5651 At
2873 5602 3013 5652 editi:
3034 5610 3102 5666 Ita
3123 5605 3252 5653 enim
3268 5605 3405 5654 homo
3416 5604 3579 5666 justus

2195 5661 2267 5724 (a)
2291 5668 2446 5725 Forte,
2470 5668 2541 5713 est
2560 5662 2611 5712 id
2625 5664 2793 5725 ,juxta
2814 5665 2978 5725 Morel,
3008 5664 3245 5717 Element.
3269 5661 3556 5777 Critic3,3ag
3611 5666 3725 5718 500.

2222 5785 2271 5847 ὁ)
2297 5793 2454 5848 Forte,
2478 5797 2565 5848 ego
2581 5784 2727 5843 valui,
2751 5786 2937 5847 deleto,
2964 5800 3073 5839 non.

2222 5785 2271 5847 ὁ)
2297 5793 2454 5845 Forte,
2478 5797 2565 5848 eqo
2581 5785 2727 5843 valui,
2751 5786 2937 5847 deleto,
2964 5800 3073 5839 non.

2194 5785 2265 5909 (c)
2288 5847 2453 5920 Morel,
2465 5838 2635 5907 talem,
2648 5850 2823 5920 (:rit‘ic.2
2839 5863 2948 5913 pag.
2962 5851 3071 5918 167,
3088 5854 3327 5917 coniectat
3341 5854 3410 5906 sic
3428 5851 3725 5917 legendum:

2136 5918 2203 5965 Tu
2215 5916 2374 5963 autem
2391 5923 2502 5963 cum
2516 5922 2705 5963 versum
2722 5911 2861 5977 facis.
2903 5911 2983 5964 ἰι
