4094 6440
498 269 549 276 ...ο

288 353 398 415 577

290 471 510 533 sonant,
540 461 648 520 duo
671 473 772 532 pro
808 466 960 516 certo
1001 453 1322 528 signiﬁcant,
1351 461 1406 510 et
1443 452 1511 508 ab
1537 450 1763 507 invicem
1793 463 1881 507 se-

369 567 505 614 rata.

294 575 573 702 val-fusca
603 651 706 699 tua:
733 639 1059 697 admirandas
1088 637 1409 708 sublimique
1438 633 1734 706 prudentiae
1759 647 1884 689 cum

295 739 423 796 talia
461 752 491 790 a
535 750 623 791 me
665 741 1023 804 exponuntur,
1074 730 1181 785 tale
1219 737 1303 784 est
1344 725 1500 798 quale
1542 725 1588 780 si
1637 723 1888 780 Jordanis

296 835 512 893 Oceano
531 845 724 902 aquam
738 826 1068 892 commodet,
1093 833 1186 880 aut
1209 823 1311 878 soli
1334 821 1551 877 lucerna
1575 820 1768 886 lucem,
1797 825 1890 873 aut

299 924 529 998 populus
571 919 822 992 episcopo
864 915 1222 972 sanctitatem.
1254 911 1425 980 Quam
1469 909 1540 965 ob
1586 923 1700 963 rem
1745 908 1887 963 ferre

298 1022 513 1087 oportet
554 1009 809 1084 quidquid
851 1009 968 1064 haec
990 1006 1214 1078 epistola
1240 1002 1498 1059 continet.
1544 999 1678 1055 Nam
1705 1007 1760 1055 et
1786 1013 1887 1069 ego

300 1107 404 1164 nisi
449 1113 596 1161 tuam
642 1102 877 1159 divinam
919 1113 1136 1155 nossem
1188 1093 1519 1167 patientiam,
1567 1105 1687 1163 quae
1734 1089 1890 1145 facile

800 339 1077 402 CONTRA
1111 331 1548 397 SECUNDINUM
1574 330 2024 402 MANICHEUM,
2063 331 2122 388 S.
2159 327 2529 390 AUGUSTINI
2565 330 2772 390 LIBER
2807 333 3008 394 UNUS.

3465 317 3572 404 57s

1987 447 2182 518 cuique
2236 447 2539 516 οοηάοιηις,
2607 464 2877 522 nunquam
2947 451 3122 510 taliter
3186 456 3568 527 scripsissem:

1990 541 2230 612 quamvis
2268 555 2463 608 cernas
2488 541 2712 598 eximios
2754 559 2841 600 me
2884 559 3075 602 sensus
3103 536 3406 604 summatim
3451 553 3573 607 teti-

1990 635 2152 705 gisse,
2197 633 2587 706 plurimumque
2611 636 2836 704 cavisse,
2867 653 2934 693 ne
2973 638 3066 694 tibi
3097 641 3295 696 multus
3336 643 3573 700 viderer.

1992 725 2249 794 Quocirca
2280 725 2395 780 haec
2419 725 2576 781 ﬁdem
2616 742 2781 797 penes
2821 735 2964 782 tuam
2992 731 3289 800 repererint
3310 732 3575 790 Sanctita-

1993 827 2123 888 tem,
2147 818 2473 890 qualiterque
2494 821 2787 889 salvemur;
2812 821 3043 892 alioquin
3064 823 3229 879 millia
3246 827 3573 884 voluminum

1997 911 2189 968 exinde
2217 911 2416 982 poteris
2443 927 2720 983 generare,
2752 913 2966 971 domine
2995 916 3189 972 merito
3213 916 3496 976 laudabilis
3523 929 3578 977 et

1997 1003 2152 1059 unice
2179 1002 2518 1074 percolende.
2550 1003 2700 1061 Vale.

901 1371 1044 1486 S.
1101 1363 1874 1484 AUBELII
1954 1363 2975 1479 AUGUSTINI

1457 1555 1963 1623 HIPPONENSIS
2002 1555 2357 1618 EPISCOPI

635 1721 1604 1894 CONTRA
1732 1717 3273 1886 SECUNDINUM

1602 1983 2321 2060 MANICHJEUM
3415 2019 3420 2022 ·

1607 2149 1884 2246 “tribes
1929 2137 2296 2278 unus“).

1725 2327 2194 2383 -οὒιῶοβιέο-

457 2471 611 2519 Docet
632 2461 926 2528 Augustinus
945 2468 1100 2524 quare
1119 2454 1364 2507 uanichaei
1385 2458 1568 2504 sectam
1587 2451 2112 2569 rehqueritgegltliiigue
2135 2467 2202 2507 ex
2235 2454 2492 2508 Secundini
2511 2456 2664 2520 ipsius
2686 2453 2888 2520 epistola
2916 2454 3116 2518 prolatis
3131 2456 3432 2519 argumentis

376 2649 604 2708 CAPUT
626 2639 1109 2702 PRIMUM.——Tua
1137 2639 1188 2696 in
1217 2652 1304 2694 me
1323 2637 1692 2694 benevolentia
1725 2639 1741 2669 ί
1772 2651 1890 2718 quas

308 2750 529 2814 apparet
571 2739 764 2794 litteris
804 2735 931 2802 tuis,
977 2740 1125 2804 grata
1173 2729 1304 2786 mihi
1346 2738 1430 2786 est
1457 2747 1469 2783 :
1498 2728 1594 2786 sed
1633 2743 1794 2800 quam
1840 2737 1894 2786 te

307 2833 572 2892 redamari
599 2847 632 2886 a
655 2845 742 2886 me
769 2836 981 2900 oportet
1007 2834 1274 2881 amantem
1304 2839 1410 2890 me,
1445 2832 1554 2880 tam
1584 2824 1750 2880 tristis
1775 2837 1894 2879 sum

309 2928 448 3000 quod
477 2926 738 2984 tenaciter
776 2919 1034 2977 inhiesisti
1073 2917 1462 2988 suspicionibus
1491 2916 1659 2984 falsis,
1700 2917 1895 2987 partim

309 3019 568 3076 adversus
597 3031 704 3082 me,
734 3014 925 3085 partim
950 3010 1212 3067 adversus
1234 3010 1402 3080 ipsam
1427 3023 1546 3079 quas
1570 3009 1764 3064 mutari
1789 3022 1895 3064 non

308 3120 485 3184 potest
508 3108 809 3164 veritatem.
836 3103 942 3162 Sed
967 3102 1108 3174 quod
1132 3101 1200 3158 de
1225 3101 1405 3157 animo
1427 3115 1548 3156 meo
1572 3116 1681 3156 non
1708 3115 1895 3156 verum

309 3203 498 3269 sentis,
527 3199 684 3256 facile
720 3205 1005 3253 contemno
1035 3212 1048 3250 :
1075 3193 1177 3250 hoc
1220 3193 1362 3249 enim
1394 3191 1579 3260 sentis,
1611 3191 1754 3263 quod
1796 3192 1896 3248 etsi

309 3293 361 3348 in
389 3307 479 3347 me
521 3304 625 3345 non
654 3301 906 3360 agnosco,
938 3285 1053 3341 ﬁeri
1094 3292 1275 3340 tamen
1302 3291 1477 3354 potest
1514 3289 1573 3337 ut
1614 3283 1684 3338 sit
1710 3282 1763 3337 in
1800 3282 1897 3338 ho-

309 3383 474 3438 mine.
505 3381 648 3451 Ergo
668 3377 876 3435 etiamsi
897 3389 1046 3431 erras
1072 3375 1124 3429 in
1151 3389 1260 3443 me,
1289 3387 1394 3428 non
1422 3381 1602 3428 tamen
1629 3372 1700 3428 ita
1723 3386 1893 3441 erras,

308 3480 367 3528 ut
403 3486 495 3528 me
520 3471 590 3526 de
616 3469 892 3524 hominum
923 3479 1148 3522 numero
1172 3465 1372 3520 eximat
1401 3472 1489 3518 tua
1527 3462 1746 3532 opinio:
1773 3463 1896 3534 quia

308 3565 362 3622 id
387 3565 457 3621 de
476 3579 566 3620 me
592 3561 766 3620 credis
805 3559 947 3632 quod
978 3559 1095 3614 fieri
1124 3564 1301 3628 potest
1321 3557 1373 3611 in
1405 3556 1584 3611 animo
1626 3556 1856 3611 humano
1877 3596 1894 3624 ,

308 3656 518 3714 etiamsi
541 3669 652 3711 non
680 3657 751 3709 sit
771 3654 962 3708 factum
993 3651 1050 3706 in
1078 3651 1258 3705 animo
1280 3663 1420 3705 meo.
1447 3647 1563 3704 Non
1585 3648 1743 3719 igitur
1761 3663 1896 3719 cpus

308 3758 390 3806 est
411 3758 471 3804 ut
497 3747 591 3804 tibi
606 3745 744 3802 hanc
763 3743 1116 3818 suspicionem
1142 3754 1464 3812 magnopere
1482 3754 1643 3795 coner
1665 3739 1893 3795 auferre.

307 3839 426 3896 Non
451 3838 596 3896 enim
623 3852 748 3908 spes
773 3846 863 3891 tua
889 3834 1082 3906 pendet
1104 3849 1170 3889 ex
1196 3848 1303 3900 me,
1326 3841 1419 3887 aut
1443 3831 1616 3887 bonus
1643 3845 1762 3887 esse
1789 3845 1898 3886 non

307 3931 510 4003 poteris
550 3929 654 3985 nisi
693 3943 793 4001 ego
821 3929 991 3984 luero.
1034 3925 1184 3982 Senti
1213 3925 1281 3980 de
1323 3923 1617 3994 Augustino
1645 3909 1909 3994 quidquid'

311 4026 447 4082 libet
479 4041 494 4078 :
522 4023 634 4079 sola
672 4038 760 4078 me
787 4023 840 4078 in
869 4021 1037 4077 oculis
1065 4020 1156 4075 Dei
1183 4018 1507 4074 conscientia
1532 4031 1638 4072 non
1662 4005 1896 4072 accuset.

309 4117 466 4186 Quod
494 4116 634 4172 enim
656 4116 732 4172 ait
768 4114 1074 4186 Apostolus,
1110 4111 1242 4166 Mihi
1270 4111 1530 4164 minimum
1555 4118 1644 4176 est,
1677 4117 1732 4162 ut
1759 4125 1790 4161 a
1813 4123 1900 4177 vos-

310 4195 623 4280 bis'judicer,
653 4215 744 4262 aut
785 4205 848 4260 ab
875 4207 1097 4258 humano
1126 4203 1207 4258 die
1241 4201 1281 4273 (ι
1311 4201 1427 4256 Cor.
1460 4217 1530 4267 ιν,
1557 4200 1636 4272 5).
1669 4199 1782 4270 Ego
1805 4214 1900 4254 au-

309 4307 418 4355 tem
435 4300 608 4354 vicem
629 4298 724 4354 tibi
746 4311 853 4351 non
877 4294 1188 4366 rependam,
1214 4301 1272 4348 ut
1290 4292 1358 4348 de
1381 4300 1466 4346 tua
1496 4298 1676 4347 mente
1699 4289 1897 4360 aliquid

309 4393 617 4448 existimare
657 4390 714 4446 in
741 4389 935 4444 malam
976 4393 1184 4458 partem
1230 4383 1474 4451 audeam,
1521 4383 1662 4453 quod
1705 4380 1898 4438 intueri

310 4500 418 4540 non
444 4483 623 4538 valeo.
649 4481 761 4537 Nec
784 4481 906 4536 dico
927 4479 1069 4551 quod
1095 4492 1182 4533 me
1218 4476 1440 4532 subdole
1458 4475 1693 4532 lacerare
1716 4475 1900 4531 volue-

309 4578 422 4634 ris:
446 4576 542 4633 sed
571 4583 776 4630 tantum
803 4573 873 4629 de
903 4582 954 4628 te
975 4571 1190 4643 opinor,
1223 4577 1478 4640 quantum
1519 4567 1586 4622 de
1615 4578 1670 4623 te
1698 4567 1900 4622 indicas

308 4669 510 4727 verbis.
554 4667 911 4736 Quamobrem
943 4664 1043 4720 etsi
1081 4677 1190 4719 non
1214 4662 1352 4718 bona
1380 4660 1447 4716 de
1471 4674 1558 4715 me
1600 4659 1900 4730 suspicatus

310 4761 406 4830 sis,
429 4760 577 4832 quod
596 4759 795 4815 carnali
823 4758 1016 4812 timore
1037 4753 1258 4824 alicujus
1284 4750 1753 4820 incommoditatis,
1775 4765 1896 4821 quae

310 4853 376 4909 de
411 4861 592 4908 vestra
631 4851 886 4907 societate
925 4848 1058 4904 mihi
1109 4846 1351 4902 accidere
1380 4855 1606 4916 poterat,
1650 4844 1898 4902 hmresim

311 4944 719 5002 Manichaeorum
737 4941 1064 5012 reliquerim,
1083 4938 1168 4994 vel
1181 4936 1468 5008 cupiditate
1495 4936 1714 4991 honoris
1733 4951 1893 5006 quem

310 5040 361 5095 in
385 5038 660 5095 Catholica
697 5036 922 5106 adeptus
949 5047 1067 5089 sum
1099 5049 1114 5088 :
1140 5039 1318 5087 tamen
1348 5044 1453 5085 non
1478 5028 1546 5085 de
1570 5037 1621 5084 te
1665 5028 1896 5084 vicissim

307 5131 445 5185 male
487 5128 756 5193 sentiens,
802 5123 966 5180 credo
1007 5135 1128 5178 esse
1178 5119 1491 5176 benevolam
1535 5117 1893 5187 suspicionem

306 5230 490 5289 tuam;
520 5230 579 5278 et
617 5221 721 5277 hoc
759 5233 866 5274 non
907 5213 1223 5273 criminandi
1264 5227 1444 5280 causa,
1474 5211 1569 5267 sed
1595 5209 1896 5281 corrigendi

301 5315 484 5376 audio
511 5314 791 5385 scripsisse
811 5323 863 5368 te
881 5310 1146 5367 existimo.
1174 5307 1233 5364 Si
1252 5315 1426 5362 autem
1448 5304 1576 5358 mihi
1598 5317 1897 5357 accommo-

302 5407 460 5465 dares
483 5405 738 5464 credendi
763 5401 1208 5468 benevolentiam,
1222 5397 1471 5470 quoniam
1487 5396 1717 5451 latebras
1732 5393 1893 5450 animi

363 5544 379 5575 ¹
415 5551 469 5593 In
493 5550 564 5602 Β..
591 5539 917 5593 Benevolentia
933 5538 983 5589 in
1003 5549 1097 5602 nte,
1123 5543 1248 5602 etc._;
1286 5539 1336 5602 at
1357 5539 1430 5602 Er.
1454 5531 1601 5602 hugd.
1622 5538 1740 5602 Ven:
1759 5535 1890 5602 Low,

301 5611 383 5656 tua
403 5591 928 5663 in'me'benecdemia;
952 5601 1030 5663 cui
1049 5591 1244 5663 lectioni
1276 5591 1594 5663 adstipulatur
1618 5591 1766 5641 editio
1801 5596 1890 5640 Bc-

301 5667 562 5725 nedictina,
587 5657 990 5716 aetractationum
1011 5661 1134 5710 libro
1163 5658 1212 5719 2,
1236 5670 1342 5720 cap.
1371 5657 1447 5706 10.
1513 5663 1568 5703 Μ.

361 5749 435 5810 (a)
458 5755 510 5798 In
533 5747 964 5811 Retractationibus
979 5744 1199 5811 proxime
1222 5741 1441 5811 sequitur
1457 5750 1578 5811 opus
1597 5741 1631 5809 d

302 5797 518 5865 uehitur
535 5797 561 5862 :77
575 5797 794 5876 pertinet
815 5797 1081 5871 itaque'hic
1101 5802 1229 5856 liber
1243 5797 1312 5853 ad
1325 5797 1502 5854 annum
1522 5801 1715 5852 circiter
1737 5797 1846 5848 405.

1999 2640 2103 2696 mei
2131 2642 2328 2712 arguis,
2358 2656 2488 2714 quas
2505 2643 2684 2714 utique
2708 2656 2954 2712 promere
2979 2641 3046 2696 ad
3071 2642 3251 2698 oculos
3269 2634 3387 2698 tuos
3409 2651 3462 2698 et
3481 2641 3580 2699 de-

1999 2742 2297 2789 monstrare
2312 2749 2416 2790 non
2443 2748 2682 2804 possum,
2701 2732 2856 2790 facile
2876 2733 2942 2789 de
2965 2733 3080 2803 ipso
3104 2742 3336 2790 mutares
3361 2743 3584 2789 sentcn-

2001 2825 2150 2892 tiam,
2176 2835 2231 2880 et
2249 2827 2418 2881 nolles
2440 2827 2666 2896 amplius
2691 2835 2894 2882 temere
2922 2824 3190 2882 aftirmare
3210 2825 3352 2896 quod
3376 2826 3576 2881 nescis.

2071 2916 2296 2973 CAPUT
2339 2916 2400 2971 ll.
2425 2947 2487 2958 —-
2521 2917 2636 2988 Ego
2659 2918 2802 2972 enim
2827 2916 3017 2984 fateor,
3048 2917 3237 2972 timore
3260 2906 3580 2971 Manichaeos

2001 3007 2235 3074 deserui,
2264 3007 2356 3062 sed
2373 3007 2562 3064 timore
2590 3008 2800 3063 illorum
2812 3009 3098 3063 verborum
3125 3022 3244 3077 qua:
3259 3023 3353 3077 per
3369 3015 3584 3078 aposto-

2001 3099 2111 3154 lum
2139 3099 2360 3154 Paulum
2387 3100 2591 3169 prolata
2629 3109 2756 3155 sunt
2784 3117 2797 3153 :
2828 3099 3071 3170 Spiritus,
3104 3099 3292 3169 inquit,
3325 3100 3586 3170 manifeste

2001 3192 2140 3259 dicit,
2180 3193 2298 3260 quia
2333 3193 2386 3246 in
2415 3193 2694 3248 novissimis
2724 3194 3028 3264 temporibus
3061 3193 3288 3250 recedent
3324 3194 3530 3264 quidam
3554 3211 3586 3248 a

2001 3285 2123 3355 fide,
2155 3286 2458 3341 attendentes
2483 3287 2739 3358 spiritibus
2756 3286 3097 3342 seductoribus
3125 3296 3172 3342 et
3195 3287 3436 3342 doctrinis
3475 3289 3581 3344 dce-

2001 3379 2285 3433 moniorum
2312 3380 2366 3434 in
2406 3380 2662 3450 hypocrisi
2699 3379 3212 3448 mendaciloquorum,
3257 3380 3584 3435 cauteriatam

2002 3472 2235 3528 habentes
2256 3474 2608 3527 conscientiam
2650 3489 2814 3538 suam,
2859 3470 3170 3542 prohibentes
3197 3474 3398 3540 nubere,
3427 3473 3583 3526 absti-

2001 3573 2171 3618 nentes
2199 3581 2230 3618 a
2252 3564 2372 3619 cibis
2400 3581 2524 3635 quos
2563 3563 2701 3619 Deus
2741 3565 2923 3619 creavit
2959 3565 3027 3618 ad
3050 3565 3426 3635 percipiendum
3467 3582 3583 3620 cum

2001 3656 2281 3727 gratiarum
2313 3657 2507 3710 actione
2535 3655 2788 3725 ﬁdelibus,
2829 3667 2874 3711 et
2899 3657 2960 3710 iis
2983 3657 3068 3728 qui
3093 3666 3429 3728 cognoverunt
3459 3659 3585 3711 veri-

2003 3748 2172 3818 tatem.
2213 3740 2390 3794 Omnis
2415 3741 2547 3794 enim
2573 3752 2803 3795 creatura
2825 3739 2924 3796 Dei
2952 3743 3080 3796 bona
3104 3751 3197 3808 est,
3225 3752 3271 3796 et
3295 3743 3425 3796 nihil
3446 3743 3582 3815 abji-

2001 3833 2232 3887 ciendum
2253 3832 2386 3903 quod
2407 3849 2521 3886 cum
2542 3833 2819 3904 gratiarum
2854 3834 3048 3888 actione
3074 3834 3348 3903 percipitur
3379 3833 3421 3906 (ἰ
3439 3833 3576 3890 Tim.

2003 3941 2075 3990 tv,
2111 3925 2252 3995 1-4).
2294 3924 2496 3990 Quibus
2537 3925 2716 3980 verbis
2745 3926 2844 3981 etsi
2868 3925 3002 3980 alios
3031 3926 3254 3981 fortasse
3283 3926 3582 3993 haereticos,

2005 4029 2180 4076 tamen
2206 4020 2434 4076 maxime
2455 4019 2770 4076 Manichmos
2809 4021 3042 4077 breviter
3067 4032 3354 4093 aperteque
3380 4023 3584 4079 descri-

2003 4112 2124 4181 psit.
2141 4111 2252 4166 lloc
2268 4127 2394 4182 ergo
2411 4113 2619 4178 timore,
2635 4127 2756 4168 cum
2779 4113 2829 4167 in
2847 4114 3034 4184 puerili
3057 4114 3270 4184 ingenio
3293 4118 3582 4186 saperem‘,

2004 4221 2091 4261 me
2139 4206 2205 4261 ab
2239 4204 2326 4259 illa
2371 4205 2625 4260 societate
2645 4204 2836 4260 divulsi
2871 4223 2884 4259 :
2920 4219 3102 4261 amore
3121 4221 3335 4276 quoque
3367 4206 3585 4262 honoris

2003 4301 2198 4355 arsisse
2222 4315 2308 4354 me
2333 4298 2520 4363 fateor,
2563 4306 2620 4352 ut
2646 4297 2767 4352 inde
2795 4297 3125 4352 discederem
3151 4313 3165 4361 ;
3199 4296 3292 4352 sed
3323 4297 3463 4352 illius
3491 4297 3588 4352 lio-

2003 4395 2150 4448 noris
2175 4393 2241 4448 de
2269 4407 2375 4463 quo
2415 4391 2556 4447 idem
2594 4389 2723 4444 dicit
2764 4389 3057 4460 apostolus,
3092 4387 3268 4442 Gloria
3309 4398 3496 4452 autem,
3538 4397 3584 4443 et

2003 4487 2184 4550 honor,
2207 4493 2253 4540 et
2274 4499 2375 4554 paa:
2398 4483 2534 4538 omni
2559 4482 2786 4553 aperanti
2807 4481 2992 4535 bonum
3013 4479 3190 4550 (Rom.
3222 4496 3281 4549 ιι,
3311 4480 3424 4552 10).
3458 4479 3586 4549 Quis

2002 4587 2178 4632 autem
2203 4575 2414 4647 operari
2443 4575 2637 4628 bonum
2669 4573 2962 4637 conabitur,
2988 4571 3076 4642 qui
3102 4587 3207 4627 non
3229 4571 3282 4627 in
3313 4575 3585 4628 voluntate

2001 4669 2261 4735 mutabili,
2293 4667 2386 4722 sed
2438 4668 2493 4721 in
2535 4675 2721 4721 natura
2769 4665 3185 4721 incommutabili
3234 4667 3432 4720 malum
3463 4680 3582 4721 esse

2001 4761 2304 4834 putaverit?
2327 4759 2479 4816 Unde
2504 4767 2558 4814 et
2581 4761 2692 4828 ipse
2723 4758 2996 4822 Dominus,
3023 4757 3102 4813 eis
3121 4757 3217 4828 ,qui
3239 4757 3377 4812 bona
3415 4771 3473 4812 se
3502 4757 3588 4810 lo-

2001 4857 2088 4926 qui
2118 4853 2512 4909 arbitrabantur
2527 4867 2648 4907 cum
2675 4859 2856 4906 essent
2880 4851 3005 4906 mali
3032 4867 3045 4904 :
3075 4851 3174 4903 Aut
3195 4851 3363 4918 facile,
3390 4849 3582 4918 inquit,

2000 4947 2226 5001 arborem
2249 4945 2427 4998 bonam
2445 4952 2493 4997 et
2520 4945 2739 5014 fructum
2765 4943 2873 5013 ejus
2907 4943 3106 5008 bonum,
3139 4949 3226 4993 aut
3251 4941 3402 5012 facite
3429 4940 3583 4994 arbo-

2000 5025 2115 5094 rem.
2149 5039 2337 5092 malam
2370 5045 2416 5104 et
2442 5037 2661 5107 fructum
2701 5036 2812 5106 ejus
2856 5035 3047 5088 malum
3091 5034 3301 5104 (Matth.
3333 5049 3422 5098 xu,
3470 5034 3582 5103 55).

2000 5131 2152 5185 Malis
2172 5129 2416 5199 verojam
2435 5129 2650 5184 mutatis
2669 5128 2721 5182 in
2742 5129 2937 5183 bonum
2957 5128 3244 5196 Apostolus
3264 5126 3336 5180 ait
3357 5144 3371 5180 :
3391 5125 3586 5181 Fuistis

1999 5225 2130 5279 enim
2179 5222 2454 5294 aliquando
2502 5221 2735 5285 tenebras,
2783 5235 2914 5273 nunc
2956 5227 3123 5271 autem
3165 5217 3254 5271 lux
3282 5219 3335 5271 in
3364 5217 3586 5274 Domino

2000 5314 2224 5387 (Ep/tes.
2258 5329 2312 5378 v,
2344 5313 2438 5382 8).
2486 5311 2592 5368 Sed
2618 5311 2663 5365 si
2711 5324 2818 5365 non
2847 5310 2924 5363 vis
2965 5306 3093 5362 mihi
3131 5306 3199 5362 de
3236 5308 3418 5364 animo
3462 5324 3586 5365 meo

1997 5407 2238 5473 credere,
2287 5406 2530 5461 existima
2573 5413 2631 5459 ut
2670 5403 2831 5468 libet;
2867 5410 3067 5456 tantum
3111 5399 3179 5456 de
3210 5401 3323 5471 ipsa
3365 5403 3586 5458 veritate

2061 5526 2077 5556 ³
2115 5531 2164 5573 tn
2228 5522 2505 5572 carnotensi
2565 5521 2764 5580 codice,
2791 5531 2971 5582 hservts
3013 5531 3248 5582 saperem.
3295 5546 3354 5582 5-
3411 5519 3582 5580 Morel,

1998 5587 2231 5637 Element.
2256 5585 2430 5641 Critic.,
2454 5596 2596 5645 pagg.
2623 5582 2729 5645 188,
2753 5580 2858 5641 189,
2878 5589 3050 5630 censet
3070 5579 3139 5630 Sic
3156 5579 3445 5644 legendum:
3466 5588 3584 5629 Cum

1996 5651 2048 5701 in
2077 5646 2253 5712 puerili
2275 5645 2465 5708 ingenio
2489 5644 2600 5707 Afer
2619 5644 2700 5694 vix
2725 5655 2957 5706 saperem.
3025 5650 3078 5692 Μ.

1518 5750 1578 5786 us
1597 5736 1660 5786 de
1684 5741 1853 5798 Natura
1876 5734 2004 5798 Boni,
2027 5733 2156 5798 quod
2173 5731 2309 5781 libris
2327 5734 2496 5780 contra
2513 5727 2718 5780 Felicem
2739 5728 2789 5777 in
2811 5727 2909 5778 line
2924 5727 3036 5778 anni
3056 5726 3150 5778 404
3167 5726 3445 5786 conscriptis
3463 5725 3582 5776 sub-
