4094 6436
481 363 586 424 579

480 513 609 568 cave
634 495 758 570 quid
799 492 1014 556 sentias.
1061 489 1300 549 Tentatio
1341 499 1391 544 te
1422 503 1524 542 non
1566 484 1928 555 apprehendat
1951 483 2061 539 nisi

483 565 710 648 humana
747 585 788 660 (l
819 586 933 641 Cor.
976 601 1028 649 κ,
1062 582 1178 654 15).
1229 581 1498 636 liumanus
1523 578 1666 632 enim
1695 591 1847 630 error
1874 585 1972 639 est,
2006 582 2063 628 ut

483 683 536 738 id
567 683 759 742 factum
780 692 896 732 esse
922 676 973 730 in
997 676 1172 728 animo
1202 685 1319 726 meo
1340 669 1544 736 credas,
1567 666 1709 738 quod
1733 667 1843 722 fieri
1869 665 2058 736 potuit,

482 774 642 828 etiam
672 773 714 826 si
765 785 869 824 non
908 775 990 820 est
1035 765 1227 818 factum
1261 781 1273 814 :
1307 777 1427 816 cum
1470 775 1596 814 vero
1638 760 1968 830 sacrilegam,
2010 765 2064 813 et

484 880 590 920 non
616 862 786 920 solum
814 857 1169 922 falsissimam,
1197 853 1289 909 sed
1311 855 1468 909 etiam
1495 851 1883 907 fallacissimam
1911 849 2061 904 fabu-

483 957 587 1010 lam
615 953 896 1015 Persicam,
921 965 1024 1004 non
1050 948 1115 1004 de
1135 948 1369 1018 quolibet
1387 947 1621 1012 homine,
1645 945 1737 999 sed
1760 944 1826 998 dc
1853 957 2062 998 summo

486 1049 615 1114 Deo,
665 1044 953 1100 mendaciis
999 1041 1517 1097 contaminatissimis
1554 1046 1856 1092 contextam
1904 1047 2062 1105 atque

482 1140 757 1194 conﬁctam
800 1144 954 1207 putas
997 1149 1116 1190 esse
1145 1135 1463 1198 veritatem;
1496 1146 1603 1186 non
1633 1138 1715 1186 est
1758 1129 1859 1184 hoc
1907 1127 2064 1183 m0do

483 1229 928 1302 praetereundum,
957 1243 1130 1298 neque
1157 1236 1300 1281 tanta
1329 1241 1473 1280 mors
1499 1224 1689 1278 animae
1713 1231 2061 1277 contemnen-

479 1323 565 1376 tla.
601 1322 690 1376 Est
718 1320 859 1374 enim
885 1319 1023 1390 quod
1055 1328 1228 1376 tecum
1258 1319 1339 1388 agi
1369 1316 1537 1388 possit
1569 1335 1583 1372 :
1613 1315 1733 1386 quia
1773 1329 1877 1370 non
1929 1313 2068 1370 sicut

479 1412 545 1466 dc
575 1411 750 1466 animo
776 1425 893 1465 meo
920 1412 936 1442 ¹
969 1409 1099 1464 nihil
1140 1410 1369 1478 amplius
1409 1422 1622 1477 possum
1647 1405 1846 1472 dicere,
1881 1404 1980 1458 nisi
2009 1410 2066 1458 ut

484 1505 670 1558 credas
695 1503 823 1557 mihi
850 1544 864 1569 ,
897 1501 1037 1572 quod
1062 1503 1106 1556 si
1145 1501 1398 1568 nolueris,
1431 1515 1536 1555 non
1579 1500 1790 1555 invenio
1834 1497 1958 1569 quid
1990 1497 2066 1554 fa.-

485 1593 619 1647 ciam
654 1611 666 1649 :
700 1595 771 1649 ita
811 1593 968 1647 etiam
995 1607 1115 1647 cum
1161 1593 1227 1647 de
1260 1593 1370 1662 ipsa
1397 1593 1514 1646 luce
1540 1591 1856 1654 animorum,
1905 1604 2062 1659 quam

485 1684 770 1739 rationales
794 1691 1000 1740 mentes
1042 1691 1240 1754 quanto
1269 1683 1531 1752 puriores,
1554 1690 1701 1736 tanto
1731 1680 2065 1749 tranquillius

485 1775 777 1841 intuentur,
794 1774 981 1832 falsum
997 1774 1194 1846 aliquid
1219 1774 1514 1849 existimas,
1535 1788 1648 1835 non
1676 1775 1770 1828 tibi
1801 1781 1990 1844 potest,
2016 1772 2063 1830 si

489 1867 749 1933 patienter
766 1864 970 1931 audias,
985 1865 1337 1920 demonstrari
1351 1880 1505 1934 quam
1523 1864 2017 1919 sitremotissimum
2030 1878 2062 1918 a

491 1956 710 2010 veritate
727 1956 862 2022 quod
879 1957 1059 2010 sentis.
1075 1955 1369 2010 Sicutenim
1389 1971 1600 2010 sensum
1621 1954 1764 2010 oculi
1777 1955 1848 2011 tui
1866 1953 2063 2010 sentire

489 2061 593 2101 non
621 2063 853 2116 possum,
873 2063 970 2102 nec
993 2057 1048 2102 tu
1069 2049 1192 2111 mei,
1209 2047 1301 2103 sed
1329 2048 1856 2104 tantummodonobis
1879 2047 1946 2103 de
1965 2047 2062 2102 hac

489 2151 550 2190 re
576 2136 794 2192 credere
815 2139 896 2192 vel
923 2153 1027 2192 non
1044 2137 1262 2193 credere
1273 2153 1553 2208 possumus
1577 2155 1592 2204 ;
1624 2141 1768 2193 illam
1796 2153 1924 2193 vero
1943 2153 2064 2210 spe-

479 2228 616 2282 ciem
645 2244 762 2298 qua:
788 2230 1060 2299 utriusque
1084 2239 1322 2284 nostrum
1352 2231 1518 2286 oculis
1545 2231 1764 2286 visibilis
1793 2230 2056 2300 subjacet,

479 2318 703 2374 invicem
724 2320 874 2374 nobis
894 2320 1132 2376 valemus
1156 2321 1436 2376 ostendere
1465 2339 1478 2375 :
1508 2323 1584 2377 sic
1605 2322 1671 2377 de
1691 2321 2060 2376 affectionibus

479 2408 775 2471 animorum
804 2419 1107 2475 nostrorum
1135 2425 1265 2480 quas
1289 2411 1526 2482 proprias
1557 2411 1833 2478 habemus,
1865 2410 2055 2468 creda-

481 2515 601 2556 mus
626 2501 797 2568 nobis,
829 2502 870 2556 si
917 2504 1121 2572 placet;
1149 2503 1194 2557 si
1217 2511 1397 2558 autem
1428 2518 1534 2556 non
1566 2503 1758 2574 placet,
1804 2519 1912 2558 non
1939 2518 2061 2558 cre-

477 2591 664 2661 damus
688 2611 702 2658 ;
729 2595 988 2658 rationem
1014 2603 1192 2656 autem
1227 2596 1482 2661 veritatis,
1513 2612 1632 2667 qua:
1656 2612 1755 2654 nec
1797 2612 1917 2662 mea
1959 2611 2060 2662 nec

475 2690 565 2756 tua
593 2692 698 2754 esi.
726 2684 821 2751 sed
857 2686 1062 2761 utrique
1082 2694 1321 2749 nostrum
1349 2686 1416 2752 ad
1444 2688 1908 2759 contemplandum
1937 2703 2061 2760 pro-.-

475 2775 668 2852 posita,
713 2775 829 2840 sine
867 2777 1178 2847 pervicacia:
1223 2779 1468 2850 caligine,
1497 2779 1756 2842 serenatis
1794 2781 2060 2840 mentibus

480 2851 679 2940 pariter
715 2868 1068 2928 attendamus.

545 2956 766 3022 CAPUT
812 2958 898 3027 ill,
934 2989 1007 3000 —
1056 2959 1163 3026 Nec
1213 2959 1312 3018 alia
1365 2958 1682 3016 documenta
1735 2959 1830 3017 tibi
1885 2961 2061 3034 profe-

476 3063 590 3110 ram
612 3089 627 3114 ,
645 3049 834 3119 quibus
850 3049 1125 3109 Manichaei
1145 3065 1295 3108 error
1317 3059 1558 3121 apparet,
1582 3067 1739 3123 quam
1757 3066 1822 3106 ex
1839 3053 2060 3123 epistola

477 3149 585 3196 tua.
601 3141 800 3198 Scribis
813 3142 991 3200 habere
1004 3152 1051 3200 te
1065 3151 1111 3198 et
1125 3159 1274 3218 agere
1289 3145 1477 3216 gratias
1491 3143 1736 3212 inelfabili
1746 3161 1805 3199 ac
1824 3145 2062 3225 sacratis-

475 3232 619 3288 sima:
637 3232 894 3303 questati
917 3275 933 3306 ,
962 3236 1166 3305 ejusque
1195 3236 1524 3308 primogenita
1552 3236 1778 3304 omnium
1804 3237 2062 3292 luminum

478 3323 604 3394 regi,
647 3322 775 3378 Jesu
803 3321 1022 3380 Christo.
1054 3325 1148 3380 Dic
1174 3325 1301 3380 mihi
1335 3341 1560 3397 quorum
1586 3326 1846 3384 luminum
1871 3328 1940 3383 sit
1963 3344 2061 3384 rex

474 3411 628 3476 Jesus
656 3413 930 3478 Christus?
956 3415 1224 3480 Eorumne
1265 3432 1383 3488 quae
1414 3415 1541 3471 fecit
1562 3457 1579 3484 ,
1619 3431 1684 3471 an
1713 3432 1897 3473 eorum
1941 3433 2060 3490 qua:

472 3505 692 3582 genuit?
737 3506 846 3562 Nos
888 3508 1029 3562 enim
1061 3507 1286 3563 dicimus
1334 3508 1500 3564 Deum
1545 3509 1758 3564 Patrem
1812 3510 2061 3580 genuisse

475 3597 664 3658 Filium
694 3599 952 3674 aequalem
971 3600 1092 3666 sibi,
1126 3615 1337 3655 creasse
1361 3608 1537 3656 autem
1556 3615 1651 3671 per
1674 3616 1818 3672 eum,
1840 3601 1939 3656 hoc
1955 3612 2056 3672 est,

472 3677 774 3745 condidisse
799 3704 862 3745 ac
887 3688 1079 3749 fecisse
1116 3699 1414 3747 creaturam
1445 3689 1774 3758 inferiorem,
1806 3708 1924 3764 quae
1953 3693 2058 3748 uti-

474 3795 582 3850 que
604 3796 712 3838 non
737 3787 819 3838 est
852 3781 993 3852 quod
1024 3789 1107 3837 est
1133 3781 1222 3837 ille
1250 3782 1341 3854 qui
1369 3781 1494 3840 fecit
1519 3791 1571 3839 et
1615 3799 1708 3856 per
1732 3800 1889 3856 quem
1911 3783 2057 3841 fecit.

475 3869 656 3941 itaque
675 3873 923 3943 quoniam
945 3888 1040 3944 per
1065 3888 1187 3930 eum
1227 3873 1354 3930 fecit
1379 3875 1573 3931 saecula
1597 3916 1613 3940 ,
1644 3884 1791 3932 recte
1820 3878 1888 3933 ab
1917 3878 2060 3948 Apo-

475 3961 614 4015 stolo
642 3962 813 4017 dictus
839 3973 920 4018 est
960 3964 1071 4028 Rex
1101 3966 1418 4020 smculorum
1442 3965 1500 4036 (ι
1527 3964 1663 4021 Tim.
1697 3983 1736 4037 ι,
1768 3968 1832 4023 17
1857 3969 1911 4039 ),
1942 3976 2060 4024 tan-

477 4069 634 4126 quam
659 4055 900 4126 superior
927 4056 1258 4124 inl'eriornm,
1291 4067 1344 4112 et
1367 4058 1585 4129 regendi
1622 4068 1832 4134 potens,
1864 4075 2058 4131 regens

476 4160 538 4202 ea
569 4161 688 4218 qua:
736 4148 994 4217 regimine
1038 4148 1324 4218 indigeant.
1380 4150 1460 4204 Tu
1488 4161 1663 4206 autem
1709 4167 1832 4208 cum
1870 4153 2053 4212 Jesum

481 4234 751 4293 Christum
801 4253 984 4308 regem
1037 4237 1297 4292 luminum
1344 4241 1612 4311 appellas;
1644 4243 1688 4298 si
1735 4244 1916 4313 genuit
1970 4261 2054 4311 ea,

474 4339 571 4382 cur
619 4342 727 4391 non
775 4337 900 4390 sunt
944 4329 1165 4399 aequalia
1202 4331 1522 4400 generanti?
1572 4331 1628 4390 Si
1688 4343 1863 4404 autem
1923 4335 2056 4392 dicis

479 4418 736 4488 aequalia,
763 4418 1029 4488 quomodo
1067 4435 1160 4476 rex
1202 4436 1386 4476 eorum
1432 4431 1536 4489 est,
1577 4440 1696 4480 cum
1747 4443 1925 4498 regem
1964 4445 2058 4485 ne-

475 4522 627 4566 cesse
667 4509 737 4564 sit
781 4524 998 4581 regere,
1029 4526 1130 4567 nec
1170 4512 1280 4567 ullo
1300 4523 1454 4584 pacto
1494 4514 1610 4571 ﬁeri
1650 4519 1816 4587 possit
1869 4529 1923 4573 ut
1951 4520 2059 4576 sint

474 4612 538 4654 ea
581 4615 698 4670 qua:
734 4609 989 4674 reguntur
1016 4603 1064 4658 ei
1092 4617 1122 4657 a
1151 4619 1256 4675 quo
1301 4615 1555 4676 reguntur
1585 4611 1804 4679 aequalia
1825 4613 1845 4643 ³
1867 4612 1890 4666 ?
1913 4613 2056 4683 quod

474 4689 519 4744 si
562 4706 669 4745 non
716 4692 916 4762 genuit,
961 4692 1054 4747 sed
1107 4692 1231 4749 fecit
1269 4693 1385 4750 haec
1424 4697 1642 4766 lumina,
1696 4715 1878 4771 quacro
1917 4703 2056 4759 unde

477 4779 696 4837 fecerit?
725 4782 781 4838 Si
807 4783 874 4839 de
913 4797 972 4840 se
998 4783 1113 4856 ipso
1138 4788 1483 4857 propagavit,
1512 4804 1607 4844 cur
1631 4805 1761 4862 ergo
1805 4792 2054 4848 inferiora

477 4873 633 4928 sunt?
653 4886 750 4928 cur
774 4872 1294 4946 degeneraverunt”?
1322 4877 1376 4932 Si
1401 4888 1577 4934 autem
1605 4897 1707 4934 non
1731 4881 1797 4936 de
1821 4896 1879 4937 se
1915 4883 2052 4953 ipso,

478 4962 566 5018 dic
598 4963 773 5019 unde?
797 4965 879 5018 An
907 4965 1044 5020 forte
1063 4982 1160 5021 nec
1189 4967 1317 5024 fecit
1346 4985 1445 5024 nec
1469 4972 1651 5041 genuit
1697 4972 1894 5028 lumina
1937 4977 2053 5048 qui-

478 5055 578 5114 bus
618 5058 839 5130 regnat?
891 5057 1100 5114 Habent
1144 5076 1272 5132 ergo
1313 5063 1570 5133 originem
1603 5065 1868 5138 propriam
1898 5077 2054 5138 atque

475 5155 739 5212 naturam,
767 5148 860 5204 sed
887 5149 1121 5218 profecto
1151 5152 1512 5208 invalidiorem
1538 5196 1553 5224 ,
1585 5164 1645 5210 ut
1685 5172 1714 5210 a
1755 5160 2053 5230 potentiore

471 5240 646 5296 vicino
670 5241 754 5298 vel
780 5243 1048 5314 patiantur
1067 5259 1124 5298 se
1149 5246 1259 5316 regi
1287 5247 1369 5302 vel
1393 5249 1624 5319 cupiant.
1645 5251 1831 5309 Nonne
1851 5269 2052 5326 cogno.

477 5330 603 5394 scis.
633 5331 676 5384 si
705 5333 775 5386 ita
812 5341 923 5400 est,
953 5343 1170 5405 excepta
1215 5347 1372 5409 gente
1414 5341 1753 5399 tenebrarum
1779 5345 1887 5416 jam
1918 5348 2050 5404 duas

475 5434 596 5474 csse
622 5429 858 5488 naturas,
885 5424 1102 5478 alteram
1127 5426 1343 5483 alterius
1363 5445 1522 5500 egere
1547 5434 1767 5502 auxilio,
1797 5437 1890 5490 sed
1916 5454 2049 5492 ncu-

470 5518 608 5566 tram
649 5527 716 5566 ex
757 5514 976 5570 alterius
1026 5517 1256 5585 pendere
1286 5522 1576 5591 principio?
1624 5525 1768 5581 Hane
1812 5527 2050 5597 profecto

541 5645 570 5722 ί
593 5645 726 5706 Editi,
750 5645 1089 5722 quia/sicutab)
1110 5649 1416 5722 animorum;
1440 5654 1652 5722 detracta
1677 5665 1890 5720 negante
1910 5663 2050 5722 parti-

469 5704 593 5767 mla,
619 5704 853 5769 quam'ex
874 5713 1147 5759 (‘arnotcnsi
1173 5713 1335 5760 codice
1361 5704 1672 5766 restituimus.

533 5771 553 5831 ξ
585 5774 652 5818 Ita
673 5772 976 5819 Carnotensis
999 5779 1076 5819 Ms.
1103 5773 1238 5831 Editi,
1263 5775 1452 5825 similia.

534 5829 558 5861 ³
585 5834 652 5880 Ex
672 5838 755 5881 lis.
782 5831 956 5882 eodem
978 5833 1209 5892 addimus,
1228 5829 1314 5885 Cur
1337 5837 1778 5901 degeneraverunt?

1287 367 1556 430 CONTRA
1594 361 2028 424 SECUNDINUM
2063 359 2518 432 MANICUIEUM,
2557 359 2615 419 S.
2655 311 3018 423 AUGUSTN

3651 365 3764 424 580

2171 483 2473 553 opinionem
2503 496 2556 540 tu
2581 486 2905 556 repudiabis,
2935 489 3180 559 quoniam
3204 490 3497 548 Manichreo
3522 507 3763 552 maxrme

2167 576 2389 630 adversa
2420 587 2519 643 est,
2549 579 2635 648 qui
2663 595 2766 632 non
2817 579 2948 636 duas
2998 593 3232 648 naturas,
3275 600 3454 652 regem
3502 587 3764 644 luminum

2169 677 2222 722 et
2264 668 2462 722 lumina
2503 684 2621 740 qua:
2664 682 2941 740 reguntur,
2973 672 3067 728 sed
3102 673 3232 728 duas
3257 684 3506 745 naturas,
3539 694 3765 747 regnum

2167 758 2423 814 luminum
2451 769 2503 814 ct
2547 776 2764 831 regnum
2793 763 3128 818 tenebrarum
3168 767 3492 836 persuadere
3516 780 3763 826 conatur.

2169 852 2417 922 Refugies
2442 853 2599 922 igitur
2621 854 2688 909 ad
2725 853 2794 918 id,
2824 856 3072 926 utgenita
3094 855 3239 912 dicas
3267 857 3599 916 hacclumina
3633 881 3647 916 :
3672 863 3767 919 ubi

2168 961 2288 1000 cum
2311 947 2570 1015 qumsiero
2583 961 2676 1000 cur
2705 945 2995 1002 infirmiora
3025 947 3149 1011 sint,
3174 951 3498 1007 contendere
3524 951 3755 1008 fortasse

2169 1037 2401 1092 tentabis
2445 1037 2687 1108 aequalia.
2720 1038 2824 1094 Sed
2863 1054 2983 1093 cum
3024 1041 3280 1108 retulero,
3325 1043 3456 1114 Quae
3493 1059 3651 1101 causa
3682 1052 3768 1100 est

2168 1136 2228 1182 ut
2253 1128 2535 1196 regantur?
2562 1127 2780 1198 negabis
2815 1130 2945 1200 regi.
2976 1129 3108 1184 Hinc
3136 1131 3490 1201 respondebo,
3521 1133 3626 1189 Cur
3651 1134 3751 1190 ha-

2169 1223 2297 1278 bent
2326 1222 2546 1293 regem?
2573 1222 2676 1278 Ubi
2725 1238 2830 1278 non
2878 1223 3034 1279 video
3061 1225 3186 1295 quid
3239 1237 3407 1282 restet
3451 1227 3765 1299 i-ngenuitati

2170 1324 2296 1384 ture,
2340 1317 2440 1372 nisi
2467 1325 2524 1372 ut
2561 1325 2612 1372 te
2639 1319 2893 1386 poeniteat
2915 1319 3018 1378 tale
3047 1321 3240 1376 ostium
3288 1323 3528 1391 posuisse
3568 1325 3620 1379 in
3649 1326 3766 1395 epi-

2170 1408 2303 1462 stola
2333 1416 2416 1462 tua
2443 1450 2457 1474 ,
2508 1422 2602 1478 per
2623 1409 2767 1478 quod
2808 1419 2864 1464 tu
2905 1411 3019 1480 ipse
3065 1413 3213 1470 exire
3261 1430 3370 1468 non
3417 1417 3609 1485 possis.
3652 1417 3763 1474 Sed

2171 1500 2332 1558 etiam
2359 1515 2481 1560 cum
2527 1508 2578 1556 te
2609 1501 2934 1570 paenituerit,
2965 1512 3018 1558 et
3047 1504 3246 1560 dixeris
3291 1522 3398 1561 non
3442 1509 3563 1564 ideo
3589 1509 3760 1565 Mani-

2170 1591 2375 1646 chaeum
2425 1594 2619 1646 victum
2667 1595 2840 1662 putari
2867 1605 3134 1663 oportere,
3172 1598 3314 1668 quod
3358 1608 3416 1655 tu
3460 1601 3661 1671 aliquid
3694 1603 3752 1659 in

2168 1683 2359 1746 litteris
2401 1685 2504 1739 tuis
2533 1686 2792 1740 incautius
2816 1688 3072 1756 posuisti;
3110 1690 3584 1749 innumerabilibus
3629 1695 3763 1751 locis

2172 1774 2242 1833 de
2272 1776 2418 1832 libris
2450 1777 2726 1834 Manichaei
2753 1780 3010 1848 recitabo,
3042 1781 3282 1852 Regnum
3309 1784 3441 1840 lucis
3479 1785 3546 1841 ab
3571 1801 3637 1841 eo
3663 1802 3761 1842 vo-

2169 1867 2278 1922 cari
2326 1868 2466 1938 quod
2522 1885 2688 1939 regno
2733 1872 3072 1926 tenebrarum
3115 1876 3429 1931 naturaliter
3481 1879 3764 1934 constituit

2179 1974 2298 2018 esse
2325 1961 2680 2025 contrarium;
2710 1978 2809 2018 nec
2836 1978 3078 2033 regnum,
3123 1967 3216 2021 sed
3257 1983 3418 2038 regna
3453 1988 3466 2024 :
3511 1972 3758 2041 quando-

2168 2051 2384 2120 quidem
2439 2051 2493 2105 in
2523 2051 2633 2121 ipsa
2665 2053 2884 2123 epistola
2929 2057 3129 2110 ruinosi
3168 2056 3516 2115 Fundamenti
3545 2077 3662 2117 cum
3691 2061 3764 2119 de

2186 2142 2300 2197 Deo
2319 2141 2474 2196 Patre
2495 2143 2817 2212 loqueretur,
2848 2143 3029 2211 Nullo,
3050 2148 3246 2220 inquit,
3268 2150 3320 2203 in
3348 2153 3513 2222 regnis
3533 2154 3641 2224 ejus
3665 2163 3763 2209 aut

2170 2237 2442 2306 indigente,
2472 2246 2561 2289 aut
2582 2237 2783 2306 inﬁrmo
2803 2239 3094 2296 constituto.
3114 2241 3213 2296 Ubi
3235 2253 3413 2299 autem
3433 2260 3593 2315 regna
3611 2257 3758 2316 sunt,

2165 2329 2284 2400 quis
2306 2337 2414 2384 tam
2442 2344 2616 2385 caicus
2654 2338 2736 2384 est
2761 2330 2851 2400 qui
2881 2347 2986 2387 non
3015 2335 3294 2405 intelligat,
3337 2339 3570 2407 aequales
3601 2355 3759 2411 reges

2171 2422 2237 2478 iis
2254 2421 2445 2491 Quibus
2486 2431 2710 2492 regnant
2731 2425 2950 2482 omnino
2977 2441 3098 2486 esse
3133 2442 3240 2488 non
3285 2431 3472 2499 posse?
3500 2431 3635 2499 Quid
3665 2432 3764 2503 igi-

2166 2520 2252 2567 tur
2278 2520 2383 2566 tam
2409 2513 2662 2580 vicinum,
2681 2515 2727 2569 si
2754 2515 2885 2570 velis
2905 2516 3202 2586 advertere,
3221 2527 3276 2575 et
3299 2529 3403 2575 tam
3431 2525 3759 2580 conveniens

2167 2603 2430 2660 honestati
2457 2607 2690 2674 pectoris
2718 2607 2814 2673 tui,
2841 2623 3000 2678 quam
3031 2619 3088 2664 ut
3118 2620 3170 2666 te
3194 2627 3299 2668 non
3326 2614 3583 2685 prnuiteat
3632 2617 3762 2674 illud

2166 2693 2220 2758 in
2250 2695 2473 2766 epistola
2500 2697 2787 2767 posuisse?
2822 2698 2918 2756 Est
2949 2702 3091 2756 enim
3120 2704 3396 2760 verissime
3421 2705 3576 2762 Jesus
3605 2706 3763 2765 Chri-

2165 2792 2280 2854 stus
2325 2801 2422 2844 rex
2448 2787 2725 2857 luminum,
2770 2789 2917 2854 nullo
2961 2791 3123 2848 modo
3171 2794 3270 2850 sibi
3313 2798 3617 2868 aequalium,
3665 2799 3760 2856 sed

2165 2876 2551 2946 subiectorum,
2605 2886 2660 2934 et
2707 2893 2895 2942 eorum
2933 2891 3113 2940 rector
3156 2883 3457 2943 beatorum.
3495 2888 3762 2956 Peniteat

2163 2978 2342 3034 autem
2368 2979 2418 3025 te
2440 2970 2616 3041 potius
2640 2970 2802 3028 fuisse
2823 2974 3191 3046 Manichaaum,
3209 2979 3360 3049 cujus
3383 2995 3576 3040 omnes
3604 2983 3760 3040 dece-

2165 3061 2365 3134 ptorias
2397 3062 2820 3121 machinationes
2841 3067 3074 3125 veridica
3095 3067 3247 3126 frons
3265 3072 3508 3144 epistolae
3533 3083 3635 3134 tuae
3652 3091 3759 3136 uno

2167 3154 2276 3220 ictu
2315 3155 2576 3214 arietante
2607 3159 2946 3216 subverterit.
2975 3161 3110 3231 Quia
3151 3163 3296 3220 enim
3332 3164 3573 3222 Christus
3601 3168 3759 3226 lumi-

2169 3260 2296 3300 num
2326 3261 2424 3302 rex
2453 3256 2564 3316 est,
2590 3264 2690 3306 nec
2718 3249 2786 3306 de
2819 3265 2877 3307 se
2903 3253 3019 3322 ipso
3055 3253 3239 3324 genuit
3268 3254 3518 3324 inferiora
3555 3259 3750 3330 quibus

2163 3350 2260 3408 rex
2285 3344 2456 3403 esset;
2487 3353 2587 3394 nec
2611 3354 2674 3394 ea
2695 3339 2866 3397 vicina
2903 3342 3002 3404 sibi
3043 3343 3235 3414 quibus
3263 3356 3510 3418 regnaret
3535 3363 3753 3406 assum-

2165 3424 2291 3496 psit,
2323 3441 2441 3496 qua:
2475 3443 2574 3484 nec
2596 3431 2844 3500 genuerit
2890 3432 3004 3502 ipse
3038 3448 3138 3490 nec
3164 3435 3368 3504 fecerit,
3405 3454 3474 3504 ne
3509 3439 3618 3502 sint
3645 3439 3753 3508 duo

2163 3530 2357 3588 genera
2387 3517 2532 3586 boni,
2566 3534 2792 3590 quorum
2816 3531 3062 3584 neutrum
3097 3525 3168 3580 sit
3189 3542 3256 3594 ex
3282 3528 3488 3596 altero;
3521 3529 3615 3590 sed
3643 3545 3746 3600 nec,

2165 3621 2332 3662 unum
2371 3607 2614 3680 indigens
2637 3612 2826 3680 altero,
2854 3615 2998 3687 quod
3037 3631 3068 3683 a
3097 3619 3310 3678 tramite
3353 3620 3596 3682 veritatis
3619 3622 3754 3680 alie-

2163 3711 2290 3752 num
2317 3707 2399 3754 est
2429 3716 2441 3751 :
2472 3709 2637 3764 restat
2656 3712 2712 3760 ut
2737 3718 2799 3760 ea
2839 3704 3040 3764 lumina
3063 3708 3252 3779 quibus
3272 3721 3476 3782 regnat,
3504 3727 3623 3786 qua:
3648 3714 3756 3772 υιὶφ

2163 3800 2266 3860 que
2284 3787 2422 3844 bona
2445 3798 2585 3858 sunt,
2615 3793 2735 3863 quia
2763 3793 3014 3852 inferiora
3043 3791 3185 3865 sunt,
3213 3815 3319 3856 non
3341 3803 3756 3878 genuerinquia

2164 3880 2379 3954 propria
2407 3891 2549 3948 sunt,
2567 3898 2672 3942 non
2698 3889 3064 3959 usurpaverit;
3087 3890 3182 3949 sed
3206 3890 3393 3950 fecerit
3419 3901 3475 3952 et
3496 3896 3758 3964 condide-

2163 3971 2235 4026 rit
2255 3971 2415 4028 Deus.

2233 4062 2458 4121 CAPUT
2486 4065 2572 4123 IV.
2599 4098 2671 4109 —
2688 4069 2744 4126 Si
2771 4071 3004 4129 volueris
3031 4088 3273 4146 quaerere
3299 4077 3439 4140 unde
3468 4079 3674 4149 fecerit,
3699 4089 3760 4142 et

2162 4154 2438 4228 imaginari
2468 4163 2695 4232 coeperis
2712 4164 3032 4234 adjutorium
3049 4169 3286 4226 materiae
3309 4187 3466 4243 quam
3499 4173 3611 4246 ipse
3640 4190 3750 4234 non

2161 4244 2305 4316 fecit,
2357 4257 2414 4303 ut
2469 4250 2544 4305 ibi
2592 4267 2700 4308 non
2731 4255 2973 4314 videatur
3010 4260 3348 4332 omnipotens
3393 4244 3569 4321 facere
3613 4265 3758 4337 quod

2161 4338 2350 4406 vellet,
2386 4340 2488 4395 nisi
2512 4357 2634 4397 eum
2661 4345 2836 4418 aliqua
2859 4363 2978 4416 res,
3027 4366 3184 4420 quam
3212 4368 3318 4410 non
3348 4353 3572 4418 fecerat,
3604 4358 3760 4428 adju-

2161 4444 2330 4498 varet,
2361 4449 2545 4502 rursus
2575 4436 2970 4510 inexplicabiles
2999 4441 3250 4515 caligines
3285 4447 3485 4508 erroris
3513 4450 3752 4519 patieris.

2161 4521 2264 4586 Sed
2287 4525 2422 4592 dicta
2452 4529 2758 4598 pr0phetica
2780 4533 2959 4590 sobrio
2978 4545 3133 4606 captu
3160 4538 3520 4610 intelligentia:
3537 4541 3754 4604 sublimi

2160 4629 2320 4692 atque
2349 4622 2597 4678 ineii‘abili
2626 4625 2892 4696 majestati
2942 4629 3217 4698 aptissime
3259 4632 3602 4706 adjungente,
3630 4633 3760 4705 Ipse

2161 4712 2289 4767 dixit
2320 4715 2372 4780 ί,
2413 4723 2459 4768 et
2485 4719 2624 4787 facta
2661 4727 2818 4784 sunt;
2864 4719 2976 4791 ipse
3016 4723 3294 4789 mandauit,
3341 4733 3389 4778 et
3430 4734 3601 4780 creata
3638 4735 3758 4788 sunt

2162 4802 2342 4873 (gPsal.
2371 4821 2584 4876 CXLVIII,
2609 4806 2666 4879 5)
2699 4826 2711 4862 :
2745 4810 2816 4864 ita
2839 4799 3040 4868 videbis
3068 4814 3337 4884 quomodo
3360 4815 3566 4884 dicatur
3585 4817 3638 4872 in
3660 4831 3756 4872 ca-

2162 4893 2352 4950 tholica
2386 4897 2507 4963 (ide,
2544 4899 2687 4968 quod
2717 4901 2855 4970 Deus
2894 4903 2962 4960 de
2990 4904 3157 4960 nihilo
3183 4904 3368 4962 fecerit
3393 4907 3572 4963 omnia
3603 4908 3769 4986 bonaf

2158 4987 2317 5044 valde
2345 4988 2507 5060 (Gen.
2536 5006 2588 5057 ι,
2630 4994 2690 5050 5i
2716 4992 2765 5064 ).
2813 4994 2870 5050 Si
2901 4997 3042 5052 enim
3071 4997 3140 5054 de
3177 5000 3359 5072 aliquo
3385 4999 3542 5069 fecit,
3572 5004 3756 5074 utique

2159 5089 2249 5146 aut
2273 5081 2339 5140 de
2369 5097 2427 5138 se
2448 5083 2583 5152 ipso,
2607 5095 2700 5140 aut
2728 5103 2834 5143 non
2857 5087 2926 5144 de
2951 5105 3010 5148 se
3036 5091 3152 5160 ipso
3179 5108 3192 5146 :
3225 5093 3320 5156 sed
3345 5094 3388 5150 si
3408 5092 3477 5150 de
3502 5109 3563 5152 se
3591 5095 3706 5164 ipso
3732 5113 3748 5166 ;

2160 5188 2266 5242 non
2297 5189 2424 5244 ergo
2465 5174 2611 5244 fecit,
2657 5179 2750 5238 sed
2776 5183 2958 5250 genuit
2985 5198 2999 5236 :
3026 5197 3121 5238 cur
3159 5183 3319 5255 igitur
3361 5185 3614 5242 inferiora
3659 5201 3756 5268 ger

2158 5266 2310 5326 nuit?
2337 5265 2470 5322 Nam
2497 5282 2686 5325 eorum
2706 5271 2808 5326 nisi
2839 5270 3093 5330 inferiora
3118 5283 3321 5343 essent,
3353 5292 3451 5334 rex
3489 5292 3610 5333 esse
3641 5265 3752 5362 non

2159 5368 2356 5430 posset.
2399 5360 2455 5416 Si
2514 5377 2622 5418 non
2654 5363 2722 5420 de
2761 5380 2821 5422 se
2874 5366 3022 5436 ipso;
3056 5383 3163 5424 non
3198 5370 3381 5440 utique
3449 5371 3518 5427 de
3571 5360 3754 5444 aliquo

2158 5450 2297 5518 quod
2344 5452 2454 5520 ipse
2480 5469 2585 5508 non
2618 5454 2742 5510 fecit
2773 5472 2787 5510 :
2817 5457 3047 5527 alioquin
3068 5458 3136 5515 de
3161 5459 3334 5515 alieno
3363 5460 3508 5525 fecit,
3541 5470 3593 5517 et
3637 5472 3754 5518 erat

2154 5540 2264 5610 jam
2298 5544 2494 5600 bonum
2521 5547 2661 5616 quod
2690 5549 2802 5617 ipse
2829 5565 2933 5603 non
2981 5552 3196 5620 fecerat,
3227 5553 3367 5608 unde
3393 5555 3492 5610 sibi
3525 5541 3751 5625 regnum

2157 5641 2430 5691 statueret.
2464 5639 2614 5705 Quod
2646 5641 2688 5694 si
2738 5642 2808 5696 ita
2835 5652 2936 5710 est,
2990 5644 3172 5715 incipit
3207 5663 3310 5702 non
3341 5663 3460 5704 esse
3489 5648 3751 5705 bonorum

2155 5790 2726 5912 incitatugifanpertissime
2750 5797 3080 5864 adjrmguntur
3109 5814 3127 5853 :
3153 5810 3256 5866 Ipse
3275 5800 3422 5868 dixit,
3445 5802 3750 5870 inquiumhd
