4094 6452
295 375 402 441 581

297 507 521 569 cperam
570 496 812 554 creator;
855 486 976 559 quia
1024 492 1140 542 erat
1179 483 1378 540 bonum
1417 481 1556 553 quod
1607 480 1720 552 ipse
1769 495 1876 535 non

300 595 617 647 creaverat:
667 599 774 638 non
815 582 956 636 enim
995 580 1062 634 de
1106 578 1246 632 malo
1295 577 1470 631 alieno
1517 574 1716 628 lumina
1764 572 1887 642 qui-

301 681 406 736 bus
453 683 702 746 regnaret
739 672 992 728 efficeret.
1029 669 1363 739 Relinquitur
1416 668 1622 744 itaque,
1647 672 1722 732 ,ut
1753 663 1796 718 si
1823 662 1890 717 de

301 788 366 830 re
391 772 564 841 aliqua
594 767 738 835 fecit,
778 766 846 821 de
869 765 955 819 illa
969 763 1155 819 fecerit
1185 776 1342 832 quam
1386 761 1499 829 ipse
1533 758 1642 827 jam
1670 756 1888 810 fecerat.

375 859 604 919 CAPUT
641 859 707 914 γ.
745 887 818 900 —-
855 857 930 912 lta
964 857 1023 911 tit
1061 865 1120 911 ut
1147 855 1343 926 primas
1387 852 1616 921 origines
1655 849 1894 904 conden-

306 955 498 1011 darum
538 967 717 1008 rerum
742 948 809 1006 de
845 949 1010 1004 nihilo
1035 947 1202 1003 Deum
1243 945 1434 1002 fecisse
1459 943 1718 998 fateamur
1747 960 1760 998 :
1791 943 1893 999 nisi

306 1046 432 1118 quia
457 1043 593 1100 forte
617 1041 896 1099 ineffabilis
915 1055 977 1095 ac
999 1037 1371 1095 sacratissima:
1387 1034 1679 1104 majestatis
1697 1034 1895 1104 primo-

309 1137 548 1209 genitum
575 1135 756 1191 Jesum
776 1133 1046 1189 Christum
1075 1145 1196 1186 esse
1224 1128 1426 1196 dixisti,
1472 1142 1577 1182 non
1604 1127 1896 1183 secundum

311 1230 706 1302 susceptionem
735 1225 989 1293 hominis,
1025 1225 1078 1278 in
1104 1238 1206 1294 qua
1253 1237 1350 1293 per
1373 1220 1710 1290 adoptionem
1737 1234 1898 1274 voca-

314 1333 417 1387 tos,
453 1322 590 1378 sicut
632 1318 923 1390 Apostolus
964 1316 1112 1383 dicit,
1162 1322 1215 1370 et
1249 1315 1388 1368 sicut
1429 1311 1685 1368 catholica
1733 1311 1900 1368 credit

313 1413 464 1477 ﬁdes,
496 1413 684 1467 fratres
706 1411 722 1442 ¹
747 1409 944 1465 habere
961 1407 1206 1478 dignatus
1227 1414 1307 1460 est
1326 1403 1519 1476 quibus
1535 1411 1676 1457 esset
1699 1402 1899 1471 primo-

314 1506 528 1575 genitus
564 1502 738 1575 (Rom.
766 1516 881 1567 vut,
921 1498 1057 1571 29);
1099 1497 1190 1553 sed
1219 1495 1392 1567 potius
1418 1493 1707 1549 secundum
1732 1493 1899 1562 ipsam

313 1595 608 1650 divinitatis
629 1591 995 1649 excellentiam
1021 1589 1101 1644 vis
1135 1603 1255 1643 eum
1285 1585 1698 1656 primogenitum
1741 1582 1900 1637 intel-

313 1687 427 1757 ligi,
454 1695 516 1741 ut
542 1685 632 1740 illa
659 1684 856 1738 lumina
889 1683 942 1737 in
964 1681 1158 1752 quibus
1183 1689 1369 1750 regnat
1397 1679 1589 1732 fratres
1611 1676 1726 1750 ejus
1753 1675 1892 1741 sint;

313 1792 424 1832 non
454 1775 579 1831 facti
608 1790 638 1830 a
665 1775 824 1830 Patre
866 1788 964 1844 per
993 1773 1184 1842 ipsum,
1225 1769 1319 1826 sed
1344 1769 1507 1840 geniti
1535 1783 1566 1822 a
1595 1767 1755 1823 Patre
1780 1773 1903 1837 post

314 1867 518 1938 ipsum;
549 1872 610 1922 ut
632 1866 737 1920 sint
757 1865 857 1934 ipsi
888 1861 1194 1934 postgeniti,
1225 1861 1314 1915 ille
1356 1859 1756 1930 primogenitus,
1784 1873 1901 1913 om-

315 1973 412 2014 nes
450 1968 630 2014 tamen
670 1957 738 2012 de
789 1955 1002 2026 propria
1043 1953 1214 2009 Patris
1250 1952 1541 2022 eademque
1586 1951 1901 2006 substantia.

315 2049 469 2117 Quod
513 2050 560 2104 si
601 2049 674 2104 ita
715 2046 909 2112 credis,
960 2046 1192 2116 primum
1230 2042 1550 2100 contradicis
1592 2041 1902 2112 Evangelio,

315 2141 407 2196 ubi
455 2141 619 2197 etiam
647 2139 947 2209 unigenitus
976 2136 1148 2192 dictus
1172 2145 1251 2190 est
1277 2153 1290 2188 :
1320 2134 1390 2188 Et
1430 2134 1664 2201 vidimus,
1713 2132 1902 2203 inquit,

317 2231 534 2303 gloriam
556 2232 663 2301 ejus
691 2238 926 2298 tanquam
949 2227 1192 2298 unigeniti
1217 2242 1248 2278 a
1263 2223 1416 2279 Patre
1444 2240 1463 2279 :
1489 2224 1698 2295 quando
1718 2225 1739 2256 '
1757 2223 1906 2278 nullo

318 2321 480 2376 modo
521 2337 709 2376 verum
735 2319 1022 2383 diceretur,
1067 2317 1114 2372 si
1142 2317 1462 2386 sempiterna
1505 2329 1714 2386 quoque
1739 2314 1907 2370 virtus

320 2413 437 2485 ejus
464 2428 530 2468 ac
553 2413 821 2477 divinitas,
849 2425 952 2481 qua
981 2407 1444 2464 consubstantialis
1467 2414 1549 2463 est
1575 2407 1718 2463 Patri
1747 2413 1907 2462 etest

320 2513 440 2558 ante
467 2515 682 2558 omnem
723 2509 1043 2567 creaturam,
1067 2513 1131 2555 ex
1160 2497 1347 2554 eadem
1389 2498 1680 2553 substantia
1719 2496 1908 2552 fratres

320 2596 558 2652 haberet.
599 2594 778 2665 Itaque
805 2608 925 2648 cum
972 2600 1025 2647 et
1051 2591 1378 2662 unigenitum
1403 2599 1456 2645 et
1498 2589 1907 2660 primogenitum

321 2702 442 2744 eum
469 2687 648 2742 divina
681 2694 942 2742 testentur
970 2683 1214 2754 eloquia;
1247 2682 1598 2751 unigenitum,
1627 2681 1751 2753 quia
1792 2681 1908 2736 sine

322 2779 606 2846 fratribus;
653 2778 1080 2849 primogenitum,
1130 2775 1250 2847 quia
1297 2790 1418 2829 cum
1465 2775 1758 2830 fratribus:
1801 2788 1908 2829 non

324 2871 560 2928 invenies
589 2872 854 2941 quomodo
885 2879 1168 2939 utrumque
1207 2868 1272 2923 de
1317 2867 1409 2922 illo
1436 2867 1726 2922 secundum
1754 2882 1904 2922 eam-

324 2964 443 3018 dem
473 2971 721 3018 naturam
747 2962 1034 3017 divinitatis
1075 2960 1356 3029 intelligas.
1386 2958 1546 3014 Fides
1576 2975 1704 3016 vero
1726 2961 1910 3016 catho—

326 3053 423 3109 lica
465 3054 761 3124 quaeinter
810 3052 1115 3108 Creatorem
1163 3059 1566 3121 creaturamque
1614 3051 1907 3121 distinguit,

326 3146 522 3201 nullam
553 3145 751 3216 patitur
778 3145 831 3200 in
870 3145 954 3200 bis
981 3143 1191 3199 duobus
1230 3142 1533 3197 nominibus
1576 3143 1910 3213 intelligendi

327 3235 711 3301 difficultatem,
737 3237 1060 3308 unigenitum
1087 3250 1206 3290 eum
1238 3235 1504 3304 accipiens
1528 3235 1819 3290 secundum
1855 3235 1910 3291 id

325 3327 464 3398 quod
495 3328 748 3398 scriptum
771 3336 874 3394 est,
905 3325 971 3380 In
1001 3325 1251 3398 principio
1284 3334 1390 3379 erat
1431 3323 1665 3391 Verbum,
1708 3333 1754 3379 et
1781 3323 1910 3380 Ver-

328 3417 440 3472 bum
467 3429 575 3472 erat
599 3418 739 3488 apud
767 3417 931 3472 Deum
951 3458 966 3484 ,
999 3425 1047 3472 et
1072 3415 1208 3470 Deus
1236 3423 1342 3469 erat
1385 3413 1605 3468 Verbum
1626 3416 1646 3486 (
1665 3413 1822 3470 Joan.
1869 3431 1908 3484 t,

331 3510 433 3578 li,
468 3509 537 3580 l)
578 3527 592 3563 :
647 3509 1055 3580 primogenitum
1112 3517 1288 3563 autem
1331 3508 1589 3563 universae
1631 3516 1906 3575 creaturae,

328 3601 617 3656 secundum
647 3600 700 3656 id
729 3601 868 3672 quod
908 3601 1193 3670 Apostolus
1219 3599 1310 3666 ait,
1344 3598 1411 3654 Ut
1440 3600 1504 3654 sit
1531 3599 1638 3668 ipse
1664 3601 1910 3671 primoge-

328 3696 460 3750 nitus
487 3695 540 3748 in
578 3695 750 3749 multis
780 3693 1057 3764 fratribus(
1082 3692 1274 3747 Coloss.
1298 3708 1333 3759 l,
1367 3692 1498 3760 18);
1527 3707 1660 3762 quos
1682 3693 1728 3746 ei
1757 3689 1912 3748 Pater

327 3785 392 3841 ad
419 3788 701 3840 fraternam
729 3786 1056 3849 societatem,
1089 3799 1195 3839 non
1239 3784 1537 3855 :rqualitate
1581 3783 1909 3852 substantiae,

328 3877 424 3932 sed
461 3877 744 3946 adoptione
772 3876 955 3947 gratia:
981 3875 1272 3945 generavit.
1301 3873 1440 3943 Lege
1470 3873 1646 3943 itaque
1673 3874 1911 3944 Scriptu-

328 3981 439 4031 ras,
466 3982 720 4036 nusquam
751 3965 990 4020 invenies
1022 3964 1091 4020 de
1132 3963 1341 4019 Christo
1376 3963 1594 4030 dictum,
1633 3965 1772 4034 quod
1815 3964 1912 4020 ad-

330 4056 549 4124 optione
567 4056 633 4110 sit
654 4056 818 4110 Filius
837 4056 947 4109 Dei.
981 4055 1056 4109 De
1076 4054 1228 4109 nobis
1257 4062 1430 4109 autem
1461 4053 1750 4123 saepissime
1775 4054 1912 4125 legi-

328 4155 421 4200 tur
450 4165 465 4200 :
497 4147 764 4216 Accepistis
793 4147 1024 4217 spiritum
1063 4144 1348 4215 adoptionis
1385 4143 1642 4212 ﬁliorum;
1684 4145 1910 4216 adeptio-

327 4253 443 4290 nem
467 4247 823 4307 exspectantes,
859 4236 1243 4306 redemptionem
1285 4235 1509 4304 corporis
1537 4235 1694 4288 nostri
1721 4234 1910 4304 (Rom.

329 4344 457 4392 vm,
508 4330 611 4394 15,
661 4327 806 4400 23);
856 4327 924 4383 Ut
967 4328 1288 4396 adoptionem
1339 4327 1561 4394 ﬁliorum
1614 4327 1912 4397 recipiamus

330 4419 528 4488 (Colat.
571 4435 647 4486 tv,
677 4420 710 4474 4
732 4419 782 4490 );
815 4417 1199 4472 Prwdestinavit
1225 4434 1314 4471 nos
1338 4417 1390 4470 in
1428 4415 1750 4486 adOptionem
1779 4418 1912 4487 ﬁlio-

327 4529 441 4566 rum
473 4512 697 4583 (Ephes.
727 4529 764 4580 I,
793 4511 897 4584 5);
931 4511 1064 4566 Gens
1088 4519 1263 4564 saneta
1288 4551 1302 4572 ,
1334 4511 1550 4579 populus
1585 4511 1639 4563 in
1677 4511 1913 4579 adeptio-

329 4620 444 4657 nem
477 4604 498 4634 ³
522 4604 576 4673 (1
605 4602 745 4657 Petr.
778 4620 832 4668 tt,
863 4603 897 4656 9
918 4601 971 4675 );
1013 4601 1218 4655 Vocavit
1238 4619 1321 4655 vos
1351 4619 1438 4670 per
1466 4601 1794 4670 Evangelium
1824 4620 1915 4656 no-

328 4703 492 4747 strum
518 4694 570 4746 in
599 4694 916 4762 adoptionem
945 4693 1118 4764 gloria:
1147 4691 1353 4745 Domini
1386 4693 1544 4746 nostri
1568 4691 1691 4746 Jesu
1728 4691 1913 4748 Christi

331 4784 352 4856 (
371 4785 410 4838 Il
437 4785 618 4839 Thess.
642 4801 698 4851 ιι,
729 4785 814 4848 12,
859 4787 962 4856 15)
990 4801 1005 4849 ;
1034 4794 1088 4839 et
1129 4785 1172 4839 si
1203 4800 1302 4855 qua
1337 4785 1461 4840 talia
1500 4786 1795 4840 recordanti
1823 4788 1912 4842 vel

331 4876 529 4946 legenti
553 4876 900 4930 occurrerint.
928 4875 1086 4930 Aliud
1123 4886 1204 4930 est
1240 4876 1379 4930 enim
1407 4891 1501 4945 per
1538 4876 1707 4930 Patris
1729 4878 1910 4933 excel-

330 4967 546 5022 lentiam
577 4983 693 5022 esse
719 4968 931 5023 unicum
959 4967 1149 5022 Filium
1181 4968 1297 5035 Dei,
1321 4967 1463 5023 aliud
1492 4983 1585 5037 per
1606 4969 1910 5026 misericor-

331 5057 453 5112 dem
482 5058 706 5127 gratiam
738 5060 978 5129 accipere
1018 5068 1329 5129 potestatem
1363 5059 1500 5114 filios
1524 5059 1615 5114 Dei
1641 5060 1753 5116 fieri
1790 5077 1908 5116 cre-

331 5149 519 5206 dentes
546 5151 596 5204 in
628 5165 770 5205 eum.
811 5149 963 5204 Dedit
983 5151 1074 5216 eis,
1116 5151 1304 5220 inquit,
1336 5159 1626 5220 potestatem
1654 5151 1789 5218 ﬁlios
1817 5152 1916 5207 Det

390 5279 406 5309 ¹
443 5284 493 5341 In
519 5277 662 5328 editis
681 5277 869 5337 deerat,
895 5279 1084 5341 fratres.
1109 5282 1162 5341 Et
1185 5273 1326 5340 paulo
1349 5280 1454 5337 post
1472 5273 1595 5341 loco,
1617 5275 1794 5341 fratres
1804 5277 1912 5341 ejus

326 5337 437 5400 sint,
465 5338 742 5402 legebatur,
764 5335 949 5402 semper
972 5339 1076 5402 ejus
1097 5335 1216 5402 sint.
1235 5335 1451 5402 Itemque
1486 5335 1910 5402 inira’in__editi6ne

328 5397 435 5451 nov.
465 5397 542 5471 ita
554 5397 801 5452 ferebatur
825 5415 838 5451 :
1113 5397 1418 5472 nullonmodo
1451 5411 1617 5450 verum
1647 5398 1908 5472 diceretur,

328 5461 620 5534 sempiterna
642 5476 827 5534 quoque
845 5459 993 5534 uirtus
1015 5461 1118 5525 ejus
1141 5474 1197 5510 ac
1220 5459 1460 5534 divinitas,
1487 5473 1581 5531 qua
1601 5459 1908 5534 consalutari;

329 5522 454 5576 tialr's
476 5531 545 5574 est
568 5522 698 5576 Patri
718 5522 763 5575 et
795 5531 864 5576 est
884 5531 991 5574 ante
1011 5522 1197 5573 omnem
1219 5522 1508 5578 creaturam,
1529 5522 1622 5570 nisi
1644 5535 1707 5571 ea;
1741 5522 1909 5572 eadem

327 5586 590 5638 substantia
607 5599 792 5648 semper
816 5585 1024 5636 haberet.
1049 5593 1141 5636 nos
1163 5585 1377 5647 aliosque
1399 5585 1572 5646 passim
1596 5583 1723 5634 locos
1741 5597 1908 5634 emen-

328 5648 493 5697 damus
518 5663 580 5698 ex
599 5650 872 5699 Carnotensi
898 5657 976 5696 Ms.

391 5713 413 5741 ²
439 5718 599 5769 Forte,
623 5710 769 5773 quod.

391 5773 412 5804 ³
443 5776 516 5821 ste
557 5766 703 5834 etiam
742 5771 866 5834 legit
898 5772 1188 5834 Ambrosius,
1223 5781 1449 5822 sermone
1485 5768 1535 5830 6,
1551 5770 1600 5818 in
1641 5766 1760 5819 Psal.
1799 5767 1904 5822 M8.

328 5839 490 5887 Grece
508 5841 604 5896 est,
627 5833 726 5886 laos
745 5830 818 5885 eis
835 5830 1134 5896 peripoiésin.

1705 359 1910 420 LIBER
1943 355 2143 418 UNUS.

3444 371 3554 433 382

1998 476 2128 546 fieri.
2151 474 2266 532 Non
2303 491 2430 551 ergo
2452 488 2602 536 erant
2639 489 2846 550 natura,
2894 496 3012 538 cum
3039 490 3349 555 potestatem
3375 499 3434 546 ut
3459 493 3556 550 tie-

1994 579 2113 624 rent
2133 584 2447 642 acccperunt
2472 575 2735 630 credendo
2763 577 2812 630 in
2840 577 3033 647 ipsum,
3063 595 3146 634 CUI
3167 583 3322 637 unico
3341 601 3440 640 non
3465 605 3556 660 pe-

1995 663 2169 732 percit,
2214 663 2300 717 sed
2328 681 2418 734 pro
2448 665 2587 719 nobis
2615 668 2845 722 omnibus
2870 670 3076 725 tradidit
3100 686 3211 727 eum
3235 673 3420 746 (Rom.
3443 692 3560 748 vur,

1997 751 2130 824 52);
2177 763 2234 808 ut
2269 755 2402 828 apud
2433 771 2492 811 se
2530 757 2884 828 unigenitum,
2914 760 2979 815 ad
3018 777 3115 819 nos
3158 765 3560 838 primogenitum

1997 843 2212 901 faceret.
2240 846 2318 901 Ex
2356 848 2445 902 illo
2489 849 2646 919 igitur
2673 852 2814 922 quod
2853 855 3150 925 unigenitus
3193 868 3294 926 est,
3345 877 3450 918 non
3499 880 3566 921 ex

1997 951 2160 993 carne
2191 980 2206 1006 ,
2261 954 2367 993 non
2418 956 2483 994 ex
2526 943 2796 1012 sanguine,
2843 960 2947 1000 non
3000 962 3063 1003 ex
3119 951 3386 1010 voluntate
3440 955 3566 1025 viri,

2000 1042 2172 1098 neque
2210 1044 2276 1084 ex
2303 1029 2567 1086 voluntate
2591 1033 2784 1100 carnis,
2824 1036 2917 1090 sed
2943 1052 3009 1092 ex
3039 1039 3147 1094 Deo
3176 1051 3328 1098 natus
3352 1054 3433 1100 est
3464 1063 3476 1100 :
3501 1062 3569 1104 ex

2000 1116 2091 1172 illo
2136 1127 2312 1172 autem
2359 1120 2497 1188 quod
2539 1121 2914 1192 primogenitus
2952 1127 3006 1181 in
3043 1128 3280 1187 Ecclesia
3320 1133 3569 1193 fratribus

1998 1204 2167 1261 factus
2193 1216 2291 1273 est,
2325 1207 2540 1263 Verbum
2569 1225 2686 1264 caro
2713 1216 2899 1281 factum
2925 1225 3013 1282 est,
3043 1227 3090 1271 et
3119 1220 3354 1277 habitavit
3391 1225 3446 1279 in
3473 1244 3568 1282 no-

2003 1297 2074 1352 bis
2096 1296 2279 1369 (Joan.
2303 1315 2340 1353 ι.
2371 1299 2458 1367 η,
2490 1298 2618 1374 14).
2640 1300 2747 1358 Nos
2767 1319 2976 1376 quoque
2999 1307 3052 1362 in
3088 1319 3339 1380 quantum
3358 1324 3572 1376 natura-

1999 1387 2122 1443 liter
2147 1389 2239 1443 filii
2259 1389 2352 1443 ira:
2378 1390 2571 1447 fuimus
2615 1392 2634 1464 (
2656 1392 2846 1465 Epltes.
2874 1413 2932 1462 ιι,
2962 1397 3032 1472 5)
3053 1442 3070 1469 ,
3099 1400 3200 1458 hoc
3220 1417 3301 1460 est
3325 1408 3570 1467 vindicta:

2004 1480 2140 1548 filii,
2207 1481 2419 1537 vinculo
2478 1486 2811 1542 mortalitatis
2861 1490 3138 1562 obstricti,
3187 1501 3424 1568 quamvis
3481 1503 3573 1564 illo

2001 1579 2217 1627 creante
2236 1581 2393 1643 atque
2414 1573 2721 1632 instituente
2742 1619 2757 1646 ,
2786 1581 2871 1649 qui
2899 1584 3082 1650 procul
3100 1585 3260 1642 dubio
3287 1605 3318 1644 a
3344 1594 3565 1650 summis

2002 1675 2170 1732 usque
2198 1663 2264 1716 ad
2301 1663 2405 1718 ima
2430 1705 2444 1730 ,
2475 1668 2650 1721 omnia
2679 1668 2731 1722 in
2765 1685 3007 1728 mensura
3036 1683 3090 1730 et
3125 1693 3344 1741 numero
3370 1691 3423 1738 et
3446 1699 3578 1754 pon-

1941 1760 1946 1764 ‘
2003 1751 2130 1808 dere
2185 1753 2418 1824 disponit
2468 1768 2521 1810 et
2562 1757 2750 1814 format
2787 1759 2948 1833 (Sap.
2996 1766 3230 1838 xr,21),
3286 1751 3465 1829 tamen
3505 1792 3576 1832 ex

2005 1859 2161 1900 carne
2184 1853 2238 1900 et
2256 1847 2510 1918 sanguine
2529 1857 2583 1904 et
2603 1864 2672 1904 ex
2698 1852 2971 1910 voluntate
2999 1857 3174 1914 carnis
3198 1868 3305 1916 nati
3350 1879 3532 1921 sumus
3561 1886 3575 1920 :

2006 1935 2060 1991 in
2117 1946 2368 2007 quantum
2415 1949 2590 1994 autem
2632 1945 2931 2013 accepimus
2979 1956 3288 2016 potestatem
3335 1954 3427 2010 filii
3487 1957 3580 2014 Dei

2007 2028 2142 2096 fieri,
2182 2046 2279 2086 nec
2305 2047 2402 2087 nos
2440 2048 2504 2088 ex
2547 2049 2707 2091 carne
2745 2046 2798 2092 et
2823 2041 3094 2110 sanguine,
3135 2053 3226 2099 aut
3273 2060 3340 2102 ex
3391 2050 3580 2105 volun-

2006 2126 2114 2174 tate
2151 2120 2291 2188 viri,
2340 2131 2431 2177 aut
2477 2139 2542 2178 ex
2589 2127 2858 2184 voluntate
2905 2130 3113 2199 carnis,
3161 2135 3254 2190 sed
3305 2151 3372 2192 ex
3424 2138 3578 2208 Deo,

2007 2229 2113 2268 non
2142 2215 2354 2285 quidem
2392 2229 2702 2290 coaequante
2729 2233 2912 2279 natura
2929 2265 2945 2293 ,
2987 2213 3083 2282 sed
3107 2227 3390 2302 adoptante
3415 2233 3581 2305 gratia

2008 2319 2293 2361 nascimur.

2077 2397 2303 2454 CAPUT
2329 2399 2417 2454 Vl.
2441 2431 2512 2442 ——
2538 2402 2740 2460 Deinde
2764 2405 2808 2461 si
2821 2406 2932 2476 jam
2959 2409 3311 2468 concederem
3333 2428 3436 2469 non
3465 2429 3583 2472 esse

2009 2488 2220 2543 unicum
2265 2490 2405 2546 Patri
2440 2491 2621 2548 Jesum
2669 2495 2972 2568 Christum,
3019 2502 3309 2560 secundum
3347 2505 3582 2576 ejusdem

2009 2577 2316 2670 substantiae
2359 2581 2685 2640 divinitatem
2711 2628 2725 2651 ,
2774 2589 2867 2643 sed
2914 2589 3111 2647 habere
3140 2592 3334 2650 fratres
3381 2606 3501 2670 post
3525 2615 3584 2656 se

2009 2676 2162 2722 natos
2187 2669 2381 2742 quibus
2409 2682 2552 2728 esset
2597 2676 2977 2748 primogenitus
3003 2721 3018 2747 ,
3069 2685 3335 2753 quomodo
3383 2669 3476 2743 rex
3501 2704 3587 2746 co-

2010 2773 2126 2812 rum
2155 2774 2272 2816 esse
2315 2764 2529 2831 posset?
2553 2765 2746 2832 Qtucso
2801 2777 2887 2837 te,
2929 2786 2995 2825 an
3024 2773 3247 2830 auderes
3294 2776 3474 2836 dicere
3516 2796 3582 2848 eo

2009 2848 2282 2906 fortiorem
2326 2861 2505 2909 natum
2552 2872 2703 2924 esse,
2736 2875 2841 2930 quo
2870 2863 3146 2932 priorem?
3186 2867 3418 2926 Puderet
3441 2884 3586 2931 certe

2009 2940 2081 2996 ita
2110 2943 2325 2998 sentire.
2357 2943 2470 3000 Non
2497 2955 2674 3002 autem
2705 2949 2777 3005 ita
2815 2953 3016 3007 sentis:
3046 2956 3172 3026 quid
3199 2958 3356 3030 igitur
3384 2963 3587 3020 sentis?

2011 3030 2140 3085 Leni
2183 3033 2420 3089 animum
2477 3044 2623 3091 tuum
2648 3079 2663 3104 ,
2695 3047 2749 3094 et
2775 3040 3087 3110 placabilem
3134 3055 3186 3102 te
3215 3051 3381 3108 redde
3406 3055 3583 3109 consi-

2010 3117 2259 3177 derandae
2305 3124 2420 3180 sine
2466 3127 2756 3202 pertinacia
2804 3132 3032 3188 veritati.
3077 3135 3191 3193 Hoc
3236 3141 3378 3195 enim
3427 3144 3586 3200 etiam

2011 3212 2107 3304 abs
2156 3220 2210 3269 te
2237 3217 2533 3286 requiram,
2582 3221 2849 3292 quomodo
2877 3224 3140 3298 intelligas
3179 3231 3587 3304 primogenitum

2011 3303 2191 3359 Jesum
2244 3306 2515 3363 Christum
2561 3310 2614 3364 in
2646 3312 2732 3366 illa
2763 3313 2939 3371 divina
2983 3328 3142 3390 atque
3193 3303 3390 3392 optima
3435 3336 3589 3388 teter-

2013 3409 2184 3484 naque
2202 3397 2496 3492 substantia
2527 3417 2539 3454 :
2567 3409 2743 3458 utrum
2770 3413 3008 3478 tempore
3031 3411 3230 3480 primus
3251 3425 3332 3471 est
3355 3418 3584 3492 genitus,

2012 3493 2070 3582 ut
2094 3489 2416 3582 posteriores
2445 3501 2596 3548 natos
2628 3495 2643 3526 ¹
2672 3495 2726 3550 in
2752 3496 2842 3553 illo
2871 3515 3038 3571 regno
3085 3503 3440 3577 intelligamus
3469 3489 3586 3582 qui;

2012 3575 2215 3672 bus-est
2254 3579 2675 3672 primogenitus;
2724 3601 2897 3658 neque
2935 3592 3196 3661 possimus
3241 3575 3418 3654 dicere
3460 3575 3588 3672 quot

2015 3665 2160 3722 horis
2186 3670 2268 3723 vel
2297 3669 2516 3740 diebus,
2550 3673 2923 3749 mensibusque
2971 3693 3061 3738 aut
3102 3687 3255 3742 annis
3284 3665 3585 3761 major,

2013 3759 2102 3831 qui
2131 3769 2278 3856 ortus
2307 3771 2387 3816 est
2413 3764 2581 3831 prior;
2605 3766 2698 3821 sed
2727 3777 2900 3826 tamen
2927 3773 3103 3844 aliquo
3129 3778 3404 3836 intervallo
3429 3759 3588 3856 atque

2013 3852 2184 3920 spatio
2200 3856 2472 3923 temporali
2499 3857 2592 3912 has
2608 3863 2975 3932 generationes
3014 3867 3269 3928 discretas
3305 3888 3424 3930 esse
3443 3852 3588 3948 cogi-

2016 3953 2186 4000 temus
2219 3965 2232 4000 :
2261 3963 2327 4002 au
2370 3964 2497 4005 vero
2541 3967 2646 4008 non
2687 3963 2954 4027 tempore,
2984 3962 3079 4018 sed
3116 3964 3228 4035 ipsa
3279 3968 3587 4025 excellentia

2015 4038 2340 4094 sublimioris
2377 4042 2561 4111 utique
2600 4045 2927 4116 majestatis,
2981 4068 3082 4122 qua
3125 4057 3285 4119 etiam
3326 4073 3421 4114 rex
3471 4075 3591 4118 esse

2015 4125 2264 4183 fratribus
2307 4131 2594 4189 luminibus
2638 4138 2865 4207 meruit,
2913 4143 3317 4215 primogenitum
3360 4151 3590 4222 accipia-
3689 4198 3696 4200 ν

2015 4233 2136 4272 mus
2168 4259 2183 4284 ,
2235 4228 2480 4291 tanquam
2530 4223 2583 4278 in
2642 4227 2821 4298 aliquo
2895 4232 3130 4302 genitum
3176 4239 3492 4310 principatu.
3533 4245 3590 4300 Si

2015 4311 2355 4380 responderis
2401 4329 2522 4370 eum
2571 4325 2810 4389 tempore
2835 4321 3083 4382 fratribus
3108 4329 3336 4398 priorem
3363 4349 3482 4390 esse
3512 4345 3592 4390 at-

2016 4419 2117 4474 que
2144 4406 2432 4474 majorem,
2467 4416 2524 4462 ut
2547 4409 2656 4479 jam
2708 4427 2773 4467 ex
2817 4413 2920 4470 hoc
2945 4418 2993 4472 ei
3033 4435 3253 4489 regnum
3306 4423 3358 4478 in
3398 4424 3593 4484 fratres

2016 4494 2280 4550 delatum’
2308 4513 2427 4553 esse
2455 4501 2778 4570 contendas,
2831 4507 2972 4576 quod
3019 4524 3112 4564 eos
3142 4515 3408 4572 nascendo
3455 4535 3592 4591 prae-

2016 4588 2270 4654 cesserit,
2323 4599 2378 4644 et
2419 4590 2702 4660 aliquando
2756 4595 2870 4666 ipse
2897 4597 3054 4656 fuerit
3080 4617 3199 4658 cum
3229 4607 3306 4662 illi
3358 4588 3592 4669 nondum

2016 4689 2228 4746 essent;
2277 4682 2402 4751 quid
2449 4683 2612 4750 dicis,
2645 4685 2848 4742 frater?
2894 4691 3042 4749 Itane
3094 4699 3448 4769 prtecipitabis
3497 4719 3590 4760 cor

2018 4780 2164 4826 tuum
2191 4772 2243 4826 in
2286 4772 2388 4828 hoc
2418 4775 2700 4844 impietatis
2727 4779 3007 4851 abruptum
3030 4827 3045 4852 ,
3080 4795 3136 4841 ut
3164 4790 3432 4846 existimes
3455 4793 3506 4848 in
3531 4795 3593 4850 il-

1962 4908 1984 4926 ,
2016 4863 2118 4918 lam
2149 4865 2378 4920 divinam
2417 4883 2784 4941 summamque
2799 4887 3036 4931 naturam
3050 4881 3452 4939 mutabilitatem
3468 4894 3593 4950 tem-

2015 4957 2160 5026 poris
2181 4957 2392 5024 cadere,
2416 4968 2469 5014 et
2492 4961 2680 5017 credas
2705 4964 2775 5019 ibi
2798 4967 2993 5037 aliquid
3015 4971 3242 5027 existere
3258 5012 3275 5040 ,
3298 4976 3439 5043 quod
3467 4987 3591 5036 ante

2016 5065 2121 5103 non
2150 5050 2348 5105 fuerit?
2392 5052 2473 5106 An
2500 5056 2620 5124 quia
2648 5058 2928 5127 Oportebat
2968 5061 3090 5116 inde
3134 5064 3392 5122 adversus
3438 5077 3590 5126 tene-

2016 5141 2231 5196 brarum
2258 5153 2468 5214 gentem
2498 5147 2697 5204 lumina
2726 5153 2993 5223 progredi,
3023 5159 3420 5226 progressiOnes
3451 5163 3591 5234 ipsas

2016 5236 2384 5302 generationes
2411 5252 2566 5315 vocas
2589 5280 2602 5304 ,
2643 5256 2775 5310 quas
2820 5246 3182 5312 temporaliter
3221 5247 3389 5304 factas
3409 5264 3586 5325 putas,

2016 5334 2072 5380 ut
2101 5330 2460 5398 temporaliter
2489 5335 2853 5402 pugnaretur?
2877 5336 2991 5392 Non
3031 5354 3159 5410 ergo
3199 5351 3408 5413 poterat
3427 5363 3588 5403 unum

2018 5419 2197 5480 lumen
2223 5422 2486 5490 sufficere,
2506 5426 2647 5494 quod
2685 5435 2852 5486 totum
2882 5430 3009 5490 illud
3038 5432 3290 5500 bellicum
3319 5438 3584 5508 negotium

2015 5515 2190 5570 divina
2247 5519 2438 5572 virtute
2476 5529 2773 5590 perageret.
2820 5522 2924 5577 Aut
2972 5526 3016 5578 si
3064 5527 3242 5582 multis
3268 5543 3400 5600 opus
3429 5539 3585 5599 erat,

2078 5711 2097 5786 ξ
2131 5713 2474 5786 [ηιςξιινηοιοηδί
2497 5720 2597 5784 Ms,
2624 5719 2673 5763 ut
2694 5718 2952 5786 posteriore
2976 5716 3183 5786 tenipore
3198 5731 3345 5776 natos.

2014 5772 2266 5884 ,egsgiggf,
2293 5787 2491 5837 τεθηυπι
2531 5772 2726 5840 insuper
2752 5781 2977 5835 delatum.
3001 5772 3389 5850 ωέιίεέωίάιτέπ
3409 5792 3585 5841 eam...
