4094 6474
527 298 636 360 583

527 439 701 496 hocne
727 438 783 495 in
819 435 1178 510 spiritualibus
1231 439 1563 495 sentiendum
1624 445 1705 493 est
1736 436 1776 503 ί,
1824 442 1882 487 ιιι
1932 447 2097 504 angu-

486 568 491 573 -
527 544 665 586 stum
703 533 1018 588 arbitremur
1061 533 1258 587 aditum
1281 532 1441 585 fuisse
1466 572 1480 596 ,
1508 546 1609 601 qua
1635 529 1793 586 simul
1822 528 1970 583 exire
1993 542 2103 582 non

529 632 765 694 possent,
800 632 857 678 ut
877 639 941 680 ex
965 640 1028 677 eo
1057 624 1197 693 quod
1229 636 1363 676 unus
1383 636 1413 676 e
1440 621 1687 677 fratribus
1709 622 1853 691 prior
1878 618 2094 684 exisset,

526 723 579 768 et
623 714 1000 784 primogenitus
1050 713 1152 767 dici
1183 721 1236 766 ct
1281 728 1371 767 rex
1405 712 1517 767 ﬁeri
1544 712 1750 768 caeteris
1775 710 2100 766 mereretur?

526 805 658 860 Nolo
712 806 1005 860 minutatim
1049 805 1252 874 singula
1299 804 1580 875 persequi,
1632 820 1700 860 ne
1752 803 1961 874 ingenio
2008 811 2099 858 tuo

524 897 720 952 valenti
746 914 810 953 ex
840 897 1021 966 paucis
1048 906 1235 950 cuncta
1260 896 1572 967 conspicere
1594 937 1610 963 ,
1644 895 1803 950 nimis
1833 909 2095 951 onerosus

526 989 646 1043 sim.
675 988 830 1058 Erige
850 987 1008 1056 igitur
1036 987 1203 1041 aciem
1232 988 1458 1060 mentis,
1491 986 1713 1043 nebulas
1733 985 2096 1043 contentionis

523 1078 786 1149 absterge.
836 1076 1004 1132 Video
1060 1079 1291 1148 profecto
1348 1094 1523 1149 neque
1588 1078 1881 1133 secundum
1932 1078 2047 1146 loca
2078 1117 2094 1145 ,

522 1184 694 1237 neque
764 1168 1055 1223 secundum
1126 1178 1403 1239 tempora,
1450 1178 1663 1235 motus,
1732 1184 2046 1240 progressus
2078 1209 2094 1236 ,

520 1268 739 1315 exortus
758 1303 772 1328 ,
800 1276 1022 1317 occasus
1041 1304 1056 1329 ,
1083 1263 1290 1318 ullasve
1313 1265 1689 1319 conversiones
1714 1266 1734 1295 ²
1767 1263 1879 1318 fleri
1904 1277 2061 1333 posse
2079 1304 2094 1327 ,

519 1351 623 1405 nisi
651 1351 702 1405 in
733 1362 973 1407 creatura
1020 1354 1263 1409 mutabili
1293 1372 1305 1407 :
1338 1371 1454 1424 quae
1490 1364 1668 1411 tamen
1706 1356 1810 1410 nisi
1857 1364 2000 1411 esset
2027 1369 2096 1411 ex

519 1442 723 1498 artifice
766 1452 821 1499 et
877 1443 1150 1500 conditore
1192 1445 1322 1511 Deo,
1366 1460 1470 1499 non
1509 1445 1731 1501 dixisset
1765 1446 2050 1516 Apostolus
2078 1486 2094 1511 ,

518 1531 589 1585 Et
648 1534 943 1598 coluerunt,
1007 1545 1053 1588 et
1115 1535 1386 1589 servierunt
1435 1545 1679 1589 creaturae
1727 1537 1893 1605 potius
1945 1552 2097 1606 quant

520 1624 780 1692 Creatori,
827 1626 913 1695 qni
950 1635 1021 1680 est
1065 1625 1348 1680 benedictus
1376 1626 1427 1678 in
1461 1627 1646 1680 sarcula
1684 1626 1875 1695 (Rom.
1907 1643 1944 1693 ι,
1974 1627 2090 1699 25).

586 1716 812 1772 CAPUT
856 1717 964 1771 VII.
1020 1749 1089 1758 —
1140 1719 1196 1772 In
1245 1718 1343 1773 hac
1376 1720 1516 1774 enim
1546 1720 1803 1775 sententia
1859 1721 2090 1777 maxime

518 1809 624 1863 duo
671 1819 794 1864 sunt
837 1811 1166 1878 necessaria,
1213 1827 1331 1881 quae
1379 1826 1583 1866 mecum
1633 1814 1893 1868 intuearis
1924 1822 2092 1883 peto:

518 1916 702 1969 unum,
725 1901 844 1971 quia
875 1903 917 1955 si
948 1910 1192 1956 creatura
1220 1903 1391 1957 aliena
1416 1910 1559 1957 esset
1587 1917 1616 1956 a
1667 1903 1797 1969 Deo,
1837 1918 1943 1958 non
1976 1904 2093 1973 ejus

518 2002 729 2049 creator
774 1994 914 2049 Deus
940 1994 1006 2048 ab
1034 1995 1290 2064 Apostolo
1334 1994 1601 2050 diceretur
1633 2010 1648 2049 :
1677 1996 1935 2063 alterum,
1973 1996 2097 2065 quia

525 2082 571 2137 si
600 2084 752 2138 unius
794 2083 1135 2153 ejusdemque
1166 2084 1473 2139 substantiae
1510 2084 1728 2140 Creator
1770 2093 1824 2141 et
1855 2093 2097 2141 creatura

524 2182 700 2239 esset,
750 2188 855 2228 non
895 2174 1411 2244 reprehenderentur
1440 2175 1557 2245 quia
1595 2176 1891 2231 servierunt
1942 2190 2095 2232 crea-

512 2272 647 2319 tura:
675 2265 851 2334 potius
875 2281 1031 2335 quam
1052 2265 1293 2321 Creatori
1317 2282 1330 2330 ;
1364 2270 1611 2337 quoniam
1641 2268 1956 2338 cuicumque
1982 2284 2096 2324 ser-

512 2354 749 2422 vissent,
815 2356 881 2411 ab
941 2356 1125 2411 eadem
1170 2364 1359 2411 natura
1422 2365 1580 2427 atque
1632 2357 1926 2413 substantia
1983 2375 2091 2415 non

511 2446 880 2501 recessissent.
918 2447 1194 2515 Quomodo
1237 2448 1379 2501 enim
1440 2463 1599 2503 nemo
1653 2456 1829 2517 potest
1890 2450 2094 2506 servire

512 2539 651 2593 Filio
679 2540 767 2609 qui
798 2555 903 2593 non
939 2540 1135 2594 serviat
1161 2548 1214 2594 et
1237 2540 1409 2606 Patri,
1439 2540 1562 2609 quia
1586 2540 1860 2610 utriusque
1884 2550 1966 2596 est
1987 2556 2092 2596 una

514 2630 808 2684 substantia
858 2646 871 2682 :
920 2630 997 2684 sic
1046 2645 1204 2685 nemo
1234 2639 1407 2700 potest
1437 2630 1638 2685 servire
1685 2638 1942 2687 creaturae
1991 2633 2093 2687 nisi

514 2724 755 2779 serviens
783 2723 1056 2787 Creatori,
1088 2723 1132 2776 si
1162 2731 1305 2778 esset
1335 2724 1606 2792 utriusque
1631 2738 1737 2777 una
1776 2725 2089 2780 substantia.

514 2814 668 2871 Unde
710 2815 754 2867 si
803 2813 911 2882 jam
950 2813 1212 2868 discernis
1265 2821 1321 2868 ct
1368 2816 1545 2884 sapis,
1584 2814 1872 2882 plurimum
1916 2824 2089 2870 atten-

512 2905 668 2961 deres
701 2919 820 2959 esse
862 2905 999 2958 inter
1048 2904 1353 2959 Creatorem
1412 2914 1465 2959 ct
1515 2914 1815 2960 creaturam
1861 2924 1873 2958 :
1931 2915 2090 2976 atque

510 3004 722 3067 oportet
770 2996 1031 3067 intelligas
1072 2997 1276 3067 prolem
1314 2994 1578 3051 Creatoris
1609 3012 1714 3053 non
1741 3012 1859 3053 esse
1884 3008 2090 3054 creatu-

507 3102 623 3142 ram
653 3106 665 3141 :
707 3101 827 3141 nam
863 3087 907 3140 si
937 3094 1117 3152 esset,
1148 3102 1255 3140 non
1300 3094 1440 3141 esset
1465 3085 1702 3152 inferior,
1735 3087 1831 3142 sed
1871 3089 2090 3159 aequalis

509 3179 852 3248 ejusdemque
893 3178 1204 3234 substantiae
1233 3179 1290 3243 ³;
1342 3182 1527 3248 ac'per
1576 3180 1678 3233 hoc
1716 3180 1952 3251 quisquis
1992 3197 2087 3237 co-

510 3271 645 3325 leret
690 3271 843 3340 eique
902 3271 1164 3336 serviret,
1211 3271 1367 3325 simul
1406 3272 1566 3326 etiam
1603 3272 1843 3328 Creatori
1885 3274 2002 3344 ejus
2034 3284 2089 3331 et

505 3361 653 3419 Patri
693 3362 892 3417 cultum
942 3363 1356 3431 scrvitutemque
1382 3363 1663 3432 praeberet.
1690 3363 1824 3419 Cum
1851 3379 1978 3420 vero
2003 3381 2087 3421 re-

506 3453 909 3525 prehenduntur
934 3454 1001 3508 ab
1028 3453 1311 3523 Apostolo,
1339 3461 1394 3507 et
1440 3453 1780 3509 detestabiles
1826 3455 2086 3512 habentur

506 3536 991 3619 quicoluerunt'et
1042 3544 1342 3600 servierunt
1378 3553 1637 3600 creaturae
1688 3548 1859 3614 potius
1926 3562 2084 3616 quam

504 3639 781 3703 Creatori,
812 3639 940 3693 satis
960 3637 1258 3693 ostenditur
1287 3637 1426 3692 illius
1451 3646 1506 3692 et
1532 3638 1685 3707 hujus
1708 3638 1944 3693 diversas
1965 3654 2085 3696 esse

502 3731 845 3787 substantias.
879 3730 1027 3785 Sicut
1053 3731 1196 3785 enim
1241 3744 1346 3785 non
1378 3738 1553 3799 potest
1578 3730 1779 3795 videri,
1811 3729 1914 3785 hoc
1960 3739 2079 3799 est,

500 3824 717 3893 intelligi
743 3823 928 3889 Filius,
958 3822 1059 3877 nisi
1097 3822 1151 3876 in
1178 3820 1292 3892 ipso
1318 3821 1637 3891 intelligatur
1663 3830 1716 3876 et
1745 3822 1900 3877 Pater
1928 3839 1942 3886 ;
1970 3822 2084 3890 ipse

500 3894 647 3972 enim
684 3915 843 3981 dicit,
895 3913 994 3979 Qui
1047 3929 1126 3966 me
1147 3913 1303 3977 vidit,
1357 3912 1478 3966 vidit
1530 3921 1577 3966 et
1629 3912 1835 3967 Patrem
1879 3913 2078 3982 (Jaan.

504 4021 613 4069 xxv,
646 4005 701 4075 9)
736 4021 749 4057 :
784 4005 861 4058 sic
888 4018 995 4057 non
1024 4011 1197 4071 potest
1223 4002 1325 4056 coli
1353 4002 1536 4068 Filius,
1555 4003 1661 4057 nisi
1698 4005 1750 4058 in
1773 4019 1836 4081 eo
1873 4005 2080 4059 colatur

502 4107 559 4154 et
592 4097 766 4151 Pater.
810 4095 877 4149 Et
914 4094 1034 4149 ideo
1059 4093 1105 4148 si
1130 4104 1373 4149 creatura
1403 4093 1570 4149 Filius
1600 4102 1771 4161 esset,
1805 4111 1911 4151 non
1939 4096 2081 4151 cole-

507 4197 656 4245 retur
690 4188 806 4243 sine
850 4185 1102 4242 Creatore
1124 4225 1139 4250 ,
1188 4198 1362 4254 neque
1390 4184 1770 4240 damnarentur
1796 4190 1886 4257 qui
1932 4203 2080 4243 crea-

501 4289 674 4334 turam
720 4277 897 4348 potius
922 4290 1078 4346 quam
1125 4273 1428 4330 Creatorem
1473 4274 1769 4329 coluerunt.
1816 4277 2080 4346 Perspicis

504 4371 684 4440 itaque
700 4369 807 4440 jam
833 4409 848 4437 ,
879 4376 940 4423 ut
977 4368 1226 4431 arbitror,
1252 4380 1360 4420 non
1390 4364 1482 4419 tibi
1508 4379 1801 4436 congruere
1842 4376 1899 4420 ut
1935 4368 2078 4423 dicas

498 4464 911 4536 primogenitum
950 4460 1323 4533 secretissima;
1383 4467 1541 4529 atque
1580 4459 1861 4514 ineffabilis
1910 4460 2078 4529 maje-

497 4557 652 4614 statis
672 4598 689 4624 ,
720 4564 775 4611 et
800 4555 1035 4610 omnium
1081 4553 1339 4609 luminum
1365 4566 1543 4623 regem
1564 4550 1743 4605 Jesum
1767 4550 2037 4606 Christum
2058 4591 2076 4619 ,

502 4648 605 4703 nisi
634 4645 957 4701 manichaeus
985 4659 1106 4700 esse
1131 4643 1397 4699 destiteris
1418 4683 1433 4707 ,
1464 4650 1521 4696 ut
1541 4650 1836 4697 creaturam
1861 4656 1890 4696 a
1917 4641 2078 4698 Crea-

502 4746 617 4793 tore
655 4737 954 4801 discernas;
1005 4742 1063 4789 ut
1090 4734 1244 4788 Jesus
1281 4732 1523 4787 Christus
1563 4740 1617 4787 et
1666 4732 1961 4801 unigenitus
2009 4732 2078 4786 sit

498 4828 789 4885 secundum
809 4826 863 4882 id
886 4826 1027 4897 quod
1069 4824 1296 4881 Verbum
1324 4824 1418 4878 Dei
1447 4831 1531 4877 est
1549 4863 1564 4889 ,
1594 4823 1730 4877 Deus
1750 4822 1887 4891 apud
1908 4823 2074 4877 Deum

505 4920 525 4993 (
551 4919 637 4974 Id.
666 4936 703 4985 ι,
729 4920 752 4974 1
776 4918 795 4989 )
836 4919 1036 4988 pariter
1063 4912 1506 4970 incommutabilis
1528 4922 1580 4968 et
1604 4913 1800 4983 pariter
1819 4921 2073 4979 aeternus,

499 5028 604 5067 non
632 5010 869 5081 rapinam
905 5007 1171 5062 arbitrans
1212 5019 1329 5059 esse
1365 5004 1580 5074 aequalis
1634 5004 1744 5059 Deo
1799 5002 2073 5076 (Philipp.

498 5123 555 5173 ιι,
584 5107 694 5176 6);
738 5113 793 5159 et
818 5101 1202 5172 primogenitus
1235 5097 1407 5152 onmis
1448 5108 1707 5151 creaturae
1730 5137 1746 5163 ,
1785 5097 2074 5153 secundum

499 5198 552 5255 id
578 5197 717 5269 quod
768 5197 818 5250 in
846 5195 962 5264 ipso
1003 5192 1216 5249 condita
1246 5198 1366 5244 sunt
1394 5190 1570 5244 omnia
1596 5231 1611 5256 ,
1642 5191 1693 5243 in
1724 5190 1872 5245 caelis
1920 5198 1973 5245 et
2021 5191 2075 5245 in

503 5299 678 5356 terra,
738 5287 966 5343 visibilia
1017 5294 1069 5341 et
1096 5283 1396 5337 invisibilia.
1467 5281 1725 5351 Agnoscis
1773 5281 1911 5336 enim
1948 5322 1963 5349 ,
2017 5289 2077 5337 ut

563 5446 580 5477 ί
620 5451 683 5494 Ita
699 5444 1004 5494 carnotensis
1057 5450 1135 5491 Ms.
1164 5448 1219 5491 At
1237 5439 1371 5501 editi,
1390 5438 1477 5489 hac
1508 5451 1633 5489 nunc
1651 5437 1945 5502 spiritualius
1966 5451 2074 5489 sen-

498 5507 713 5557 tiendum
743 5513 829 5557 est.

570 5570 591 5633 ξ
630 5576 772 5633 vetns
790 5568 945 5633 codex
965 5566 1289 5633 _Carno_tensi_s,
1307 5563 1469 5614 illasve
1492 5562 1827 5633 conversiones.

568 5632 589 5697 ξ
621 5631 755 5697 aliti,
776 5642 863 5678 nec
886 5628 975 5697 sibi
991 5642 1090 5678 esse
1110 5624 1760 5697 inferiorem,_sedwqualem_
1770 5623 2074 5697 ejusdemque

502 5684 795 5744 substantiae.
842 5692 1008 5739 verior
1043 5684 1229 5742 veteris
1266 5684 1441 5742 codicis
1487 5684 1796 5739 Carnotensis’
1831 5684 1974 5739 lectio

499 5767 590 5819 per
614 5767 702 5807 nos
723 5754 965 5805 restituta.

1339 297 1609 358 CONTRA
1644 291 2083 354 SECUNDINUM
2117 289 2567 370 MANICILEUM,
2607 300 2664 359 S.
2703 302 3069 364 AUGUSTINI

3682 320 3800 379 584

2214 446 2425 501 opinor,
2478 437 2639 494 verba
2690 440 2930 509 Apostoli
2972 442 3039 497 ad
3075 442 3417 505 Colossenses
3466 450 3702 522 (Coloss.
3747 473 3798 523 ι,

2211 526 2299 593 is,
2332 527 2457 597 to).

2277 618 2505 675 CAPUT
2552 621 2687 691 VIII.
2715 654 2786 665 —
2808 624 3144 698 Quapropter
3168 645 3291 686 cum
3330 632 3423 689 abs
3471 643 3522 691 te
3567 652 3747 708 quaero
3781 683 3800 707 ,

2206 708 2349 766 unde
2374 711 2442 766 sit
2472 713 2607 769 facta
2638 716 2884 773 universa
2914 729 3157 775 creatura
3183 764 3198 789 ,
3231 725 3475 793 quamvis
3502 727 3554 785 ia
3581 743 3678 783 suo
3702 746 3802 801 ge-

2206 816 2334 857 nere
2372 803 2547 871 bona,
2595 805 2850 863 Creatore
2894 818 3072 866 tamen
3102 812 3341 883 inferior,
3383 825 3542 887 atque
3572 820 3662 875 illo
3708 823 3804 876 in-

2205 898 2567 953 commutabili
2595 911 2939 969 permanente
2967 903 3080 974 ipsa
3110 907 3397 975 mutabilis;
3427 925 3531 965 non
3554 911 3829 971 invenies

2207 988 2333 1059 quid
2366 991 2723 1059 respondeas,
2769 994 2869 1049 nisi
2897 994 2962 1050 de
2990 996 3161 1052 nihilo
3188 999 3376 1054 factam
3406 1016 3526 1058 esse
3555 996 3833 1061 fatearis.‘

2206 1078 2275 1132 Et
2316 1080 2436 1135 ideo
2474 1090 2651 1151 potest
2701 1099 2923 1155 vergere
2968 1087 3034 1142 ad
3073 1088 3329 1157 nihilum,
3370 1093 3583 1162 quando
3606 1108 3800 1164 peccat

2205 1167 2293 1223 illa
2320 1179 2560 1226 creatura
2586 1214 2599 1239 ,
2636 1181 2692 1228 et
2717 1176 2892 1243 portio
2922 1191 3041 1245 qum
3070 1187 3245 1247 potest
3286 1196 3509 1250 peccare
3528 1226 3543 1251 ,
3574 1200 3683 1240 non
3734 1196 3804 1242 ut

2204 1260 2334 1315 nihil
2365 1262 2472 1328 sit,
2527 1263 2620 1318 sed
2662 1273 2719 1319 ut
2747 1266 2922 1322 minus
2953 1270 3129 1339 vigeat
3156 1313 3169 1337 ,
3200 1273 3482 1345 minusque
3514 1276 3664 1331 firma
3696 1279 3792 1334 sit.

2203 1351 2336 1406 Nam
2365 1353 2539 1409 minus
2587 1355 2764 1425 vigere
2788 1366 2843 1413 et
2871 1359 3047 1416 minus
3076 1363 3257 1419 valere
3277 1406 3292 1429 ,
3330 1367 3375 1419 si
3418 1368 3635 1422 omnino
3665 1384 3799 1438 per-

2203 1446 2365 1501 ducas
2387 1447 2453 1502 ad
2483 1448 2726 1503 ultimum
2747 1491 2761 1517 ,
2794 1463 3035 1508 remanet
3058 1454 3210 1508 nihil.
3244 1458 3422 1528 Diligit
3450 1475 3577 1530 ergo
3602 1472 3800 1531 sponte

2203 1540 2490 1595 vanitatem
2516 1583 2530 1607 ,
2555 1557 2674 1596 cum
2696 1541 2907 1599 deserta
2935 1545 3203 1603 soliditate
3230 1551 3467 1607 veritatis
3507 1554 3798 1625 opinabilia

2204 1630 2461 1701 sequitur,
2490 1632 2544 1687 id
2574 1642 2655 1688 est
2680 1676 2695 1702 ,
2725 1634 3021 1691 mutabilia.
3051 1639 3184 1693 Cum
3214 1650 3389 1696 autem
3422 1644 3543 1699 inde
3568 1647 3797 1704 meritas

2202 1739 2389 1795 pmnas
2415 1726 2512 1780 luit
2531 1768 2545 1792 ,
2573 1727 2850 1797 subjicitur
2877 1744 2982 1783 non
3004 1742 3194 1800 sponte
3223 1735 3461 1800 vanitati,
3493 1737 3631 1793 sicut
3659 1742 3793 1796 sub-

2197 1816 2337 1886 jecta
2366 1827 2456 1872 est
2480 1817 2531 1872 in
2590 1820 2803 1875 homine
2848 1830 3124 1891 peccante.
3174 1824 3310 1879 Hinc
3348 1829 3493 1884 enim
3530 1830 3605 1883 ait
3640 1832 3787 1900 Apo—

2201 1908 2390 1975 stolus,
2412 1907 2588 1963 Omnis
2616 1921 2845 1965 creatura
2882 1914 3090 1993 vanitati
3126 1916 3349 1987 subjecta
3370 1929 3462 1986 est,
3488 1936 3589 1975 non
3613 1933 3795 1993 sponte

2201 2000 2222 2073 (
2248 2001 2398 2056 Rom.
2427 2018 2539 2069 vm,
2569 2003 2678 2074 20)
2713 2022 2727 2058 :
2764 2006 2887 2075 quia
2914 1991 3042 2061 etin
3070 2007 3287 2064 homine
3313 2013 3487 2067 omnis
3516 2022 3618 2068 est.
3640 1991 3795 2071 inest

2200 2092 2397 2162 quippe
2422 2093 2625 2149 homini
2649 2104 2702 2151 et
2731 2096 3000 2153 invisibile
3026 2099 3158 2169 quid
3189 2102 3480 2157 secundum
3524 2105 3786 2173 animum,

2199 2193 2253 2240 et
2278 2187 2484 2242 visibile
2521 2188 2815 2243 secundum
2856 2204 3049 2260 corpus
3078 2209 3090 2245 :
3121 2194 3296 2248 omnis
3341 2206 3519 2251 autem
3539 2208 3785 2253 creatura

2198 2279 2395 2348 partim
2435 2288 2517 2334 est
2539 2278 2792 2347 visibilis,
2845 2283 3037 2352 partim
3066 2285 3348 2341 invisibilis
3393 2304 3405 2340 :
3459 2304 3560 2344 nec
3604 2299 3786 2346 tamen

2198 2370 2371 2424 omnis
2409 2370 2462 2425 in
2493 2385 2720 2442 pecore,
2762 2374 2848 2428 cui
2889 2390 3043 2430 mens
3085 2377 3457 2435 intellectualis
3479 2396 3585 2436 non
3615 2383 3779 2439 inest.

2196 2459 2253 2514 In
2280 2476 2428 2531 spem
2479 2478 2607 2518 sane
2635 2464 2929 2534 subjectam
2957 2481 3078 2522 esse
3106 2468 3272 2538 dicit,
3309 2481 3529 2541 propter
3568 2474 3785 2530 miscri-

2197 2552 2431 2607 cordiam
2476 2555 2747 2612 liberantis
2780 2573 2875 2628 per
2912 2561 3281 2617 remissionem
3326 2578 3665 2634 peccatorum
3722 2579 3777 2625 et

2195 2644 2532 2714 adeptionem
2553 2650 2759 2718 gratiae.
2791 2650 2870 2705 Tu
2896 2667 3024 2706 vero
3051 2653 3097 2707 si
3124 2652 3280 2709 fateri
3304 2657 3541 2715 nolueris
3568 2676 3599 2714 a
3625 2662 3782 2719 Patre

2194 2750 2291 2805 per
2318 2736 2507 2792 Filium
2540 2739 2592 2793 in
2618 2740 2852 2797 bonitate
2874 2742 3103 2812 Spiritus
3132 2748 3333 2812 sancti,
3377 2764 3496 2819 quae
3542 2751 3780 2808 Trinitas

2194 2830 2663 2887 consubstantialis
2688 2842 2743 2888 et
2766 2844 2963 2891 aeterna
2995 2846 3048 2892 et
3074 2838 3523 2897 incommutabilis
3566 2857 3780 2916 semper

2192 2931 2401 2987 manet,
2449 2923 2514 2977 de
2554 2924 2721 2978 nihilo
2774 2925 2967 2982 factam
3024 2944 3143 2984 esse
3207 2942 3544 3003 creaturam,
3577 2936 3777 2992 bonam

2194 3010 2427 3080 quidem,
2447 3012 2539 3067 sed
2557 3022 2730 3069 tamen
2745 3016 3001 3085 imparem
3014 3018 3253 3076 Creatori
3268 3031 3425 3093 atque
3440 3026 3773 3095 mutabilem;

2191 3103 2397 3170 cogeris
2424 3104 2602 3173 utique
2622 3106 2896 3178 sacrilegia
2925 3108 3123 3177 dicere,
3152 3119 3209 3166 ut
3239 3113 3435 3184 aliquid
3463 3113 3604 3172 Deus
3628 3118 3697 3174 de
3718 3134 3777 3175 se

2191 3191 2307 3261 ipso
2334 3197 2576 3263 genuerit
2612 3198 2753 3267 quod
2781 3214 2887 3254 non
2913 3201 2983 3255 sit
3026 3203 3230 3272 aequale
3250 3205 3518 3275 gignenti,
3552 3217 3608 3263 et
3648 3224 3775 3279 pos-

2190 3286 2259 3340 sit
2288 3287 2475 3357 subjici
2506 3290 2745 3346 vanitati.
2779 3293 2885 3347 Aut
2908 3295 2951 3347 si
2975 3296 3178 3366 aequale
3199 3297 3417 3365 dixeris,
3440 3301 3541 3355 erit
3568 3309 3777 3358 utrum-

2190 3391 2295 3447 que
2328 3380 2601 3436 mutabile.
2631 3384 2759 3449 Quae
2787 3385 2960 3455 major
3004 3386 3283 3457 impietas,
3320 3405 3480 3459 quam
3532 3392 3629 3447 ista
3659 3408 3777 3451 cre—

2189 3468 2315 3523 dere
2344 3484 2407 3525 ac
2450 3470 2628 3527 dicere
2670 3482 2725 3528 et
2767 3476 2923 3531 malle
2952 3492 3204 3545 perversa
3229 3480 3479 3551 opinione
3506 3482 3676 3539 Deum
3720 3484 3776 3540 in

2188 3560 2451 3626 deterius,
2482 3577 2642 3632 quam
2681 3575 2917 3620 correcta
2960 3568 3167 3623 ratione
3199 3585 3257 3624 se
3288 3572 3460 3640 ipsum
3500 3573 3554 3627 in
3583 3573 3774 3629 melius

2187 3654 2550 3709 commutare?
2597 3655 2653 3709 Si
2704 3664 2878 3712 autem
2933 3659 3169 3715 timueris
3230 3660 3410 3717 dicere
3456 3664 3767 3720 mutabilem

2187 3744 2379 3811 Deum,
2401 3745 2522 3814 quia
2548 3759 2732 3801 revera
2752 3761 2941 3817 magna
2967 3758 3048 3804 est
3067 3758 3120 3805 et
3139 3752 3473 3821 apertissima
3499 3755 3769 3825 impietas;

2187 3834 2382 3891 dixeris
2424 3837 2581 3890 etiam
2623 3846 2916 3893 creaturam
2967 3854 3087 3897 esse
3132 3843 3652 3914 incommutabilem,
3706 3858 3765 3904 ut

2188 3940 2306 3980 eam
2359 3941 2542 3996 parem
2594 3927 2755 3983 facias
2787 3929 3063 3998 Creatori,
3111 3941 3166 3987 et
3228 3934 3384 3990 unius
3428 3936 3774 4008 ejusdemque

2186 4016 2494 4073 substantize
2525 4035 2538 4072 :
2561 4034 2745 4074 rursus
2761 4020 2854 4076 tibi
2874 4030 2961 4077 tua
2979 4023 3200 4092 epistola
3223 4027 3586 4095 respondebit.
3616 4028 3769 4085 Unde

2185 4108 2327 4163 enim
2357 4118 2438 4164 est
2466 4110 2642 4164 anima
2666 4110 2751 4165 illa
2769 4151 2785 4177 ,
2815 4126 2975 4183 quam
3003 4114 3157 4183 ponis
3180 4116 3235 4169 in
3254 4117 3432 4173 medio
3459 4118 3769 4187 spirituum,

2185 4199 2268 4252 cui
2300 4218 2331 4252 a
2356 4201 2607 4271 principio
2636 4201 2769 4256 dicis
2798 4212 3032 4259 naturam
3088 4222 3232 4260 suam
3261 4207 3457 4263 dedisse
3488 4210 3772 4278 victoriam;

2184 4291 2340 4360 eique
2363 4292 2535 4361 legem
2573 4293 3041 4365 conditionemque
3089 4300 3363 4369 proponis,
3409 4301 3531 4370 quia
3581 4303 3625 4356 si
3666 4320 3773 4357 una

2183 4396 2300 4434 cum
2327 4382 2507 4452 spiritu
2534 4384 2771 4438 virtutum
2798 4386 2999 4456 fecerit,
3031 4388 3226 4443 habebit
3249 4406 3364 4444 cum
3385 4407 3440 4444 eo
3469 4393 3621 4447 vitam
3648 4411 3771 4464 per-

2184 4482 2384 4543 petuam
2402 4515 2418 4541 ,
2448 4474 2671 4548 illudque
2698 4478 2967 4547 possidebit
3012 4495 3222 4550 regnum
3263 4481 3333 4534 ad
3360 4484 3493 4551 quod
3520 4482 3772 4539 Dominus

2183 4558 2349 4619 noster
2395 4566 2608 4631 invitat;
2657 4568 2701 4621 si
2754 4584 2871 4622 vero
2917 4568 2980 4621 ab
3031 4570 3214 4639 spiritu
3265 4571 3498 4625 vitiorum
3549 4574 3771 4643 incipiat

2184 4658 2345 4722 trahi,
2373 4673 2433 4711 ac
2460 4666 2569 4726 post
2615 4674 2910 4713 consensum
2950 4660 3310 4729 pomitudinem
3349 4672 3522 4733 gerat,
3570 4665 3772 4718 habebit

2183 4750 2364 4802 harum
2413 4750 2638 4803 sordium
2682 4750 3006 4821 indulgentia:
3030 4754 3234 4828 fontem.
3269 4752 3361 4807 His
3389 4762 3535 4809 certe
3588 4756 3770 4809 verbis

2183 4856 2249 4895 ex
2277 4840 2498 4909 epistola
2524 4848 2612 4894 tua
2657 4842 2973 4911 recognitis,
3007 4843 3167 4897 simul
3201 4843 3359 4897 etiam
3392 4848 3732 4915 recognoscis
3752 4890 3766 4911 ,

2183 4932 2492 4987 mutabilem
2522 4941 2572 4986 te
2592 4932 2782 4986 animae
2808 4933 3149 4990 constituisse
3172 4944 3437 4991 naturam.
3466 4938 3770 5007 Aliquando

2182 5023 2322 5077 enim
2350 5022 2650 5077 consentire
2678 5022 2885 5091 spiritui
2916 5022 3160 5078 vitiorum
3182 5065 3199 5093 ,
3228 5039 3289 5079 ac
3319 5040 3503 5082 rursus
3531 5030 3769 5097 paenitu—

2180 5115 2356 5169 dinem
2387 5129 2603 5185 gerere,
2635 5114 2762 5184 quid
2790 5122 2874 5170 est
2896 5115 3039 5169 aliud
3064 5132 3223 5185 quam
3267 5133 3408 5173 nunc
3448 5120 3499 5172 in
3533 5119 3723 5173 melius
3749 5161 3767 5187 ,

2181 5222 2320 5262 nunc
2346 5207 2399 5260 in
2424 5206 2658 5261 deterius
2683 5206 3040 5261 commutari?
3072 5208 3138 5261 Et
3184 5208 3286 5263 hoc
3338 5218 3391 5264 te
3441 5209 3768 5266 manifestis-

2180 5299 2313 5353 sima
2341 5297 2537 5352 veritas
2564 5298 2817 5366 compulit
2845 5297 3042 5353 dicere.
3073 5298 3187 5367 Ipsa
3228 5300 3369 5354 enim
3411 5304 3586 5355 anima
3632 5310 3722 5357 tua
3746 5345 3763 5371 ,

2180 5390 2224 5444 si
2250 5378 2584 5443 dissimulare
2631 5388 2796 5443 velles
2824 5391 2864 5454 ¹,
2896 5399 3109 5458 urgeret
3137 5400 3188 5445 te
3217 5392 3496 5447 attendere
3525 5394 3762 5449 mutabi-

2180 5479 2381 5534 litatem
2411 5494 2559 5533 suam
2578 5519 2593 5546 ,
2622 5487 2677 5534 et
2705 5479 2862 5534 toties
2890 5496 2959 5535 ex
2986 5497 3090 5551 quo
3130 5492 3283 5537 natus
3324 5498 3381 5539 cs
3403 5526 3416 5550 ,
3463 5499 3559 5554 per
3588 5487 3764 5540 varias

2179 5572 2509 5636 voluntates,
2577 5570 2843 5629 doctrinas
2903 5572 3228 5641 obliviones,
3276 5574 3765 5645 consensionesque

2244 5688 2262 5717 ι
2295 5685 2369 5733 Sic
2391 5686 2439 5733 in
2463 5685 2623 5733 veteri
2644 5683 2829 5737 codice.
2854 5690 2911 5735 At
2931 5685 2981 5735 in
3006 5687 3216 5749 excusis,
3234 5685 3327 5740 nisi
3342 5685 3650 5740 dissimulare
3666 5686 3760 5737 vel-

2179 5748 2266 5800 les.
2291 5749 2442 5799 Minus
2458 5754 2613 5798 recte.
