4094 6434
257 643 465 697 mutata
487 675 503 704 ,
536 633 687 692 testis
714 633 814 692 sibi
839 632 1023 704 ﬁeret,
1047 642 1111 692 ac
1134 628 1278 704 nulla
1303 633 1632 705 extrinsecus
1668 632 1839 690 docu-

257 735 442 786 menta
468 727 798 799 qureritaret.

328 819 559 877 CAPUT
597 819 692 876 IX.
715 849 789 861 —
813 817 922 876 Nisi
959 817 1097 876 forte
1125 818 1229 876 hoc
1272 827 1323 875 te
1366 817 1604 890 adjuvari
1645 825 1800 889 putas
1823 856 1842 886 ,

189 956 194 960 .
258 920 316 967 ut
344 912 497 968 dicas
545 910 1034 968 incommutabilem
1071 925 1190 966 esse
1214 911 1478 976 animam,
1539 909 1660 980 quia
1711 907 1842 964 sub-

256 1005 482 1077 junxisti
513 1004 697 1061 dicens
728 1021 744 1059 :
771 1004 894 1060 Non
927 1005 1059 1060 enim
1087 1004 1294 1076 propria
1321 1003 1574 1058 voluntate
1602 1001 1844 1072 peccavit,

262 1099 352 1153 sed
397 1097 604 1152 alterius
647 1098 830 1164 ductu;
869 1097 1037 1152 carnis
1065 1097 1196 1150 enim
1233 1095 1586 1151 commistione
1625 1093 1841 1156 ducitur,

263 1208 364 1244 non
396 1191 607 1261 propria
643 1189 914 1245 voluntate.
949 1188 1008 1244 In
1053 1203 1158 1260 qua
1183 1187 1444 1243 sententia
1474 1191 1612 1242 torte
1637 1184 1740 1241 hoc
1767 1183 1848 1238 vis

263 1278 528 1352 intelligi:
547 1293 606 1339 ut
637 1283 844 1340 scilicet
880 1283 1056 1338 anima
1109 1283 1162 1338 in
1188 1291 1376 1340 natura
1404 1294 1616 1351 propria
1642 1287 1714 1335 stt
1759 1278 1846 1332 in-

263 1373 696 1442 commutabilis,
730 1375 783 1429 in
803 1374 1023 1430 alterius
1067 1387 1198 1430 vero
1224 1381 1427 1428 natura:
1471 1364 1851 1428 commixtione

265 1465 544 1520 mutabilis
575 1482 588 1518 :
619 1465 773 1536 quasi
798 1479 926 1520 vero
949 1472 1217 1535 quaeratur
1259 1479 1356 1520 cur
1404 1462 1476 1518 ita
1507 1463 1614 1530 sit,
1645 1470 1702 1517 et
1743 1473 1851 1514 non

266 1559 390 1629 quia
422 1560 494 1613 ita
522 1566 625 1614 est.
654 1557 772 1613 Iam
802 1558 904 1614 hoc
925 1557 1085 1613 modo
1109 1557 1270 1612 etiam
1299 1555 1540 1612 Hectoris
1565 1561 1620 1609 et
1648 1552 1848 1622 Ajacis,

267 1649 376 1705 imo
434 1664 565 1706 vero
604 1659 916 1708 cunctorum
970 1648 1246 1704 hominum
1297 1657 1454 1718 atque
1500 1644 1852 1700 animantium

266 1755 495 1811 corpora
527 1740 931 1797 invulnerabilia
972 1739 1297 1804 dicerentur,
1329 1737 1374 1794 si
1399 1736 1609 1792 abesset
1637 1735 1773 1790 ictus
1800 1742 1854 1791 et

266 1845 427 1887 casus
446 1873 463 1899 ,
494 1831 686 1903 quibus
712 1832 790 1888 eis
833 1831 1028 1887 vulnus
1051 1830 1219 1901 possit
1243 1827 1428 1899 inﬁigi.
1459 1826 1566 1883 Sed
1603 1825 1853 1882 nimirum

269 1933 557 1994 prepterea
584 1923 750 1979 solius
790 1921 1011 1978 Achillis
1062 1937 1253 1992 corpus
1278 1962 1296 1990 ,
1343 1921 1456 1976 sive
1505 1919 1715 1989 poetico
1762 1917 1856 1988 lig-

270 2021 455 2069 mento
475 2055 492 2081 ,
522 2013 635 2070 sive
662 2013 837 2084 aliqua
863 2012 1156 2070 occultiore
1183 2013 1234 2067 vi
1260 2025 1440 2066 rerum
1471 2007 1856 2065 invulnerabile

277 2103 479 2160 dictum
507 2114 591 2160 est
618 2106 662 2173 ‘,
691 2104 832 2176 quod
862 2105 1022 2160 etiam
1063 2104 1164 2159 tela
1188 2118 1310 2158 cum
1360 2102 1665 2173 ingruerent
1687 2141 1703 2168 ,
1749 2114 1854 2154 non

273 2196 658 2266 penetrabatur
689 2214 704 2251 :
733 2203 788 2252 et
810 2210 875 2251 ex
905 2211 1009 2267 qua
1053 2205 1204 2266 parte
1235 2194 1503 2266 penetrari
1548 2193 1757 2266 potuit,
1789 2207 1858 2248 ex

272 2287 373 2342 bac
401 2289 588 2358 utique
621 2288 1008 2344 invulnerabile
1038 2303 1144 2344 non
1175 2287 1291 2343 fuit.
1322 2287 1412 2344 Sic
1439 2285 1614 2343 anima
1640 2287 1684 2342 si
1714 2294 1859 2342 esset

274 2379 726 2435 incommutabilis
752 2421 768 2447 ,
796 2379 874 2434 ita
897 2379 1093 2434 nullius
1117 2379 1196 2435 rei
1242 2379 1592 2449 permixtione
1619 2393 1861 2434 commu-

275 2479 500 2540 tarctnr,
527 2472 663 2528 sicut
698 2487 890 2542 corpus
927 2472 1068 2543 quod
1094 2480 1176 2529 est
1212 2471 1592 2528 invulnerabile
1615 2513 1630 2540 ,
1658 2471 1860 2527 nullius

276 2564 352 2618 rei
381 2575 634 2620 contactu
657 2573 749 2620 aut
778 2565 976 2635 impetu
1005 2564 1337 2620 vulneratur.
1387 2565 1570 2636 Itaque
1611 2564 1861 2635 nosquia

275 2655 371 2713 Dei
400 2657 636 2713 Verbum
677 2657 1147 2714 incontaminabile
1191 2658 1448 2728 dicimus,
1498 2658 1659 2715 etiam
1697 2672 1860 2714 carne

275 2752 488 2805 mortali
516 2761 570 2806 et
598 2750 914 2808 vulnerabili
944 2759 1216 2822 assumpta
1237 2793 1254 2820 ,
1285 2760 1344 2808 ut
1391 2765 1490 2807 nos
1537 2759 1592 2808 et
1633 2758 1861 2806 mortem

276 2854 332 2902 et
356 2844 612 2915 qumlibet
640 2843 974 2900 incommoda
993 2844 1235 2914 corporis
1257 2851 1600 2900 contemnere
1622 2841 1860 2910 doceret,

278 2945 462 2992 natum
489 2935 557 2992 dc
584 2935 788 3007 virgine
813 2935 1035 2991 credere
1063 2950 1168 2991 non
1201 2935 1451 2991 timemus
1493 2953 1507 2991 :
1549 2949 1648 2990 vos
1685 2942 1866 2990 autem

277 3031 399 3102 quia
447 3029 612 3100 impia
651 3029 996 3100 perversitate
1037 3027 1504 3084 contamiuabilem
1548 3026 1739 3082 Filium
1768 3023 1866 3082 Dei

279 3123 496 3179 creditis
517 3163 534 3189 ,
563 3123 710 3179 carni
739 3136 861 3178 eum
891 3119 1200 3193 permittere
1223 3119 1522 3176 formidatis
1551 3135 1566 3185 ;
1597 3119 1750 3189 cujus
1777 3127 1863 3174 ta-
1898 3125 1902 3128 '

282 3229 404 3269 men
426 3215 780 3270 substantiam
809 3213 1000 3269 animae
1027 3221 1272 3268 naturam
1293 3214 1315 3246 ²
1357 3226 1478 3268 esse
1504 3211 1863 3282 perhibentes,

283 3307 354 3362 ita
379 3307 728 3363 commixtum
750 3307 897 3362 carni
917 3305 1236 3364 asseveratis
1251 3346 1266 3371 ,
1287 3313 1346 3360 ut
1367 3305 1527 3360 etiam
1554 3304 1605 3360 in
1633 3303 1868 3360 deterius

282 3408 665 3457 commutatum
695 3413 799 3456 non
825 3398 1078 3456 dubitetis
1105 3396 1338 3470 opinari.
1365 3397 1515 3469 Elige
1543 3396 1702 3468 igitur
1739 3395 1869 3467 quid

283 3490 446 3546 velis:
471 3502 648 3546 utrum
663 3491 831 3548 Deum
855 3491 1286 3548 commutabilem
1312 3489 1491 3547 dicere
1511 3489 1598 3545 vel
1623 3489 1864 3555 credere,

283 3593 339 3639 ut
365 3583 434 3641 de
459 3585 852 3643 commutabilis
895 3585 1072 3642 Patris
1099 3584 1396 3642 substantia
1433 3581 1868 3640 commutabilem

285 3679 490 3748 prolem
527 3681 764 3751 genitam
791 3695 913 3736 esse
935 3679 1135 3751 pariter
1162 3678 1394 3744 eredas;
1432 3693 1551 3749 quae
1575 3684 1773 3748 quanta
1800 3675 1871 3730 sit

286 3767 559 3840 impietas,
590 3771 827 3842 profecto
855 3773 1020 3828 sentis
1049 3787 1065 3826 :
1093 3786 1162 3826 an
1183 3769 1670 3828 incommutabilem
1700 3769 1868 3824 Deum

288 3860 494 3928 dicere,
526 3863 622 3917 sed
651 3871 829 3918 tamen
853 3864 920 3918 de
945 3863 1239 3920 substantia
1264 3877 1360 3919 sua
1389 3861 1591 3933 prolem
1620 3860 1871 3933 genuisse

286 3952 637 4020 mutabilem;
667 3953 808 4023 quod
833 3951 1176 4009 nihilominus
1203 3953 1352 4009 vides
1377 3967 1538 4024 quam
1567 3951 1728 4022 impie
1771 3951 1870 4006 ab-

287 4044 560 4114 surdeque
585 4043 789 4100 dicatur
811 4062 825 4099 :
848 4059 914 4098 an
940 4059 1069 4101 vero
1098 4044 1169 4101 ita
1193 4045 1358 4100 Deum
1385 4041 1871 4099 incommutabilem

288 4137 563 4193 conﬁteris
588 4178 603 4204 ,
633 4138 878 4193 utetiam
906 4137 1051 4208 quod
1094 4137 1162 4194 de
1189 4137 1480 4194 substantia
1509 4152 1606 4193 sua
1649 4136 1869 4208 genuit,

289 4229 567 4301 aequaliter
600 4245 709 4286 non
761 4239 1018 4298 mutetur,
1049 4232 1356 4304 pariterque
1392 4231 1462 4287 sit
1493 4245 1764 4288 summum
1808 4245 1874 4288 ac

291 4323 788 4392 prtestantissimum
817 4323 1014 4380 bonum
1035 4364 1052 4390 ,
1082 4324 1362 4396 ipsumque
1391 4339 1600 4382 summe
1638 4339 1760 4380 esse
1805 4323 1874 4380 ad

292 4415 538 4471 eumdem
568 4415 784 4472 modum
834 4415 1210 4487 permansione
1260 4417 1551 4473 inviolabili
1595 4416 1870 4483 obtineat;

295 4509 482 4554 cazlcra
513 4516 642 4554 Vero
694 4507 943 4564 inferiora
971 4509 1108 4565 bona
1127 4549 1143 4576 ,
1178 4521 1338 4580 quam
1385 4518 1686 4565 creaturam
1712 4522 1874 4564 voca-

296 4607 442 4657 mus,
473 4606 584 4646 non
611 4589 679 4646 de
705 4590 820 4661 ipso
842 4632 858 4658 ,
890 4606 1013 4645 nam
1050 4607 1229 4648 essent
1269 4600 1526 4666 aequalia;
1576 4598 1672 4655 sed
1697 4606 1874 4654 tamen

299 4687 414 4755 quia
440 4685 579 4741 bona
603 4727 620 4753 ,
652 4684 786 4756 ipse;
815 4685 938 4754 quia
965 4698 1073 4739 non
1101 4682 1346 4754 aequalia,
1369 4683 1436 4738 de
1455 4681 1624 4738 nihilo
1649 4681 1874 4740 fecerit:

300 4775 435 4845 quod
460 4776 506 4831 si
533 4776 708 4831 credis
727 4815 744 4843 ,
775 4775 968 4846 impius
996 4790 1103 4833 non
1130 4775 1237 4831 eris
1260 4815 1276 4844 ,
1307 4783 1363 4830 et
1388 4773 1717 4832 Oblivisceris
1740 4775 1876 4833 Per-

301 4881 382 4923 sas
398 4909 413 4934 ,
440 4875 496 4923 et
524 4877 704 4924 noeter
727 4867 854 4924 eris.

365 4958 594 5016 CAPUT
632 4957 701 5014 X.
745 4989 816 5000 —
861 4959 930 5014 At
979 4959 1121 5016 enim
1164 4959 1239 5015 ait
1286 4959 1612 5032 Apostolus,
1644 4959 1770 5017 Non
1805 4967 1882 5017 est

307 5051 439 5105 nobis
484 5052 772 5106 colluctatio
814 5051 1054 5108 adversus
1098 5068 1302 5106 carnem
1345 5062 1392 5107 et
1433 5053 1766 5125 sanguinem,
1793 5052 1882 5108 sed

306 5143 542 5198 adversus
591 5143 900 5212 principatus
942 5151 989 5198 et
1038 5153 1302 5215 potestates
1354 5143 1585 5216 (Epltes.
1617 5161 1709 5213 vr,
1741 5145 1881 5217 12),

307 5237 392 5306 qui
417 5234 438 5266 ³
464 5234 535 5289 ad
582 5249 820 5290 amorem
870 5234 1070 5304 proprii
1101 5235 1268 5290 {astus
1294 5243 1350 5290 et
1374 5235 1591 5292 honoris
1615 5237 1884 5292 voluntate

309 5329 465 5400 impia
488 5327 830 5396 declinando,
857 5327 1050 5384 animis
1074 5327 1176 5398 piis
1203 5327 1434 5384 reditum
1461 5329 1749 5384 invideant.
1776 5328 1884 5386 Sed

309 5418 407 5477 hoc
432 5424 658 5477 interest
685 5420 824 5476 inter
847 5428 1078 5476 vestram
1109 5419 1416 5489 Opinionem
1457 5428 1513 5475 et
1552 5429 1788 5476 nostram
1815 5420 1883 5474 ﬁ-

309 5511 450 5583 dem,
475 5512 604 5585 quia
628 5526 724 5569 vos
749 5510 969 5568 eosdem
995 5509 1262 5581 principes
1289 5524 1356 5566 ex
1393 5525 1491 5567 sua
1515 5512 1730 5583 propria
1756 5525 1888 5582 qua-

318 5603 436 5661 dam
464 5614 654 5661 natura
692 5593 947 5672 exertos,
990 5616 1149 5674 quam
1193 5602 1334 5657 Deus
1380 5617 1479 5658 nec
1518 5601 1760 5673 genuerit
1787 5616 1889 5658 nec

371 5743 389 5773 ί
424 5748 493 5791 tta
507 5740 996 5792 codexcarnotensis.
1036 5745 1092 5790 At
1124 5738 1259 5800 editi,
1277 5736 1527 5791 occultiori
1562 5745 1614 5790 ut
1652 5738 1703 5792 in
1725 5753 1891 5793 rerum

312 5809 484 5852 natura
499 5802 839 5854 invulnerabile
861 5801 1044 5853 dictum
1065 5807 1153 5853 est.

376 5865 395 5893 ³
431 5875 530 5914 Am.
557 5874 608 5916 et
634 5866 943 5915 Carnotensis
962 5871 1065 5926 Ms.,
1089 5863 1229 5927 cujus
1249 5869 1408 5916 tamen
1429 5864 1688 5919 substantia
1710 5863 1760 5918 in
1787 5865 1893 5920 atti-

316 5935 409 5975 true
429 5933 653 5976 naturam
667 5940 787 5985 8888,
813 5935 907 5977 etc.

379 5988 399 6022 ι
428 5989 501 6040 sic
524 5989 658 6039 editi.
680 5997 734 6039 Al.
763 5995 892 6050 Mss,
913 6001 1039 6052 qua.

591 6073 818 6137 διδοῖ.
865 6075 1142 6136 Aucnsr.
1172 6073 1340 6137 VIII.

1638 516 1841 578 LIBER
1876 507 2079 577 UNUS.
2421 528 2434 535 ·’
2506 529 2516 545 ο
2634 550 2643 566 ί
2683 527 2688 536 '
2724 523 2757 554 ’π

1949 627 2172 698 fecerit,
2203 630 2298 688 sed
2347 631 2593 689 habuerit
2639 640 2837 694 aeterna
2878 636 3150 698 vicinitate
3175 642 3475 716 contiguam
3505 687 3525 716 ,

1949 721 2205 779 adversus
2246 723 2412 780 Deum
2449 725 2790 798 belligerasse
2817 728 3180 802 arbitramini,
3208 735 3363 806 eique
3390 737 3532 794 intu-

1954 815 2078 872 lisse
2120 824 2244 872 ante
2287 818 2304 848 ¹
2351 819 2782 876 commixtionem
2827 821 2954 878 boni
3001 832 3057 880 et
3095 826 3240 881 mali.
3281 827 3530 899 Magnum

1951 907 2126 977 primo
2155 909 2487 964 necessitatis
2539 911 2770 982 malum,
2823 913 2966 984 quod
3018 914 3123 971 illis
3179 917 3530 976 substantiam

1955 1013 2105 1055 suam
2129 999 2466 1072 alﬁigendam
2493 1003 3009 1077 perturbandamque
3032 1049 3047 1074 ,
3074 1009 3128 1063 in
3171 1024 3352 1066 errore
3377 1026 3525 1067 com~

1954 1090 2260 1145 mutandam
2299 1101 2458 1162 atque
2483 1091 2749 1150 oblivione
2777 1095 2859 1150 sui
2885 1097 3093 1165 penitus
3117 1098 3532 1168 demergcndam

1953 1184 2302 1240 commiscere
2349 1195 2660 1255 cogeretur,
2708 1196 2768 1242 ut
2814 1188 3137 1259 liberatore,
3189 1204 3532 1260 correctore,

1955 1275 2318 1344 emendatore,
2348 1288 2672 1349 praeceptore
2697 1279 2974 1351 indigeret.
3003 1283 3152 1350 Quod
3179 1287 3352 1340 cernis
3373 1302 3533 1356 quam

1956 1368 2117 1422 stulte
2147 1368 2488 1439 labuloseque
2520 1370 2724 1426 dicatur
2745 1412 2760 1439 ,
2791 1381 2989 1443 quanto
3015 1375 3218 1432 scelere
3247 1377 3534 1448 impietatis

1957 1459 2270 1530 obstringat.
2310 1461 2472 1516 Nobis
2499 1471 2676 1520 autem
2719 1480 2814 1533 per
2841 1464 3180 1522 christianum
3225 1469 3381 1529 ﬁdem
3413 1486 3537 1542 per-

1957 1566 2170 1608 suasum
2210 1561 2322 1620 est,
2359 1571 2464 1610 non
2508 1570 2630 1614 esse
2675 1558 3000 1613 contrarium
3047 1559 3155 1615 Deo
3195 1561 3284 1631 qui
3322 1577 3537 1621 summe

1958 1651 2041 1698 est
2060 1685 2076 1712 ,
2108 1646 2207 1700 nisi
2239 1647 2379 1717 quod
2406 1648 2623 1703 omnino
2651 1663 2758 1705 non
2803 1658 2883 1706 est
2912 1667 2926 1704 :
2957 1650 3208 1722 quidquid
3238 1664 3412 1710 autem
3439 1655 3539 1711 ali-

1959 1751 2064 1807 quo
2083 1738 2242 1793 modo
2261 1747 2362 1805 est,
2386 1740 2454 1796 ab
2478 1741 2569 1795 illo
2589 1742 2678 1812 qui
2705 1756 2911 1799 summe
2929 1751 3013 1799 est
3032 1743 3228 1800 habere
3249 1755 3306 1804 ut
3325 1762 3539 1819 quoquo

1959 1829 2120 1884 modo
2144 1830 2247 1898 sit,
2277 1839 2434 1901 atque
2479 1832 2531 1886 in
2559 1846 2656 1888 suo
2680 1848 2876 1904 genere
2903 1833 3101 1890 bonum
3131 1851 3283 1903 esse;
3315 1838 3408 1895 sed
3437 1839 3540 1894 alia

1959 1920 2129 1991 magis
2153 1936 2293 1988 esse,
2323 1923 2424 1978 alia
2453 1922 2628 1980 minus
2661 1941 2674 1978 :
2707 1933 2864 1996 atque
2893 1927 2966 1981 ita
2993 1929 3169 1982 omnia
3197 1928 3333 1986 bona
3361 1946 3480 2001 quae
3509 1945 3542 1985 a

1960 2011 2238 2068 conditore
2269 2013 2379 2068 Deo
2408 2013 2544 2069 facta
2566 2025 2735 2082 sunt,
2767 2018 2927 2073 certis
2955 2033 3016 2072 ac
3042 2019 3335 2076 distributis
3359 2022 3540 2092 gradi-

1959 2101 2060 2158 bus
2084 2103 2322 2159 ordinata
2367 2107 2557 2174 partim
2587 2107 2826 2163 locorum
2866 2109 3161 2166 intervallis
3189 2127 3252 2168 ac
3276 2113 3497 2168 sedibus
3521 2152 3539 2178 ,

1962 2194 2100 2251 sicut
2128 2197 2303 2252 omnia
2353 2199 2682 2269 corporalia;
2719 2202 2908 2270 partim
2939 2204 3143 2260 meritis
3173 2206 3498 2262 naturalibus
3521 2247 3540 2275 ,

1961 2287 2097 2342 sicut
2123 2289 2298 2343 anima
2324 2291 2649 2360 prteponitur
2672 2294 2920 2363 corpori;
2954 2297 3144 2364 partim
3169 2298 3374 2352 meritis
3402 2313 3544 2368 prae-

1963 2379 2191 2434 miorum
2217 2389 2376 2450 atque
2417 2395 2726 2452 poenarum,
2761 2385 2897 2439 sicut
2941 2386 3116 2442 anima
3157 2387 3244 2443 vel
3289 2388 3547 2446 attollitur

1964 2469 2031 2526 ad
2056 2471 2286 2542 quietem
2310 2513 2326 2540 ,
2357 2473 2438 2528 vel
2482 2473 2752 2530 doloribus
2792 2476 3053 2533 subditur.
3099 2479 3178 2534 Ac
3222 2495 3315 2549 per
3341 2479 3443 2536 hoc
3469 2479 3548 2535 illi

1965 2563 2250 2634 principes,
2303 2573 2487 2620 contra
2531 2580 2666 2636 quos
2720 2565 2918 2623 habere
2969 2583 3067 2624 nos
3116 2569 3544 2626 colluctationem

1966 2651 2095 2707 dicit
2124 2652 2412 2722 Apostolus
2435 2696 2450 2721 ,
2492 2669 2703 2725 poenam
2737 2667 3076 2726 peccatorum
3101 2674 3315 2716 suorum
3341 2662 3548 2731 priores

1965 2746 2239 2816 patiuntur
2264 2758 2321 2802 ut
2344 2757 2588 2804 noceant.
2621 2748 2808 2806 Nullus
2833 2752 2973 2806 enim
3005 2751 3211 2808 invidus
3239 2763 3298 2808 ut
3321 2754 3550 2810 alterum

1968 2837 2146 2906 laedat,
2172 2854 2280 2894 non
2304 2838 2404 2896 sibi
2430 2839 2577 2911 prior
2601 2841 2716 2911 ipse
2741 2849 3008 2898 tormento
3026 2838 3126 2900 est.
3150 2844 3355 2901 Nocent
3373 2855 3552 2902 autem

1968 2929 2356 2988 inﬁrmioribus
2384 2931 2628 2989 fortiores
2660 2951 2674 2988 :
2706 2949 2828 2988 nam
2855 2935 3031 2991 nullus
3058 2936 3286 2994 alterum
3313 2947 3549 3008 superat,

1970 3022 2074 3079 nisi
2093 3038 2198 3094 quo
2214 3033 2296 3080 est
2321 3023 2584 3094 potentior
2607 3041 2620 3078 :
2645 3025 2738 3080 sed
2763 3034 2939 3082 tamen
2965 3028 3066 3099 ipsi
3091 3029 3408 3086 inﬁrmiores
3427 3039 3552 3088 sunt

1969 3114 2236 3185 principes
2261 3115 2426 3186 iniqui
2464 3116 2516 3172 in
2564 3117 2812 3187 prtesenti
2839 3120 2893 3184 ',
2922 3134 3079 3190 quam
3118 3121 3163 3176 si
3192 3123 3245 3176 in
3273 3132 3414 3179 statu
3438 3124 3553 3194 pri-

1971 3211 2114 3262 stlno
2139 3215 2297 3278 atque
2315 3207 2517 3277 justitia
2542 3218 2935 3278 permanerent.
2964 3211 3190 3268 Interest
3215 3223 3390 3270 autem
3413 3216 3557 3273 unde

1971 3297 2041 3353 sit
2065 3298 2289 3369 quisque
2314 3299 2420 3354 alio
2447 3298 2671 3366 fortior;
2714 3311 2888 3356 utrum
2917 3317 3142 3373 corpore
3164 3347 3180 3374 ,
3211 3315 3269 3360 ut
3305 3308 3428 3376 equi
3455 3309 3553 3362 ho-

1973 3389 2236 3456 minibus;
2269 3404 2337 3444 an
2364 3390 2555 3445 animae
2597 3399 2783 3445 natura
2807 3431 2822 3457 ,
2854 3400 2914 3447 ut
2941 3393 3197 3450 rationale
3223 3397 3553 3464 irrationali;

1973 3495 2041 3536 an
2067 3480 2349 3537 aﬁ‘ectione
2377 3482 2560 3548 animi,
2591 3491 2651 3537 ut
2676 3484 2946 3541 virtuosus
2974 3486 3170 3557 injusto
3191 3487 3240 3555 ³;
3273 3503 3339 3543 an
3369 3489 3556 3546 ordine

1973 3573 2270 3642 potestatis,
2284 3583 2342 3628 ut
2363 3573 2651 3644 imperator
2671 3576 2838 3633 milite
2856 3587 2946 3634 aut
2965 3580 3295 3650 provinciali.
3316 3583 3558 3640 Potestas

1974 3672 2152 3719 autem
2180 3679 2210 3718 a
2240 3679 2445 3721 summa
2476 3667 2569 3722 Dei
2611 3678 2871 3738 potestate
2899 3674 3118 3728 omnino
3140 3674 3254 3730 dari
3281 3676 3556 3743 creditur;

1973 3771 2118 3828 saepe
2136 3759 2295 3814 etiam
2308 3759 2660 3817 deterioribus
2684 3763 2737 3818 in
2768 3764 3042 3836 meliores,
3062 3767 3115 3822 id
3139 3776 3222 3825 est
3243 3810 3260 3837 ,
3289 3770 3482 3840 iniquis
3501 3771 3558 3826 in

1973 3866 2068 3907 eos
2092 3853 2182 3924 qui
2206 3852 2291 3908 vel
2305 3852 2415 3923 jam
2443 3861 2624 3911 tenent
2641 3855 2919 3927 justitiam,
2941 3859 3026 3915 vel
3045 3859 3113 3915 ad
3129 3875 3245 3916 eam
3275 3861 3558 3918 tenendam

1975 3945 2254 4015 pervenire
2270 3946 2509 4002 nituntur
2528 3964 2541 4000 :
2558 3947 2626 4003 ad
2645 3948 2748 4004 hoc
2775 3950 2919 4004 enim
2949 3950 3126 4018 datur,
3145 3960 3205 4006 ut
3232 3953 3436 4023 probati
3464 3970 3562 4024 per

1975 4037 2281 4108 patientiam
2325 4038 2592 4096 manifesti
2623 4040 2748 4095 ﬁant
2766 4039 2808 4112 (l
2834 4039 2952 4096 Cor.
2984 4058 3057 4109 xi,
3083 4042 3192 4115 19),
3226 4044 3310 4100 vel
3358 4045 3460 4102 sibi
3487 4045 3558 4101 ad

1975 4131 2234 4200 spem,vel
2251 4130 2368 4186 aliis
2384 4131 2450 4186 ad
2474 4131 2844 4188 imitationem.
2867 4133 3115 4201 Seientes,
3135 4135 3305 4206 inquit
3330 4137 3564 4207 Aposto-

1956 4300 1960 4305 _
1976 4221 2078 4290 lus,
2095 4223 2332 4292 quoniam
2349 4223 2602 4279 tribulatio
2619 4225 2911 4296 patientiam
2922 4235 3178 4297 operatur,
3197 4229 3436 4299 patientia
3450 4246 3564 4301 pro-

1979 4317 2247 4386 bationem,
2267 4319 2494 4390 probatio
2515 4335 2652 4388 spem
2679 4317 2861 4392 (Rom.
2890 4336 2942 4385 v,
2969 4320 3022 4386 5,
3046 4322 3122 4392 4).
3142 4320 3223 4376 Ex
3247 4337 3351 4393 quo
3366 4315 3564 4396 genere

1977 4409 2284 4466 certaminis
2309 4417 2391 4465 est
2411 4451 2425 4475 ,
2453 4425 2573 4465 cum
2609 4409 2771 4464 homo
2815 4409 2985 4466 ﬁdelis
3012 4411 3270 4468 adversus
3298 4413 3562 4483 principes

1979 4507 2035 4557 et
2058 4509 2347 4571 potestates
2371 4500 2836 4571 praevaricatorum
2866 4501 3192 4571 angelorum,
3224 4512 3278 4555 et
3303 4501 3564 4558 adversus

1980 4593 2275 4664 spiritualia
2321 4591 2570 4658 nequitiae
2615 4591 2962 4655 colluctatur;
3013 4603 3133 4644 cum
3179 4591 3253 4646 illi
3298 4593 3566 4664 accipiunt

1983 4678 2220 4735 tentandi
2241 4686 2556 4749 potestatem
2581 4719 2595 4744 ,
2625 4678 2714 4735 ille
2739 4689 3002 4751 praecepta
3033 4682 3291 4739 tolerandi
3323 4701 3336 4738 :
3365 4699 3431 4740 ex
3456 4699 3564 4756 quo

1983 4769 2046 4825 ﬁt
2072 4776 2130 4825 ut
2152 4769 2206 4824 in
2231 4783 2292 4824 re
2311 4767 2561 4824 inferiore
2589 4778 2862 4840 superent,
2895 4771 2950 4827 in
2979 4774 3275 4843 potentiore
3300 4789 3563 4844 superen-

1985 4870 2073 4918 tur
2102 4877 2118 4916 :
2148 4870 2401 4932 superant
2430 4862 2743 4932 plerumque
2771 4878 2966 4934 corpus
2992 4865 3274 4933 inﬁrmius,
3307 4875 3361 4922 et
3383 4875 3566 4924 mente

1986 4953 2224 5009 ﬁrmiore
2248 4963 2565 5024 superantur
2589 4953 2631 5008 ⁸.
2662 4954 2860 5012 Contra
2886 4957 2991 5011 vim
3031 4958 3226 5030 quippe
3249 4973 3434 5015 eorum
3463 4975 3562 5032 pa-

1989 5047 2170 5103 tientia
2213 5056 2510 5118 pugnatur,
2555 5057 2738 5104 contra
2781 5051 2998 5106 insidias
3043 5053 3351 5122 prudentia;
3396 5063 3456 5110 ut
3496 5055 3570 5112 ad

1989 5139 2341 5212 perniciosam
2369 5140 2778 5197 consensionem
2807 5157 2906 5197 nec
2934 5143 3172 5214 cogendo
3201 5160 3299 5200 nos
3327 5145 3566 5214 ﬂectant,

1988 5246 2091 5287 nec
2128 5229 2358 5286 fallendo
2399 5229 2684 5302 decipiant.
2715 5233 2975 5299 Quoniam
3005 5249 3132 5290 vere
3161 5237 3325 5292 virtus
3354 5238 3376 5270 ⁵
3400 5249 3452 5294 et
3478 5253 3568 5293 sa-

1990 5322 2189 5394 pientia
2220 5321 2311 5376 Dei
2356 5329 2437 5377 est
2460 5363 2474 5387 ,
2505 5338 2600 5392 per
2644 5339 2800 5394 quam
2845 5323 2982 5379 facta
3027 5335 3151 5381 sunt
3190 5329 3364 5383 omnia
3395 5347 3408 5396 ;
3440 5345 3572 5399 pro-

2057 5431 2488 5545 ἒῡῖῠὲἰιὲἓῧῗιηξιὶεεε
2510 5439 2631 5487 arte.
2654 5437 2960 5486 Carnotensis
2979 5435 3156 5500 codex,
3176 5437 3390 5492 intulisse
3424 5445 3570 5492 tmte:

1990 5508 2434 5608 δυξρὶξιιῖξιὲῗᾱηέχ
2470 5561 2771 5610 Carnotensis
2791 5561 2986 5624 omittit,
3010 5561 3061 5614 in
3083 5567 3326 5635 prwsettti.

2057 5621 2078 5653 8
2111 5619 2239 5653 Mam
2256 5619 2409 5653 Mylan
2428 5622 2727 5653 ropnnloncic
2768 5627 2819 5653 ul
2848 5621 3000 5653 ειη-ο...
3021 5623 3197 5653 δοιοαιροη

2057 5621 2078 5653 ³
2110 5619 2242 5670 Idem
2256 5619 2410 5670 codex
2428 5622 2745 5682 Carnotensis,
2768 5627 2819 5672 ut
2837 5619 3000 5684 justus
3021 5619 3212 5688 iniusto.

2054 5681 2094 5759 ἒ,
2109 5682 2244 5759 mili.
2259 5687 2881 5759 Eli-._.9t.EQY;z_§#P¢tW
2916 5685 3194 5759 ρίςηίηιηυε
3228 5701 3403 5753 corpus
3436 5685 3578 5759 inti?

1995 5741 2138 5814 iuius,
2160 5749 2205 5792 et
2229 5748 2413 5814 tenente
2429 5740 2646 5807 ﬁrmiOre
2660 5740 2934 5810 superaturi
2959 5740 3258 5814 castigantur
3279 5740 3376 5813 ohe
3397 5740 3575 5805 codicis

1996 5813 2628 5944 Quoniamiure
2646 5866 2809 5944 virtus,
2828 5879 2943 5934 etc.,
2963 5873 3202 5944 pauloque
3218 5877 3342 5944 post,
3357 5875 3575 5944 pr_opter-

1999 5943 2058 6005 e_a
2399 5926 2659 6005 quai'facta
2681 5926 2806 6005 sunt,
2848 5926 3249 6005 cunt'superiord,
3285 5926 3381 5985 etc.
3403 5926 3578 5986 limem

2005 5995 2179 6046 dantur
2202 5991 2268 6043 ex
2292 5991 2466 6046 eodem
2487 5991 2764 6048 Carnotensi
2784 5991 2968 6047 Codice.

2875 6079 3282 6172 (Dim-near.)
