4028 6494
509 660 697 720 pterea
726 649 777 703 in
805 647 887 702 his
915 656 1031 716 quae
1050 642 1194 698 facta
1223 650 1363 705 sunt,
1394 640 1515 695 cu'm
1546 638 1821 713 superiora
1851 640 1917 693 ad
1952 639 2090 694 infc-

504 746 653 803 riora
676 741 960 805 declinant,
985 736 1073 791 ubi
1093 745 1171 790 est
1196 749 1354 788 omne
1385 744 1656 803 peccatum
1681 742 1736 787 et
1764 748 1921 787 omne
1951 732 2090 801 quod

508 837 706 892 dicitur
718 830 936 895 malum,
952 829 1031 882 vis
1053 827 1288 881 imitatur
1306 825 1574 881 virtutem.
1590 835 1643 878 et
1656 824 1859 877 fallacia
1875 824 2087 894 sapien-

514 930 640 983 tiam
672 944 685 981 :
715 941 835 982 cum
863 937 991 977 vero
1016 935 1078 975 ea
1108 935 1224 989 quae
1254 918 1650 974 declinaverant
1693 927 2002 981 recurrunt,
2036 925 2089 971 et

511 1021 755 1083 redeunt,
787 1013 1192 1085 magnanimitas
1218 1012 1488 1076 virtutem,
1507 1010 1743 1066 doctrina
1775 1010 2085 1079 sapientiam

511 1110 767 1165 imitatur.
798 1107 975 1175 Ipsum
1004 1105 1164 1159 etiam
1204 1105 1374 1159 Deum
1424 1103 1634 1157 Patrem
1665 1108 1945 1171 peccantes
1972 1100 2088 1154 imi-

510 1210 689 1255 tantur
716 1200 875 1268 impia
905 1197 1172 1267 superbia,
1200 1196 1325 1265 justi
1357 1196 1440 1264 pia
1470 1194 1802 1250 liberalitate.
1828 1192 2083 1263 Spiritum

505 1293 736 1362 denique
761 1298 1002 1346 sanctum
1028 1290 1328 1359 iniquorum
1352 1287 1633 1357 cupiditas,
1663 1295 1928 1341 rectorum
1956 1285 2086 1340 cha-

506 1385 942 1441 ritas/imitatur:
976 1382 1184 1451 utrique
1228 1389 1402 1435 tamen
1448 1379 1514 1434 ab
1560 1378 1853 1432 imitatione
1900 1376 2027 1441 Dei,
2056 1391 2086 1429 a

502 1495 614 1549 quo
642 1488 695 1534 et
722 1492 815 1549 per
839 1490 996 1545 quem
1022 1482 1077 1530 et
1114 1476 1165 1527 in
1211 1487 1315 1543 quo
1344 1480 1548 1526 natura:
1577 1471 1703 1539 ipste
1742 1470 1894 1524 factae
1923 1478 2044 1523 sunt
2069 1510 2083 1536 ,

505 1571 761 1628 recedere
786 1612 799 1633 ,
832 1568 926 1624 sed
955 1568 1028 1623 illi
1074 1566 1259 1621 vitiosa
1283 1606 1299 1631 ,
1332 1565 1409 1619 illi
1459 1564 1724 1618 laudabili.
1757 1563 1865 1617 Nec
1893 1562 2085 1616 mirum

426 1728 427 1731 η
504 1665 552 1723 si
579 1662 789 1734 quando
818 1659 1152 1730 proﬁcientes
1175 1656 1591 1724 deﬁcientesque
1620 1653 1930 1724 confligunt,
1960 1653 2083 1707 imi-

507 1758 637 1811 tatio
664 1752 1018 1808 deficientium
1050 1766 1079 1804 a
1112 1747 1498 1818 proficientium
1544 1745 1837 1799 imitatione
1864 1759 2087 1813 supera-

506 1856 594 1904 tur
626 1866 639 1902 :
672 1846 743 1901 illi
774 1845 911 1899 enim
958 1841 1189 1898 elatione
1218 1838 1632 1910 praecipitantur,
1666 1836 1751 1891 isti
1794 1835 2089 1890 humilitate

506 1946 855 2007 consurgunt.

585 2029 641 2084 Si
662 2038 838 2083 autem
860 2032 1037 2080 movet
1060 2038 1153 2078 cur
1177 2030 1355 2077 mente
1370 2020 1959 2076 fortioresinﬁrmiores
1984 2020 2090 2073 sint

505 2133 761 2189 corpore;
794 2132 899 2172 non
944 2125 1025 2170 est
1071 2114 1261 2168 mirum
1288 2154 1303 2179 ,
1332 2121 1390 2167 ut
1415 2122 1749 2182 peccatorum
1779 2112 2089 2165 remissione

504 2210 751 2279 liberati,
783 2207 1103 2262 mortalitate
1129 2205 1369 2273 corporis
1399 2212 1777 2267 exerceantur,
1809 2204 1961 2269 cujus
1987 2204 2087 2256 im-

502 2302 823 2359 mortalitate
843 2299 1260 2355 coronabuntur.
1290 2296 1406 2351 Non
1427 2297 1569 2351 enim
1592 2296 1744 2350 facile
1769 2296 2084 2365 supplicium

504 2395 801 2458 devitatur,
837 2394 937 2447 nisi
985 2392 1073 2447 ille
1094 2390 1181 2461 qui
1226 2405 1291 2444 eo
1334 2390 1614 2454 solvitur‘,
1648 2390 1849 2443 meritis
1883 2389 2086 2442 vicerit.

506 2488 658 2547 Unde
683 2487 967 2557 Apostolus
1002 2504 1013 2539 :
1044 2484 1104 2540 Si
1149 2492 1314 2536 autem
1362 2482 1587 2536 Christus
1615 2482 1669 2534 in
1710 2482 1844 2535 vobis
1870 2522 1881 2543 ,
1910 2498 2091 2547 corpus

503 2579 704 2649 quidem
732 2588 979 2633 mortuum
1017 2585 1087 2630 est
1127 2584 1331 2645 propter
1367 2582 1623 2644 peccatum
1647 2614 1660 2635 ,
1691 2574 1896 2641 spiritus
1926 2584 2092 2625 autent

504 2673 606 2727 vita
645 2680 713 2743 est
742 2679 946 2741 propter
979 2668 1244 2735 iustitiam.
1286 2666 1347 2721 Si
1389 2675 1553 2719 autem
1581 2665 1806 2734 Spiritus
1836 2666 1944 2734 ejus
1964 2707 1977 2730 ,
2008 2665 2091 2733 qui

414 2784 417 2785 '
506 2762 757 2820 suscitavit
775 2760 951 2816 Jesum
967 2759 1216 2813 Christum
1232 2774 1293 2811 ea:
1312 2758 1540 2823 mortuis,
1563 2756 1751 2809 habitat
1769 2757 1821 2809 in
1838 2756 1993 2818 vobis;
2007 2755 2090 2825 qui

511 2851 955 2909 suscitavitJesum
973 2848 1224 2905 Christum
1246 2864 1308 2902 e1:
1336 2847 1566 2914 mortuis,
1595 2847 1860 2915 viviﬁcabit
1888 2855 1932 2900 et
1950 2862 2087 2899 mor-

510 2944 636 3009 talia
665 2960 879 3015 corpora
902 2951 1064 2997 vestra
1107 2958 1195 3010 per
1236 2938 1596 2993 inhabitantem
1638 2937 1886 3008 Spiritum
1907 2938 2016 3007 ejus
2036 2938 2090 2990 in

506 3035 641 3091 vobis
686 3033 870 3105 (Rom.
897 3047 990 3089 vui
1013 3073 1029 3100 ,
1059 3030 1158 3095 10,
1189 3032 1247 3085 ll
1273 3030 1314 3099 ).
1357 3029 1579 3084 Animus
1626 3029 1785 3099 igitur
1813 3028 2087 3083 mortalem

510 3134 720 3199 propter
741 3123 1053 3194 supplicium
1078 3122 1279 3192 peccati
1306 3135 1519 3175 carnem
1545 3136 1756 3192 gerens,
1780 3121 1823 3175 si
1850 3135 2089 3174 commu-

508 3229 646 3275 tatus
694 3219 746 3274 in
788 3217 1018 3282 melius,
1065 3229 1174 3271 non
1215 3212 1505 3269 secundum
1550 3213 1829 3268 mortalem
1872 3227 2085 3267 carnem

505 3312 737 3377 vixerit;
769 3318 823 3367 et
848 3310 1016 3380 ipsam
1048 3310 1100 3363 in
1139 3306 1330 3362 melius
1354 3315 1640 3360 commutat
1666 3347 1681 3371 ,
1710 3314 1764 3360 et
1788 3306 2088 3361 immortale

504 3417 701 3474 corpus
725 3401 923 3458 habere
964 3399 1252 3456 merebitur
1283 3416 1296 3453 :
1324 3398 1418 3453 sed
1461 3398 1562 3452 hoc
1603 3398 1655 3452 in
1683 3397 1787 3451 ﬁne
1811 3439 1825 3464 ,
1858 3412 1961 3467 quo
1988 3412 2088 3451 no-

502 3497 721 3554 vissima
766 3493 978 3550 inimica
1023 3492 1327 3548 destruetur
1369 3505 1513 3545 mors
1538 3531 1553 3557 ,
1585 3504 1704 3544 cum
1744 3488 2087 3559 corruptibile

503 3590 609 3651 hoc
628 3589 861 3646 induerit
884 3586 1332 3656 incorruptionem
1367 3602 1380 3637 :
1412 3598 1515 3637 non
1546 3581 1786 3638 fabuloso
1818 3582 1909 3636 illo
1928 3584 2086 3653 globo

502 3692 717 3747 vestro;
748 3680 842 3738 sed
868 3695 931 3738 ea
958 3678 1250 3734 mutatione
1277 3676 1342 3731 de
1378 3692 1480 3747 qua
1509 3669 1668 3741 dicit,
1700 3674 1885 3729 Omnes
1914 3691 2085 3727 resur-

501 3792 694 3847 gemus,
714 3774 801 3829 sed
821 3790 923 3828 non
944 3788 1113 3829 omnes
1133 3770 1531 3825 immutabimur.
1555 3768 1682 3823 Cum
1706 3769 1845 3822 enim
1868 3784 2085 3838 expres-

502 3866 661 3923 sisset
685 3865 899 3931 dicens,
930 3862 998 3917 Et
1041 3862 1228 3918 mortui
1271 3871 1529 3932 resurgant
1574 3862 1887 3931 incorrupti,
1921 3870 1966 3915 et
1996 3878 2086 3915 nos

503 3957 878 4011 immutabimur
903 3972 920 4019 ;
949 3964 1075 4010 tunc
1102 3953 1435 4009 contexendo
1479 3952 1767 4021 subjunxit,
1799 3952 2085 4009 ostendens

503 4048 713 4117 qualem
743 4046 943 4101 diceret
981 4045 1400 4099 immutationem
1427 4085 1439 4107 ,
1470 4052 1523 4097 et
1551 4044 1624 4097 ait
1657 4061 1669 4096 :
1703 4043 1908 4113 Oportet
1954 4045 2086 4098 enim

503 4136 826 4208 corruptibile
849 4138 943 4190 hoc
967 4135 1175 4189 induere
1196 4135 1645 4203 incorruptionem,
1678 4144 1721 4186 et
1751 4135 1962 4188 mortale
1990 4134 2085 4187 hoc

501 4231 709 4287 induere
733 4227 1176 4282 immortalitatem.
1207 4225 1564 4290 Quaestionem
1611 4226 1802 4295 quippe
1828 4226 2085 4281 tractabat

502 4322 570 4378 de
598 4336 821 4391 corpore
863 4318 1249 4386 resurgentium
1275 4356 1290 4382 ,
1332 4332 1489 4385 quam
1534 4316 1611 4371 sic
1650 4324 1900 4385 posuerat
1931 4333 1944 4369 :
1980 4317 2085 4371 Sed

504 4413 633 4467 dicet
660 4411 839 4482 aliquis
862 4451 876 4475 ,
913 4408 1178 4475 Quomodo
1224 4417 1482 4479 resurgent
1522 4407 1742 4462 mortui?
1782 4424 1880 4478 quo
1916 4419 2086 4462 autem

504 4518 713 4571 corpore
733 4502 923 4555 venient
955 4500 1006 4571 (l
1032 4499 1150 4557 Cor.
1178 4516 1269 4567 xv,
1297 4499 1389 4566 26,
1423 4501 1512 4568 51,
1542 4501 1631 4564 5‘2,
1661 4500 1750 4565 55,
1779 4500 1919 4571 55)?
1945 4500 2085 4571 Lege

466 4594 683 4661 itaque
713 4597 876 4644 totum
926 4587 1097 4656 ipsum
1144 4590 1319 4641 locum
1366 4590 1451 4655 pia
1500 4605 1626 4645 cura
1675 4591 1945 4657 intentus,
1979 4606 2084 4646 non

503 4683 762 4758 pertinaci
811 4681 1151 4738 contentione
1198 4678 1475 4742 turbatus,
1518 4688 1572 4733 et
1622 4678 1887 4746 ingenium
1935 4686 2081 4731 tuum

505 4781 616 4836 Deo
660 4776 977 4847 adiuvante,
1008 4772 1157 4829 nullo
1197 4770 1539 4841 explanatorc
1586 4769 1883 4824 desiderato
1906 4809 1921 4835 ,
1953 4769 2083 4822 nihil

501 4871 645 4929 aliud
673 4885 829 4941 quam
869 4868 921 4923 id
964 4866 1103 4936 quod
1144 4865 1264 4920 dico
1293 4863 1526 4933 reperies
1555 4879 1568 4916 :
1598 4871 1651 4917 et
1695 4873 1817 4916 tunc
1843 4861 1911 4915 ad
1932 4862 2083 4917 -illud

501 4965 642 5037 quod
674 4970 899 5019 tractare
927 4960 1325 5016 institueramus
1355 4956 1589 5010 animum
1631 4969 1818 5009 revoca
1841 4996 1855 5021 ,
1884 4963 1936 5009 et
1962 4953 2083 5009 vide

497 5058 629 5128 jam,
662 5057 707 5112 si
736 5063 889 5126 potes
912 5094 926 5118 ,
956 5066 1060 5108 non
1090 5050 1192 5105 hoc
1216 5064 1302 5103 me
1332 5048 1509 5102 dicere
1535 5090 1548 5113 ,
1580 5047 1718 5118 quod
1741 5047 1867 5117 justi
1899 5056 2081 5102 contra

504 5149 635 5204 nihil
662 5155 915 5218 pugnant,
938 5142 1030 5201 sed
1057 5152 1241 5198 contra
1268 5156 1359 5196 eas
1382 5140 1706 5196 substantias
1730 5156 1847 5211 quae
1869 5140 2082 5196 defece-

503 5246 632 5294 runt
660 5252 763 5291 non
792 5234 981 5291 stando
1006 5234 1058 5287 in
1081 5231 1319 5287 veritate.

575 5325 803 5384 CAPUT
830 5324 921 5381 XI.
947 5353 1020 5365 —
1046 5323 1283 5379 Deﬁcere
1320 5331 1498 5379 autem
1528 5336 1633 5378 non
1660 5322 1767 5393 jam
1798 5323 1929 5377 nihil
1958 5331 2040 5378 est
2062 5363 2078 5390 ,

504 5420 601 5477 sed
628 5420 694 5475 ad
736 5418 960 5474 nihilum
1001 5416 1239 5473 tendere.
1291 5415 1426 5472 Cum
1468 5417 1612 5472 enim
1652 5433 1714 5472 ea
1760 5432 1876 5487 quae
1914 5419 2082 5487 magis

504 5519 669 5577 sunt,
702 5509 968 5565 declinant
1012 5507 1078 5563 ad
1109 5524 1171 5563 ea
1201 5523 1319 5579 quae
1363 5507 1537 5562 minus
1578 5518 1736 5571 sunt,
1770 5523 1875 5562 non
1904 5509 1989 5562 illa
2030 5510 2081 5562 in

505 5618 623 5676 qua:
652 5600 954 5666 declinant,
987 5598 1081 5654 sed
1125 5598 1214 5653 illa
1254 5614 1372 5672 quae
1398 5598 1668 5654 declinant
1709 5598 1998 5665 deﬁciunt,
2030 5608 2084 5654 et

503 5694 680 5751 minus
706 5707 827 5748 esse
856 5693 1113 5761 incipiunt
1150 5707 1306 5762 quam
1338 5701 1491 5747 erant
1520 5710 1531 5744 :
1564 5708 1670 5746 non
1698 5691 1908 5761 quidem
1940 5702 1991 5744 ut
2022 5708 2083 5746 ea

505 5787 612 5841 sint
630 5787 695 5839 ad
715 5801 831 5854 qua:
857 5784 1271 5849 declinaverunt,
1301 5784 1391 5839 sed
1422 5800 1521 5855 pro
1549 5800 1644 5839 suo
1664 5800 1859 5854 genere
1888 5785 2080 5838 minus.

523 5916 527 5923 '
571 5919 587 5949 ί
624 5926 673 5982 tn
687 5920 898 5982 excusis,
924 5916 1008 5982 qui
1026 5931 1104 5969 eos
1126 5916 1292 5982 solvit;
1316 5917 1492 5982 melius
1506 5918 1553 5982 in
1568 5920 1842 5982 Carnotensi
1883 5926 1981 5982 Ms.,
2003 5917 2086 5982 qui

504 5990 560 6037 eo
582 5978 792 6032 solvitur.
816 5978 984 6032 PoStea
1006 5979 1446 6045 autemlegendum
1468 5979 1674 6041 videtur,
1698 5980 1868 6033 melius
1891 5978 2083 6037 riserit.

1264 526 1535 585 CONTRA
1572 524 2002 585 SECUNDINUM
2041 522 2493 599 MANlClLEUM,
2550 534 2607 590 S.
2649 528 3014 593 AUGUSTINI

3675 545 3782 603 588

2195 642 2310 697 Non
2350 644 2490 697 enim
2522 660 2641 699 cum
2686 646 2895 701 animus
2944 647 3009 701 ad
3056 661 3247 717 corpus
3276 637 3547 719 declinat,
3580 666 3782 725 corpus

2194 736 2454 803 efficitur;
2486 739 2578 793 sed
2606 747 2779 793 tamen
2806 740 3067 795 defectivo
3092 744 3328 811 appetitu
3356 746 3585 813 quodam
3614 749 3778 804 modo
3848 756 3857 809 ἰ

2192 833 2520 900 corporascit
2551 851 2563 885 :
2597 833 2667 887 ita
2698 841 2752 888 et
2772 835 3006 901 angelica
3037 836 3279 906 quaedam
3305 838 3622 908 sublimitas,
3651 857 3779 899 cum

2192 925 2361 993 magis
2376 924 2631 980 delectata
2654 935 2736 981 est
2758 942 2854 981 suo
2874 926 3146 982 dominatu
3169 928 3219 983 in
3239 943 3296 983 se
3314 930 3450 1000 ipsa,
3475 931 3541 986 ad
3564 932 3613 986 id
3630 930 3778 1003 quod

2192 1014 2367 1069 minus
2392 1022 2474 1070 est
2515 1016 2787 1071 inclinavit
2836 1017 3081 1073 affectum
3108 1062 3122 1085 ,
3168 1026 3223 1074 et
3260 1021 3434 1076 minus
3460 1037 3581 1077 esse
3609 1024 3779 1094 cmpit

2190 1118 2347 1173 quam
2362 1114 2495 1171 erat,
2512 1117 2563 1161 et
2581 1122 2676 1176 pro
2694 1122 2790 1162 suo
2806 1108 2969 1178 gradu
2985 1108 3207 1163 tetendit
3223 1109 3288 1164 ad
3304 1111 3544 1166 nihilum.
3560 1113 3776 1179 Quanto

2190 1196 2331 1249 enim
2356 1213 2577 1267 quaeque
2604 1213 2690 1253 res
2717 1200 2892 1254 minus
2920 1208 3022 1267 est,
3050 1210 3198 1255 tanto
3226 1202 3450 1258 vicinior
3470 1204 3640 1260 nihilo
3667 1215 3772 1261 est.

2190 1284 2321 1339 Cum
2353 1295 2527 1341 autem
2566 1289 2653 1342 isti
2688 1290 2922 1346 defectus
2951 1292 3252 1348 voluntarie
3296 1294 3465 1359 ﬁunt,
3498 1304 3645 1351 recte
3684 1313 3778 1352 re-

2191 1375 2631 1446 prehenduntur,
2665 1389 2718 1435 et
2764 1389 2975 1451 peccata
3024 1384 3385 1439 nominantur.
3433 1386 3565 1442 Cum
3594 1398 3777 1443 autem

2191 1480 2485 1539 sequuntur
2510 1472 2636 1528 istas
2675 1474 2994 1529 voluntarias
3037 1474 3359 1532 defectiones
3395 1478 3732 1534 incommoda
3757 1522 3775 1547 ,

2191 1561 2449 1615 molestias
2474 1603 2488 1625 ,
2520 1561 2735 1617 dolores
2760 1606 2774 1629 ,
2805 1563 3150 1621 adversitates
3170 1608 3183 1631 ,
3220 1583 3338 1637 qua:
3380 1568 3560 1623 omnia
3585 1578 3777 1624 contra

2191 1653 2514 1708 voluntatem
2559 1655 2787 1724 patimur
2820 1674 2833 1709 :
2862 1666 3006 1713 recte
3055 1659 3235 1729 utique
3276 1668 3491 1728 peccata
3518 1659 3601 1714 vel
3643 1676 3778 1731 sup—

2190 1744 2363 1815 pliciis
2395 1748 2697 1813 puniuntur,
2724 1748 2805 1803 vel
2833 1749 3303 1806 exercitationibus
3330 1750 3619 1807 diluuntur.
3643 1751 3779 1818 Qua:

2191 1838 2235 1891 si
2260 1840 2438 1893 animo
2463 1854 2653 1895 sereno
2680 1840 2871 1895 intueri
2896 1841 3062 1906 velis,
3097 1841 3339 1912 profecto
3372 1842 3585 1898 desines
3615 1857 3781 1899 accu-

2191 1943 2310 1984 sare
2342 1940 2556 1985 naturas
2582 1974 2596 1997 ,
2626 1939 2783 2001 atque
2814 1932 2954 2002 ipsas
2984 1933 3034 1986 in
3065 1933 3269 1988 crimen
3300 1947 3494 1989 vocare
3519 1934 3778 1988 substan-

2192 2021 2311 2075 tias.
2343 2022 2526 2092 Siquid
2558 2032 2731 2077 autem
2762 2023 2830 2078 de
2860 2024 2960 2081 hac
2983 2039 3041 2079 re
3066 2026 3331 2093 copiosius
3358 2024 3781 2095 explicatiusque

2193 2110 2462 2166 desideras
2486 2154 2501 2180 ,
2530 2112 2645 2184 lege
2674 2123 2782 2168 tres
2810 2114 2976 2168 libros
3004 2124 3216 2169 nostros
3242 2116 3332 2185 qui
3372 2115 3734 2169 inscribuntur
3761 2156 3775 2180 ,

2194 2204 2269 2259 De
2293 2205 2487 2259 Libero
2514 2206 2746 2260 Arbitrio
2771 2246 2786 2270 ,
2820 2221 2953 2276 quos
2996 2207 3047 2259 in
3075 2207 3363 2275 Campania
3398 2206 3545 2260 Nolm
3573 2206 3780 2275 poteris

2194 2296 2429 2351 invenire
2458 2298 2594 2367 apud
2623 2298 2905 2352 Paulinum
2931 2297 3165 2352 nobilem
3194 2298 3287 2351 Dei
3315 2296 3592 2351 famulum.

2264 2390 2489 2446 CAPUT
2524 2390 2635 2445 Xll.
2668 2422 2738 2431 —
2763 2390 2915 2445 Nunc
2938 2406 3065 2445 vero
3095 2390 3403 2445 meminisse
3434 2389 3624 2453 debeo,
3657 2388 3779 2458 epi-

2193 2483 2343 2536 stolxe
2364 2499 2450 2538 me
2473 2492 2595 2549 tum,
2618 2484 2857 2553 quamvis
2880 2484 3047 2537 multo
3068 2484 3325 2552 longiore,
3352 2492 3524 2536 tamen
3548 2480 3780 2551 epistola

2193 2576 2539 2644 respondere.
2568 2575 2691 2630 Ideo
2716 2578 2909 2646 quippe
2936 2577 2987 2630 in
3016 2576 3132 2629 aliis
3159 2591 3264 2629 non
3292 2574 3453 2641 tacui,
3487 2589 3552 2628 ne
3580 2574 3781 2642 ubique

2193 2682 2353 2737 cogar
2376 2668 2561 2722 eadem
2590 2668 2787 2723 dicere.
2822 2667 2926 2722 Sed
2974 2667 3321 2736 promiseram
3353 2681 3417 2721 ex
3449 2666 3640 2721 litteris
3671 2665 3781 2721 tuis

2195 2762 2287 2816 tibi
2317 2761 2657 2832 persuadere,
2689 2776 2846 2830 quam
2888 2761 3016 2815 falsa
3041 2760 3354 2825 credideris,
3383 2769 3436 2815 ct
3461 2774 3619 2829 quam
3644 2772 3780 2813 vera

2192 2854 2262 2910 sit
2293 2855 2414 2909 ﬁdei
2457 2854 2731 2909 catholicae
2776 2853 3019 2907 assertio.
3050 2851 3209 2907 Certe
3249 2852 3388 2906 enim
3419 2851 3593 2905 omnis
3635 2850 3783 2904 inter

2193 2961 2291 3001 nos
2320 2946 2570 3001 discretio
2612 2953 2731 3013 est,
2761 2943 2901 3015 quod
2943 2959 3040 2999 vos
3088 2944 3438 2998 substantiam
3486 2941 3780 3013 quamdam

2192 3037 2390 3091 malum
2421 3052 2539 3092 esse
2579 3036 2753 3091 dicitis
2783 3054 2796 3089 :
2828 3049 2925 3090 nos
2948 3050 3073 3090 vero
3104 3050 3209 3090 non
3254 3034 3606 3089 substantiam
3634 3076 3647 3099 ,
3682 3032 3779 3087 sed

2192 3130 2586 3185 inclinationem
2608 3130 2675 3184 ab
2695 3144 2760 3185 eo
2779 3128 2921 3200 quod
2947 3128 3114 3197 magis
3140 3136 3241 3195 est,
3265 3129 3330 3183 ad
3361 3128 3410 3182 id
3437 3126 3575 3197 quod
3598 3127 3780 3181 minus

2191 3231 2291 3287 est,
2317 3222 2513 3276 malum
2536 3237 2654 3277 esse
2676 3210 2921 3277 dicimus.
2948 3220 3084 3276 Audi
3114 3220 3273 3290 igitur
3295 3220 3521 3289 idipsum
3545 3221 3585 3271 ³.
3612 3216 3778 3271 Ponis

2191 3315 2331 3369 enim
2361 3314 2412 3367 in
2440 3313 2684 3383 epistola,
2712 3322 2766 3367 et
2795 3313 2928 3368 dicis
2956 3312 3023 3367 de
3053 3312 3249 3378 anima,
3281 3309 3421 3381 quod
3448 3309 3625 3364 carnis
3651 3323 3779 3378 per-

2192 3408 2437 3462 mistione
2462 3407 2685 3461 ducatur
2700 3407 2765 3461 ad
2789 3416 3084 3477 peccatum,
3108 3422 3213 3460 non
3234 3405 3445 3477 propria
3463 3404 3775 3459 voluntate:

2190 3508 2346 3569 atque
2374 3499 2442 3553 ibi
2470 3499 2669 3563 statim,
2691 3498 2852 3553 credo
2876 3513 2995 3553 cum
3026 3498 3257 3564 videres,
3286 3498 3330 3552 si
3355 3497 3423 3551 ita
3448 3505 3548 3561 est,
3579 3496 3779 3551 subve-

2190 3590 2440 3645 niendmn
2493 3603 2609 3644 esse
2663 3590 2730 3643 ab
2779 3590 3140 3660 omnipotente
3191 3589 3300 3643 Deo
3351 3602 3572 3658 prorsus
3626 3586 3777 3639 omni

2189 3685 2399 3746 animae,
2431 3682 2735 3751 nullamque
2760 3684 2978 3737 omnino
3004 3682 3201 3737 debere
3230 3680 3490 3745 damnari,
3519 3679 3776 3749 quoniam

2190 3788 2297 3828 non
2341 3774 2614 3828 voluntate
2656 3783 2932 3843 peccaret,
2976 3788 3078 3844 quo
3124 3772 3411 3828 constituto
3440 3778 3782 3826 everteretur

2188 3867 2450 3923 sententia
2480 3880 2637 3937 quam
2682 3866 3001 3920 Manichmus
3048 3866 3115 3920 de
3161 3864 3433 3933 suppliciis
3470 3862 3778 3915 animarum

2188 3958 2346 4013 etiam
2374 3957 2439 4011 de
2468 3958 2601 4012 lucis
2627 3966 2775 4026 parte
2799 3955 3121 4011 venientium
3150 3952 3458 4008 terribiliter
3481 3962 3773 4021 personat;

2188 4050 2591 4119 vigilantissime
2646 4048 2914 4118 subjecisti
2957 4047 3160 4110 dicens,
3195 4047 3258 4099 At
3295 4045 3359 4109 si,
3388 4062 3502 4098 cum
3529 4062 3582 4098 se
3606 4045 3778 4115 ipsam

2187 4143 2489 4213 cognoverit,
2505 4142 2777 4195 consentiat
2797 4141 2948 4207 malo,
2973 4150 3019 4193 et
3041 4155 3139 4194 non
3162 4156 3215 4193 se
3228 4147 3387 4192 armet
3410 4147 3584 4192 contra
3601 4139 3777 4191 inimi-

2187 4235 2591 4299 cum,volunlate
2629 4250 2722 4288 sua
2768 4233 3003 4303 peccavit.
3050 4232 3192 4286 Bene
3235 4231 3444 4301 quidem
3486 4229 3638 4300 quod
3668 4229 3775 4283 ali-

2188 4327 2397 4397 quando
2426 4326 2695 4381 conﬁteris
2727 4326 2841 4380 ﬁeri
2886 4340 3042 4395 posse
3082 4333 3140 4379 ut
3181 4340 3273 4378 sua
3300 4324 3572 4379 voluntate
3594 4324 3776 4377 anima

2190 4427 2369 4490 peccet
2400 4438 2412 4470 :
2442 4418 2533 4473 sed
2556 4418 2640 4472 cui
2669 4417 2878 4472 tandem
2913 4418 3052 4471 malo
3076 4416 3121 4469 si
3146 4416 3462 4483 consentiat,
3493 4415 3775 4469 voluntate

2187 4527 2282 4568 sua
2311 4512 2529 4582 peccat?
2555 4510 2616 4565 Ei
2642 4518 2788 4565 certe
2816 4509 2958 4580 quod
2984 4509 3331 4563 substantiam
3358 4508 3489 4553 dicis
3518 4514 3661 4554 esse.

2258 4606 2484 4661 CAPUT
2504 4605 2641 4659 xm,
2664 4634 2735 4646 -
2756 4606 2816 4648 At
2846 4619 2942 4663 ego
2966 4603 3073 4663 jam
3104 4592 3202 4647 tria
3227 4591 3468 4663 qutedam
3495 4592 3647 4647 video
3675 4608 3688 4646 :
3718 4604 3772 4647 tu

2187 4705 2418 4762 quoque,
2447 4696 2505 4743 ut
2549 4689 2757 4759 opinor,
2790 4700 2994 4741 mecum
3020 4685 3188 4740 vides.
3227 4684 3416 4739 Anima
3448 4684 3590 4739 enim
3632 4700 3771 4739 con-

2186 4784 2420 4839 sentiens
2446 4782 2615 4848 malo,
2647 4789 2699 4836 et
2741 4782 2909 4849 ipsum
2949 4779 3143 4834 malum
3174 4777 3257 4833 cui
3291 4779 3619 4833 consentitur
3660 4778 3774 4834 duo

2187 4883 2343 4940 sunt,
2373 4874 2528 4928 tertia
2556 4880 2638 4927 est
2680 4880 2856 4926 autem
2888 4871 2997 4940 ipsa
3037 4870 3315 4925 consensio
3341 4888 3353 4924 :
3377 4885 3481 4923 non
3527 4871 3673 4925 enim
3716 4882 3776 4926 et

2186 4966 2323 5021 hanc
2361 4982 2479 5021 esse
2520 4966 2749 5019 animam
2781 4964 2944 5028 dicis,
2976 4963 3070 5018 sed
3113 4963 3323 5018 animm.
3372 4964 3569 5019 Horum
3610 4965 3771 5032 igitur

2187 5062 2366 5127 trium,
2395 5075 2519 5115 ecce
2539 5059 2712 5113 anima
2737 5057 3024 5112 substantia
3055 5063 3171 5123 est;
3200 5057 3393 5111 malum
3419 5056 3576 5109 etiam
3610 5056 3769 5124 illud,

2186 5153 2271 5208 cui
2297 5154 2475 5206 anima
2502 5136 2883 5206 cOnsentiendo
2913 5148 3212 5210 voluntarie
3232 5154 3412 5216 peccat
3434 5187 3449 5212 ,
3480 5162 3548 5200 ex
3585 5158 3771 5205 vestra

2186 5244 2488 5316 opinatione
2516 5243 2807 5300 subStantia
2856 5249 2937 5297 est
2960 5259 2974 5294 :
2996 5256 3178 5311 quaero
3216 5241 3373 5311 igitur
3400 5242 3523 5311 quid
3552 5242 3620 5297 sit
3650 5243 3775 5313 ipsa

2186 5338 2485 5403 consensio,
2515 5345 2688 5390 utrum
2719 5335 2883 5404 ipsam
2910 5334 3255 5389 substantiam
3278 5375 3291 5399 ,
3324 5349 3390 5388 an
3429 5335 3481 5388 in
3512 5336 3776 5390 substan-

2189 5428 2256 5481 tia
2280 5441 2396 5481 esse
2419 5426 2624 5480 dicatis.
2645 5425 2701 5479 Si
2727 5425 2866 5480 enim
2893 5425 3239 5479 substantiam
3262 5439 3381 5481 esse
3405 5425 3634 5495 dixeris,
3661 5444 3776 5483 non

2185 5516 2293 5589 jam
2332 5516 2464 5571 duas
2492 5514 2811 5570 substantias
2835 5557 2848 5583 ,
2890 5514 2985 5570 sed
3022 5523 3131 5569 tres
3156 5515 3476 5585 opinaberis.
3514 5517 3596 5572 An
3640 5534 3781 5588 pro-

2194 5619 2374 5679 pterea
2420 5610 2585 5676 duas,
2626 5608 2764 5679 quod
2800 5610 2989 5663 anima:
3015 5610 3327 5675 consensio,
3372 5625 3472 5681 qua
3502 5613 3783 5667 consentit

2191 5704 2352 5770 malo,
2386 5703 2621 5773 ejusdem
2648 5702 2960 5757 substantia:
2989 5711 3071 5756 est
3098 5702 3249 5773 cujus
3274 5703 3386 5773 ipsa
3413 5703 3626 5758 anima?
3651 5704 3784 5760 iam

2190 5813 2317 5869 ergo
2343 5814 2523 5869 quacro
2547 5837 2562 5863 ,
2595 5797 2801 5852 malaue
2841 5812 2907 5851 an
2941 5797 3079 5852 bona
3122 5798 3191 5851 sit
3226 5798 3326 5853 ista
3366 5798 3674 5853 consensio.
3717 5798 3787 5853 Si

2189 5890 2328 5944 bona
2359 5898 2441 5943 est
2466 5932 2479 5955 ,
2514 5904 2617 5943 non
2648 5889 2829 5959 utique
2873 5897 3056 5957 peccat
3100 5888 3306 5956 anima,
3339 5904 3462 5946 cum
3504 5889 3788 5950 consentit

2256 5981 2272 6011 ί
2307 5980 2607 6030 Carnotensis
2628 5986 2728 6030 his;
2756 5977 2883 6031 Audi
2902 5978 3109 6045 igiturct
3128 5979 3304 6045 ipsum.

2955 6123 2997 6139 ς
