4094 6466
288 550 393 615 589

289 666 451 725 malo.
476 664 594 724 Non
614 662 785 721 solum
804 670 982 720 autem
1002 655 1196 719 veritas
1215 655 1425 723 clamat,
1449 654 1542 710 sed
1573 662 1625 709 tu
1654 667 1862 724 quoque

288 759 511 825 scribis,
539 767 663 813 tunc
699 770 819 812 eam
844 755 1111 810 voluntate
1141 764 1378 822 peccare.
1412 747 1544 802 Mala
1585 756 1665 800 est
1709 743 1866 814 igitur

289 853 390 909 ista
419 851 735 917 consensio,
767 863 829 903 ac
855 862 952 920 per
977 847 1080 903 hoc
1117 846 1275 901 etiam
1303 843 1492 899 animm
1534 839 1860 903 substantia;

290 943 335 998 si
365 950 420 997 et
447 942 639 996 anima:
664 939 952 995 substantia
977 946 1077 1004 est,
1108 946 1162 992 et
1189 947 1466 1003 utrumque
1495 947 1598 986 una
1625 931 1869 983 substan-

292 1035 386 1090 tia.
418 1032 651 1089 Videsne
679 1046 783 1102 quo
811 1037 1027 1090 coactus
1059 1042 1154 1094 es;
1187 1036 1242 1080 ut
1270 1026 1499 1080 animam
1527 1030 1580 1078 et
1609 1020 1734 1078 illud
1759 1033 1870 1074 ma-

291 1127 424 1191 lum,
475 1140 579 1180 non
621 1123 730 1194 jam
771 1138 928 1177 unam
974 1119 1321 1175 substantiam
1369 1117 1595 1180 bonam,
1648 1112 1868 1166 alteram

293 1219 511 1280 malam,
539 1215 631 1270 sed
662 1214 792 1270 duas
831 1212 994 1267 malas
1023 1225 1140 1267 esse
1172 1207 1479 1279 perhibeas?
1515 1205 1610 1260 llic
1651 1205 1872 1258 fortasse

293 1307 576 1364 conaberis
611 1304 1015 1360 consensionem
1044 1299 1360 1371 culpabilem
1394 1313 1496 1351 non
1542 1295 1730 1350 animm
1776 1292 1872 1346 tri-

295 1400 461 1460 bitere
491 1413 608 1470 qua:
633 1397 900 1453 consentit
927 1396 1086 1461 malo,
1117 1393 1207 1448 sed
1235 1393 1330 1464 ipsi
1373 1391 1525 1456 malo,
1544 1389 1628 1445 cui
1651 1402 1876 1444 consen-

296 1491 396 1553 tit;
430 1498 486 1544 ut
526 1489 626 1543 hoc
665 1487 824 1542 modo
850 1487 1050 1556 possint
1097 1499 1217 1540 esse
1255 1485 1372 1538 dua:
1402 1480 1742 1547 substantia),
1771 1493 1875 1532 una

295 1581 459 1648 bona,
490 1581 658 1635 altera
686 1579 822 1634 mala
847 1596 860 1632 :
885 1594 1004 1633 cum
1031 1577 1205 1632 anima
1231 1575 1297 1631 de
1327 1584 1474 1645 parte
1503 1573 1626 1630 boui
1654 1587 1771 1628 esse
1798 1570 1900 1625 di-'

297 1671 468 1736 citur;
517 1669 799 1726 consensio
843 1683 972 1723 vero
1019 1667 1134 1738 ejus
1177 1681 1278 1737 qua
1321 1664 1584 1720 consentit
1624 1663 1783 1727 malo,
1826 1670 1880 1717 et

296 1763 498 1818 malum
527 1763 698 1833 ipsum
726 1761 810 1816 cui
836 1759 1121 1825 consentit,
1151 1757 1308 1812 simul
1335 1773 1397 1812 ex
1426 1756 1528 1811 alia
1574 1764 1721 1826 parte
1745 1769 1878 1810 con-

298 1853 558 1918 stituitur,
589 1861 642 1906 et
669 1852 845 1906 anima
875 1851 1028 1904 malm
1057 1848 1368 1904 substantiae
1403 1855 1683 1917 utrumque
1713 1845 1878 1916 depu-

300 1951 463 1997 tatur.
498 1941 626 2008 Quis
669 1941 950 1995 absurdius
994 1938 1332 1995 deliraverit?
1360 1937 1475 1992 Non
1518 1937 1660 1992 enim
1706 1936 1880 1991 anima

300 2033 594 2097 consentit,
619 2032 663 2087 si
691 2049 794 2086 non
825 2040 905 2086 est
931 2031 1045 2100 ejus
1075 2030 1355 2086 consensio
1379 2048 1392 2082 :
1417 2029 1527 2099 ipsa
1556 2037 1732 2083 autem
1757 2041 1886 2084 con-

305 2125 495 2188 sentit;
527 2123 640 2194 ejus
666 2132 748 2179 est
769 2123 943 2193 igitur.
978 2123 1143 2177 Porro
1169 2122 1211 2176 si
1245 2122 1360 2191 ejus
1388 2129 1467 2176 est
1494 2119 1796 2185 consensio,
1829 2127 1883 2174 et

305 2215 440 2270 mala
470 2223 554 2269 est
585 2214 683 2269 ista
709 2215 1024 2290 consensio;
1057 2217 1173 2284 ejus
1200 2223 1282 2269 est
1308 2213 1409 2269 hoc
1438 2213 1654 2267 malum.
1684 2211 1814 2267 Nam
1837 2211 1883 2266 si

307 2315 358 2362 et
383 2307 487 2361 hoc
512 2306 709 2360 malum
737 2307 874 2360 illius
901 2307 1022 2360 mali
1047 2314 1128 2361 est
1153 2306 1238 2360 cui
1262 2306 1436 2360 anima
1461 2305 1746 2371 consentit,
1777 2321 1883 2359 non

307 2396 535 2453 habebat
560 2413 778 2454 necesse
805 2398 908 2453 hoc
933 2399 1127 2452 malum
1155 2399 1461 2469 priusquam
1489 2399 1535 2453 ei
1563 2398 1887 2452 consentiret

311 2489 506 2543 anima.
538 2489 706 2558 Quale
735 2489 893 2561 igitur
917 2490 1113 2545 bonum
1140 2498 1221 2544 est
1244 2490 1418 2543 anima
1437 2530 1450 2554 ,
1485 2489 1633 2559 cujus
1659 2487 1885 2544 adventu

317 2580 397 2635 vel
425 2581 726 2651 duplicatur
755 2581 882 2636 illud
924 2581 1120 2636 malum
1144 2622 1160 2650 ,
1193 2580 1277 2636 vel
1321 2589 1378 2635 ut
1403 2580 1580 2634 mitius
1609 2578 1845 2636 dicamus
1867 2620 1885 2647 ,

311 2671 568 2742 augetur?

376 2764 606 2821 CAPUT
635 2765 774 2821 XIV.
798 2796 868 2806 â€”
886 2765 1087 2821 Deinde
1116 2765 1160 2820 si
1199 2763 1492 2820 substantia
1521 2771 1603 2819 est
1636 2764 1735 2819 ista
1762 2778 1891 2820 con-

311 2857 508 2923 sensio,
539 2873 699 2927 quam
726 2857 918 2911 malam
946 2870 1066 2912 esse
1105 2863 1333 2922 constat,
1367 2855 1664 2911 invenimus
1694 2870 1810 2911 esse
1836 2855 1890 2911 iu

311 2946 502 3001 animae
531 2955 792 3017 potestate
818 2956 871 3002 ut
901 2946 1075 3018 aliqua
1106 2947 1399 3002 substantia
1430 2946 1566 3001 mala
1589 2947 1672 3002 vel
1713 2947 1782 3002 sit
1810 2946 1892 3001 vel

312 3054 414 3094 non
440 3039 549 3094 sit:
575 3039 1000 3110 quandoquidem
1042 3040 1139 3094 ista
1167 3039 1448 3094 consensio
1479 3040 1530 3094 in
1576 3039 1764 3094 anima:
1794 3054 1892 3111 po-

314 3139 504 3186 testate
528 3140 632 3188 est.
664 3131 796 3186 Nam
826 3132 870 3186 si
911 3147 1016 3186 non
1048 3141 1130 3187 est
1161 3173 1174 3196 ,
1203 3147 1307 3186 non
1338 3146 1468 3202 ergo
1508 3146 1600 3186 sua
1627 3132 1894 3186 voluntate

312 3225 596 3280 consentit.
627 3225 708 3280 Tu
737 3234 910 3280 autem
944 3240 1040 3296 pro
1071 3224 1169 3280 hac
1199 3225 1554 3280 consensione
1579 3265 1593 3290 ,
1621 3224 1894 3279 voluntate

311 3330 402 3372 sua
450 3331 677 3387 peccare
704 3317 906 3372 dixisti.
959 3317 1128 3372 Habet
1168 3332 1294 3388 ergo
1323 3317 1497 3372 anima
1522 3360 1536 3383 ,
1565 3325 1623 3372 ut
1665 3316 1810 3385 dixi,
1841 3317 1894 3372 in

314 3418 596 3480 potestate,
627 3418 686 3464 ut
709 3409 950 3480 quaedam
979 3409 1118 3465 mala
1146 3411 1440 3465 substantia
1468 3411 1549 3466 vel
1582 3410 1650 3465 sit
1677 3409 1759 3466 vel
1786 3424 1892 3465 non

314 3501 399 3554 sit.
432 3499 572 3567 Quid
601 3509 684 3556 est
729 3509 906 3556 autem
945 3501 1087 3556 aliud
1131 3500 1427 3556 substantia
1465 3517 1622 3573 quam
1669 3501 1895 3556 natura?

315 3591 426 3646 Erit
449 3606 580 3664 ergo
604 3593 777 3664 aliqua
804 3603 989 3648 natura
1015 3609 1132 3664 qua:
1177 3609 1276 3649 nec
1305 3595 1496 3648 animae
1522 3595 1776 3649 naturalis
1804 3595 1892 3663 sit,

317 3685 564 3752 quoniam
593 3685 638 3740 si
674 3685 840 3753 nolit,
872 3702 976 3740 non
1003 3686 1140 3751 erit;
1187 3701 1286 3742 nec
1313 3685 1386 3741 illi
1430 3687 1568 3741 malo
1593 3687 1679 3742 cui
1720 3686 1896 3742 anima

315 3776 585 3833 voluntate
620 3779 886 3834 consentit
915 3793 1056 3833 :non
1097 3779 1238 3833 enim
1282 3779 1500 3849 potestis
1531 3778 1707 3834 dicere
1743 3788 1898 3833 natuâ€”
1937 3817 1949 3829 .

319 3868 430 3923 tale
457 3869 653 3924 malum
683 3883 800 3924 esse
835 3871 1007 3941 gentis
1037 3871 1375 3926 tenebrarum
1405 3913 1418 3937 ,
1445 3871 1587 3942 quod
1623 3870 1694 3926 ibi
1722 3870 1894 3927 aliena

318 3961 590 4020 voluntate
637 3963 947 4031 instituitur,
979 3965 1081 4020 hoc
1109 3975 1191 4020 est
1215 4007 1229 4032 ,
1261 3967 1450 4018 animae
1481 3965 1772 4019 voluntate.
1799 3963 1897 4020 Cui

320 4067 453 4122 ergo
483 4062 681 4109 natura:
707 4054 1044 4125 deputabitur
1071 4057 1167 4110 ista
1197 4066 1404 4122 natura,
1436 4055 1486 4110 id
1513 4063 1612 4120 est,
1645 4055 1744 4109 ista
1771 4069 1897 4110 con-

320 4145 524 4212 sensio,
554 4146 597 4201 si
624 4157 806 4202 natura
832 4157 912 4202 est
941 4163 1059 4218 quae
1097 4163 1268 4218 neque
1295 4149 1486 4202 anima:
1507 4189 1520 4214 ,
1551 4163 1722 4218 neque
1754 4156 1898 4203 tene-

324 4233 540 4291 brarum
570 4239 710 4308 genti
736 4239 989 4294 naturalis
1011 4247 1113 4304 est,
1141 4239 1241 4294 nisi
1271 4248 1326 4294 ut
1347 4248 1529 4295 contra
1551 4238 1898 4295 Manicbzeum

321 4325 581 4399 disputes,
611 4345 715 4386 non
744 4331 894 4398 duas,
924 4331 1017 4386 sed
1049 4341 1154 4387 tres
1183 4347 1300 4388 esse
1334 4332 1584 4387 naturas?
1612 4331 1743 4400 Quia
1773 4342 1826 4388 et
1852 4332 1898 4387 si

320 4421 603 4492 aliquando
629 4422 842 4480 fuerunt
867 4425 984 4480 dum
1009 4466 1022 4488 ,
1055 4441 1195 4480 nunc
1223 4434 1395 4481 tamen
1417 4425 1526 4495 jam
1556 4435 1898 4497 posteaquam

323 4518 506 4563 exorta
530 4522 613 4564 est
633 4515 728 4569 ista
745 4517 1044 4583 consensio,
1068 4525 1176 4572 tres
1201 4518 1379 4586 utique
1397 4517 1544 4572 factae
1565 4527 1706 4572 sunt.
1730 4518 1898 4584 Quam

324 4614 450 4654 sane
481 4602 712 4669 tertiam,
744 4618 860 4673 qua:
886 4616 1006 4658 nata
1036 4617 1207 4661 estex
1234 4609 1408 4662 anima
1434 4611 1818 4676 consentiente,
1848 4619 1902 4664 et

324 4705 388 4746 ex
418 4692 561 4748 malo
584 4694 668 4747 cui
692 4697 972 4761 consentit,
1001 4697 1150 4766 quasi
1185 4697 1459 4769 utriusque
1489 4700 1650 4754 filiam
1693 4701 1900 4771 cogeris

324 4784 502 4841 dicere
531 4804 544 4840 :
575 4786 668 4840 sed
696 4802 814 4842 cum
844 4803 908 4843 ex
935 4788 1139 4844 duabus
1166 4789 1367 4844 naturis
1392 4800 1512 4846 nata
1542 4792 1645 4859 sit,
1679 4809 1902 4864 quarum

327 4876 487 4931 altera
521 4878 657 4932 bona
685 4887 799 4944 est,
828 4879 991 4935 altera
1019 4880 1185 4947 mala,
1216 4896 1397 4952 quaero
1425 4897 1519 4938 cur
1557 4899 1661 4938 non
1688 4885 1902 4956 aliquod

327 4977 572 5023 neutrum
604 4977 784 5024 natum
816 4971 903 5025 sit.
927 4970 1074 5027 Sicut
1095 4973 1234 5027 enim
1260 4987 1325 5029 ex
1347 4989 1484 5044 equo
1509 4983 1563 5031 et
1591 4977 1742 5032 asino
1760 4977 1902 5048 quod

327 5061 580 5127 nascitur,
610 5078 707 5118 nec
733 5079 900 5134 equus
925 5080 1024 5122 nec
1048 5066 1228 5121 asinus
1255 5075 1369 5132 est;
1399 5068 1467 5121 ita
1492 5069 1631 5139 quod
1672 5071 1737 5124 de
1761 5071 1900 5126 bona

329 5159 516 5206 natura
545 5159 600 5206 et
643 5153 778 5207 mala
810 5163 988 5209 natum
1014 5162 1129 5224 est,
1158 5157 1203 5211 si
1229 5164 1282 5212 et
1309 5157 1420 5226 ipsa
1450 5167 1634 5213 natura
1661 5166 1774 5224 est,
1805 5176 1902 5216 nec

332 5241 465 5297 bona
499 5259 600 5299 nec
623 5244 760 5299 mala
782 5259 899 5300 esse
918 5244 1162 5301 debebat.
1184 5245 1264 5301 Tu
1291 5255 1465 5303 autem
1495 5251 1900 5306 consensionem

328 5336 521 5390 malam
571 5351 692 5394 esse
719 5338 988 5394 confiteris
1012 5357 1024 5393 :
1051 5339 1184 5395 dicis
1211 5341 1352 5397 enim
1394 5351 1521 5398 tunc
1547 5344 1775 5400 animam
1807 5360 1901 5399 vo-

328 5425 528 5483 luntate
572 5443 668 5484 sua
699 5444 918 5499 peccare
940 5471 956 5498 ,
985 5429 1111 5487 dum
1157 5433 1420 5490 consentit
1448 5435 1607 5492 malo.
1636 5438 1717 5490 An
1763 5434 1903 5493 forte

327 5530 570 5576 naturam
603 5521 794 5578 bonam
823 5532 873 5579 et
905 5535 1146 5580 naturam
1174 5526 1363 5580 malam
1389 5528 1542 5597 quasi
1567 5525 1700 5584 duos
1719 5543 1900 5597 sexus,

326 5613 676 5670 masculinum
707 5624 761 5671 et
787 5613 1097 5674 femininum
1129 5630 1251 5673 esse
1291 5616 1602 5686 arbitraris;
1629 5627 1687 5676 ut
1712 5634 1900 5689 quem-

324 5704 610 5760 admodum
632 5721 697 5762 Î¿Î¹
726 5707 960 5763 masculo
978 5716 1032 5763 et
1057 5706 1253 5764 femina
1279 5723 1386 5766 non
1411 5709 1609 5781 aliquid
1632 5717 1898 5778 neutrum,

324 5798 416 5852 sed
447 5807 541 5853 aut
569 5799 834 5857 masculus
859 5808 949 5855 aut
989 5799 1182 5855 femina
1206 5799 1453 5874 gignitur,
1485 5801 1562 5856 sic
1585 5816 1650 5856 ex
1677 5801 1817 5857 bono
1845 5811 1901 5858 et

324 5891 466 5946 malo
494 5905 602 5948 non
626 5891 837 5965 aliquod
865 5893 1100 5962 tertium,
1122 5891 1261 5963 quod
1289 5907 1388 5955 nec
1416 5891 1612 5952 bonum
1636 5903 1776 5950 esset
1797 5908 1897 5950 nec

324 5981 520 6038 malum
549 6024 563 6051 ,
591 5982 686 6038 sed
725 5983 948 6040 alterum
992 5983 1190 6039 malum
1219 5997 1337 6040 esse
1365 5985 1654 6042 contendas
1677 5994 1855 6042 natum
1876 5983 1904 6040 Ï„

1695 532 1894 597 Lmen
1931 491 2134 596 usus.

1967 651 2116 717 Quod
2159 647 2201 706 si
2249 651 2318 705 ita
2348 657 2461 717 est,
2493 644 2582 706 ubi
2621 650 2704 707 est
2739 643 2829 706 illa
2859 646 3046 705 victrix
3095 647 3286 705 animae
3311 649 3544 704 natura?

1970 743 2114 800 Itane
2143 754 2380 814 separata
2403 745 2420 775 Â¹
2441 754 2540 808 est,
2572 753 2625 798 ut
2644 759 2746 799 non
2774 743 2996 799 alterum
3022 742 3216 797 bonum
3243 741 3420 813 potius
3449 756 3542 795 na-

1946 839 2242 894 .sceretur?
2271 836 2469 891 Deinde
2503 853 2608 890 non
2637 836 2784 891 vides
2808 846 2859 890 te
2888 850 3047 891 sexus
3072 834 3311 891 diversos
3325 835 3434 908 jam
3463 834 3544 890 dio

1971 943 2112 993 cere,
2142 944 2246 984 non
2288 927 2537 982 naturas?
2564 927 2694 982 Nam
2741 926 2784 982 si
2829 928 2967 982 inter
3007 927 3205 982 bonum
3251 936 3305 982 et
3349 926 3547 982 malum

1974 1030 2276 1075 naturarum
2308 1029 2451 1074 esset
2479 1018 2756 1074 diversitas
2780 1061 2793 1084 ,
2823 1034 2928 1074 non
2963 1018 3192 1074 oriretur
3217 1034 3284 1074 ex
3325 1026 3550 1090 utroque

1974 1113 2074 1167 nisi
2105 1112 2312 1182 aliquod
2337 1112 2568 1176 tertium,
2596 1110 2735 1182 quod
2757 1126 2857 1166 nec
2881 1111 3077 1166 bouum
3105 1121 3285 1182 posset
3311 1125 3431 1166 esse
3452 1127 3552 1168 nec

1973 1204 2170 1260 malum
2200 1223 2211 1258 :
2236 1213 2325 1259 aut
2367 1214 2512 1258 certe
2541 1203 2736 1258 sterilis
2764 1212 2905 1258 esset
2947 1203 3057 1273 ipsa
3097 1206 3423 1272 commixtio,
3455 1220 3553 1261 nec

1977 1295 2102 1352 i'ude
2129 1297 2278 1351 tertia
2310 1296 2604 1351 substantia
2631 1303 2927 1366 pareretur.
2958 1295 3013 1351 Si
3040 1297 3179 1351 enim
3206 1313 3271 1352 ex
3299 1296 3402 1352 illis
3430 1297 3544 1351 ani-

1979 1391 2206 1446 malibus
2230 1406 2347 1461 quze
2376 1404 2530 1458 supra
2571 1389 3011 1458 commemoravi,
3039 1404 3158 1444 cum
3193 1388 3297 1452 sibi
3326 1389 3556 1446 miscen-

1983 1491 2089 1550 tur,
2118 1481 2247 1536 nihil
2293 1481 2432 1535 aliud
2460 1496 2613 1551 quaui
2646 1481 2818 1534 mulus
2844 1480 2923 1535 vel
2963 1481 3101 1535 mula
3137 1481 3386 1551 gignitur,
3413 1481 3556 1552 quod

1981 1589 2153 1644 neque
2182 1573 2284 1628 hoc
2308 1615 2322 1642 ,
2355 1588 2524 1643 neque
2561 1573 2687 1626 illud
2736 1573 2838 1640 sit;
2871 1581 3066 1644 quanto
3107 1575 3275 1644 magis
3321 1575 3392 1628 ita
3437 1575 3554 1630 fieri

1983 1667 2217 1744 Oportuit
2245 1667 2296 1721 in
2331 1677 2433 1721 tam
2477 1682 2662 1738 magna
2693 1676 2747 1722 et
2780 1682 2982 1721 summa
3011 1665 3319 1726 diversitate
3353 1669 3475 1723 boni
3503 1677 3558 1723 et

1982 1758 2150 1815 mali?
2177 1761 2282 1814 Aut
2308 1758 2352 1812 si
2394 1757 2535 1812 nulla
2563 1773 2627 1812 ex
2670 1772 2852 1813 eorum
2885 1757 3260 1813 commixtione
3300 1774 3433 1814 nova
3459 1774 3559 1813 na-

1984 1859 2099 1905 tura
2127 1850 2398 1917 existeret,
2421 1849 2557 1902 mala
2585 1864 2686 1903 non
2717 1857 2878 1913 esset,
2906 1847 3112 1902 etiamsi
3139 1847 3274 1902 bona
3305 1862 3424 1904 esse
3453 1863 3559 1902 non

1985 1950 2182 2012 posset.
2216 1933 2582 2010 Restatigitur
2619 1949 2674 1994 nt
2701 1948 2806 1994 tam
2850 1939 3173 1995 incredibilia
3215 1939 3559 1996 deliramenta

1986 2033 2154 2087 vitare
2183 2047 2544 2103 nequeamus,
2590 2031 2872 2086 nisi'illam
2916 2031 3354 2097 consensionem,
3404 2047 3561 2103 quam

1985 2133 2197 2180 constat
2225 2125 2417 2179 malam
2449 2139 2568 2178 esse
2594 2133 2752 2194 atque
2786 2123 3139 2193 culpabilem,
3171 2124 3428 2179 fateamur
3457 2138 3563 2179 non

1985 2230 2104 2272 esse
2117 2214 2584 2280 substantiam,sed
2605 2216 2652 2268 in
2671 2214 2844 2286 aliqua
2863 2215 3151 2269 substantia
3169 2230 3286 2270 esse
3301 2215 3561 2271 dicamus.

1975 2363 2006 2386 Î¿
2057 2305 2280 2362 CAPUT
2307 2305 2420 2361 XV.
2442 2335 2514 2347 â€”
2535 2306 2734 2361 Deinde
2771 2307 2823 2360 in
2851 2322 2951 2378 qua
2981 2306 3274 2361 substantia
3315 2308 3415 2372 sit,
3446 2307 3566 2362 dili-

1986 2396 2293 2468 gentissime
2335 2397 2688 2467 requiramus.
2729 2397 3038 2469 Quanquam
3074 2399 3156 2452 cui
3200 2413 3304 2453 non
3346 2399 3570 2455 manife-

1988 2497 2126 2543 stum
2158 2489 2247 2556 sit,
2285 2498 2340 2542 ut
2364 2489 2499 2544 sicut
2537 2488 2715 2543 suasio
2742 2505 2846 2543 nou
2893 2490 2952 2543 fit
2979 2489 3080 2544 nisi
3110 2489 3161 2543 in
3188 2490 3463 2556 suadente,
3492 2491 3565 2548 ita

1989 2580 2392 2636 consensionem
2438 2575 2544 2634 non
2570 2594 2687 2635 esse
2717 2579 2818 2634 nisi
2848 2579 2900 2634 in
2942 2581 3307 2636 consentiente
3338 2583 3570 2637 natura?

1991 2673 2181 2730 Anima
2203 2688 2330 2744 ergo
2352 2689 2470 2728 cum
2497 2673 2763 2730 consentit
2782 2673 2944 2740 malo,
2968 2674 3080 2744 ipsa
3107 2674 3396 2730 substantia
3423 2683 3505 2730 est
3523 2676 3570 2741 â€™,

1991 2767 2274 2823 consensio
2300 2782 2429 2822 vero
2455 2768 2570 2838 ejus
2601 2783 2702 2823 non
2733 2775 2811 2821 est
2857 2767 3172 2822 substantia.
3205 2767 3319 2824 Jam
3350 2769 3529 2824 cernis
3549 2811 3569 2838 ,

1993 2866 2052 2914 ut
2075 2859 2420 2926 arbitror,'in
2465 2873 2564 2929 qua
2609 2857 2902 2913 substantia
2945 2859 3045 2922 sit;
3079 2857 3130 2914 id
3155 2867 3274 2926 est,
3305 2859 3358 2914 in
3395 2859 3573 2924 anima

1994 2965 2114 3006 esse
2140 2951 2295 3006 istam
2325 2950 2732 3006 consensionem
2759 2949 2994 3020 profecto
3037 2949 3215 3018 vides,
3243 2967 3400 3023 quam
3441 2968 3572 3007 con-

1996 3041 2297 3097 sensionem
2322 3051 2597 3112 peccatum
2619 3055 2758 3109 esse,
2781 3057 2842 3097 ac
2869 3057 2964 3113 per
2987 3041 3089 3098 hoc
3105 3043 3300 3098 malum
3326 3058 3444 3100 esse
3464 3060 3572 3100 non

1996 3132 2225 3189 dubitas.
2256 3133 2334 3187 Ex
2363 3147 2468 3204 quo
2491 3135 2602 3204 jam
2645 3132 2893 3204 intelligis
2920 3131 3033 3188 ï¬eri
3063 3147 3220 3204 posse
3264 3142 3322 3188 ut
3347 3134 3401 3189 in
3431 3133 3570 3190 bona

1997 3225 2308 3289 substantia,
2339 3225 2493 3280 sicuti
2533 3233 2616 3280 est
2639 3225 2812 3278 anima
2837 3265 2850 3291 ,
2879 3224 2948 3280 sit
2973 3223 3184 3295 aliquod
3209 3225 3405 3280 malum
3431 3227 3575 3297 quod

1996 3334 2105 3374 non
2129 3327 2212 3374 est
2250 3317 2542 3373 substantia
2567 3358 2582 3384 ,
2611 3316 2766 3372 sicuti
2793 3325 2874 3372 est
2912 3316 3009 3372 ista
3035 3317 3316 3372 consensio
3338 3358 3354 3385 ,
3379 3332 3445 3374 ex
3472 3332 3580 3390 quo

1998 3411 2140 3466 malo
2185 3410 2480 3481 appelletur
2509 3408 2669 3464 etiam
2714 3409 2886 3463 anima
2916 3409 3073 3464 mala.
3118 3409 3390 3465 Peccatrix
3432 3411 3580 3469 enim

1998 3503 2178 3573 utique
2205 3501 2341 3555 mala
2384 3509 2465 3555 est
2492 3511 2712 3572 :peccat
2739 3509 2912 3554 autem
2937 3540 2952 3567 ,
2977 3511 3096 3556 cum
3123 3501 3386 3557 consentit
3413 3503 3577 3560 malo.
3662 3565 3665 3569 ,

1999 3591 2114 3649 Una
2142 3593 2301 3663 igitur
2325 3591 2618 3661 eademque
2647 3605 2753 3656 res,
2782 3590 2833 3645 id
2859 3600 2974 3656 est,
3007 3592 3184 3646 anima
3203 3631 3219 3659 ,
3244 3591 3296 3646 in
3323 3604 3578 3662 quantum

1999 3684 2290 3740 substantia
2317 3691 2436 3750 est,
2483 3683 2619 3736 bona
2664 3691 2780 3749 est;
2815 3683 2866 3737 in
2895 3689 3148 3752 quantum
3192 3691 3372 3740 autem
3418 3685 3581 3741 habet

1999 3774 2196 3846 aliquid
2222 3774 2346 3829 mali
2367 3774 2508 3844 quod
2535 3789 2638 3829 non
2665 3783 2744 3828 est
2775 3773 3094 3840 substantia,
3124 3774 3176 3828 id
3203 3784 3305 3843 est,
3345 3790 3573 3832 consen-

1999 3867 2207 3922 sionem
2237 3867 2413 3933 istam,
2442 3865 2494 3920 in
2528 3873 2727 3920 tantum
2755 3863 2890 3918 mala
2917 3873 3019 3919 est.
3049 3863 3166 3920 Non
3190 3865 3331 3922 enim
3357 3881 3423 3921 ex
3451 3881 3577 3937 pro-

1999 3959 2160 4026 fectu,
2185 3959 2276 4013 sed
2302 3973 2368 4013 ex
2391 3957 2601 4013 defectu
2627 3955 2784 4012 habet
2811 3955 2946 4012 banc
2970 3959 3401 4013 consensionem.
3431 3957 3575 4012 Defi-

2000 4051 2073 4106 cit
2094 4051 2288 4122 quippe
2315 4065 2434 4105 cutn
2475 4050 2740 4105 consentit
2767 4048 2908 4104 malo
2931 4091 2947 4115 ,
2976 4049 3257 4121 minusque
3277 4050 3388 4119 jam
3416 4063 3537 4105 esse
3559 4091 3578 4118 ,

2001 4158 2064 4199 ac
2093 4151 2369 4214 propterea
2401 4142 2575 4196 minus
2601 4141 2779 4196 valere
2805 4139 3007 4210 incipit,
3035 4155 3192 4210 quam
3221 4140 3428 4196 valebat
3451 4139 3579 4196 dum

2002 4237 2131 4290 nulli
2159 4236 2497 4290 consentiens
2525 4234 2577 4288 in
2614 4233 2806 4288 virtute
2847 4233 3197 4298 consisteret;
3227 4241 3372 4286 tanto
3397 4233 3579 4303 utique

2003 4327 2255 4393 deterior,
2284 4333 2480 4397 quanto
2518 4325 2584 4378 ab
2623 4339 2688 4380 eo
2714 4323 2852 4394 quod
2895 4338 3101 4379 summe
3128 4330 3211 4378 est
3237 4323 3303 4378 ad
3347 4323 3400 4378 id
3439 4323 3583 4394 quod

2003 4422 2179 4477 minus
2204 4430 2286 4476 est
2315 4419 2502 4489 vergit,
2538 4427 2592 4472 ut
2619 4419 2731 4487 ipsa
2757 4419 2915 4472 etiam
2944 4417 3116 4470 minus
3145 4417 3232 4470 sit.
3260 4416 3469 4485 Quanto
3488 4431 3584 4470 au-

2005 4522 2112 4569 tem
2143 4513 2317 4567 minus
2360 4519 2477 4574 est,
2506 4517 2652 4563 tanto
2697 4509 2875 4577 utique
2906 4508 2965 4562 ï¬t
3008 4506 3354 4579 pr0pinquior
3394 4507 3581 4562 nihilo.

2005 4605 2156 4674 Quod
2185 4605 2326 4660 enim
2369 4603 2542 4657 minus
2583 4616 2790 4671 quoque
2832 4601 2907 4666 fit,
2951 4615 3016 4656 eo
3060 4600 3228 4655 tendit
3273 4610 3462 4656 utnon
3508 4601 3580 4656 sit

2007 4698 2222 4753 omnino
2246 4711 2260 4748 :
2284 4710 2388 4766 quo
2415 4693 2656 4765 quamvis
2687 4709 2790 4747 non
2828 4693 3099 4763 perveniat
3126 4700 3183 4748 ut
3222 4694 3431 4763 penitus
3460 4707 3581 4764 per-

2007 4787 2182 4844 eundo
2206 4787 2336 4842 nihil
2362 4787 2450 4851 sit,
2478 4784 2813 4840 manifestum
2840 4793 2922 4840 est
2955 4792 3130 4839 tamen
3155 4784 3442 4856 quemlibet
3479 4781 3579 4837 de-

2009 4879 2201 4936 fectum
2228 4878 2502 4934 exordium
2528 4892 2646 4931 esse
2676 4876 2952 4946 pereundi.
2980 4877 3138 4945 Aperi
3165 4891 3290 4944 ergo
3311 4875 3422 4944 jam
3461 4889 3581 4930 cor-

2009 4974 2090 5028 dis
2115 4973 2316 5038 oculos,
2346 4981 2400 5026 et
2432 4971 2660 5036 intuere,
2689 4969 2733 5023 si
2773 4979 2945 5040 potes,
2973 4968 3169 5022 bonum
3209 4967 3422 5036 aliquod
3463 4980 3584 5022 esse

2007 5065 2296 5137 quamlibet
2318 5063 2698 5128 substantiam;
2726 5071 2778 5117 et
2803 5062 2921 5116 ideo
2955 5061 3152 5115 malum
3181 5075 3299 5115 esse
3321 5059 3586 5115 defectum

2008 5155 2336 5222 substantite,
2379 5153 2499 5224 quia
2528 5153 2724 5208 bonum
2768 5161 2850 5207 est
2895 5164 3014 5206 esse
3055 5150 3423 5205 substantiam.
3472 5149 3584 5206 Nec

2011 5255 2186 5302 tamen
2213 5259 2426 5300 omnem
2465 5243 2728 5300 defectum
2755 5257 2874 5297 esse
2896 5240 3233 5310 culpabilem,
3276 5240 3369 5295 sed
3411 5241 3586 5296 solum

2008 5337 2383 5404 voluntarium,
2415 5349 2520 5405 quo
2563 5334 2736 5388 anima
2769 5331 3040 5386 rationalis
3078 5329 3141 5384 ad
3185 5344 3247 5385 ea
3291 5319 3408 5400 quae
3451 5331 3618 5388 infra'

2009 5428 2150 5484 illam
2173 5436 2296 5482 sunt
2314 5425 2524 5482 condita
2545 5422 2818 5478 conditore
2840 5438 2938 5476 suo
2963 5420 3174 5476 deserto
3213 5421 3463 5488 declinat,
3503 5421 3583 5478 af-

2009 5521 2202 5578 fectum
2229 5520 2368 5576 :hoc
2392 5526 2474 5574 est
2495 5517 2637 5572 enim
2663 5514 2804 5586 quod
2827 5524 3103 5584 peccatum
3130 5525 3369 5571 vocatur.
3407 5515 3583 5572 Caeter

2009 5620 2186 5669 autem
2218 5609 2458 5666 defectus
2485 5608 2574 5678 qui
2605 5621 2712 5662 non
2753 5615 2878 5661 sunt
2900 5607 3213 5676 voluntarii,
3240 5609 3320 5664 vel
3348 5608 3585 5676 poenales

2009 5713 2151 5772 sunt,
2179 5711 2239 5758 ut
2260 5708 2470 5772 peccata
2505 5699 2795 5770 puniantur
2819 5698 3172 5756 moderatrice
3194 5715 3401 5756 summa
3425 5706 3584 5768 atque

2071 5871 2091 5904 á½·
2115 5873 2275 5927 Forte,
2294 5870 2536 5929 superata.

2008 5932 2095 6046 ï¬‚;
2119 5926 2519 6041 (sicugarttstlitensis
2539 5933 2619 5978 tus.
2669 5934 2723 5978 At
2754 5928 2891 5994 editi,
2915 5942 3024 5990 cum
3045 5926 3290 5992 meum.
3321 5927 3450 5981 mala
3471 5939 3580 5996 tpsa

2096 6005 2118 6043 8
2139 6003 2183 6040 (Ï…
2219 6003 2269 6040 Î¹Î±
2289 6003 2316 6040 e
2363 6027 2376 6040 .

2096 6003 2269 6043 statuta
2289 6003 2376 6040 ÎµÎ´Î¹.
