4094 6498
437 497 539 558 591

439 613 761 671 ordinatrice
780 611 1018 684 justitia;
1060 611 1142 667 vel
1184 611 1454 666 mensuris
1501 623 1679 664 rerum
1718 609 2021 663 infimarum

437 706 818 769 interveniunt,
864 713 922 759 ut
960 702 1310 775 praecedentia
1352 701 1759 757 succedentibus
1804 699 2023 763 cedant,

436 810 594 869 atque
623 800 689 853 ita
732 798 905 851 omnis
946 794 1252 864 temporalis
1292 792 1627 863 pulchritudo
1669 792 1873 848 vicibus
1914 790 2023 845 suis

435 900 598 959 atque
626 905 723 944 suo
747 903 942 959 genere
958 894 1259 956 peragatur.
1292 884 1593 941 Sicutenim
1611 900 1788 940 sermo
1810 882 2024 953 peragi-

436 993 525 1037 tur
562 982 713 1052 quasi
760 979 1106 1034 morientibus
1130 985 1290 1049 atque
1319 977 1615 1033 orientibus
1641 976 1879 1048 syllabis,
1902 989 2022 1046 qua:

437 1091 534 1145 per
576 1088 849 1129 morarum
886 1080 1030 1126 certa
1076 1070 1354 1126 intervalla
1396 1069 1708 1136 tenduntur,
1742 1075 1797 1124 et
1838 1066 2022 1138 spatiis

434 1166 547 1221 suis
579 1164 809 1234 impletis
836 1162 1076 1217 ordinata
1102 1162 1542 1233 consequentium
1567 1160 1907 1216 successione
1930 1155 2025 1214 de-

435 1256 651 1322 cedunt,
684 1255 856 1310 donec
883 1253 950 1308 ad
976 1252 1133 1308 linem
1164 1269 1317 1307 suum
1342 1262 1449 1307 tota
1472 1252 1797 1323 perducatur
1818 1249 2022 1315 oratio;

437 1362 535 1402 nec
584 1347 635 1401 in
686 1346 817 1415 ipsis
859 1344 1261 1400 decurrentibus
1310 1345 1477 1408 sonis,
1526 1342 1619 1399 sed
1662 1344 1712 1398 in
1759 1341 2023 1413 loquentis

436 1438 803 1493 moderatione
832 1437 1061 1508 positum
1092 1446 1191 1499 est,
1226 1447 1477 1506 quantum
1507 1435 1826 1505 producatur
1852 1434 2022 1488 corrio

442 1532 685 1602 piaturve
716 1531 914 1602 syllaba
937 1572 953 1598 ,
984 1531 1066 1586 vel
1103 1546 1205 1601 qua
1246 1528 1424 1600 Specie
1462 1530 1759 1583 litterarum
1800 1526 2021 1596 singulm

437 1638 654 1679 suorum
686 1625 924 1679 locorum
953 1632 1222 1678 momenta
1266 1621 1601 1687 custodiant;
1627 1637 1747 1676 cum
1780 1636 1868 1675 ars
1908 1620 2021 1690 ipsa

434 1732 555 1787 qum
582 1729 882 1770 sermonem
920 1714 1065 1779 facit,
1097 1728 1197 1768 nec
1222 1713 1367 1768 sonis
1398 1721 1699 1781 perstrepat
1725 1752 1737 1775 ,
1768 1726 1868 1765 nec
1894 1727 2021 1781 per-

432 1809 676 1863 volvatur
700 1808 715 1838 ¹
741 1808 1078 1875 varieturque
1106 1804 1429 1875 temporibus
1456 1822 1468 1859 :
1492 1806 1568 1861 sic
1588 1816 1708 1858 ortu
1730 1813 1783 1859 et
1804 1819 2017 1870 occasu,

432 1900 658 1955 decessu
683 1909 839 1970 atque
863 1913 1111 1953 successu
1138 1880 1315 1952 rerum
1344 1897 1735 1966 temporalium,
1770 1896 1932 1949 certis
1958 1910 2021 1949 ac

432 1991 668 2046 deﬁnitis
696 1990 970 2053 tractibus,
1004 1989 1175 2043 donec
1196 1998 1437 2043 recurrat
1460 1988 1526 2041 ad
1558 1988 1842 2043 terminum
1885 2001 2021 2057 prae-

431 2085 697 2147 stitutum,
729 2082 1034 2153 temporalis
1056 2080 1392 2151 pulchritudo
1414 2080 1733 2135 contexitur.
1762 2080 1889 2146 Quze
1912 2094 2018 2132 non

431 2175 555 2230 ideo
581 2174 719 2229 mala
756 2182 859 2237 est,
901 2174 1025 2244 quia
1056 2173 1110 2227 in
1137 2172 1498 2241 Spiritualibus
1536 2171 1792 2226 creaturis
1830 2185 2022 2241 possu-

431 2283 553 2324 mus
595 2267 887 2337 intelligere
928 2264 1219 2334 mirarique
1262 2264 1481 2319 meliora
1507 2281 1519 2317 :
1545 2263 1641 2318 sed
1689 2263 1849 2318 habet
1895 2276 2018 2332 pro-

427 2362 607 2432 prium
636 2362 687 2415 in
717 2376 814 2416 suo
844 2375 1039 2431 genere
1064 2359 1260 2424 decus,
1296 2367 1455 2428 atque
1497 2357 1730 2411 insinuat
1766 2356 1902 2410 bene
1938 2355 2061 2410 vi-°

426 2455 674 2511 ventibus
714 2468 975 2509 summam
1004 2452 1097 2507 Dei
1122 2451 1435 2522 sapientiam
1461 2493 1476 2518 ,
1504 2451 1554 2504 in
1587 2450 1694 2505 alto
1732 2459 2015 2516 secretam,

426 2564 589 2621 supra
614 2563 802 2604 omnes
828 2557 1128 2619 temporum
1166 2554 1359 2612 metas,
1383 2542 1773 2599 fabricatricem
1798 2557 1863 2599 ac
1899 2558 2018 2598 mo-

423 2640 744 2697 deratricem
776 2655 947 2695 suam.
1230 2644 1235 2647 '

494 2729 721 2788 CAPUT
746 2729 887 2786 XVI.
910 2760 982 2771 —
1001 2730 1132 2800 Age,
1164 2742 1304 2783 nunc
1354 2726 1566 2783 attende
1606 2726 1733 2781 illud
1764 2724 1906 2797 quod
1935 2724 2017 2780 di-

425 2824 587 2881 cebas
630 2823 831 2878 malum
857 2864 871 2889 ,
922 2824 1008 2878 cui
1055 2823 1231 2876 anima
1291 2819 1674 2876 consentiendo
1718 2816 2016 2874 voluntarie

424 2926 632 2991 peccat,
662 2927 843 2974 utrum
874 2917 1172 2973 substantia
1201 2915 1271 2970 sit
1310 2914 1487 2986 aliqua
1509 2955 1523 2981 ,
1551 2930 1618 2968 an
1647 2928 1775 2969 vero
1802 2927 1900 2967 nec
1943 2909 2015 2965 ibi

428 3009 602 3083 possis
624 3023 878 3066 accusare
902 3006 1270 3064 substantiam.
1303 3006 1497 3074 Quaero
1526 3006 1667 3061 enim
1686 3046 1701 3072 ,
1733 3002 1859 3074 quid
1891 3001 2013 3057 alli-

425 3104 534 3159 ciat
558 3103 750 3158 animas
779 3099 1211 3163 consensionem,
1240 3114 1311 3152 an
1342 3098 1506 3152 irruat
1538 3096 1625 3151 illa
1664 3095 1937 3161 cassatim,
1961 3100 2017 3149 et

424 3205 706 3269 propterea
757 3194 1059 3249 consentire
1100 3192 1324 3255 dicatur,
1361 3190 1482 3260 quia
1519 3189 1636 3259 ejus
1666 3188 1839 3258 aliqua
1868 3184 2013 3241 dele-

424 3290 661 3346 ctatione
692 3295 940 3343 movetur
964 3285 1030 3339 ad
1060 3282 1366 3339 fruendum.
1399 3281 1551 3350 Quod
1579 3281 1622 3335 si
1660 3281 1729 3335 ita
1757 3288 1839 3336 est
1858 3321 1874 3347 ,
1903 3294 2011 3334 non

423 3391 507 3438 est
530 3395 864 3448 consequens
887 3387 943 3433 ut
967 3386 1249 3447 pr0pterea
1277 3374 1473 3430 malum
1500 3373 1729 3438 dicatur,
1754 3372 1875 3442 quia
1906 3386 2013 3427 non

423 3483 572 3530 recte
594 3472 852 3544 diligitur.
880 3470 936 3526 Si
958 3468 1099 3525 enim
1127 3466 1415 3523 ostendero
1438 3467 1604 3521 amari
1626 3464 1826 3534 aliquid
1850 3464 2012 3532 male,

422 3567 512 3623 ubi
542 3580 645 3621 non
677 3564 873 3632 amati,
897 3562 993 3619 sed
1022 3561 1250 3616 amantis
1274 3560 1429 3631 culpa
1458 3568 1741 3625 teneatur;
1774 3558 2014 3629 profecto

419 3657 674 3714 fateberis
704 3656 961 3727 cujusque
986 3655 1064 3709 rei
1104 3652 1339 3723 speciem
1373 3666 1479 3707 non
1508 3666 1627 3707 esse
1653 3652 1906 3707 continuo
1932 3653 2014 3707 vi-

420 3753 635 3817 tiosam,
666 3754 791 3822 quia
818 3749 1009 3803 vitiose
1039 3750 1092 3803 in
1120 3761 1237 3803 eam
1281 3746 1568 3801 consensio
1597 3745 1858 3816 cupientis
1895 3745 2014 3801 illa-

422 3844 586 3900 bitur.
615 3842 768 3912 Quod
789 3850 1041 3912 quantum
1071 3855 1157 3896 me
1182 3838 1415 3910 adjuvet,
1440 3849 1559 3909 post
1585 3837 1880 3908 apparebit.
1907 3836 2013 3892 Sed

420 3944 481 3991 ut
509 3934 785 3990 ostendam
807 3932 947 4004 quod
972 3931 1240 4002 pollicitus
1266 3945 1408 3999 sum,
1438 3929 1566 4000 quid
1594 3930 1768 3999 potius
1795 3929 2010 3999 eligam,

421 4040 543 4081 cum
572 4040 659 4079 me
690 4039 866 4079 rerum
895 4023 1048 4091 ecpia
1068 4020 1438 4078 circumfluat?
1464 4020 1612 4091 quid,
1644 4020 1879 4091 inquam,
1914 4035 2013 4091 po-

422 4117 529 4171 tius
549 4113 760 4184 eligam,
787 4128 944 4183 quam
967 4112 1018 4167 id
1046 4113 1189 4182 quod
1216 4126 1315 4165 nos
1334 4121 1390 4165 ut
1412 4120 1709 4166 creaturam
1737 4110 2012 4167 laudamus

423 4206 698 4264 caelestem
724 4248 739 4272 ,
766 4220 863 4259 vos
889 4210 1066 4259 autem
1098 4211 1156 4257 ut
1201 4202 1498 4273 portionem
1541 4201 1705 4271 ipsius
1745 4201 2014 4259 Creatoris

421 4298 689 4356 adoratis?
714 4297 856 4366 Quid
901 4297 1043 4351 enim
1089 4297 1227 4350 inter
1264 4304 1456 4350 cuncta
1484 4295 1714 4350 visibilia
1751 4297 1854 4351 isto
1899 4296 2014 4352 sole

424 4389 776 4463 praeclarius?
800 4391 869 4443 At
896 4389 939 4442 si
965 4387 1245 4459 quisquam
1267 4387 1381 4457 ejus
1409 4386 1582 4442 lucem
1612 4386 2014 4443 immoderatius

425 4484 784 4553 concupiscat,
807 4481 967 4537 infert
983 4481 1094 4537 suis
1111 4481 1309 4535 oculis'
1334 4480 1471 4535 bella
1495 4480 1810 4550 jurgiorum,
1840 4481 1884 4534 si
1912 4482 2014 4535 ali-

424 4591 582 4647 quam
612 4581 926 4644 potestatem
956 4580 1141 4628 nactus
1168 4587 1269 4643 qua
1298 4572 1466 4642 possit
1496 4570 1719 4642 implere
1749 4572 1891 4643 quod
1920 4587 2016 4643 ap-

424 4669 594 4739 petit,
627 4666 815 4721 domos
854 4680 1038 4719 eorum
1079 4666 1353 4734 Oppositas
1381 4664 1490 4718 suis
1536 4662 1786 4719 fenestris
1815 4666 2013 4734 apertis

424 4760 683 4824 intuetur,
713 4772 817 4828 quo
846 4756 1024 4811 minus
1049 4754 1070 4786 ³
1097 4755 1180 4810 sol
1209 4755 1501 4824 penetralia
1543 4754 1660 4823 ejus
1693 4755 1830 4812 cmlo
1854 4771 2012 4826 aper-

425 4853 562 4907 tiore
592 4847 897 4920 perfundat.
925 4838 1191 4916 Numquid
1222 4862 1348 4916 ergo
1379 4847 1508 4900 solis
1538 4854 1621 4901 est
1644 4846 1857 4913 vitium,
1890 4848 2015 4916 quia

424 4946 517 5000 ille
545 4944 721 4998 lucem
749 4941 901 4996 istam
931 4941 1008 4995 sic
1036 4939 1243 5006 dilexit,
1274 4946 1331 4992 ut
1359 4954 1476 4993 eam
1508 4938 1610 4993 luci
1632 4938 1851 5008 justitite
1874 4957 2016 5012 pra:-

426 5050 629 5106 ponere
655 5032 895 5098 auderet,
929 5040 982 5086 et
1000 5032 1183 5086 volens
1213 5030 1395 5084 lumen
1423 5030 1701 5085 oculorum
1723 5033 2017 5090 carnalium

426 5128 785 5184 abundantius
830 5127 1077 5196 excipere
1116 5125 1171 5179 in
1221 5125 1575 5179 habitaculum
1619 5127 1899 5195 corporis,
1936 5129 2018 5199 ja-

428 5235 589 5275 nuam
620 5219 797 5274 cordis
824 5225 879 5273 et
907 5217 1074 5272 aciem
1114 5216 1307 5271 mentis
1347 5226 1531 5271 contra
1558 5216 1736 5272 lumen
1768 5219 2019 5278 claudere

429 5310 733 5382 aequitatis?
753 5308 916 5365 Vides
934 5324 1062 5379 ergo
1087 5308 1251 5362 amari
1284 5322 1440 5378 posse
1461 5323 1574 5364 rem
1594 5309 1812 5379 bonam,
1835 5328 2019 5371 amore

431 5418 541 5457 non
572 5403 729 5456 bono.
760 5400 1113 5471 Quapropter,
1141 5415 1264 5455 cum
1296 5408 1348 5455 tu
1376 5400 1576 5455 malum
1606 5399 1750 5457 dicas
1772 5404 1858 5457 cui
1883 5419 2017 5460 con-

431 5495 712 5552 sentiendo
735 5495 911 5551 anima
936 5503 1159 5566 peccat;
1193 5510 1292 5566 ego
1332 5495 1531 5550 bonum
1576 5495 1697 5552 dico
1740 5496 1792 5551 in
1821 5512 2019 5567 genere

432 5604 550 5655 suo,
582 5589 673 5644 sed
697 5590 802 5645 tale
822 5589 1021 5645 bonum
1054 5589 1139 5645 cui
1168 5590 1401 5645 animam
1424 5605 1534 5661 quo
1562 5599 1647 5646 est
1669 5591 1859 5646 melior
1883 5606 2017 5647 con-

431 5682 633 5737 sentire
667 5697 771 5761 nep
795 5682 1003 5739 deceat.
1030 5680 1162 5738 Cum
1185 5682 1331 5737 enim
1374 5683 1445 5738 sit
1471 5685 1587 5754 ipsa
1611 5698 1837 5755 corpore
1860 5698 2019 5756 supe-

497 5777 516 5844 ξ
542 5778 601 5844 In
622 5775 902 5844 επηοὶθηβί
922 5780 1035 5844 its.
1054 5786 1144 5825 nec
1159 5771 1480 5839 ρνουοιυαειιτο

496 5836 518 5897 2
542 5842 699 5895 Forte,
724 5835 868 5897 infert
886 5835 1028 5886 vitiis.

500 5896 521 5926 ³
554 5900 605 5944 tn
626 5903 706 5945 Ms.
726 5896 1027 5968 parnotensi,
1053 5908 1153 5968 squ
1171 5898 1393 5961 fenestris
1427 5900 1592 5956 anim
1623 5899 1891 5968 quoniam,
1919 5906 2017 5955 etc.

434 5961 584 6008 Locus
604 5956 871 6021 perplexus
892 5966 944 6013 et
964 5956 1246 6013 meum.

1208 493 1482 554 CONTRA
1523 486 1959 551 SECUNDINUM
1995 485 2448 563 MANICIIAEUM,
2487 492 2547 552 S.
2588 489 2955 554 AUGUSTINI

3610 495 3721 558 ὅθί

2131 608 2261 673 rior,
2290 608 2565 680 Deumque
2592 609 2785 667 habeat
2810 627 2868 668 se
2897 612 3249 684 superiorem,
3277 614 3519 686 quamvis
3543 615 3595 672 In
3625 632 3717 673 or-

2131 699 2257 778 dine
2303 717 2398 759 suo
2448 714 2634 759 natura
2681 707 2921 777 corporis
2968 707 3106 764 bona
3152 709 3257 775 sit,
3307 718 3490 780 peccat
3536 718 3715 768 tamen

2132 794 2306 849 anima
2328 838 2342 861 ,
2371 805 2426 851 et
2455 798 2723 867 peccando
2753 800 2811 853 lit
2852 800 2989 855 mala
3010 843 3025 870 ,
3057 801 3101 857 si
3127 803 3535 858 consensionem
3573 803 3714 861 dile-

2132 886 2323 943 ctionis
2347 904 2504 960 quam
2549 892 2810 963 superiori
2854 893 2964 949 Deo
3008 893 3207 963 debet,
3236 894 3475 952 inferiori
3501 897 3715 969 corpori

2131 975 2399 1049 adjungat.
3766 1038 3769 1039 ν

2201 1067 2427 1127 CAPUT
2465 1070 2629 1129 XVII.
2660 1104 2730 1116 —
2757 1074 2907 1144 Quod
2942 1077 2986 1131 si
3022 1075 3155 1134 dicis
3177 1119 3194 1146 ,
3226 1093 3331 1134 non
3361 1094 3479 1135 eam
3510 1095 3706 1137 vocare

2132 1168 2183 1217 te
2204 1164 2610 1221 consensionem
2641 1168 2961 1239 culpabilem
2986 1211 3001 1236 ,
3045 1185 3166 1225 cum
3194 1186 3283 1228 res
3313 1172 3402 1229 illa
3430 1172 3668 1243 diligitur
3693 1214 3711 1242 ,

2130 1269 2248 1323 quae
2282 1272 2389 1311 non
2416 1258 2523 1328 agit
2548 1268 2606 1315 ut
2629 1260 2729 1316 sibi
2760 1262 3151 1330 consentiatur;
3194 1264 3289 1319 sed
3330 1272 3459 1321 tunc
3487 1281 3716 1321 consen-

2132 1345 2233 1401 tire
2269 1348 2525 1416 animam,
2546 1366 2666 1406 cum
2694 1352 2839 1408 illum
2877 1354 2963 1409 cui
3000 1358 3269 1412 consentit
3295 1356 3496 1428 aliquid
3523 1356 3712 1414 suadet

2130 1447 2220 1493 aut
2247 1441 2446 1511 aliquid
2474 1442 2645 1513 cogit;
2675 1452 2730 1500 et
2756 1454 3035 1517 propterea
3078 1449 3276 1503 malum
3306 1463 3460 1517 esse,
3501 1450 3623 1520 quia
3655 1458 3716 1503 ut

2128 1530 2325 1600 aliquid
2361 1534 2481 1588 mali
2511 1537 2890 1603 committatur,
2921 1538 3113 1594 suadet
3137 1549 3228 1596 aut
3250 1550 3401 1612 urget
3430 1559 3445 1595 :
3477 1541 3714 1596 secunda

2129 1622 2353 1690 qumstio
2379 1633 2476 1690 est,
2508 1634 2560 1680 et
2579 1625 2765 1683 ordine
2796 1643 2894 1683 suo
2914 1628 3025 1698 jam
3046 1630 3263 1703 jamque
3284 1632 3443 1687 etiam
3469 1632 3581 1703 ipsa
3604 1641 3715 1687 tra-

2128 1712 2337 1768 ctanda.
2361 1713 2464 1769 Sed
2487 1718 2890 1773 meminerimus
2912 1719 2998 1776 hic
3018 1722 3246 1791 primum
3269 1722 3497 1795 peccati,
3518 1723 3587 1780 de
3604 1739 3715 1795 quo

2127 1803 2256 1858 satis
2283 1844 2300 1870 ,
2346 1813 2405 1859 ut
2431 1805 2663 1862 arbitror
2686 1850 2701 1877 ,
2744 1808 3074 1880 disputatum
3115 1821 3199 1867 est
3232 1830 3246 1866 :
3273 1813 3569 1885 claruitque
3596 1814 3716 1871 fieri

2130 1909 2288 1961 posse
2328 1905 2384 1949 ut
2414 1912 2502 1952 res
2528 1897 2699 1968 aliqua
2740 1900 2793 1954 in
2825 1917 2922 1956 suo
2959 1917 3155 1973 genere
3188 1904 3326 1959 bona
3356 1905 3496 1961 male
3521 1904 3715 1977 diliga-

2128 1994 2214 2040 tur
2238 2027 2252 2051 ,
2288 1995 2341 2041 et
2364 1986 2620 2046 dilectore
2660 1991 2873 2062 culpato
2903 1993 2919 2024 ⁸
2952 1993 3066 2065 ipsa
3112 2010 3217 2051 non
3262 1996 3712 2066 reprehendatur.

2125 2076 2263 2144 Quid
2301 2079 2476 2148 enim,
2525 2082 2569 2136 si
2620 2083 2707 2137 tali
2744 2083 2853 2154 jam
2896 2086 3182 2143 dilectione
3223 2091 3497 2159 peccatrix
3533 2090 3715 2148 anima

2124 2177 2284 2237 atque
2311 2171 2498 2225 vitiosa
2523 2172 2663 2228 idem
2687 2184 2962 2244 peccatum
2986 2177 3140 2234 alteri
3160 2180 3505 2250 persuadeat,
3534 2197 3718 2239 nonne

2124 2269 2179 2314 et
2204 2260 2291 2315 illa
2320 2260 2396 2334 (α)
2424 2279 2543 2333 qua:
2572 2266 2913 2334 persuadenti
2960 2272 3267 2337 consentit,
3318 2274 3407 2329 tali
3450 2273 3581 2330 vitio
3623 2274 3718 2331 de-

2124 2362 2358 2422 pravata,
2411 2357 2555 2425 quali
2593 2358 2722 2414 vitio
2759 2359 3046 2432 depravata
3096 2363 3186 2419 illa
3230 2381 3390 2436 quam
3432 2367 3713 2438 sequitur?

2124 2444 2361 2501 Primum
2388 2462 2519 2519 ergo
2547 2461 2827 2520 peccatum
2859 2462 2972 2520 est,
3010 2455 3254 2525 quamvis
3279 2455 3473 2512 bonam
3503 2466 3717 2513 creatu-

2123 2553 2238 2593 ram
2263 2539 2501 2596 Creatori
2530 2542 2581 2597 in
2604 2543 2890 2601 dilectione
2916 2562 3228 2617 prteponere
3254 2566 3268 2603 :
3296 2547 3587 2605 secundum
3610 2564 3714 2604 au-

2124 2638 2231 2686 tem
2255 2673 2269 2697 ,
2312 2631 2538 2688 alterum
2570 2650 2779 2706 quoque
2818 2646 2877 2691 ut
2922 2637 2974 2692 id
3013 2636 3175 2694 faciat
3201 2638 3286 2695 vel
3324 2638 3599 2694 suadendo
3626 2638 3716 2695 vel

2123 2725 2361 2795 cogendo
2417 2736 2643 2784 tentare.
2701 2728 2869 2784 Nemo
2914 2731 3057 2786 enim
3105 2730 3173 2786 ad
3228 2733 3545 2802 pravitatem
3597 2731 3715 2787 vult

2123 2816 2283 2873 alium
2315 2819 2628 2889 perducere,
2666 2822 2755 2891 qui
2797 2838 2901 2877 non
2931 2824 3078 2893 prior
3104 2824 3220 2894 ipse
3248 2823 3568 2896 depravatus
3604 2833 3712 2880 est.

2124 2907 2417 2967 Voluntate
2444 2922 2621 2967 autem
2667 2917 2966 2986 peccant’,
3013 2917 3102 2988 qui
3144 2916 3280 2973 alios
3323 2916 3391 2973 ad
3430 2925 3713 2989 peccatum

2122 3004 2417 3073 perducere
2455 3008 2696 3077 cupiunt,
2722 3009 2809 3063 vel
2835 3009 2994 3064 stulta
3020 3010 3415 3079 benevolentia,
3446 3012 3532 3068 vel
3557 3011 3716 3067 mali-

2123 3099 2258 3154 tiosa
2294 3099 2610 3155 invidentia.
2639 3101 2770 3170 Quis
2795 3104 2938 3159 enim
2979 3104 3118 3159 lilios
3157 3119 3285 3160 suos
3323 3105 3714 3176 uisiperverse

2121 3192 2351 3248 amando
2381 3203 2599 3263 monet,
2630 3205 2688 3250 ut
2717 3196 2920 3253 nullum
2950 3198 3157 3254 lucrum
3189 3208 3349 3270 turpe
3374 3199 3711 3267 existiment,

2122 3283 2217 3339 sed
2250 3284 2621 3357 undecumque
2660 3288 2943 3358 acquirant
2974 3290 3205 3361 amplam
3245 3290 3564 3362 pecuniam?
3594 3290 3714 3348 Uti-

2120 3391 2225 3444 que
2252 3393 2357 3431 non
2389 3377 2502 3433 odit
2525 3394 2643 3448 eos,
2666 3388 2721 3436 et
2748 3390 2925 3439 tamen
2953 3383 3254 3453 perniciose
3281 3384 3581 3456 persuadet.
3604 3383 3714 3441 Ta-

2121 3468 2249 3523 lium
2276 3469 2475 3540 quippc
2503 3470 2793 3528 dilectione
2829 3473 2939 3544 jam
2980 3476 3093 3545 ipse
3121 3486 3405 3547 corruptus
3438 3485 3559 3543 est,
3588 3490 3715 3531 cum

2120 3576 2307 3618 aurum
2346 3571 2400 3618 et
2438 3572 2719 3634 argentum
2751 3566 2949 3621 malum
2978 3581 3083 3622 non
3115 3569 3219 3635 sit;
3261 3567 3713 3640 quemadmodum

2123 3663 2176 3710 et
2218 3654 2310 3709 ille
2350 3656 2469 3721 sol,
2512 3655 2580 3713 de
2618 3673 2726 3728 quo
2754 3659 3001 3729 superius
3024 3660 3261 3731 egimus;
3303 3661 3400 3718 sed
3427 3669 3601 3717 tamen
3631 3659 3715 3716 rei

2098 3746 2279 3829 obonac
2322 3748 2548 3804 dilector
2600 3749 2939 3808 inordinatus
2979 3752 3031 3807 in
3080 3753 3237 3824 culpa
3286 3754 3375 3809 sit.
3416 3752 3717 3809 Invidentia

2124 3852 2284 3902 vero,
2336 3853 2455 3893 cum
2505 3839 2667 3894 alium
2712 3842 2825 3895 vult
2877 3842 3104 3912 quisque
3151 3857 3396 3913 peccare,
3449 3842 3717 3899 honorem

2122 3927 2295 3998 diligit
2317 3929 2669 3986 immoderata
2692 3932 2962 4002 superbia,
2987 3942 3042 3989 et
3067 3934 3121 3989 in
3146 3949 3212 3989 eo
3236 3936 3383 4006 cupit
3411 3935 3717 4003 excellere,

2122 4029 2281 4090 atque
2316 4022 2525 4077 caneris
2568 4024 2812 4091 anteire;
2852 4041 3009 4095 quem
3049 4026 3265 4097 quidem
3292 4026 3720 4097 videt’amplius

2123 4119 2179 4167 et
2205 4113 2381 4167 verius
2410 4112 2606 4168 deferri
2635 4115 2916 4171 virtutibus
2935 4158 2951 4183 ,
2983 4132 3050 4172 ne
3078 4117 3131 4172 in
3174 4133 3241 4173 eo
3266 4128 3585 4189 superetur,
3616 4133 3719 4172 cu—

2123 4204 2201 4273 pit
2236 4204 2371 4259 alios
2412 4204 2479 4258 ad
2530 4204 2822 4276 iniquitatis
2848 4208 3158 4278 voraginem
3197 4224 3263 4265 ex
3300 4208 3564 4281 arquitatis
3591 4223 3721 4265 arce

2123 4294 2340 4365 deponi.
2386 4294 2497 4350 Hoc
2526 4296 2685 4353 modo
2725 4296 2967 4353 diabolus
3010 4299 3239 4356 suadere
3281 4308 3373 4355 aut
3414 4316 3606 4371 cogere
3646 4298 3720 4355 ad

2122 4396 2341 4457 peccala
2367 4396 2609 4443 conatur.
2663 4388 2767 4445 Sed
2806 4390 3064 4462 numquid
3108 4391 3221 4463 ipse
3264 4391 3436 4447 honor
3474 4392 3528 4447 in
3559 4391 3722 4461 culpa

2122 4486 2244 4544 est,
2285 4478 2408 4549 quia
2439 4494 2560 4535 eum
2610 4479 2853 4537 diabolus
2892 4497 3145 4552 perverse
3193 4492 3351 4552 atque
3391 4483 3552 4552 impie
3589 4481 3718 4531 dili-

2121 4571 2297 4642 gendo
2342 4572 2534 4642 impius
2574 4573 2744 4629 Iactus
2782 4575 2904 4629 est?
2945 4575 3050 4629 Aut
3092 4575 3205 4641 ipsa
3242 4569 3479 4640 ejusdem
3520 4569 3715 4625 diaboli

2123 4664 2363 4735 angelica
2398 4666 2691 4720 substantia
2712 4706 2725 4731 ,
2760 4679 2917 4733 quam
2971 4663 3109 4720 Deus
3137 4666 3337 4719 creavit
3359 4704 3374 4731 ,
3414 4663 3535 4719 ideo
3574 4662 3719 4719 mala

2124 4765 2237 4823 est,
2281 4756 2403 4825 quia
2433 4756 2728 4811 substantia
2765 4756 2881 4810 est?
2912 4754 3019 4810 Sed
3058 4770 3181 4811 eum
3206 4755 3322 4826 ejus
3348 4755 3602 4811 deserens
3627 4754 3717 4810 dio

2124 4845 2407 4901 lectionem
2430 4887 2445 4912 ,
2488 4855 2540 4901 et
2570 4844 2637 4900 ad
2682 4860 2831 4900 suam
2865 4845 3023 4900 nimis
3049 4860 3339 4902 conversus
3367 4844 3390 4877 ⁵
3414 4888 3429 4913 ,
3462 4846 3513 4901 ei
3545 4844 3721 4901 videri

2124 4937 2270 5007 cupit
2313 4937 2564 5009 aequalis,
2603 4939 2866 5009 superbiae
2907 4948 3115 4996 tumore
3147 4939 3385 5011 dejectus
3428 4949 3530 4996 est.
3596 4939 3719 4995 Non

2125 5043 2253 5099 ergo
2290 5029 2343 5083 in
2383 5038 2641 5099 quantum
2690 5029 2985 5085 substantia
3024 5038 3136 5097 est,
3182 5031 3277 5087 sed
3306 5032 3556 5102 quoniam
3586 5030 3723 5085 sub-

2127 5120 2319 5175 stantia
2372 5120 2508 5176 l‘acla
2559 5131 2679 5190 est,
2732 5123 2785 5177 iu
2838 5134 3091 5201 quantum
3148 5138 3207 5178 se
3260 5124 3436 5191 ipsum
3487 5122 3721 5193 amplius

2126 5211 2311 5268 dilexit
2340 5206 2497 5284 quam
2525 5230 2648 5269 eum
2672 5230 2699 5269 a
2726 5230 2833 5285 quo
2858 5215 3025 5271 factus
3047 5223 3148 5283 est,
3178 5216 3351 5271 malus
3375 5225 3487 5282 est;
3515 5224 3570 5272 et
3596 5215 3722 5271 ideo

2124 5305 2317 5370 malus,
2342 5306 2462 5374 quia
2492 5306 2669 5361 minus
2694 5315 2779 5362 est
2806 5322 2963 5377 quam
2991 5314 3154 5375 esset,
3188 5307 3232 5362 si
3262 5306 3316 5362 id
3344 5305 3485 5377 quod
3509 5321 3721 5362 summe

2125 5404 2210 5452 est
2239 5396 2512 5453 dilexisset
2542 5416 2555 5452 :
2586 5398 2826 5454 defectus
2856 5414 2985 5470 ergo
3013 5399 3185 5454 malus
3224 5408 3327 5455 est.
3367 5398 3555 5455 Omnis
3589 5413 3721 5471 ergo

2126 5486 2366 5543 defectus
2412 5487 2479 5544 ab
2524 5503 2590 5544 eo
2639 5488 2779 5561 quod
2823 5497 2926 5557 est,
2976 5489 3145 5546 tendit
3186 5499 3245 5546 ut
3284 5503 3393 5546 non
3433 5490 3550 5547 sit:
3581 5490 3720 5547 sicut

2191 5657 2215 5729 ξ
2235 5656 2310 5729 s_ic
2323 5664 2468 5729 vetus
2483 5657 2640 5709 codex
2660 5662 2984 5729 carnotensis.
3001 5666 3058 5713 At
3073 5661 3210 5725 editi,
3233 5660 3489 5715 dilectione
3505 5661 3716 5729 culpata.

2195 5720 2216 5785 ξ
2251 5726 2410 5785 Forte,
2443 5721 2716 5785 quemun
2735 5721 2883 5773 videt.

2191 5780 2213 5854 ξ
2244 5780 2376 5854 Idem
2398 5780 2554 5854 codex
2574 5780 2915 5854 Carnotensis,_
2932 5785 3101 5840 Volunt
3120 5794 3281 5840 autem
3300 5787 3385 5852 qui
3406 5791 3625 5854 μάσω.

2190 5839 2214 5903 Ψ
2246 5841 2378 5892 tdem
2399 5843 2575 5903 codex,
2598 5850 2644 5895 et
2667 5844 2733 5896 ad
2753 5859 2842 5896 sua
2864 5839 3006 5900 tiimzs
3028 5839 3300 5902 corwersus.

2126 5902 2261 6020 mgf)
2284 5909 2445 6021 Fuge.
2467 5916 2621 5961 nam
2638 5913 2711 5963 est
2736 5906 2840 5974 illa,
2858 5910 3001 5977 juxta
3021 5912 3171 5967 Morel
3187 5947 3205 5981 ,
3227 5912 3378 5969 stem.
3393 5910 3577 5979 uitia,
3601 5920 3717 5979 pag.
