4094 6454
338 413 448 476 595

338 525 516 585 omnis
539 529 814 596 prmectus
842 523 909 578 ab
932 532 998 578 eo
1022 518 1166 593 quod
1190 516 1368 576 minus
1392 521 1497 586 est,
1529 514 1698 573 tendit
1724 523 1784 572 ut
1813 530 1927 571 ma-

342 621 423 692 gis
464 618 552 673 sit.
604 616 788 672 Honor
829 614 1024 685 quippe
1065 627 1326 679 summus,
1356 610 1566 682 qualem
1590 609 1763 682 pietas
1797 606 1926 662 reli-

340 713 613 782 giosorum
642 705 882 773 exhibet,
907 705 1088 776 utique
1108 704 1222 760 Deo
1240 702 1485 759 debetur.
1510 699 1610 769 Qui
1631 714 1760 769 ergo
1785 704 1931 753 amat

348 803 627 868 honorem,
663 799 829 856 Deum
860 798 1118 855 imitatur.
1149 796 1258 853 Sed
1288 794 1515 851 humiles
1538 792 1727 848 animae
1754 792 1810 846 in
1838 792 1930 847 illo

344 908 403 950 se
431 892 681 949 honorari
705 891 927 958 volunt;
953 889 1171 961 superbi
1193 929 1209 958 ,
1248 902 1359 959 prae
1385 886 1494 941 illo.
1525 884 1609 940 Ad
1638 884 1805 939 Deum
1828 898 1932 939 au-

346 996 453 1043 tem
484 985 732 1052 humiles,
760 983 1083 1041 excelsiores
1113 982 1247 1036 liunt
1270 978 1516 1049 injustis;
1548 984 1735 1033 contra
1761 976 1927 1030 Deum

346 1095 474 1136 vero
513 1078 748 1145 excelsi,
775 1076 1093 1132 humiliores
1114 1073 1243 1128 fiunt
1258 1071 1416 1143 justis
1447 1088 1461 1127 :
1496 1084 1557 1124 ea
1593 1068 1794 1125 scilicet
1818 1066 1933 1122 dis-

347 1175 661 1245 pensatione
704 1168 1043 1239 praemiorum
1119 1172 1279 1235 atque
1326 1175 1647 1235 poenarum,
1689 1158 1811 1231 quia
1854 1156 1934 1213 illi

348 1264 517 1320 Deum
537 1268 854 1316 amaverunt
873 1272 1031 1328 supra
1050 1271 1131 1324 se,
1147 1255 1223 1311 illi
1261 1270 1358 1326 pro
1378 1254 1487 1309 Deo
1508 1256 1821 1307 amaverunt
1847 1262 1928 1303 se.

416 1351 644 1410 CAPUT
689 1350 878 1407 XVIII.
912 1378 985 1390 —
1008 1348 1147 1415 Jam,
1178 1354 1237 1402 ut
1258 1346 1511 1411 arbitror,
1543 1342 1698 1399 facile
1725 1348 1805 1397 est
1833 1339 1930 1395 tibi

344 1445 644 1516 intelligere
668 1458 735 1499 ex
762 1442 929 1513 ipsius
957 1440 1134 1497 verbis
1159 1438 1397 1510 epistolae
1424 1446 1550 1504 tuae,
1577 1434 1769 1507 quibus
1794 1431 1934 1488 dixi-

346 1538 457 1607 sti,
495 1538 718 1591 animam
741 1576 756 1600 ,
788 1550 902 1590 cum
928 1533 1172 1589 consentit
1194 1530 1330 1586 malo
1354 1571 1370 1596 ,
1398 1528 1655 1584 uoluntate
1694 1541 1898 1598 peccare
1917 1565 1933 1592 ,

347 1630 554 1687 nullum
584 1628 786 1684 malum
814 1642 934 1684 esse
962 1634 1204 1682 naturam
1234 1623 1450 1691 malam,
1479 1620 1567 1678 vel
1595 1620 1935 1676 dilectionem

348 1730 557 1776 natura:
583 1718 739 1774 make
769 1738 783 1774 :
815 1717 910 1774 sed
938 1731 1059 1773 cum
1087 1730 1273 1771 omnes
1301 1722 1507 1770 naturae
1534 1713 1587 1767 in
1615 1726 1713 1767 suo
1737 1724 1937 1782 genere

348 1811 505 1867 bonae
531 1810 639 1867 sint
660 1852 677 1879 ,
708 1810 907 1865 malum
933 1823 1053 1865 esse
1092 1815 1367 1879 peccatum
1397 1804 1539 1877 quod
1570 1804 1629 1858 fit
1667 1802 1938 1858 voluntate

354 1904 568 1969 animae,
593 1918 713 1958 cum
734 1903 903 1973 diligit
928 1916 1025 1972 pro
1050 1902 1166 1971 ipso
1185 1898 1439 1956 Creatore
1465 1902 1801 1961 creaturam;
1826 1895 1938 1950 sive

352 2011 451 2053 suo
480 2003 635 2065 nutu,
658 2010 780 2052 cum
806 1995 875 2051 sit
899 1994 1037 2050 mala
1061 2009 1077 2060 ;
1106 1994 1219 2049 sive
1247 1992 1467 2048 alterius
1496 2004 1750 2061 persuasu
1771 2030 1787 2058 ,
1814 2003 1936 2059 cum

351 2085 622 2142 consentit
649 2085 812 2140 malo.
853 2082 924 2140 Et
951 2084 1296 2139 nihilominus
1331 2082 1408 2139 sic
1431 2095 1646 2154 quoque
1675 2080 1736 2135 fit
1761 2081 1934 2148 mala,

353 2176 809 2247 consequentibus
844 2174 1142 2249 suppliciis,
1171 2182 1231 2231 ut
1258 2188 1354 2245 pro
1381 2173 1587 2229 meritis
1622 2172 1797 2227 omnia
1828 2171 1940 2227 dis-

350 2276 621 2338 ponantur
642 2282 674 2322 a
721 2266 978 2323 Creatore
1005 2280 1215 2321 summe
1242 2265 1385 2321 bono
1408 2264 1463 2320 in
1489 2272 1732 2320 creatura
1759 2264 1934 2331 bona;

350 2356 445 2414 sed
469 2372 580 2413 non
608 2371 813 2413 summe
835 2356 996 2424 bona,
1022 2357 1145 2428 quia
1165 2371 1271 2413 non
1293 2370 1410 2411 eam
1433 2355 1616 2426 genuit
1633 2354 1701 2410 de
1721 2369 1779 2411 se
1799 2354 1933 2424 ipso,

352 2446 447 2504 sed
478 2445 609 2504 fecit
636 2462 702 2504 ex
731 2447 920 2503 nihilo.
951 2446 1031 2502 'l‘u
1058 2456 1238 2504 autem
1266 2446 1586 2503 constituisti
1615 2445 1750 2501 duas
1780 2454 1936 2500 natu—

353 2552 462 2606 ras,
495 2554 720 2611 quarum
745 2555 906 2595 unam
933 2540 1015 2595 vis
1043 2540 1238 2596 bonam
1263 2553 1387 2596 esse
1406 2580 1422 2609 ,
1454 2539 1677 2594 alteram
1704 2538 1935 2606 malam;

350 2630 434 2686 vel
460 2631 638 2701 potius
664 2647 823 2687 unam
848 2631 1002 2699 boni,
1052 2632 1276 2688 alteram
1318 2631 1443 2687 mali
1477 2650 1490 2686 :
1524 2646 1647 2687 nam
1675 2630 1813 2686 mala
1838 2646 1936 2687 na-

350 2729 471 2779 tura
497 2738 563 2778 ex
591 2722 727 2779 bona
761 2724 921 2781 etiam
946 2723 1221 2797 peccando
1246 2723 1325 2780 fit.
1363 2722 1569 2780 Fateris
1596 2731 1777 2780 tamen
1818 2738 1937 2779 eam

349 2823 597 2871 naturam
622 2832 781 2889 quam
812 2816 1007 2873 bonam
1036 2831 1157 2873 esse
1182 2816 1317 2872 dicis
1341 2858 1357 2885 ,
1385 2817 1528 2872 malo
1552 2815 1938 2873 consentiendo

350 2907 490 2963 male
519 2906 715 2975 facere,
744 2909 845 2964 hoc
872 2917 987 2977 est,
1017 2908 1291 2964 voluntate
1321 2921 1565 2978 peccare.
1605 2908 1676 2963 At
1697 2922 1797 2978 ego
1819 2921 1937 2963 am-

350 2996 447 3054 bas
471 3000 642 3055 bonas
668 3014 789 3056 esse
817 3014 1000 3057 assero
1024 3041 1040 3067 ,
1067 2999 1165 3056 sed
1193 3014 1351 3054 unam
1378 3013 1563 3055 earum
1591 2986 1731 3055 male
1760 2998 1937 3055 facere

351 3090 649 3159 suadendo,
680 3091 837 3147 aliam
858 3092 999 3149 male
1028 3090 1204 3148 facere
1230 3090 1636 3148 consentiendo.
1666 3090 1814 3147 Sicut
1834 3105 1936 3147 au-

350 3189 454 3237 tem
482 3182 703 3239 alterius
729 3183 1014 3240 consensio
1042 3197 1150 3238 non
1173 3190 1255 3239 est
1284 3191 1470 3238 natura
1489 3224 1505 3251 ,
1532 3183 1611 3238 sic
1645 3197 1747 3238 nec
1778 3182 1938 3253 hujus

347 3276 529 3332 suasio
563 3295 579 3330 :
611 3276 750 3332 sicut
777 3283 836 3333 et
857 3278 956 3333 ista
978 3276 1024 3332 si
1051 3292 1158 3332 non
1185 3276 1522 3345 consentiat,
1558 3276 1697 3332 bona
1726 3290 1937 3345 perma-

346 3368 512 3432 nebit,
547 3368 905 3439 integritatem
932 3377 1134 3423 naturae
1161 3383 1271 3423 suae
1295 3367 1637 3433 custodiens;
1668 3366 1745 3422 sic
1774 3366 1863 3421 illa
1889 3366 1937 3421 si

346 3474 454 3515 non
479 3459 720 3526 suadeat,
742 3460 1074 3516 emendatior
1093 3460 1213 3515 erit.
1242 3458 1299 3515 Si
1320 3474 1448 3515 vero
1473 3459 1636 3515 etiam
1660 3466 1935 3530 peccatum

345 3550 491 3621 quod
530 3567 639 3606 non
667 3550 883 3619 suadet,
912 3566 1013 3606 nec
1041 3552 1153 3621 ipsa
1181 3552 1513 3617 committat;
1546 3550 1745 3621 pariter
1770 3558 1932 3607 erunt

350 3642 573 3714 integrae
597 3684 613 3709 ,
650 3652 808 3715 atque
836 3644 889 3699 in
920 3658 1017 3698 suo
1041 3658 1237 3714 genere
1268 3642 1581 3699 laudabiles.
1623 3643 1690 3699 Et
1716 3648 1759 3699 sl
1787 3644 1932 3699 enim

344 3732 426 3789 bis
448 3734 534 3788 illa
556 3743 742 3804 peccat
763 3749 881 3805 qua:
905 3742 960 3789 et
984 3734 1270 3790 committit
1293 3742 1348 3791 et
1380 3734 1607 3801 suadet,
1638 3733 1726 3789 illa
1750 3742 1929 3791 autem

345 3826 512 3881 semel
542 3826 588 3881 si
617 3825 982 3881 tantummodo
1010 3826 1078 3881 ad
1103 3826 1243 3883 male
1271 3825 1571 3884 faciendum
1595 3826 1930 3893 consentiat;

345 3927 523 3975 tamen
562 3919 793 3989 peccatis
832 3919 965 3973 tiunt
1000 3919 1189 3987 malm,
1219 3934 1326 3976 non
1362 3928 1549 3975 natura
1592 3926 1717 3974 sunt
1753 3919 1929 3974 malae.

348 4008 458 4063 Aut
484 4009 527 4063 si
553 4017 769 4080 propter
791 4010 1092 4065 suasionem
1121 4018 1308 4065 natura
1348 4010 1447 4066 ista
1476 4009 1616 4065 mala
1644 4018 1745 4077 est,
1774 4010 1852 4064 sic
1878 4017 1932 4065 et

347 4099 438 4154 illa
477 4109 691 4170 propter
729 4101 1151 4156 consensionem.
1182 4100 1289 4158 Sed
1330 4100 1375 4156 si
1403 4099 1556 4172 pejus
1597 4100 1693 4156 tibi
1721 4100 1933 4157 videtur

345 4204 465 4245 esse
508 4191 737 4248 suadere
775 4206 934 4263 quam
977 4192 1312 4260 consentire,
1357 4193 1427 4248 sit
1461 4192 1560 4246 ista
1600 4191 1773 4260 mala,
1828 4192 1931 4248 ista

343 4279 496 4351 pejor
523 4298 538 4334 :
568 4296 673 4336 non
700 4288 877 4337 tamen
907 4290 1052 4337 tanta
1097 4283 1166 4337 sit
1188 4282 1428 4352 acceptio
1464 4296 1811 4353 personarum
1832 4324 1847 4349 ,
1876 4292 1932 4339 et

342 4384 450 4424 non
480 4379 590 4425 tam
620 4371 797 4442 iniqua
826 4372 880 4427 in
898 4370 1186 4442 judicando
1212 4371 1547 4443 gratificatio,
1579 4381 1638 4427 ut
1662 4388 1783 4427 cum
1810 4387 1929 4427 am-

345 4457 422 4513 bae
446 4468 693 4528 peccent,
718 4462 957 4531 quamvis
985 4478 1087 4517 una
1114 4462 1328 4533 gravius
1346 4505 1361 4530 ,
1405 4464 1573 4519 altera
1597 4465 1783 4529 levius,
1823 4480 1928 4520 una

342 4548 551 4604 dicatur
576 4558 762 4604 natura
796 4552 919 4606 mali
944 4594 960 4619 ,
1005 4553 1171 4607 altera
1200 4552 1326 4607 boni
1359 4569 1373 4606 :
1403 4568 1466 4608 ac
1494 4569 1601 4609 non
1638 4555 1814 4623 potius
1838 4563 1930 4609 aut

343 4642 515 4697 amba:
540 4642 715 4711 honre,
754 4642 850 4698 sed
888 4643 976 4697 illa
1013 4644 1202 4700 melior
1227 4660 1345 4716 quae
1374 4655 1557 4715 peccat
1598 4647 1807 4713 minus;
1836 4654 1930 4703 aut

341 4735 514 4791 ambae
554 4735 708 4790 malae
730 4777 745 4800 ,
785 4734 880 4790 sed
912 4735 1000 4790 illa
1038 4737 1189 4806 pejor
1211 4752 1330 4808 quae
1356 4746 1538 4807 peccat
1569 4739 1821 4809 amplius.

408 4823 639 4881 CAPUT
676 4824 819 4880 XIX.
847 4856 915 4866 —
941 4826 1010 4881 At
1036 4828 1177 4881 enim
1209 4827 1351 4883 unde
1388 4828 1694 4883 estmalum
1725 4828 1926 4886 factum

340 4914 483 4987 quod
506 4923 784 4986 peccatum
809 4924 1047 4981 vocatur,
1074 4918 1119 4971 si
1147 4917 1291 4972 nulla
1320 4926 1401 4974 est
1426 4919 1549 4974 mali
1577 4920 1807 4975 natura?
1832 4919 1925 4976 Dic

340 5006 471 5061 mihi
494 5005 634 5062 unde
661 5007 731 5061 sit
754 5007 842 5062 illa
866 5008 1151 5064 consensio
1180 5008 1319 5063 mala
1350 5010 1405 5066 in
1438 5026 1501 5066 ea
1527 5020 1734 5080 natura,
1762 5027 1924 5083 quam

339 5097 534 5156 bonam
562 5112 681 5153 esse
703 5099 953 5154 concedis
975 5108 1029 5155 et
1056 5100 1330 5169 praedicas.
1364 5100 1630 5173 Quidquid
1661 5103 1804 5158 enim
1831 5120 1924 5174 pa-

337 5191 487 5257 titur,
511 5198 571 5243 ut
596 5189 893 5244 consentiat
920 5191 1089 5257 malo,
1128 5205 1235 5245 non
1266 5193 1447 5263 utique
1475 5201 1749 5264 pateretur
1772 5234 1788 5260 ,
1821 5195 1922 5249 nisi

336 5283 444 5354 pati
478 5291 680 5352 posset.
721 5280 914 5349 Quaero
951 5280 1129 5353 itaque
1173 5282 1311 5338 unde
1358 5283 1553 5340 habeat
1595 5286 1767 5356 ipsum
1811 5288 1920 5357 pati

336 5388 517 5445 posse.
548 5372 738 5429 Melior
761 5372 903 5428 enim
931 5381 1102 5439 esset,
1146 5374 1191 5429 si
1223 5388 1327 5430 non
1357 5373 1598 5431 haberet.
1637 5376 1754 5432 Non
1794 5393 1923 5449 ergo

337 5473 528 5521 natura
556 5464 749 5519 summi
788 5462 914 5519 boni
939 5505 953 5527 ,
982 5479 1086 5534 qua
1114 5474 1295 5535 posset
1331 5480 1452 5522 esse
1480 5466 1677 5538 aliquid
1706 5469 1918 5526 melius.

336 5558 543 5614 Deinde
576 5557 620 5612 si
660 5556 818 5613 habet
856 5556 911 5612 in
948 5565 1210 5627 potestate
1236 5558 1324 5613 vel
1356 5561 1661 5616 consentire
1688 5562 1774 5616 vel
1811 5576 1920 5618 non

333 5649 671 5713 consentire,
712 5662 819 5703 non
859 5662 987 5718 ergo
1025 5648 1162 5704 victa
1205 5650 1490 5705 consentit.
1531 5650 1725 5719 Quaero
1759 5652 1920 5724 igitur

334 5742 477 5800 unde
500 5740 694 5798 habeat
723 5741 879 5804 istam
905 5741 1316 5799 consensionem
1340 5744 1537 5801 malam
1562 5785 1579 5813 ,
1606 5744 1751 5801 nulla
1780 5760 1915 5802 con-

333 5834 498 5893 traria
523 5842 748 5909 cogente
774 5841 990 5893 natura.
1030 5833 1097 5894 Si
1128 5844 1306 5898 autem
1336 5840 1540 5912 cogitur
1568 5839 1873 5919 consentire
1893 5878 1912 5910 ,

1714 399 1919 457 LIBER
1951 399 2154 463 UNUS.

3504 412 3614 476 ΒΜ

2035 515 2110 571 ita
2138 523 2196 573 tit
2218 530 2324 574 non
2345 518 2415 575 sit
2433 518 2486 575 in
2510 520 2626 593 ejus
2644 528 2909 594 potestate
2929 523 3084 584 aliter
3100 524 3306 596 facere;
3333 540 3441 585 non
3460 544 3612 603 ergo,

2036 614 2097 663 ut
2135 607 2381 678 dicebas,
2416 612 2686 670 voluntate
2712 624 2929 686 peccat,
2959 617 3175 688 quando
3200 634 3305 676 non
3340 621 3618 681 voluntate

2036 703 2320 757 consentit.
2351 703 2456 759 Sed
2486 719 2584 776 ego
2608 706 2784 765 adhuc
2800 724 3003 780 quaero,
3027 709 3169 767 unde
3187 712 3241 768 in
3264 712 3352 768 illa
3373 716 3443 769 sit
3460 730 3620 786 posse

2037 792 2231 865 decipi,
2255 796 2299 851 si
2328 795 2608 868 decipitur.
2636 802 2935 874 Antequam
2962 804 3104 861 enim
3126 804 3485 878 deciperetur,
3512 810 3620 866 nisi

2038 894 2183 942 esset
2209 887 2263 941 in
2285 902 2347 943 ea
2372 898 2429 944 ut
2452 888 2555 947 hoc
2583 894 2689 963 pati
2726 903 2927 965 posset,
2954 913 3225 969 nunquam
3250 900 3431 971 utique
3469 910 3621 971 pate-

2039 987 2205 1035 retur.
2241 978 2550 1055 Quanquam
2576 986 2721 1043 nullo
2754 989 2913 1044 modo
2950 990 3053 1047 nisi
3089 992 3361 1049 voluntate
3389 1008 3621 1052 consen-

2040 1071 2105 1126 tit
2130 1090 2144 1127 :
2175 1074 2220 1129 si
2245 1084 2421 1131 autem
2446 1076 2672 1149 cogitur,
2709 1081 2903 1137 cedere
2927 1066 3102 1153 potius
3130 1100 3288 1155 quam
3320 1087 3626 1144 consentire

2040 1163 2264 1222 dicenda
2287 1178 2390 1225 est.
2422 1168 2526 1226 Sed
2552 1172 2896 1243 quoquolibet
2931 1176 3145 1232 nomine
3180 1177 3319 1233 istud
3348 1179 3587 1248 appelles
3605 1221 3622 1246 ,

2041 1272 2225 1328 quaero
2254 1260 2348 1315 abs
2371 1270 2423 1317 te
2447 1272 2604 1319 acuto
2629 1270 2687 1320 et
2712 1264 2895 1321 solerti
2923 1267 3057 1335 viro,
3098 1276 3153 1324 et
3191 1284 3222 1325 a
3261 1277 3352 1325 tuo
3380 1270 3625 1326 Romano

2042 1360 2103 1406 ut
2141 1354 2383 1422 gloriaris
2426 1353 2677 1425 ingenio,
2720 1357 2862 1414 unde
2900 1358 3092 1416 habeat
3118 1361 3221 1418 ista
3262 1362 3387 1418 boni
3426 1370 3617 1419 natura

2044 1443 2154 1514 pati
2199 1458 2359 1513 posse
2397 1445 2539 1516 quod
2580 1448 2795 1517 patitur,
2840 1458 2901 1505 ut
2946 1453 3245 1508 consentiat
3281 1453 3441 1509 malo.
3476 1452 3627 1510 Sicut

2044 1539 2187 1594 enim
2228 1541 2281 1595 in
2321 1541 2484 1613 ligno,
2513 1552 2797 1615 antequam
2824 1544 3094 1616 frangatur
3114 1588 3129 1613 ,
3163 1547 3304 1603 inest
3328 1546 3583 1619 fragilitas
3605 1588 3623 1614 ,

2043 1647 2162 1702 quae
2182 1633 2284 1687 nisi
2305 1634 2521 1702 inesset,
2550 1635 2716 1707 frangi
2744 1638 2961 1693 omnino
2988 1654 3094 1694 non
3125 1648 3337 1708 posset;
3378 1655 3477 1696 nec
3504 1640 3627 1696 ideo

2043 1738 2152 1779 non
2177 1733 2261 1781 est
2286 1725 2471 1796 fragile
2499 1727 2720 1798 lignum,
2749 1729 2794 1783 si
2833 1730 3013 1785 nullus
3037 1728 3234 1785 fractor
3258 1731 3474 1787 accedat
3502 1749 3516 1785 :
3548 1731 3628 1786 sic

2043 1831 2227 1884 quaero
2251 1818 2308 1875 in
2334 1818 2435 1873 ista
2462 1828 2654 1875 natura
2674 1861 2690 1888 ,
2722 1820 2865 1876 unde
2902 1822 2972 1876 sit
2995 1821 3238 1890 quaedam
3264 1823 3347 1877 vel
3372 1821 3629 1893 fragilitas

2046 1908 2132 1964 vel
2170 1908 2510 1980 ﬂexibilitas,
2549 1920 2833 1983 antequam
2875 1914 2941 1968 ad
2985 1914 3179 1968 malam
3222 1912 3629 1969 consensionem

2044 2001 2128 2057 vel
2157 2002 2209 2057 vi
2247 2001 2554 2075 frangatur,
2596 2005 2681 2060 vel
2710 2005 2959 2061 suasione
2987 2006 3248 2062 flectatur.
3287 2007 3395 2061 Aut
3420 2010 3464 2060 si
3502 2004 3631 2060 mali

2044 2092 2319 2149 vicinitate
2340 2094 2451 2164 jam
2480 2095 2741 2166 fragilitas
2768 2104 2903 2165 erat,
2938 2098 3076 2153 sicut
3099 2099 3273 2154 solent
3298 2112 3520 2168 corpora
3547 2097 3629 2152 vi-

2042 2187 2180 2242 cinae
2206 2187 2416 2257 paludis
2457 2188 2797 2245 exhalatione
2825 2190 3129 2260 corrumpi;
3152 2190 3261 2260 jam
3286 2205 3414 2261 ergo
3438 2205 3629 2246 corru-

2042 2281 2246 2353 ptibilis
2273 2290 2389 2338 erat
2411 2322 2428 2349 ,
2460 2282 2506 2339 si
2532 2282 2704 2352 potuit
2728 2298 2847 2338 eam
2885 2283 3174 2338 vicinitatis
3213 2282 3354 2339 illius
3382 2283 3632 2353 contagio

2043 2372 2409 2443 pestilentiosa
2437 2388 2802 2445 corrumpere.
2829 2374 3023 2443 Quaero
3048 2375 3210 2446 igitur
3233 2374 3373 2431 unde
3396 2374 3486 2431 illa
3516 2389 3629 2430 eor-

2042 2464 2386 2534 ruplibilitas.
2492 2450 2501 2453 ’

2113 2556 2326 2625 Quaeso,
2359 2559 2575 2616 attende
2600 2560 2726 2632 quid
2747 2561 2953 2632 loquar,
2981 2570 3038 2619 et
3057 2562 3188 2619 cede
3212 2565 3509 2634 perspicuae
3530 2580 3628 2622 ve-

2044 2649 2186 2703 ritati
2220 2667 2234 2704 :
2265 2665 2373 2706 non
2416 2652 2558 2708 enim
2597 2668 2778 2723 qurere
2807 2654 2949 2711 unde
2987 2657 3298 2726 corruptio;
3334 2658 3628 2728 responde-

2043 2743 2126 2800 bis
2154 2745 2293 2799 cnim
2319 2785 2335 2811 ,
2375 2745 2421 2800 A
2467 2756 2813 2817 corruptore;
2863 2749 3216 2821 eumdemque
3258 2762 3629 2822 corruptorem

2043 2835 2226 2891 nescio
2254 2851 2413 2906 quem
2452 2839 2747 2909 principem
2784 2840 2957 2911 gentis
2974 2842 3324 2897 tenebrarum
3350 2857 3472 2899 esse
3494 2858 3629 2900 con-

2042 2925 2236 2993 tendis,
2268 2926 2507 2982 utetiam
2534 2928 2787 2985 fabulosis
2813 2930 3133 3001 tegminibus
3162 2932 3457 2988 involutum
3484 2936 3631 2990 evol-

2043 3030 2170 3072 vere
2195 3032 2256 3071 ac
2284 3026 2468 3074 tenere
2494 3019 2580 3074 vix
2612 3022 2781 3090 possit
2809 3039 2823 3076 :
2854 3021 2949 3078 sed
2976 3038 3158 3093 quaero
3186 3024 3329 3080 unde
3362 3028 3629 3098 corrupti-

2042 3106 2239 3176 bilitas,
2281 3109 2443 3165 etiam
2493 3118 2779 3183 antequam
2828 3123 3111 3185 corruptor
3153 3118 3465 3183 accederet;
3507 3134 3628 3190 quae

2042 3199 2144 3254 nisi
2166 3207 2328 3267 esset,
2351 3211 2442 3258 aut
2468 3202 2645 3258 nullus
2670 3206 2950 3268 existeret,
2972 3214 3065 3262 aut
3105 3208 3239 3263 nihil
3278 3218 3496 3264 noceret
3534 3224 3630 3265 cu-

2037 3290 2258 3361 juslibet
2296 3296 2626 3365 corruptoris
2670 3298 2930 3354 accessio.
2958 3298 3092 3355 Cum
3115 3315 3243 3372 ergo
3271 3310 3325 3356 tu
3358 3300 3629 3358 inveneris

2042 3382 2182 3439 unde
2210 3384 2264 3439 in
2293 3385 2431 3440 bona
2461 3396 2651 3443 natura
2677 3388 2774 3443 ista
2805 3390 3244 3461 corruptibilitas,
3274 3401 3559 3461 antequam
3594 3407 3629 3448 a

2041 3488 2231 3533 natura
2273 3481 2539 3535 contraria
2583 3492 2993 3553 corrumpatur;
3036 3493 3129 3539 aut
3173 3486 3217 3540 si
3257 3500 3365 3540 non
3400 3486 3481 3542 vis
3506 3499 3627 3543 eam

2040 3566 2221 3625 dicere
2246 3571 2553 3641 corrumpi,
2580 3572 2725 3629 unde
2751 3578 2899 3630 Certe
2924 3575 3026 3629 ista
3060 3575 3387 3631 mutabilitas
3405 3619 3420 3641 ,
3468 3586 3624 3633 ante-

2038 3674 2197 3731 quam
2224 3675 2291 3715 ex
2315 3659 2495 3718 hostili
2523 3662 2846 3719 adversitate
2865 3672 3161 3720 mutaretur
3184 3684 3199 3720 :
3222 3681 3325 3721 non
3347 3666 3487 3721 enim
3515 3682 3625 3723 non

2038 3760 2275 3808 mutatur
2296 3760 2485 3808 natura
2504 3752 2558 3808 in
2587 3754 2845 3823 deterius,
2867 3771 2985 3826 quae
3007 3756 3067 3811 fit
3086 3772 3151 3812 ex
3173 3757 3411 3826 sapiente
3434 3758 3620 3827 stulta,

2038 3853 2093 3901 et
2120 3862 2239 3916 quae
2266 3846 2598 3903 obliviscitur
2635 3849 2752 3915 sui;
2785 3857 2842 3904 tu
2871 3849 3015 3904 enim
3054 3850 3154 3905 ista
3182 3850 3342 3905 verba
3366 3852 3622 3921 apposui-

2036 3936 2140 4005 sti,
2171 3937 2357 3994 dicens
2386 3981 2402 4007 ,
2457 3938 2521 3995 Si
2559 3954 2675 3994 cum
2716 3956 2771 3995 se
2808 3941 2974 4011 ipsam
3010 3943 3317 4011 cognoverit,
3346 3944 3625 3998 consentiat

2036 4030 2172 4085 malo
2199 4039 2480 4087 :mutatur
2528 4046 2657 4103 ergo
2705 4032 2760 4087 in
2800 4032 3036 4089 deterius
3082 4049 3205 4090 cum
3258 4036 3621 4105 obliviscitur,

2036 4122 2115 4178 sic
2145 4130 2201 4178 ut
2227 4138 2286 4180 se
2325 4124 2495 4193 ipsam
2523 4125 2541 4156 ί
2568 4140 2756 4181 rursus
2790 4136 3269 4199 commemoratam
3296 4138 3620 4204 cognoscat;

2037 4216 2185 4270 nullo
2233 4228 2411 4272 autem
2443 4226 2601 4288 pacto
2643 4219 2839 4275 mutari
2867 4222 3150 4290 potuisset,
3195 4224 3299 4279 nisi
3336 4235 3622 4296 antequam

2035 4314 2335 4362 mutaretur
2381 4318 2528 4364 esset
2566 4311 2837 4366 mutabilis
2870 4326 3033 4366 :cum
3079 4328 3209 4383 ergo
3249 4323 3307 4369 tu
3354 4316 3620 4371 inveneris

2036 4398 2176 4453 unde
2196 4399 2296 4453 ista
2322 4400 2648 4456 mutabilitas
2672 4403 2724 4456 in
2751 4402 3046 4457 substantia
3068 4405 3265 4459 summi
3296 4406 3440 4471 boni,
3465 4415 3620 4462 ante-

2034 4505 2193 4559 quam
2220 4500 2363 4546 esset
2401 4492 2505 4547 ulla
2539 4492 2667 4548 boni
2695 4502 2751 4549 et
2786 4495 2910 4549 mali
2940 4494 3081 4551 facta
3112 4497 3470 4578 commixtio;
3496 4514 3620 4569 pro-

2032 4581 2174 4637 fecto
2202 4582 2416 4638 desines
2444 4597 2474 4636 a
2505 4598 2592 4639 me
2621 4600 2860 4655 quaerere
2895 4586 3038 4642 unde
3075 4588 3145 4643 sit
3181 4589 3401 4645 malum.
3441 4589 3621 4659 Quan-

2032 4687 2189 4743 quam
2218 4674 2271 4728 in
2310 4682 2497 4729 natura
2528 4677 2724 4730 summi
2768 4677 2892 4732 boni
2919 4718 2935 4745 ,
2964 4679 3009 4733 si
3035 4694 3153 4734 eam
3195 4690 3341 4737 recte
3380 4682 3579 4751 cogites
3600 4725 3614 4748 ,

2031 4764 2231 4819 nullam
2258 4780 2477 4834 prorsus
2498 4767 2905 4824 mutabilitatem
2924 4772 3181 4840 temporis
3198 4772 3446 4836 inveniri,
3469 4786 3567 4827 nec
3587 4787 3618 4826 a

2032 4872 2093 4912 se
2119 4856 2266 4927 ipsa,
2313 4872 2414 4913 uec
2439 4859 2659 4915 alterius
2686 4860 2970 4929 cujuslibet
2995 4876 3215 4918 accessu
3242 4863 3448 4932 possit,
3482 4863 3620 4919 sicut

2031 4947 2085 5003 in
2110 4964 2171 5003 ea
2197 4956 2386 5005 natura
2409 4966 2565 5021 quam
2588 4952 2910 5010 Manichzeus
2930 4954 3099 5026 fingit,
3123 4963 3177 5010 et
3195 4970 3401 5012 summe
3419 4957 3616 5014 bonam

2031 5053 2149 5096 esse
2175 5041 2482 5109 arbitratur,
2514 5044 2598 5098 vel
2625 5044 2785 5099 etiam
2813 5046 2913 5101 sibi
2941 5046 3282 5103 credentibus
3310 5049 3615 5117 persuadet.

2028 5133 2221 5202 Quaere
2258 5143 2418 5207 atque
2458 5138 2743 5208 responde,
2775 5140 2821 5193 si
2847 5149 3021 5209 potes,
3055 5140 3195 5195 unde
3222 5141 3320 5195 ista
3350 5142 3616 5199 mutabili-

2028 5233 2130 5292 tas,
2158 5243 2276 5297 qua:
2300 5243 2405 5284 non
2438 5229 2669 5295 inventa,
2705 5230 2799 5287 sed
2823 5233 3029 5302 prodita
3058 5240 3162 5301 est,
3194 5249 3315 5289 eum
3341 5222 3491 5291 mora
3517 5252 3615 5293 ac-

2027 5321 2242 5389 cederet
2258 5322 2367 5394 (a)?
2392 5322 2579 5379 Mutari
2600 5324 2745 5379 enim
2775 5339 2877 5381 nec
2903 5326 2970 5381 ab
2996 5325 3151 5382 hoste
3175 5336 3390 5397 posset,
3418 5328 3463 5384 si
3492 5345 3614 5386 mu-

2027 5413 2130 5469 tari
2166 5414 2384 5469 omnino
2413 5430 2521 5470 non
2551 5424 2750 5486 posset.
2796 5416 2928 5472 Cum
2968 5426 3146 5474 autem
3174 5421 3379 5490 potuit,
3408 5436 3515 5478 non
3547 5437 3608 5478 se

2026 5502 2192 5563 fuisse
2216 5506 2706 5564 incommutabilem
2747 5508 3149 5567 demonstravit.
3178 5511 3308 5569 Haec
3342 5528 3471 5584 ergo
3494 5529 3614 5570 mu-

2086 5663 2106 5695 ί
2139 5663 2289 5734 nditio
2310 5670 2411 5714 Am.
2438 5670 2500 5734 et_
2518 5670 2602 5734 ys:
2630 5671 2950 5734 qarnotepsm,
2986 5665 3036 5734 δέ
3074 5671 3127 5718 ω
3167 5680 3219 5720 se
3256 5668 3426 5734 ipsam.
3470 5673 3610 5719 Forte

2021 5722 2304 5789 legendum,
2329 5737 2437 5775 cum
2453 5724 2744 5777 obliviscitur
2761 5727 2856 5789 sui,
2880 5722 2998 5781 ut'se
3013 5729 3188 5789 ipsam.

2084 5784 2157 5857 ζα)
2177 5784 2334 5857 Forte,
2353 5798 2461 5857 qtae
2480 5794 2797 5857 non‘mvecta,
2811 5784 2898 5845 sed
2916 5784 3112 5857 prodita
3133 5796 3223 5857 est,
3241 5805 3350 5845 cum
3368 5787 3514 5845 hortis
3534 5788 3606 5854 (id

2021 5854 2121 5913 est,
2141 5848 2415 5914 corruptor)
2435 5848 2703 5905 accederet.
