4094 6440
447 407 556 474 '95

447 533 683 590 tabliitas
707 535 828 591 cuni
856 534 975 594 esse
999 537 1054 594 in
1085 539 1376 594 substantia
1403 541 1597 595 summi
1620 542 1767 609 boni,
1797 541 1900 597 hoc
1925 549 2029 611 est,

449 623 512 678 in
538 626 831 683 substantia
873 628 965 684 Dei
1004 630 1270 696 creditur,
1315 631 1359 685 si
1389 633 1754 690 contentiosus
1799 649 1904 690 non
1937 650 2029 702 es,

451 715 606 772 vides
635 727 832 789 quanta
862 719 1160 790 insipientia
1190 720 1608 792 blasphematur.
1646 724 1781 781 Cum
1812 735 1939 782 vero
1967 726 2036 783 de

453 815 698 863 creatura
724 811 841 866 tale
873 811 1068 882 aliquid
1107 811 1327 881 dieitur,
1356 817 1514 887 quam
1549 817 1684 874 Deus
1711 834 1811 875 nec
1852 819 2034 890 genuit

450 913 558 955 nec
586 903 804 971 protulit
829 903 896 959 de
936 905 1228 961 substantia
1256 921 1352 963 sua
1377 949 1393 976 ,
1434 907 1529 965 sed
1560 909 1682 965 fecit
1721 928 1787 966 ex
1827 913 2028 980 nihilo;

455 1003 564 1047 non
593 993 662 1049 de
685 1005 892 1050 surmno
930 994 1074 1053 bono
1101 997 1293 1070 agitur,
1322 997 1416 1058 sed
1446 1011 1622 1059 tamen
1650 1004 1717 1059 de
1747 1006 1838 1060 tali
1864 1007 2028 1075 bono,

449 1084 596 1154 quod
620 1085 722 1140 nisi
745 1101 776 1141 a
801 1099 1032 1157 summo,
1062 1091 1149 1161 qui
1177 1090 1318 1150 Deus
1337 1089 1439 1163 est,
1469 1111 1573 1152 non
1600 1107 1780 1167 posset
1803 1099 2028 1157 institui.

445 1174 592 1231 Deus
616 1177 814 1248 quippe
841 1191 1048 1237 minime
1077 1183 1253 1240 bonus
1287 1193 1449 1257 atque
1487 1187 1994 1248 incommutabiliter
2012 1235 2028 1261 ,

450 1267 764 1324 omnisnon
793 1273 1003 1329 sumine
1045 1289 1146 1331 nec
1185 1275 1689 1338 incb‘mmutabiliter
1723 1282 1893 1350 bona,
1937 1285 2032 1342 sed

447 1364 625 1414 tamen
673 1361 812 1418 bona
860 1359 1016 1435 fecit,
1063 1367 1132 1424 ab
1178 1369 1398 1443 Angelis
1449 1375 1709 1431 malorum
1753 1393 1921 1450 usque
1961 1380 2028 1436 ad

442 1457 716 1507 extremas
739 1452 938 1511 bestias
965 1456 1266 1530 herbasque
1294 1471 1574 1533 terrarum,
1603 1482 1702 1537 pro
1730 1483 1826 1523 sua
1848 1469 2028 1541 cujus-

448 1554 560 1610 que
592 1541 852 1615 dignitate
876 1555 1080 1606 natura:
1131 1553 1309 1609 omnia
1333 1555 1462 1611 locis
1492 1560 1742 1629 congruis
1763 1562 2026 1618 ordinata.

447 1628 648 1687 Verum
685 1634 737 1689 in
778 1636 859 1692 bis
885 1641 1158 1698 rationalis
1198 1655 1462 1713 creatura,
1503 1661 1624 1704 cum
1652 1655 1898 1720 creatori,
1929 1655 2031 1710 hoc

441 1729 568 1787 est,
611 1724 795 1782 factori
834 1738 890 1785 et
929 1731 1216 1791 institutori
1263 1748 1360 1794 Suo
1401 1737 1512 1796 Deo
1553 1742 1856 1802 dilectionis
1897 1748 2029 1804 obe-

439 1810 644 1871 dientia
675 1818 948 1890 cohaeret,
979 1833 1220 1882 naturam
1251 1845 1398 1886 suam
1427 1829 1483 1887 in
1511 1833 1654 1890 illius
1692 1833 1987 1896 aeternitate
2009 1883 2024 1908 ,

443 1906 689 1973 veritate,
719 1910 1225 1975 charitate-custodit
1250 1939 1266 1977 :
1290 1937 1411 1979 cum
1435 1939 1563 1981 vero
1583 1941 1704 1984 eum
1726 1906 2026 1990 contumaci

441 1995 804 2059 inobedientia
850 2005 1070 2077 deserit,
1125 2011 1220 2080 per
1265 2025 1420 2070 suum
1469 2017 1696 2075 liberum
1745 2023 2023 2083 arbitrium

442 2095 678 2158 peccatis
695 2109 755 2151 se
779 2100 1016 2169 involvit,
1047 2117 1143 2173 per
1168 2103 1310 2163 illitis
1329 2119 1505 2165 autem
1527 2111 1728 2183 justum
1763 2116 2022 2187 judicium

438 2184 702 2253 supplicio
729 2190 924 2246 misera
962 2193 1229 2265 afficitur;
1269 2208 1322 2254 et
1347 2200 1450 2257 hoc
1479 2213 1562 2259 est
1589 2215 1755 2262 totum
1798 2212 2018 2280 malum,

441 2276 639 2342 partim
666 2279 807 2348 quod
839 2282 1036 2353 injuste
1060 2285 1207 2356 facit,
1241 2291 1428 2359 partim
1455 2295 1595 2364 quod
1619 2297 1765 2368 juste
1799 2276 2017 2370 patitur.

404 2351 552 2420 'Hoc
577 2376 632 2422 tu
660 2383 691 2422 a
716 2383 804 2426 me
827 2351 933 2428 non
963 2383 1172 2446 quaeras
1195 2351 1352 2437 unde
1377 2351 1486 2452 sit;
1503 2351 1638 2441 cum.
1654 2389 1745 2444 tibi
1767 2351 1878 2461 jtlm
1907 2393 2019 2463 ipse

434 2459 797 2528 responderis,
831 2465 922 2534 qui
947 2466 1145 2537 dixisti,
1183 2473 1325 2541 quod
1359 2491 1472 2530 cum
1497 2495 1550 2533 se
1578 2480 1742 2550 ipsam
1770 2459 2019 2556 cognove-

431 2549 502 2602 rit
529 2551 737 2622 anima,
768 2556 816 2609 si
843 2559 980 2613 malo
1017 2567 1361 2634 consenserit,
1392 2549 1650 2628 voluntate
1687 2593 1780 2631 sua
1821 2549 2013 2649 peccat.

431 2639 574 2698 Ecee
612 2645 752 2702 unde
791 2657 875 2704 est
899 2653 1120 2722 malum,
1159 2671 1188 2710 a
1228 2662 1440 2730 propria
1481 2665 1685 2722 scilicet
1720 2639 2011 2729 voluntate.

427 2728 548 2787 Non
585 2745 766 2792 autem
795 2739 900 2796 ista
935 2752 1158 2814 natura,
1200 2750 1300 2805 sed
1329 2728 1493 2823 culpa
1529 2767 1640 2823 est;
1670 2775 1733 2815 ac
1777 2777 1872 2831 per
1910 2763 2014 2822 hoc

429 2825 594 2880 etiam
619 2833 886 2887 contraria
923 2844 1162 2904 natura),
1205 2841 1292 2896 cui
1332 2845 1516 2916 utique
1554 2859 1712 2905 nocet
1749 2854 2011 2922 privando

426 2928 546 2970 eam
573 2917 739 2987 bono,
779 2937 888 2993 quo
910 2926 1062 2981 beata
1091 2943 1212 2986 esse
1246 2943 1445 3003 posset,
1479 2939 1522 2992 si
1554 2917 1775 3009 peccare
1804 2946 2009 3002 noluis-

427 3015 531 3062 set.
562 3009 711 3066 Hanc
739 3021 793 3067 tu
832 3018 1037 3085 peccati
1059 3022 1385 3080 voluntatem
1415 3031 1614 3085 moveri
1645 3048 1747 3088 non
1775 3045 1926 3104 putas
1955 3038 2006 3094 in

424 3097 625 3167 anima,
660 3101 763 3157 nisi
784 3119 849 3159 ex
873 3107 982 3163 alio
1004 3111 1148 3167 malo
1175 3115 1318 3184 quod
1349 3118 1524 3174 credis
1563 3137 1683 3178 esse
1723 3135 1965 3185 naturam
1987 3171 2004 3199 ,

423 3201 584 3257 quam
627 3207 736 3248 non
770 3193 958 3252 fecerit
998 3200 1178 3270 Dens,
1223 3219 1447 3278 eamque
1489 3211 1719 3268 animam
1760 3226 2006 3276 naturam

423 3278 522 3337 Dei
545 3297 670 3341 esse
703 3291 1020 3346 contendis:
1049 3309 1113 3349 ac
1139 3309 1235 3365 per
1269 3297 1371 3354 hoc
1397 3301 1497 3357 ista
1526 3304 1652 3359 mali
1681 3309 1861 3364 nescio
1885 3327 2006 3382 quae

421 3382 638 3442 natura,
666 3379 710 3433 si
743 3379 882 3437 hanc
907 3384 962 3438 in
989 3387 1165 3442 anima
1190 3392 1394 3461 peccati
1419 3391 1496 3467 (α)
1525 3397 1800 3455 suadendo
1840 3379 1999 3472 facit,

418 3466 478 3522 in
503 3482 779 3537 peccatum
807 3477 978 3532 vietus
1003 3479 1253 3550 dejicitur
1277 3485 1437 3542 Deus.

489 3559 716 3620 CAPUT
757 3565 876 3623 XX.
899 3600 972 3613 -
998 3571 1136 3628 Ecce
1161 3585 1356 3644 quanta
1387 3579 1685 3650 impietate,
1715 3599 1872 3654 quam
1902 3604 1999 3644 ne-

415 3650 574 3709 fariis:
598 3655 987 3732 horrendisque
1029 3665 1370 3737 blaspltemiis
1415 3681 1466 3727 te
1508 3687 1614 3729 non
1659 3676 1739 3732 vis
1781 3694 1997 3752 exuere,

414 3749 666 3817 ponendo
693 3753 746 3806 itt
778 3764 964 3811 natura
995 3765 1154 3829 quam
1185 3777 1288 3818 non
1319 3763 1441 3821 fecit
1470 3767 1630 3836 Deus,
1660 3772 1844 3843 vitam,
1872 3749 1999 3830 seu;

412 3852 555 3909 sum,
583 3858 907 3916 sermonem,
937 3851 1152 3908 modum
1170 3897 1184 3922 ,
1213 3856 1446 3925 speciem
1466 3901 1480 3927 ,
1514 3861 1753 3918 ordinem
1771 3907 1785 3932 ,
1814 3874 1870 3921 et
1895 3867 1997 3924 alia

411 3927 822 3992 innumerabilia
865 3939 1036 4007 bona;
1075 3949 1138 3998 et'
1167 3947 1416 4014 ponendo
1448 3949 1501 4004 in
1531 3951 1644 4020 ipsa
1685 3927 1780 4010 Dei
1805 3969 1992 4014 natura

408 4028 536 4076 ante
564 4023 1185 4090 ullam-commixtionem
1213 4037 1360 4104 mali,
1393 4040 1559 4110 ipsam
1589 4047 1993 4107 mutabilitatem

409 4128 515 4183 qua
546 4118 674 4187 capi
694 4130 922 4190 poterat,
950 4133 1006 4178 et
1027 4127 1113 4180 cui
1141 4129 1327 4186 timere
1346 4134 1652 4204 cogebatur,
1686 4142 1857 4199 videns
1882 4162 1993 4199 ma-

407 4221 566 4274 gnam
593 4209 1160 4272 labem‘aetvastitatem
1179 4221 1418 4279 adversus
1446 4243 1541 4281 sua
1576 4242 1751 4287 sancta
1787 4235 1987 4307 impen-

410 4296 532 4352 da'te
552 4301 760 4367 mula,
783 4304 881 4358 nisi
908 4307 1104 4376 aliquid
1131 4313 1370 4369 eximium
1396 4333 1456 4372 ac
1485 4323 1782 4389 praclarum
1808 4296 1991 4384 et'vir-

407 4397 514 4444 tute
542 4402 721 4462 potem
747 4412 931 4452 numen
959 4409 1231 4472 apponeiet
1256 4406 1363 4476 (Ea:
1405 4407 1680 4469 Manichtei
1725 4415 1985 4491 Epistola,

403 4497 559 4551 quam
582 4487 824 4542 vocabant
842 4489 1230 4566 Fundaniana}.
1252 4497 1322 4553 Et-
1339 4502 1522 4571 ut‘quid
1554 4505 1652 4562 hoc
1676 4487 1864 4578 totum,
1887 4487 1989 4569 nisi

402 4583 476 4630 ut.
503 4576 608 4632 illa‘
638 4579 732 4634 Dei
774 4591 964 4640 natura
1013 4594 1174 4658 atque
1216 4592 1508 4651 substantia
1541 4599 1619 4655 sic
1660 4576 1985 4673 implicatum

401 4675 582 4724 teneat
605 4670 1156 4748 hostemsubjectum,
1180 4688 1249 4738 ut‘
1265 4699 1491 4754 peccans
1521 4670 1750 4760 perferat
1778 4705 1831 4751 et
1858 4699 1987 4770 liga-

400 4766 546 4826 tum,
575 4777 676 4818 nec
714 4773 882 4822 tutum
921 4771 1114 4827 evadat
1155 4788 1374 4848 purgata
1412 4781 1519 4850 jam
1560 4785 1789 4856 victum,
1827 4800 1881 4845 et
1899 4766 1985 4848 'ut

397 4849 646 4908 damnata
673 4866 848 4913 servet
867 4859 1170 4919 inclusum?
1196 4849 1512 4928 Praeclaram
1535 4889 1662 4930 vero
1682 4881 1983 4937 excusatio-

397 4956 520 4997 nem
550 4945 567 4976 ³
595 4945 801 5003 bellicae
827 4954 1162 5011 necessitatis
1212 4958 1272 5013 in‘
1308 4960 1417 5016 Deo
1460 4973 1638 5022 vestro
1678 4969 1975 5041 invenistis,

396 5043 581 5091 contra
611 5039 739 5095 illud
769 5044 1092 5112 quodvobis
1122 5052 1434 5122 proponitur
1453 5097 1468 5122 ,
1513 5068 1572 5113 ut
1610 5039 1979 5131 reSpondeatis

395 5125 523 5195 quid
559 5127 780 5186 factnra'
801 5144 916 5189 erat
957 5137 1070 5193 Deo
1107 5154 1238 5211 gens
1279 5145 1652 5216 tenebrarum,
1684 5125 1727 5207 si
1759 5169 1879 5211 cum
1914 5173 1977 5214 ea

394 5231 636 5288 pugnare
676 5224 982 5316 noluisset:
1025 5245 1182 5302 quam
1230 5233 1276 5290 si
1315 5235 1554 5298 dixeritis
1583 5244 1781 5316 aliquid
1813 5247 1976 5307 fuisse

394 5310 727 5379 nocituram,
772 5315 1064 5376 fatebimini
1115 5329 1514 5398 corruptibilem
1571 5344 1625 5391 et
1670 5310 1975 5401 violabilem

391 5403 591 5473 Deum;
621 5408 669 5464 si
696 5420 875 5468 autem
902 5415 1144 5476 dixeritis
1167 5423 1308 5492 quod
1334 5425 1382 5480 ei
1410 5441 1606 5486 nocere
1632 5448 1737 5489 non
1768 5447 1969 5507 posset,

389 5509 664 5568 quaeretur
687 5518 718 5558 a
743 5506 895 5564 vobis
913 5551 928 5576 ,
957 5510 1080 5566 Gur’
1105 5523 1235 5586 ergo
1277 5521 1562 5590 pugnavit?
1581 5523 1695 5582 'Cur
1724 5506 1972 5588 substan-

389 5589 518 5647 tiam
546 5609 696 5652 suam
725 5605 1168 5674 corrumpendam
1190 5617 1348 5681 atque
1366 5589 1675 5675 rviolandam
1696 5629 1751 5677 et
1770 5623 1971 5694 ad-pec-

387 5689 505 5738 cata
526 5689 703 5743 omnia
725 5693 1286 5762 cogendam-hostibus
1314 5705 1564 5763 tradidit?
1592 5709 1789 5770 Contra
1811 5689 1966 5774 asiam

448 5817 992 5898 ἷηὶὲἓῖὲἷέιίέέἒηέίξβίει
1017 5829 1138 5898 Μία
1153 5845 1291 5896 νεῖον
1314 5837 1659 5898 exciam.

449 5876 523 5940 (α)
547 5885 705 5946 Forte,
722 5886 906 5946 peccati

1166 425 1439 482 CONTRA
1479 403 1918 482 SECUNDINUM
1956 401 2400 498 mutet-Imm,
2441 430 2499 486 s.
2539 431 2904 492 AUGUSTINI

3616 447 3724 510 596

2146 558 2272 615 ergo
2295 548 2714 616 complexionem
2741 569 3010 626 nunquam
3040 557 3187 616 exire
3212 562 3476 631 potuistis.

2213 635 2456 707 Magnum
2483 639 2681 711 aliquid
2702 644 2852 700 vobis
2872 655 2925 701 et
2952 655 3122 704 tutum
3149 649 3416 711 invenisse
3441 657 3720 732 videmini,

2142 733 2201 780 ut
2243 729 2609 798 respondeatis
2648 731 2885 793 dicentes
2913 756 2926 793 :
2951 739 3136 812 Magna
3166 752 3249 799 est
3274 745 3528 817 iniquitas
3553 729 3728 824 appe;

2144 823 2264 873 tere
2289 819 2479 883 aliena.
2510 823 2594 878 cui
2626 824 2767 882 Deus
2794 827 3055 900 iniquitati
3083 835 3398 903 prtebuisset
3419 855 3727 914 assensum,

2140 907 2184 963 si
2209 923 2324 964 eam
2347 923 2556 982 gentem
2583 933 2700 988 quae
2722 917 2822 975 hoc
2843 935 2972 977 ausa
2992 922 3181 989 fuerat,
3201 942 3510 1001 expugnare
3533 937 3731 992 noluis-

2139 1008 2240 1056 set.
2274 1001 2505 1060 Haberet
2546 1007 2647 1062 ista
2691 1013 2970 1082 responsio
3016 1017 3456 1094 qualemcumque
3498 1024 3724 1095 justitizn

2137 1093 2368 1150 colorem
2391 1138 2407 1164 ,
2439 1098 2484 1152 si
2510 1100 2698 1168 saltem
2727 1103 2780 1157 in
2810 1103 2926 1175 ipso
2959 1101 3100 1163 bello
3129 1120 3314 1167 natura
3344 1093 3437 1170 Dei
3467 1119 3633 1173 vestri
3665 1134 3725 1175 se

2137 1182 2396 1256 integram
2420 1181 2853 1265 impollutamque
2874 1207 3167 1266 servasset,
3192 1210 3248 1258 et
3276 1205 3533 1273 permixta
3558 1207 3728 1265 hosti-

2139 1274 2276 1332 libus
2301 1279 2556 1336 membris
2583 1282 2718 1337 nihil
2746 1285 3039 1356 iniquitatis
3067 1291 3149 1347 vel
3180 1303 3364 1350 coacta
3389 1299 3473 1352 vel
3503 1299 3724 1356 seducta

2137 1361 2352 1423 fecisset
2376 1387 2389 1422 :
2417 1385 2538 1425 cum
2566 1388 2695 1449 vero
2723 1377 2880 1431 tantis
2909 1375 3238 1440 facinoribus
3264 1395 3318 1442 et
3345 1388 3557 1461 ﬂagitiis
3601 1409 3725 1450 eam

2135 1461 2396 1531 captivam
2425 1466 2727 1524 consentire
2751 1467 2965 1537 dicatis;
3005 1489 3125 1529 cum
3154 1476 3385 1550 denique
3411 1482 3477 1538 ab
3508 1483 3592 1538 illa
3621 1485 3724 1540 im-

2134 1551 2329 1621 pietate
2356 1563 2461 1608 tam
2489 1555 2743 1624 immani,
2769 1575 2869 1630 qua
2893 1563 3054 1619 etiam
3101 1567 3287 1624 lumini
3317 1582 3504 1628 sancto
3523 1616 3537 1638 ,
3569 1576 3724 1647 cujus

2134 1636 2309 1711 portio
2352 1653 2467 1710 est,
2515 1648 2719 1704 exstitit
2763 1651 3008 1722 inimica,
3041 1673 3139 1714 nec
3189 1668 3351 1718 totam
3396 1636 3723 1734 perhibeatis

2134 1749 2291 1804 posse
2333 1740 2580 1808 purgari,
2621 1742 2762 1798 unde
2801 1744 2875 1799 illi
2928 1750 3118 1804 merito
3162 1745 3460 1812 retribuere
3500 1759 3722 1816 creditis

2133 1825 2383 1884 horrendi
2425 1831 2564 1886 illius
2602 1831 2747 1904 globi
2772 1845 2971 1893 aeterna
3001 1841 3294 1912 supplicia;
3326 1858 3524 1918 quanto
3549 1852 3721 1908 satius

2132 1929 2248 1974 erat
2293 1921 2563 1977 inimicum
2607 1923 2817 1982 hostem
2867 1929 2923 1984 in
2969 1945 3062 1985 sua
3104 1933 3383 2005 iniquitate
3413 1939 3720 2011 relinquere

2111 2011 2308 2067 inania
2337 2015 2660 2084 molientem,
2689 2034 2846 2089 quam
2878 2021 3089 2080 tradere
3115 2027 3165 2081 ei
3189 2039 3396 2097 partem
3424 2033 3538 2100 Dei,
3562 2035 3717 2105 Cujus

2127 2104 2269 2158 vires
2297 2103 2554 2176 hauriret,
2580 2109 2732 2180 cujus
2758 2110 3007 2170 decorem
3037 2127 3347 2190 corruptum
3375 2137 3486 2180 sua:
3515 2125 3716 2196 iniqui-

2129 2191 2220 2246 t'ati
2244 2194 2492 2263 sociaret,
2511 2198 2629 2267 quis
2656 2215 2760 2255 non
2784 2202 2998 2258 videat?
3025 2205 3156 2273 Quis
3183 2216 3327 2266 tanta
3354 2191 3716 2274 obstinatione

2127 2291 2376 2352 caacetur,
2406 2295 2464 2341 ut
2489 2303 2595 2343 non
2621 2290 2836 2357 sentiat,
2863 2309 2972 2349 non
2998 2298 3256 2367 attendat,
3282 2313 3478 2373 quanto
3499 2306 3714 2364 minore

2124 2373 2399 2444 iniquitate
2428 2392 2561 2447 gens
2591 2381 2932 2439 tenebrarum
2965 2386 3163 2445 frustra
3186 2401 3428 2449 naturam
3454 2396 3710 2457 invadere

2123 2474 2406 2521 conaretur
2425 2467 2677 2538 alienam,
2701 2488 2859 2543 quam
2888 2474 3031 2531 Deus
3057 2478 3412 2538 invadendam
3439 2493 3492 2540 et
3513 2487 3578 2543 ad
3605 2488 3710 2545 ini-

2121 2555 2375 2625 quitatem
2425 2561 2712 2629 cogendam
2735 2605 2749 2630 ,
2794 2571 2850 2619 et
2888 2566 2952 2621 ad
2995 2583 3207 2638 pcenam
3234 2588 3301 2628 ex
3330 2563 3505 2646 aliqua
3543 2579 3708 2636 etiam

2122 2657 2271 2718 parte
2311 2649 2666 2709 damnandam
2713 2657 2947 2715 traderet
2992 2664 3178 2718 suam?
3205 2664 3438 2725 lloccine
3487 2671 3706 2728 tandem

2119 2747 2202 2794 est
2249 2741 2512 2812 iniquitati
2555 2749 2859 2806 consentire
2903 2753 3158 2824 noluisse,
3188 2753 3246 2813 et
3288 2769 3395 2815 tam
3433 2762 3704 2836 ingentem

2119 2830 2449 2902 iniquitatem
2481 2836 2596 2892 sine
2623 2837 2726 2893 ulla
2760 2843 3077 2902 necessitate
3106 2845 3332 2905 fecisse?
3357 2855 3440 2908 An
3466 2830 3582 2910 erat
3606 2872 3703 2913 ne-

2115 2917 2341 2979 cessitas
2360 2967 2374 2993 ,
2404 2927 2546 2995 quod
2574 2929 2744 2998 ipsum
2772 2931 3118 2992 Manichaeum
3145 2938 3325 2996 dicere
3351 2957 3458 2998 non
3490 2944 3700 3017 puduit,

2116 3022 2171 3068 et
2212 3027 2305 3069 vos
2349 3016 2545 3084 pudet?
2582 3019 2674 3076 llle
2698 3022 2897 3094 quippe
2923 3025 3030 3095 ait,
3058 3030 3240 3085 vidisse
3267 3016 3702 3110 Deummagnam

2113 3097 2274 3160 [abem
2303 3122 2363 3160 ac
2391 3111 2671 3166 vastitatem
2698 3115 2938 3173 adversus
2962 3137 3054 3174 sua
3083 3132 3257 3178 sancta
3290 3125 3578 3197 impendere
3601 3147 3701 3186 sa:-

2111 3198 2247 3266 cula,
2280 3202 2377 3256 nisi
2404 3205 2614 3275 aliquod
2638 3210 2877 3265 eximium
2906 3223 2949 3267 et
2977 3217 3159 3272 virtute
3183 3228 3358 3290 potens
3387 3239 3571 3278 numen
3599 3240 3697 3294 ap-

2111 3301 2336 3360 poneret.
2370 3293 2477 3351 Vos
2520 3305 2695 3354 autem
2741 3305 2946 3361 acutius
2988 3307 3237 3365 videlicet
3284 3293 3696 3382 ratiocinamini,

2109 3391 2266 3449 quam
2298 3383 2343 3438 si
2369 3385 2385 3416 ²
2414 3385 2577 3442 Deum
2611 3389 2852 3449 dixeritis
2880 3411 2943 3450 ea
2971 3400 3286 3477 necessitate
3317 3417 3598 3474 pugnasse,
3627 3420 3698 3462 ne

2109 3483 2328 3530 noceret
2355 3476 2404 3531 ei
2432 3492 2563 3548 gens
2587 3484 2946 3553 tenebrarum,
2970 3476 3272 3547 violabilem
3298 3503 3352 3549 et
3375 3496 3697 3568 corruptibi-

2109 3557 2213 3619 lem
2239 3565 2478 3624 dicentes
2505 3572 2693 3639 Deum,
2723 3577 2807 3631 cui
2838 3594 3034 3636 nocere
3063 3582 3262 3652 aliquid
3288 3596 3489 3656 posset,
3513 3557 3560 3643 si
3587 3603 3695 3659 pu-

2105 3669 2272 3726 gnare
2315 3661 2593 3718 noluisset.
2627 3667 2837 3738 Abigite
2862 3686 2990 3742 ergo
3022 3682 3077 3728 et
3110 3677 3358 3746 expellite
3383 3694 3414 3733 a
3439 3680 3694 3738 cordibus

2106 3749 2297 3803 vestris
2321 3759 2374 3805 et
2403 3768 2432 3806 a
2462 3754 2565 3810 [ide
2598 3767 2797 3826 vestra,
2823 3759 2983 3816 etiam
3014 3763 3187 3835 ipsam
3216 3784 3476 3839 pugnam;
3501 3781 3696 3828 totam-

2105 3853 2209 3909 que
2238 3839 2381 3896 illam
2421 3843 2647 3901 fabulam
2670 3891 2684 3914 ,
2717 3849 3001 3922 impiarum
3045 3865 3099 3911 et
3142 3857 3692 3922 immnndissimarum

2103 3929 2557 4000 blasphemiarum
2580 3937 2802 3996 horrore
2827 3952 3153 4016 contextam,
3173 3950 3386 4006 tandem
3405 3953 3694 4024 aliquando

2102 4022 2444 4081 anathemate
2471 4036 2630 4099 atque
2657 4030 2927 4092 damnate.
2975 4035 3107 4093 Nam
3137 4042 3292 4112 quale
3318 4053 3432 4113 est,
3463 4022 3694 4104 obsecro

2103 4103 2156 4168 te
2174 4154 2188 4178 ,
2212 4115 2354 4184 quod
2375 4157 2390 4183 ,
2419 4127 2478 4173 ut
2499 4130 2626 4176 ante
2655 4122 2854 4179 dictum
2879 4135 2995 4195 est,
3024 4103 3327 4189 violabilem
3357 4103 3503 4192 illam
3529 4147 3690 4194 natu-

2100 4213 2214 4259 ram
2246 4215 2302 4263 et
2327 4212 2726 4296 corruptibilem
2773 4205 2941 4274 Deum
2983 4219 3163 4280 dicere
3203 4239 3311 4282 non
3357 4228 3588 4297 timetis;
3628 4238 3690 4286 ut

2099 4307 2289 4355 natura
2323 4303 2419 4358 Dei
2446 4289 2643 4374 vestri,
2674 4308 2718 4364 si
2747 4310 3110 4372 fortitudinem
3140 4335 3243 4390 qua
3274 4337 3381 4378 non
3407 4336 3690 4395 caperetur

2097 4390 2204 4446 non
2227 4395 2399 4462 potuit
2419 4401 2692 4472 exercere,
2717 4416 2822 4457 non
2847 4408 3080 4475 potuerit
3107 4410 3298 4467 saltem
3320 4390 3581 4482 justitiam
3604 4431 3688 4471 ca-

2097 4481 2239 4551 ptiva
2265 4498 2484 4542 servare
2517 4505 2531 4542 :
2561 4490 2704 4558 quod
2743 4493 2930 4550 Daniel
2960 4499 3167 4568 potuit,
3191 4501 3284 4572 qui
3313 4481 3496 4558 leones
3521 4518 3688 4561 ausus

2096 4579 2181 4628 est
2210 4573 2455 4644 irridere,
2485 4579 2576 4649 qui
2601 4595 2788 4636 eorum
2817 4599 2848 4638 a
2874 4586 3065 4656 quibus
3088 4590 3328 4658 captivus
3356 4592 3544 4650 ductus
3567 4594 3687 4651 fue-

2095 4671 2176 4719 rat
2197 4667 2243 4734 ¹¹,
2272 4665 2534 4740 iniquitati
2561 4671 2720 4729 etiam
2743 4675 2943 4746 pietate
2963 4694 3058 4734 sua
3075 4681 3224 4738 nullo
3242 4686 3548 4756 compulsus
3575 4697 3683 4744 ter-

2091 4771 2217 4811 rore
2235 4762 2530 4830 consensit,
2556 4779 2655 4820 nec
2680 4766 2732 4820 in
2762 4768 3070 4827 conditione
3095 4775 3387 4844 corporalis
3406 4779 3682 4835 servitutis

2015 4870 2017 4872 -
2094 4850 2396 4918 aequitatem
2424 4867 2489 4907 ac
2531 4852 2828 4912 libertatem
2857 4861 3020 4916 animi
3062 4863 3313 4933 patientis
3341 4875 3396 4922 et
3418 4869 3680 4939 sapientis

2090 4941 2270 4996 amisit
2295 4942 2453 5014 (Dan.
2479 4961 2526 5001 vt
2581 4956 2628 5002 et
2657 4948 2790 5022 xtv).
2818 4951 3017 5022 Natura
3047 4971 3174 5012 vero
3204 4957 3301 5016 Dei
3333 4961 3543 5031 captiva
3574 4963 3681 5018 du-

2019 5055 2021 5060 ·
2091 5039 2176 5087 cta
2204 5042 2306 5100 est,
2335 5035 2516 5107 iniqua
2546 5037 2686 5097 facta
2712 5052 2823 5110 est;
2854 5060 2962 5102 non
2988 5057 3166 5119 potest
3191 5059 3297 5107 tota
3326 5054 3557 5124 purgari,
3585 5070 3679 5111 co-

2086 5123 2229 5196 gitur
2265 5126 2317 5180 in
2359 5128 2465 5186 line
2501 5130 2761 5190 damnari.
2794 5135 2946 5206 Quod
2981 5140 3178 5196 malum
3216 5144 3319 5198 sibi
3361 5145 3598 5209 futurum
3629 5149 3676 5204 si

2087 5214 2290 5271 sciebat
2316 5219 2381 5273 ex
2407 5223 2705 5280 aeternitate
2723 5265 2738 5291 ,
2772 5227 2847 5281 illi
2878 5229 3020 5292 nulla
3048 5230 3302 5289 divinitas
3325 5233 3478 5294 dese
3501 5236 3672 5295 debe-

2085 5305 2278 5363 batur:
2307 5311 2350 5364 si
2381 5322 2558 5369 autem
2585 5307 2865 5374 vel'terris
2895 5322 3317 5394 velvregionibus
3343 5328 3558 5385 sibimet
3587 5333 3670 5386 vi-

2085 5397 2303 5457 cinitate
2331 5403 2594 5476 contiguis
2622 5409 2772 5481 regni
2797 5409 2930 5468 lucis
2953 5403 2974 5444 ⁸
3001 5422 3056 5470 et
3084 5416 3257 5486 gentis
3287 5419 3628 5478 tenebrarum
3649 5465 3666 5492 ,

2145 5553 2166 5584 ³
2201 5559 2300 5624 Am.
2325 5555 2484 5607 codex
2509 5563 2561 5609 et
2579 5565 2900 5626 Carnotensis,
2916 5565 3072 5640 quasi.

2147 5613 2167 5640 ί
2202 5620 2273 5640 ου.
2296 5623 2440 5640 ..ιιι-η
2482 5621 2632 5640 --.ιμ-
2657 5628 2765 5640 ,ηιμ
2790 5636 2820 5640 κ-
2844 5639 2847 5640 ,

2147 5613 2633 5700 ovatusJeodex
2655 5613 3216 5700 Carnutensisfltedltl,
3255 5633 3339 5700 qui
3360 5634 3488 5700 leges
3503 5649 3671 5700 ames

2024 5714 2028 5722 '
2080 5675 2553 5765 Ῡῇίίδκξξῑηὶῖνξίιενθ
2574 5696 2761 5750 eorum,
2784 5675 3230 5752 αθ
3255 5675 3670 5765 Ἠνάᾶῖῶἦῖ

2157 5739 2168 5746 ν
2241 5739 2252 5746 -
2351 5747 2353 5750 .
2746 5739 2759 5750 .
2939 5739 3014 5743 η-
3268 5739 3425 5759 ,_-....
3456 5739 3667 5765 ......,...,

2079 5739 2168 5828 au:
2183 5741 2354 5870 θῖῗὶῗῖῗξ
2373 5747 2560 5854 Sitifim“
2579 5804 2632 5855 in
2659 5807 2848 5868 cititate
2875 5812 3266 5891 contiguinegm
3287 5817 3430 5881 locu,
3460 5827 3555 5873 ere.
3582 5829 3664 5895 ες.
3717 5841 3720 5864 ς

2081 5858 2464 5895 ram'hm‘mntm
2501 5879 2610 5895 num
2627 5880 2720 5895 -.υ-
2739 5877 3040 5895 mum“---
3066 5879 3187 5895 μμ-
3215 5893 3231 5895 _
3257 5893 3292 5895 Α-
3329 5882 3360 5895 -.

2081 5862 2190 5974 3:1
2201 5858 2485 5975 inulta,
2501 5879 2612 5931 qua
2626 5880 2722 5934 ope
2739 5858 3661 5948 dihdéﬁéﬁBa'déE'uEaE

3643 6035 3720 6093 ιέικ

3335 6068 3448 6092 Ls.-‘....
