4094 6440
252 407 362 471 159⁸1

257 537 378 594 quin
417 515 486 574 ab
511 515 816 574 hominibus
851 507 1138 582 prudenter
1164 498 1579 572 mtelligentibus
1603 492 1827 550 ridenda

256 610 588 673 Hanichams
609 615 822 672 narrat,
850 598 1226 660 inenarrabilia
1251 609 1371 652 esse
1394 589 1610 656 dixisti,
1638 593 1693 642 et
1715 582 1833 638 haec

257 721 294 762 a
321 706 536 762 Christo
574 699 827 771 appellari
865 695 1138 754 dexteram
1175 699 1230 746 et
1261 687 1564 748 sinistram;
1590 677 1834 734 novimus

261 800 343 856 sic
367 795 647 866 appellare
667 790 938 848 Christum
961 785 1234 841 dexteram
1261 786 1315 835 et
1341 775 1631 838 sinistram,
1655 776 1715 822 ut
1733 779 1838 821 non
1887 835 1892 840 _

264 855 564 957 corporalia
605 883 757 946 loca,
789 878 884 934 sed
921 873 1303 932 beatitudinem
1343 864 1719 931 miseriamque
1760 855 1842 910 sui
1885 929 1888 932 Α

269 953 528 1048 cujusque
567 971 754 1040 meriti~
787 969 918 1024 velit
963 963 1204 1033 intelligi.
1252 958 1356 1016 Sed
1394 953 1622 1012 carnalis
1665 954 1846 1004 vestra

269 1043 556 1139 cogitatio,
585 1065 722 1120 adeo
755 1078 786 1118 a
815 1061 949 1118 locis
974 1054 1340 1128 corporalibus
1371 1064 1480 1106 non
1511 1043 1747 1108 recedit,
1792 1047 1849 1094 ut
1883 1111 1886 1114 ‘

265 1163 438 1218 solem
467 1161 630 1215 istum
659 1155 921 1210 visibilem
943 1193 956 1217 ,
985 1166 1048 1206 ac
1093 1161 1188 1218 per
1233 1147 1334 1200 hoc
1371 1151 1684 1211 corporeum
1707 1173 1722 1198 ,
1758 1131 1850 1201 qui

269 1251 536 1309 contineri
567 1249 668 1304 nisi
693 1243 960 1316 corporali
989 1243 1110 1298 loco
1139 1255 1246 1294 non
1277 1243 1488 1307 potest,
1519 1241 1572 1286 et
1601 1229 1767 1284 Deum
1798 1232 1853 1278 et

273 1352 484 1414 partem
530 1339 628 1396 Dei
671 1351 796 1396 esse
839 1334 1048 1392 dicatis.
1088 1331 1286 1386 Verum
1335 1326 1403 1382 de
1459 1324 1540 1378 his
1583 1319 1853 1375 vobiscum

273 1410 436 1504 agere
461 1433 685 1490 stultum
711 1435 797 1485 est
818 1445 833 1483 :
852 1426 978 1498 quid
1000 1423 1141 1480 enim
1163 1423 1538 1491 incorporeum
1564 1410 1859 1478 intelligere

275 1500 548 1597 peteritis,
573 1523 664 1594 qui
685 1523 852 1578 Deum
873 1515 1326 1586 incorruptibilem
1349 1508 1584 1566 nondum
1609 1500 1862 1559 creditis?

350 1591 765 1671 CAPUT'XXI.
797 1639 868 1652 -—
895 1608 1003 1666 Sed
1046 1605 1296 1661 videlicet
1335 1603 1509 1672 bonus
1537 1595 1739 1652 amicus
1767 1591 1862 1645 be—

283 1707 447 1776 nigne
467 1719 500 1758 a
521 1719 610 1760 me
633 1702 902 1772 obiurgas,
930 1696 1250 1756 Manichacus
1284 1691 1426 1762 quod
1463 1685 1788 1757 reliquerim,
1813 1691 1866 1736 et

285 1774 374 1854 me
413 1795 485 1850 ad
524 1795 830 1852 Judieorum
869 1791 1060 1848 Libros
1083 1786 1419 1844 contulerim.
1469 1781 1574 1852 Ipsi
1616 1785 1739 1834 sunt
1779 1774 1869 1843 qui

289 1897 528 1946 vestrum
541 1903 780 1944 errorem
795 1885 1166 1952 fallaciamque
1185 1879 1478 1934 suﬂ'ocant:
1501 1874 1554 1927 in
1575 1872 1654 1928 eis
1674 1869 1869 1940 quippe

291 1981 639 2054 prophetatus
667 1988 750 2036 est
771 1977 1034 2043 Christus,
1059 1971 1266 2044 qualem
1291 1969 1385 2023 Dei
1405 1966 1600 2022 veritas
1619 1959 1869 2024 reddidit,

295 2051 402 2126 non
430 2071 643 2141 qualem
671 2067 948 2124 Manichaci
976 2063 1180 2119 vanitas
1209 2061 1378 2114 finxit.
1399 2055 1504 2112 Sed
1533 2056 1692 2110 homo
1717 2051 1874 2104 urba-

296 2163 552 2218 nissimus
573 2161 810 2232 exagitas
831 2157 1100 2228 antiquam
1125 2151 1479 2221 Scripturam,
1503 2161 1567 2202 eo
1591 2141 1732 2216 quod
1753 2139 1877 2196 scri-

297 2263 448 2325 ptum
469 2256 540 2310 sit
565 2254 619 2307 in
647 2251 926 2322 propheta,
948 2247 1020 2302 Et
1045 2249 1126 2318 {ac
1151 2245 1284 2314 ﬁlios
1307 2241 1368 2296 de
1387 2239 1736 2312 fornicatione,
1755 2248 1877 2304 quo-

298 2348 435 2402 niam
459 2344 792 2418 fornicabitur
817 2352 950 2398 terra
975 2357 1007 2394 a
1033 2338 1254 2393 Domino
1279 2334 1427 2404 (Osee
1453 2349 1491 2396 ι,
1518 2329 1610 2402 2);
1639 2343 1760 2382 cum
1785 2341 1878 2380 au—

303 2438 416 2494 dias
441 2439 500 2493 in
529 2436 818 2508 Evangelio
839 2475 856 2502 ,
887 2431 1174 2488 Merctrices
1218 2439 1264 2484 et
1307 2424 1559 2496 publicani
1599 2419 1882 2492 praecedant

287 2527 388 2584 'uos
431 2529 488 2582 in
523 2543 736 2598 regnum
763 2525 1002 2580 caelorum
1031 2519 1246 2592 (Matth.
1274 2533 1400 2582 xxi,
1435 2513 1552 2584 51).
1579 2511 1714 2566 Novi
1741 2508 1882 2564 unde

307 2620 490 2677 veniat
529 2619 824 2690 indignatio
864 2627 1118 2672 tuaznon
1149 2613 1291 2668 enim
1320 2608 1416 2664 tibi
1457 2615 1562 2661 tam
1603 2601 1883 2659 fornicaria

305 2711 552 2782 diSplicet
577 2710 634 2764 in
659 2707 1028 2772 fornicatione,
1051 2717 1206 2774 quam
1237 2699 1376 2771 quod
1406 2699 1457 2753 in
1489 2691 1886 2750 matrimonium

307 2810 638 2860 commutata
676 2809 788 2868 est,
819 2807 870 2854 et
901 2809 1162 2854 conversa
1189 2793 1256 2848 ad
1299 2790 1606 2862 pudicitiam
1629 2784 1886 2860 coniuga-

308 2895 446 2960 lem;
479 2893 568 2948 ubi
597 2893 766 2948 Deum
788 2889 1004 2946 creditis
1030 2895 1266 2942 vestrum
1297 2883 1351 2937 in
1392 2876 1724 2951 procreando
1751 2873 1890 2930 ﬁlios

303 2985 627 3042 arctioribus
655 2984 832 3040 carnis
855 2980 1082 3036 vinculis
1111 2974 1350 3048 colligari
1377 2991 1389 3028 :
1417 2971 1502 3026 cui
1544 2968 1740 3040 putatis
1767 2979 1889 3036 par-

307 3093 432 3134 cere
455 3076 764 3133 merctrices
784 3116 800 3142 ,
827 3074 947 3144 quia
977 3071 1106 3126 dant
1129 3081 1347 3138 Operam
1375 3080 1442 3120 ne
1467 3060 1804 3131 concipiant,
1835 3062 1894 3110 ut

307 3167 378 3223 ab
401 3167 584 3224 ofﬁcio
609 3164 848 3236 pariendi
885 3163 1066 3221 libera:
1087 3200 1104 3228 ,
1139 3157 1350 3214 libidini
1378 3153 1629 3210 serviant.
1661 3148 1894 3206 Feminae

307 3259 510 3328 quippe
544 3264 832 3324 conceptus
877 3252 1016 3324 apud
1059 3265 1156 3306 vos
1201 3262 1385 3304 carcer
1427 3253 1510 3301 est
1551 3251 1604 3297 et
1629 3239 1896 3294 vinculum

315 3349 429 3404 Dei.
453 3348 590 3403 Hinc
621 3346 715 3402 tibi
735 3347 894 3401 etiam
919 3341 1049 3398 illud
1077 3340 1342 3412 displicet,
1367 3335 1530 3390 Erunt
1557 3334 1658 3386 duo
1679 3333 1730 3384 in
1749 3345 1899 3383 carne

317 3455 452 3505 una;
480 3455 604 3495 cum
641 3438 746 3493 hoc
785 3437 838 3492 in
867 3435 1079 3492 Christo
1109 3441 1268 3503 atque
1311 3429 1545 3486 Ecclesia
1572 3433 1753 3481 sancta
1783 3437 1898 3476 ma-

317 3545 480 3601 gnum
503 3528 818 3602 mysterium
839 3524 1178 3582 commendet
1205 3521 1490 3592 Apostolus
1517 3519 1533 3549 ¹
1562 3515 1713 3588 (Gen.
1733 3531 1789 3578 ιι,
1808 3513 1899 3577 2i,

321 3631 368 3674 et
395 3620 588 3690 Ephes.
612 3636 664 3686 v,
690 3619 780 3686 51,
805 3617 918 3688 52).
944 3617 1077 3670 IIinc
1103 3613 1366 3684 displicet,
1397 3607 1630 3674 Crescite,
1663 3615 1708 3658 et
1738 3603 1905 3658 multi-

323 3711 584 3782 plicamini
615 3709 768 3783 (Gen.
797 3725 848 3776 ι,
888 3707 960 3762 ΞΒ
983 3707 1035 3778 );
1067 3721 1136 3761 ne
1161 3703 1256 3760 Dei
1277 3701 1442 3756 vestri
1491 3697 1906 3766 multiplicentur

324 3801 612 3872 ergastula.
637 3801 717 3856 Me
746 3808 925 3854 autem
945 3797 1117 3852 fateor
1143 3795 1196 3850 in
1225 3792 1460 3848 Ecclesia
1489 3789 1746 3860 catholica
1774 3785 1908 3841 didi-

325 3895 468 3948 cisse
487 3935 502 3961 ,
531 3892 668 3948 sicut
691 3891 923 3946 animam
941 3930 956 3954 ,
987 3887 1061 3944 ita
1091 3895 1146 3942 et
1175 3899 1392 3956 corpus,
1420 3896 1648 3953 quorum
1675 3879 1907 3934 alterum

333 3984 611 4056 prmditum
632 4026 648 4054 ,
675 3983 904 4038 alterum
929 3979 1201 4038 subditum
1229 3985 1339 4042 est;
1375 3975 1444 4028 ita
1485 3973 1684 4028 bonum
1721 3969 1912 4024 animae

335 4093 402 4133 ac
427 4078 565 4132 bona
590 4075 852 4147 corporis,
877 4089 984 4130 non
1015 4086 1136 4127 esse
1161 4070 1264 4125 nisi
1291 4084 1322 4122 a
1347 4080 1554 4122 summo
1575 4064 1736 4127 bono,
1759 4075 1789 4114 a
1809 4073 1914 4129 quo

335 4177 468 4223 sunt
489 4169 666 4222 omnia
689 4167 850 4230 bona,
877 4165 990 4220 sive
1016 4176 1225 4234 magna,
1254 4158 1370 4214 sive
1399 4170 1588 4228 parva;
1617 4153 1732 4210 sive
1756 4151 1917 4206 caele-

332 4260 459 4324 stia,
489 4261 604 4316 sive
629 4257 932 4324 terrestria;
963 4256 1076 4310 sive
1105 4250 1423 4322 Spiritualia,
1449 4248 1562 4302 sive
1588 4233 1914 4312 corporalia;

339 4351 457 4406 sive
495 4347 807 4420 temporalia
827 4387 844 4416 ,
871 4347 985 4402 sive
1011 4343 1337 4413 sempiterna
1377 4356 1389 4391 :
1429 4351 1528 4392 nec
1553 4335 1674 4391 ideo
1701 4333 1801 4388 ista
1831 4344 1918 4384 rc—

343 4441 742 4512 prcliendenda,
773 4440 896 4512 quia
923 4439 1012 4493 illa
1038 4433 1385 4507 prazferenda.

413 4531 639 4590 CAPUT
685 4531 853 4588 XXII.
894 4559 966 4572 —-
1005 4529 1140 4583 Illud
1166 4541 1295 4582 vero
1325 4521 1466 4595 quod
1497 4525 1636 4576 inter
1664 4515 1925 4588 culpanda

347 4625 522 4696 ponis,
551 4621 744 4690 Macta,
776 4631 821 4676 et
852 4619 1102 4674 manduca
1124 4615 1258 4686 (Act.
1282 4633 1336 4682 x,
1366 4615 1496 4684 I5);
1525 4613 1686 4668 etiam
1709 4609 1763 4662 in
1783 4607 1928 4662 Acti-

347 4715 446 4771 bus
472 4713 846 4784 Apostolorum
877 4709 1224 4781 spiritualiter
1253 4697 1480 4776 posit'um
1511 4709 1610 4756 est.
1643 4697 1928 4754 Verumta-

349 4821 473 4860 men
499 4811 552 4860 et
579 4801 931 4873 corporaliter
950 4842 966 4868 ,
1001 4815 1107 4854 non
1136 4808 1218 4853 est
1243 4796 1391 4851 cibus
1421 4795 1474 4848 in
1503 4789 1890 4862 vituperatione
1912 4828 1929 4854 ,

353 4895 448 4950 scd
474 4895 631 4950 luxus
662 4910 675 4946 :
701 4891 972 4964 praecipue
1004 4889 1184 4955 vobis,
1215 4885 1373 4942 etiam
1404 4881 1689 4940 carnaliter
1718 4885 1936 4948 accepta

355 4986 472 5042 haec
501 4985 764 5041 sententia
793 4984 1005 5053 placere
1030 4975 1248 5047 debuit,
1293 4989 1350 5033 ut
1377 4975 1681 5032 mactaretis
1711 4986 1899 5027 carnes
1918 5011 1936 5040 ,

361 5093 422 5134 ac
448 5079 528 5134 sic
556 5077 866 5136 carceribus
893 5074 1073 5128 fractis
1102 5071 1168 5128 de
1197 5073 1388 5127 misera
1419 5067 1658 5124 custodia
1684 5065 1816 5120 deus
1845 5079 1938 5118 ve-

363 5179 472 5225 ster
495 5166 802 5240 aufugeret,
831 5172 886 5222 et
912 5165 958 5220 si
985 5180 1103 5236 quae
1133 5163 1249 5232 ejus
1285 5161 1357 5216 ibi
1385 5159 1625 5230 reliquiae
1651 5153 1942 5211 remansis-

365 5269 503 5330 sent,
531 5255 904 5315 manducando
930 5270 1022 5311 eas
1048 5255 1102 5309 in
1133 5251 1342 5308 ofﬁcina
1370 5245 1655 5320 aqualiculi
1682 5259 1943 5317 purgare-

365 5352 452 5407 tis.
487 5349 740 5418 Insultas,
763 5345 906 5418 quod
935 5346 1063 5402 milii
1094 5343 1322 5399 doluerit
1349 5340 1600 5396 sterilitas
1629 5337 1796 5394 Sarae.
1827 5335 1947 5391 Non

375 5444 534 5514 plane
561 5441 664 5496 hoc
686 5452 785 5511 ego
810 5437 976 5504 dolui,
999 5436 1122 5506 quia
1148 5442 1204 5491 et
1231 5435 1341 5502 ipsa
1369 5429 1679 5501 prophetica
1709 5425 1948 5483 fuit.Ve-

377 5533 506 5588 stris
535 5539 710 5587 autem
739 5527 1030 5600 sacrilegiis
1057 5525 1306 5582 fabulosis
1334 5523 1596 5593 congruit,
1623 5537 1727 5576 non
1759 5519 1954 5575 sterili-

383 5635 552 5680 tatem
602 5623 783 5686 Sarae,
831 5621 923 5677 sed
965 5619 1338 5675 fecunditatem
1379 5615 1591 5681 dolere;
1619 5614 1742 5684 quia
1779 5612 1954 5668 omnis

435 5737 454 5768 ι
491 5741 542 5784 In
563 5733 844 5800 carnotensi
867 5739 970 5792 Ms.,
1006 5742 1120 5781 cum
1156 5727 1244 5800 hac
1279 5723 1348 5800 ⁸ξπ
1367 5725 1557 5800 Christo
1583 5729 1724 5800 atque
1746 5721 1960 5775 Ecclesia

373 5801 755 5860 mnam,
805 5785 1036 5860 mam
1091 5785 1374 5855 mysterium
1426 5785 1720 5842 commendet
1768 5791 1963 5850 Αροδιο.

380 5857 470 5910 ιω.
725 5893 730 5898 .

1655 373 1866 438 LIBER
1899 368 2100 428 UNUS.

3405 327 3510 392 598

1941 483 2152 538 feminae
2175 473 2493 537 iecanmtas,
2519 465 2652 522 dura
2679 469 2762 519 est
2785 457 2882 516 Dei
2911 451 3185 538 calamitas
3209 468 3224 506 :
3245 447 3385 506 unde
3409 433 3520 504 non
3563 459 3572 474 ι

1941 571 2135 629 mirum
2166 581 2278 634 εει,
2303 563 2426 636 quia
2465 561 2520 615 in
2558 557 2708 612 vobis
2747 551 2976 608 maxime
3001 535 3254 616 impletur
3279 537 3421 610 quod
3449 537 3518 592 de
3567 567 3573 584 -.

1945 663 2141 720 talibus
2167 631 2478 732 manli—ctum
2502 659 2601 718 est,
2631 645 2958 702 Prohibentes
2984 631 3186 710 nuptias
3207 634 3258 705 (Ι
3285 631 3422 688 Tim.
3445 645 3520 696 iv,

1949 755 2028 826 5).
2055 722 2238 822 Neque
2264 747 2404 804 enim
2430 752 2538 798 tam
2564 737 2921 800 concubitum,
2952 745 3112 802 quam
3135 725 3347 798 nuptias
3371 722 3526 793 dete-

1951 844 2164 902 stamini
2184 861 2196 896 :
2214 837 2462 912 quoniam
2485 835 2536 888 in
2558 825 2965 887 eis'concubitus
2985 835 3144 879 causa
3175 813 3524 889 propagandi,

1953 954 2060 994 non
2085 936 2291 1000 vitium,
2321 929 2413 986 sed
2437 925 2668 983 ofﬁcium
2694 931 2776 978 est
2797 940 2810 975 :
2837 935 2866 974 a
2888 933 2991 989 quo
3013 913 3264 970 immunis
3287 917 3372 966 est
3393 921 3527 962 con-

1955 1026 2174 1084 tincntia
2201 1025 2434 1078 virorum
2466 1015 2888 1081 feminarumque
2918 1013 3251 1068 sanctarum;
3277 992 3382 1056 non
3405 998 3529 1070 quia

1957 1122 2093 1176 sicut
2123 1117 2318 1172 malum
2349 1111 2478 1168 illud
2507 1107 2893 1166 devitaverunt,
2931 1100 3025 1156 sed
3055 1099 3176 1170 quia
3207 1094 3400 1152 melius
3427 1089 3540 1146 ele-

1960 1199 2170 1284 gerunt.
2203 1209 2513 1276 Quanquam
2543 1208 2752 1272 patrum
2783 1203 2838 1250 et
2865 1199 3123 1253 matrum,
3155 1187 3339 1258 quales
3365 1181 3538 1239 Abra-

1963 1269 2085 1358 ham
2116 1309 2170 1356 et
2195 1299 2325 1356 Sara
2366 1269 2719 1356 exstiterunt,
2763 1287 2935 1356 ipsum
2982 1280 3215 1336 ofﬁcium
3261 1269 3574 1344 coniugale-

1963 1410 2072 1450 non
2097 1409 2160 1447 ex
2193 1391 2423 1444 humana
2450 1375 2723 1445 Societate,
2748 1375 2842 1433 sed
2865 1391 2928 1430 cx
2953 1371 3129 1428 divina
3149 1366 3570 1438 dispendatioue‘

1966 1483 2293 1557 pensandum
2323 1489 2424 1536 est.
2469 1477 2601 1531 Nam
2632 1473 2753 1542 quia
2781 1467 3052 1525 Christum
3085 1465 3138 1518 in
3171 1475 3332 1517 carne
3358 1457 3546 1513 venire

1969 1548 2269 1650 oportebat,
2299 1572 2347 1626 ei
2372 1569 2516 1625 carni
2545 1553 2898 1636 propaganda:
2924 1557 3238 1613 famulatum
3265 1560 3349 1609 est
3371 1548 3550 1618 conju«

1971 1669 2112 1738 gium
2145 1663 2310 1728 Suras,
2339 1661 2420 1716 cui
2445 1657 2722 1728 virginitas
2747 1651 2922 1707 Mariae
2955 1650 2994 1700 ⁸.
3429 1679 3436 1686 .

2043 1753 2266 1810 CAPUT
2300 1727 2590 1806 *xxnts—
2629 1743 2782 1801 Unde
2829 1751 2883 1796 et
2929 1737 3058 1793 illud
3101 1732 3241 1804 quod
3289 1727 3552 1800 imperitia

1978 1845 2229 1902 laudabili
2260 1839 2552 1898 deridendo
2582 1829 3034 1893 commemorasti,
3065 1826 3210 1880 Pone
3233 1837 3440 1877 manum
3460 1817 3553 1873 sub

1978 1945 2166 2014 femore
2193 1954 2319 2002 meo,
2345 1931 2610 1990 Abraham
2637 1941 2794 1984 servo
2809 1939 2908 1981 suo
2927 1922 3080 1988 dixit,
3105 1917 3380 1989 postulans
3399 1911 3560 1983 juris-

1973 2029 2188 2102 jurandi
2217 2027 2396 2082 fidem.
2431 2023 2591 2089 Pone,
2621 2019 2811 2088 inquit,
2841 2029 3050 2069 manum
3078 2009 3167 2064 sub
3197 2008 3386 2078 femore
3409 2017 3572 2068 meo,-

1979 2092 2026 2176 et
2045 2123 2170 2192 jura
2202 2135 2288 2189 per
2314 2116 2477 2170 Deum
2505 2111 2612 2167 cali
2641 2107 2790 2182 (Gen.
2815 2119 2962 2170 xxiv,
3009 2103 3066 2165 2,
3103 2102 3180 2170 5).
3210 2099 3406 2154 Servus
3435 2092 3568 2164 qui-

1982 2182 2103 2268 dein
2142 2182 2231 2264 ille
2272 2205 2566 2263 obcdiendo
2601 2199 2814 2272 jurabat
2845 2215 2860 2251 :
2891 2195 2984 2250 sed
3015 2191 3278 2248 Abraham
3321 2182 3560 2256 iubendo

1981 2301 2333 2376 prOphetabat
2354 2342 2368 2366 ,
2409 2299 2578 2352 Deum
2605 2293 2806 2348 scilicet
2832 2289 2955 2344 coeli
2983 2287 3036 2340 in
3064 2298 3182 2339 eam
3205 2293 3418 2335 carnem
3443 2288 3565 2332 esse

1983 2366 2286 2456 ven-turum,
2317 2403 2434 2460 quae
2463 2386 2652 2442 fuisset
2679 2399 2745 2438 ex
2775 2382 2863 2435 illo
2893 2379 3094 2434 femore
3119 2380 3426 2444 propagata.
3458 2366 3570 2420 Vos

1985 2482 2088 2538 hoc
2113 2459 2491 2551 aSpernamini,
2524 2471 2885 2537 detestamini,
2918 2463 3322 2528 abominamini,
3355 2459 3485 2516 casti
3513 2465 3570 2512 et

1987 2573 2168 2630 mundi
2217 2572 2460 2626 homines
2491 2587 2505 2624 :
2535 2569 2624 2639 qui
2657 2565 2794 2621 Filio
2839 2563 2972 2628 Dei,
2996 2573 3154 2630 quem
3181 2556 3354 2610 nullus
3381 2559 3569 2606 conta-

1989 2675 2106 2722 ctus
2136 2665 2310 2720 carnis
2341 2671 2550 2718 mutare
2589 2658 2884 2730 potuisset,
2915 2669 3077 2708 unum
3107 2647 3328 2720 virginis
3359 2653 3574 2698 uterum

1991 2759 2315 2824 formidatis;
2337 2767 2390 2812 et
2409 2755 2499 2811 Dei
2517 2753 2620 2808 vivi
2655 2753 2676 2783 ¹
2707 2757 2949 2805 naturam
2968 2753 3220 2799 mutatam
3239 2749 3397 2808 atque
3411 2734 3576 2806 pollue

1993 2861 2101 2907 tam
2131 2851 2366 2906 omnium
2393 2847 2712 2903 feminarum
2735 2883 2750 2908 ,
2781 2857 2886 2896 non
2909 2838 3181 2892 hominum
3209 2839 3412 2887 tantum
3436 2869 3449 2894 ,
3479 2824 3576 2881 sed

1994 2943 2282 2999 bestiarum
2322 2953 2532 3010 quoque
2575 2935 2745 2990 uteris
2789 2929 3072 3000 implicatis
3100 2943 3114 2980 :
3147 2940 3208 2980 ac
3235 2939 3330 2993 per
3361 2923 3460 2974 hoc
3488 2917 3578 2986 qui

1995 3049 2156 3088 unum
2181 3021 2692 3086 Patriarchm'fcmur
2713 3022 2964 3080 horretis,
2983 3033 3100 3089 qua:
3121 3014 3331 3070 tandem
3353 3011 3576 3074 femora,

1997 3141 2106 3180 non
2135 3123 2253 3179 dico
2281 3121 2664 3191 Prophetarum
2689 3158 2703 3182 ,
2732 3115 2826 3172 sed
2868 3109 3228 3184 quarumlibet
3267 3105 3580 3176 prostituta-

1999 3233 2118 3271 rum
2147 3213 2394 3268 invenitis
2415 3254 2429 3279 ,
2460 3209 2546 3265 ubi
2574 3223 2682 3262 non
2729 3221 2825 3276 per
2858 3205 3014 3258 deum
3041 3209 3275 3254 vestrum
3324 3195 3431 3248 illic
3475 3201 3580 3244 tam

2001 3307 2226 3376 turpiter
2249 3302 2604 3372 compeditum
2626 3299 2807 3368 jurarc
2832 3293 3072 3350 debeatis
3097 3290 3154 3342 ³⁸1
3183 3287 3284 3341 nisi
3312 3285 3448 3339 forte
3476 3295 3580 3335 non

2002 3395 2213 3467 quidem
2237 3403 2383 3449 caste
2405 3403 2622 3462 tangere
2643 3385 2860 3442 humani
2885 3382 3126 3452 corporis
3151 3376 3467 3438 membrum,
3489 3369 3582 3424 sed

2003 3487 2169 3557 pudet
2197 3485 2374 3555 iurare
2404 3497 2498 3554 per
2525 3481 2696 3535 Deum
2727 3485 2833 3531 tam
2863 3473 3086 3544 turpiter
3117 3469 3373 3522 vinctum.
3415 3463 3584 3517 Tanta

2005 3552 2114 3633 illic
2137 3552 2475 3631 deformitate
2503 3571 2714 3641 captivo
2741 3567 2957 3622 nomine
2987 3559 3235 3632 pancarpi
3265 3557 3376 3628 (a),
3413 3554 3502 3623 qui
3533 3552 3588 3605 in

2007 3667 2229 3724 ludicris
2254 3663 2565 3720 muneribus
2591 3661 2678 3716 edi
2705 3660 2875 3724 solet,
2909 3663 3127 3726 propter
3152 3651 3390 3706 omnium
3431 3659 3592 3716 gene-

2008 3775 2126 3815 rum
2157 3772 2272 3827 qua:
2298 3757 2509 3810 inerant
2545 3752 2742 3806 bestias
2762 3790 2777 3816 ,
2805 3743 3092 3818 exagitatis
3117 3755 3293 3795 arcam
3324 3737 3437 3791 Noe
3480 3732 3592 3804 (Id.

2011 3850 2164 3924 vn),
2197 3864 2313 3918 quae
2355 3863 2451 3917 per
2493 3859 2654 3900 omne
2695 3855 2864 3913 genus
2905 3833 3212 3892 animalium
3255 3830 3483 3884 futuram
3529 3839 3598 3878 ex

2015 3921 2260 4000 omnibus
2284 3939 2530 4011 gentibus
2557 3935 2818 4007 ﬁgurabat
2841 3930 3164 3987 EccleSiam.-
3179 3923 3280 3982 Ubi
3307 3929 3358 3976 te
3380 3921 3466 3975 vel
3492 3932 3600 3972 non

2009 4009 2380 4089 advertentem
2419 4029 2504 4084 vel
2543 4029 2874 4098 ignorantem
2905 4019 3146 4094 gratulor
3173 4025 3468 4084 congruum
3497 4022 3598 4078 po-
3697 4009 3706 4026 ‘

2018 4125 2190 4181 suisse
2211 4123 2528 4179 vocabulum
2555 4136 2568 4173 :
2598 4125 2872 4190 πάγκαρπος
2895 4115 3040 4170 enim
3067 4107 3244 4166 omnis
3269 4115 3350 4161 est
3377 4104 3600 4165 fructus,
3625 4169 3628 4174 _

2020 4216 2160 4290 quod
2193 4216 2247 4270 in
2277 4212 2515 4269 Ecclesia
2547 4208 2892 4280 spiritualiter
2920 4217 3104 4259 verum
3133 4207 3218 4255 est
3241 4215 3253 4250 :
3278 4205 3332 4251 et
3365 4209 3474 4247 non
3517 4196 3602 4244 at-

2023 4309 2219 4375 tendis,
2250 4305 2364 4362 Noe
2395 4319 2516 4358 cum
2543 4303 2652 4358 suis
2677 4299 2817 4354 inter
2843 4297 2960 4352 illas
2986 4293 3149 4356 feras,
3171 4303 3278 4360 quo
3304 4287 3502 4341 illresus
3526 4281 3607 4334 in-

2024 4413 2240 4472 gressus
2269 4404 2351 4452 est
2370 4435 2386 4462 ,
2411 4391 2552 4447 unde
2579 4391 2775 4444 illaesus
2801 4397 3050 4456 egressus
3078 4389 3160 4436 est
3180 4421 3194 4447 ,
3219 4391 3376 4448 quam
3406 4371 3609 4428 felicior

2025 4465 2185 4544 fuerit
2213 4485 2314 4541 dco
2341 4491 2518 4538 vestro
2535 4521 2550 4546 ,
2575 4479 2665 4549 qui
2691 4477 2860 4533 ferina
2889 4474 3038 4528 rabie
3067 4469 3240 4540 gentis
3267 4465 3610 4521 tenebrarum

2030 4579 2314 4636 dilaniatus
2337 4582 2391 4629 et
2412 4573 2694 4627 devoratus
2713 4575 2816 4622 est.
2835 4565 3020 4634 Itaque
3043 4562 3133 4617 ille
3153 4575 3261 4616 non
3287 4566 3608 4628 pancarpus,

2032 4669 2124 4725 sed
2169 4668 2329 4738 plane
2369 4667 2676 4732 compartus
2707 4657 2729 4690 ⁸
2755 4656 2926 4712 factus
2951 4662 3062 4718 est,
3091 4651 3182 4722 qui
3218 4649 3362 4704 omni
3406 4643 3614 4699 feritate

2034 4731 2332 4828 discerptus
2360 4762 2461 4810 est.
2485 4731 2706 4808 Luctam
2734 4747 2899 4804 Jacob
2924 4761 3046 4802 cum
3073 4741 3262 4813 angelo
3287 4735 3476 4793 irrides
3498 4731 3613 4799 (Id.

2035 4867 2215 4916 xxxii,
2235 4849 2324 4914 24,
2349 4847 2463 4919 25),
2486 4845 2574 4899 ubi
2607 4843 2781 4898 futura
2807 4855 2926 4896 cum
2953 4852 3114 4894 carne
3139 4830 3334 4889 Christi
3358 4830 3495 4882 lucta
3523 4839 3618 4894 po-

2040 4943 2152 5014 puli
2183 4915 2346 4996 Israel
2378 4915 2684 5008 prophetice
2705 4935 2926 5003 figurata
2955 4937 3056 4985 est.
3088 4924 3194 4981 Sed
3218 4915 3621 4992 quomodolibet

2041 5006 2325 5100 intelligas,
2357 5006 2556 5099 quanto
2585 5026 2775 5082 melius
2796 5023 2928 5077 deus
2949 5027 3126 5074 vester
3151 5029 3273 5069 cum
3304 5009 3520 5064 homine
3547 5006 3622 5060 lu-

2043 5129 2308 5187 ctaretur,
2351 5134 2510 5190 quam
2555 5119 2726 5172 victus
2767 5123 2925 5182 atque
2959 5108 3205 5178 captivus
3249 5118 3280 5156 a
3317 5101 3623 5156 daemonum

2111 5237 2130 5266 ³
2163 5231 2301 5292 Edim
2336 5227 2416 5280 σαί
2455 5225 2704 5292 virgeam
2720 5221 2888 5292 Mariae
2909 5205 3622 5292 prefertat-_§‘azﬁiﬂﬂa-§92§‘

2047 5267 2478 5358 ιιιωῙῆἶ-’έὲῑεῖῖῖιζξ
2484 5267 3070 5358 οᾷἷίόῶηὲἰ
3086 5267 3374 5336 ὠθεῌίιιὶι
3393 5267 3625 5320 subaudi-

2051 5365 2129 5407 tur
2146 5350 2254 5420 ej'us
2273 5350 2396 5414 loco,
2421 5350 2656 5420 famulata
2676 5351 2764 5400 est.

2113 5420 2136 5451 ³
2168 5411 2325 5474 Forte,
2349 5411 2508 5464 uestri.

2116 5451 2332 5548 ιειεῖςξεί
2353 5451 2601 5548 mit-ruas.
2777 5477 2936 5548 nee

2057 5519 2794 5633 οαζιῇἑᾶἰᾶἷηῖἦᾶνξᾙεὸἔὰὲὶε.
2816 5529 3117 5601 Castigantur
3145 5535 3210 5573 ex
3231 5519 3513 5570 Carnotensi
3542 5519 3624 5562 Ms.

2174 5605 2228 5649 In
2252 5607 2425 5649 vetere
2442 5597 2607 5646 codice
2621 5601 2913 5649 Carnutensn
2937 5597 3236 5649 comparans.

2122 5620 2142 5633 '
2175 5620 2228 5649 ιιι
2252 5620 2425 5649 vetere
2442 5620 2607 5646 υυιιιυυ
2621 5620 2913 5650 minuscum,
2937 5620 3044 5640 ισυιη
3075 5620 3120 5636 ιιι
3135 5620 3236 5636 vum

2122 5663 2196 5725 (a)
2220 5658 2562 5725 uoreI,_F.lem.
2587 5659 2760 5725 critic,
2779 5652 2990 5725 pp._‘530,
3012 5620 3228 5725 351,:sig

2063 5767 2384 5908 ξῷῇᾶἆᾶἶῶ
2403 5767 2536 5894 tgna
2548 5767 2975 5843 illic’deTormitate
2999 5767 3256 5840 captiuam.
3279 5771 3474 5819 Nam
3507 5767 3632 5822 ρεη-
