4028 6444
438 401 547 465 599

440 528 600 593 gente
636 518 973 589 diriperetur.
1006 515 1161 571 Falso
1195 510 1492 575 Abraham,
1520 507 1661 581 quod
1703 508 2010 581 pudicitiam

441 612 685 682 conjugis
715 609 1013 666 vendiderit
1039 603 1338 662 criminaris
1362 620 1375 657 :
1409 602 1497 656 ubi
1524 616 1629 657 non
1657 611 1739 657 est
1760 601 2013 656 mentitus

441 719 701 768 sororem,
719 702 813 758 sed
830 699 1030 755 cautela
1048 697 1274 751 humana
1287 694 1450 750 tacuit
1462 708 1681 749 uxorem
1696 691 1844 765 (Gen.
1863 708 1937 747 xu
1965 700 2015 747 et

442 799 537 864 xx)
554 837 568 863 ,
600 795 710 849 Deo
737 808 834 847 suo
862 790 1199 847 committens
1222 787 1337 857 ejus
1364 784 1669 857 pudicitiam
1702 798 2019 839 conservan-

441 888 590 951 dam;
616 886 702 956 qui
727 884 827 939 nisi
847 883 1046 937 faceret
1060 880 1199 951 quod
1219 879 1395 935 facere
1414 886 1615 948 posset,
1640 891 1744 931 non
1771 877 1822 932 in
1846 876 2014 932 Deum

445 977 627 1040 ﬁdere,
648 975 740 1030 sed
765 974 927 1029 Deum
950 980 1157 1027 tentare
1166 969 1513 1040 judicaretur.
1530 967 1639 1023 Nec
1660 978 1836 1022 tamen
1856 968 2018 1036 respi-

440 1069 517 1123 eis
536 1069 693 1122 deum
722 1074 979 1131 vestrum,
1005 1064 1097 1133 qui
1125 1078 1231 1117 non
1262 1076 1481 1116 uxorem
1501 1102 1515 1127 ,
1543 1060 1636 1116 sed
1656 1060 1891 1116 membra
1921 1074 2016 1114 sua

441 1157 682 1211 hostibus
697 1154 998 1226 polluenda,
1011 1150 1417 1221 corrumpenda,
1431 1149 1711 1219 turpanda,
1728 1163 1833 1205 non
1843 1148 2019 1203 vendi-

438 1248 590 1307 didit.
611 1248 701 1303 sed
718 1248 879 1316 gratis
895 1245 1059 1300 dedit.
1077 1243 1156 1298 Ad
1174 1258 1352 1313 quem,
1375 1243 1418 1297 si
1436 1251 1630 1311 posset,
1649 1250 1793 1297 certe
1808 1251 2019 1311 optare-

440 1341 527 1405 tis,
559 1350 616 1394 ut
653 1348 757 1393 tam
805 1339 1000 1393 illibata
1030 1336 1229 1391 rediret
1253 1336 1319 1390 ab
1348 1335 1574 1389 inimicis
1602 1334 1711 1389 suis
1747 1333 1833 1388 dei
1858 1332 2018 1387 vestri

439 1431 693 1501 praeclara
724 1439 907 1484 natura
928 1469 941 1494 ,
972 1443 1128 1497 quam
1156 1426 1353 1481 illibata
1382 1426 1498 1479 viro
1527 1424 1729 1479 reddita
1758 1433 1839 1479 est
1864 1421 2016 1479 Sara.

511 1522 733 1578 CAPUT
764 1520 953 1575 XXIV.
972 1551 1040 1561 —-
1063 1519 1270 1573 Laudas
1293 1532 1468 1574 mores
1487 1527 1540 1572 et
1562 1516 1731 1571 studia
1750 1516 2018 1586 quondam

440 1631 593 1682 mea,
622 1624 676 1670 et
701 1615 893 1685 quaeris
923 1614 1041 1684 quis
1080 1628 1166 1667 me
1207 1620 1427 1681 repente
1465 1610 1768 1665 mutaverit.
1819 1608 2018 1664 Deinde

439 1705 910 1776 circumloquendo
944 1719 1333 1759 commemoras
1361 1702 1635 1773 antiquum
1668 1702 1872 1758 hostem
1901 1716 2018 1756 om-

440 1799 589 1853 nium
638 1799 871 1854 ﬁdelium
910 1804 1069 1868 atque
1112 1806 1453 1862 sanctorum,
1501 1804 1556 1849 et
1597 1795 1764 1864 ipsius
1813 1794 2019 1849 Domini

440 1891 569 1947 Jesu
596 1892 812 1956 Christi,
835 1906 990 1961 quem
1022 1890 1100 1944 vis
1120 1890 1301 1957 utique
1323 1886 1594 1942 diabolum
1618 1885 1858 1955 intelligi.
1884 1884 2020 1952 Quid

442 1999 543 2055 ego
568 1983 660 2038 tibi
688 1984 755 2037 de
783 1999 899 2037 mea
932 1982 1224 2036 mutatione
1250 1979 1620 2049 respondeam,
1652 1994 1807 2047 quam
1835 1977 1933 2031 nisi
1956 1992 2021 2031 eo

444 2075 607 2129 modo
638 2077 690 2129 in
717 2075 906 2129 melius
934 2073 1048 2127 ﬁeri
1086 2070 1358 2127 crederem
1380 2112 1394 2134 ,
1422 2085 1527 2123 non
1560 2070 1740 2138 utique
1770 2083 1858 2122 me
1877 2109 1891 2133 ,
1925 2082 2019 2122 ve-

442 2177 559 2222 stro
584 2180 765 2222 errore
791 2166 1054 2221 detestato
1080 2174 1236 2234 atque
1270 2164 1521 2218 damnato
1543 2202 1556 2226 ,
1598 2161 1662 2215 ad
1704 2160 2020 2215 catholicam

443 2257 737 2312 Ecclesiam
783 2256 1047 2326 ﬁdemque
1089 2253 1421 2310 conferrem?
1466 2250 1618 2319 Quod
1664 2259 1841 2305 utrum
1879 2258 2023 2305 recte

444 2350 660 2405 fecerim
681 2392 695 2415 ,
740 2349 791 2403 id
831 2357 945 2415 est,
992 2364 1022 2402 a
1049 2349 1188 2402 malo
1217 2347 1269 2400 in
1300 2346 1497 2400 bonum
1527 2352 1761 2398 mutatus
1788 2343 1886 2399 sim
1909 2383 1922 2405 ,
1964 2350 2023 2397 tu

444 2441 574 2496 mihi
624 2442 735 2510 ipse
781 2441 941 2495 solvis
982 2440 1329 2510 quaestionem
1366 2439 1417 2491 in
1452 2436 1640 2492 eodem
1672 2436 1839 2491 verbo
1880 2434 2022 2505 quod

446 2535 668 2604 posuisti
697 2533 1003 2588 mutationis
1030 2548 1181 2588 mea}.
1207 2530 1395 2586 Anima
1423 2531 1564 2585 enim
1586 2544 1724 2593 mea,
1748 2529 1790 2584 si
1819 2528 2025 2598 (quem-

445 2626 730 2679 admodum
761 2624 955 2694 dicitis)
1002 2624 1097 2679 Dei
1138 2632 1323 2679 natura
1350 2631 1522 2684 esset;
1548 2622 1660 2676 sive
1700 2622 1753 2675 in
1796 2620 2019 2687 melius,

447 2720 582 2769 sicut
611 2716 851 2781 conﬁdo;
880 2716 991 2769 sive
1021 2715 1075 2768 in
1104 2714 1344 2769 deterius
1363 2756 1378 2779 ,
1421 2713 1559 2768 sicut
1582 2713 1760 2782 arguis
1783 2754 1798 2778 ,
1830 2711 2025 2767 mutari

449 2807 667 2862 omnino
707 2824 812 2861 non
853 2817 1028 2876 posset
1056 2824 1067 2858 :
1094 2821 1193 2861 nec
1217 2820 1247 2859 a
1277 2820 1334 2859 se
1362 2806 1496 2874 ipsa,
1529 2820 1627 2859 nec
1654 2820 1684 2857 a
1714 2804 2025 2873 cujusquam

447 2900 532 2953 vel
562 2898 781 2952 alterius
810 2898 1055 2966 impulsu.
1104 2896 1252 2952 Unde
1281 2911 1402 2950 cum
1439 2910 1677 2950 errorem
1708 2894 1867 2948 istum
1896 2894 2024 2947 reli-

448 2990 573 3058 qui,
601 2998 654 3042 et
676 2989 810 3058 elegi
839 3003 958 3043 eam
985 2987 1142 3042 ﬁdem
1166 3028 1182 3053 ,
1225 2987 1313 3041 ubi
1356 2986 1451 3041 Dei
1483 2995 1667 3039 natura
1698 2998 1916 3055 prorsus
1946 2985 2027 3039 in-

452 3078 841 3134 commutabilis
879 3078 964 3146 pie
1002 3077 1258 3143 creditur,
1289 3084 1346 3131 ut
1369 3077 1640 3147 sapienter
1667 3076 2021 3147 intelligatur;

450 3186 557 3224 non
585 3169 827 3238 displicet
854 3170 1078 3223 mutatio
1106 3183 1221 3223 mea
1246 3209 1259 3234 ,
1302 3168 1403 3223 nisi
1435 3170 1629 3238 quibus
1659 3168 1905 3236 displicet
1942 3168 2024 3222 inv

451 3261 843 3313 commutabilis
882 3261 1042 3314 Deus.
1074 3260 1170 3314 Est
1215 3268 1391 3315 autem
1442 3261 1684 3315 diabolus
1720 3268 2024 3314 sanctorum

452 3347 810 3415 adversarius,
838 3365 945 3404 non
973 3350 1114 3419 quod
1142 3350 1397 3421 adversus
1426 3365 1519 3406 eos
1545 3366 1607 3405 ex
1638 3350 1858 3405 alterius
1884 3358 2027 3405 natu-

451 3454 529 3495 ra:
555 3443 822 3495 contrario
847 3442 1108 3512 principio
1135 3450 1421 3512 consurgat
1449 3442 1694 3496 inimicus
1714 3482 1727 3507 ,
1767 3442 1860 3496 sed
1904 3442 2027 3511 quia

450 3533 532 3588 eis
557 3533 756 3589 invidet
775 3533 1035 3589 honorem
1057 3535 1351 3597 caelestem,
1372 3533 1511 3588 unde
1532 3543 1614 3589 est
1634 3534 1746 3604 ipse
1766 3532 2023 3603 dejectus.

448 3622 680 3678 Mutatus
705 3625 845 3679 enim
878 3626 993 3696 ipse
1014 3667 1029 3693 ,
1060 3624 1193 3680 alios
1218 3634 1425 3679 mutare
1450 3624 1686 3680 molitur.
1728 3624 1860 3679 Nam
1889 3625 2028 3680 sicut

450 3728 483 3767 a
507 3714 659 3769 vobis
703 3714 929 3770 Persica:
960 3716 1103 3771 illius
1129 3715 1321 3771 fabula:
1351 3717 1653 3786 prolixitate
1682 3715 2023 3785 describitur,

448 3806 495 3860 si
526 3822 629 3860 non
658 3816 893 3862 mutatus
914 3807 1271 3874 alios.mutat,
1299 3807 1538 3878 profecto
1567 3808 1738 3877 major
1774 3817 1828 3864 et
1860 3808 2029 3863 victor

450 3905 534 3950 est
562 3914 576 3949 :
600 3897 643 3949 si
669 3907 868 3964 autem,
900 3900 1036 3953 sicut
1057 3898 1353 3965 afﬁrmatis,
1381 3909 1579 3955 sanctae
1601 3900 1765 3967 lueis;
1796 3916 1901 3956 non
1928 3901 2029 3956 ini-

452 3990 623 4045 micus
651 3991 739 4045 Dei
768 4000 850 4045 est
868 4034 883 4058 ,
909 3992 1001 4046 sed
1026 3993 1230 4049 amicus
1251 4034 1266 4060 ,
1301 4004 1355 4047 et
1380 3994 1482 4048 illis
1507 3994 1697 4049 melior
1720 4009 1853 4064 quos
1878 3994 2025 4050 deci-

454 4080 551 4150 pit,
584 4081 671 4150 qui
700 4097 791 4136 eos
818 4083 1000 4137 lumini
1028 4093 1214 4139 sancto
1239 4085 1501 4151 inimicos,
1536 4086 1620 4139 cui
1647 4094 1729 4140 est
1753 4086 1866 4155 ipse
1890 4085 2026 4141 ami-

452 4185 566 4236 cus,
594 4172 826 4227 efﬁcit‘?
852 4173 976 4228 Ideo
1022 4174 1218 4243 quippe
1261 4174 1389 4229 dicit
1434 4175 1787 4241 Manichazus,
1827 4184 2028 4233 aeterno

452 4262 716 4330 supplicio
740 4264 943 4319 animas
984 4266 1037 4318 in
1076 4265 1167 4319 illo
1205 4264 1446 4319 horribili
1476 4266 1634 4335 globo
1661 4267 1989 4323 damnandas
2009 4310 2024 4336 ,

451 4352 591 4420 quod
622 4370 789 4407 errare
822 4370 876 4407 se
906 4372 936 4408 a
975 4355 1129 4425 priori
1158 4354 1326 4408 lucida
1351 4372 1443 4410 sua
1472 4364 1653 4410 natura
1682 4373 1845 4428 passae
1872 4368 2028 4424 sunt,

450 4451 498 4495 et
527 4444 742 4497 inimica:
769 4446 972 4498 luminis
992 4454 1108 4499 tunc
1128 4447 1446 4511 exstiterunt;
1458 4462 1579 4502 cum
1600 4448 1768 4517 ipsam
1790 4456 2026 4503 mentem

449 4535 623 4604 gentis
650 4534 1004 4602 tenebrarum,
1034 4536 1277 4591 tenendae
1301 4536 1437 4607 apud
1465 4551 1523 4592 se
1548 4537 1684 4592 lucis
1712 4552 1896 4595 amore
1924 4538 2025 4593 lla-

449 4635 693 4695 grantem
722 4627 1026 4681 animalium
1052 4642 1274 4697 corpora
1298 4643 1483 4684 creare
1503 4629 1805 4684 contendat.
1830 4631 1913 4684 Ab
1942 4630 2026 4687 his

449 4730 579 4786 ergo
605 4716 903 4772 vanissimis
928 4718 1303 4788 sacrilegisque
1325 4720 1588 4789 ﬁgmentis
1612 4729 1665 4776 te
1689 4735 1815 4776 cura
1836 4730 1895 4776 ut
1921 4723 2026 4777 eri-

449 4806 567 4877 pias
587 4847 599 4871 ,
630 4807 915 4863 mutandus
943 4809 996 4863 in
1022 4809 1210 4863 melius
1238 4809 1378 4864 illius
1401 4810 1665 4880 adjutorio
1684 4852 1699 4877 ,
1726 4813 1816 4883 qui
1842 4828 1941 4870 nec
1970 4815 2023 4871 in

448 4898 641 4953 melius
669 4913 769 4953 nec
792 4900 845 4954 in
872 4900 1106 4956 deterius
1131 4910 1508 4959 commutatur.

520 4991 746 5048 CAPUT
788 4991 952 5047 XXV.
973 5023 1043 5033 —-
1070 4993 1336 5048 Evasimus
1353 5035 1368 5061 ,
1402 4994 1577 5067 inquis
1595 5036 1610 5063 ,
1636 4998 1755 5068 quia
1779 4999 2023 5069 spiritua-

449 5082 549 5138 lem
575 5085 729 5139 secuti
757 5100 930 5138 sumus
956 5084 1292 5141 Salvatorem.
1324 5084 1463 5140 Nam
1484 5088 1623 5142 illius
1644 5098 1836 5144 tantum
1863 5093 2025 5163 erupit

448 5177 683 5241 audacia,
711 5186 767 5230 ut
793 5178 837 5232 si
865 5186 1033 5232 noster
1057 5177 1306 5232 Dominus
1329 5180 1547 5233 carnalis
1570 5181 1719 5250 foret,
1748 5184 1909 5238 omnis
1934 5201 2026 5239 no-

450 5274 557 5320 stra
579 5268 752 5336 fuisset
775 5283 887 5337 spes
906 5278 1187 5339 amputata.
1211 5268 1265 5323 Si
1292 5269 1392 5324 hoc
1419 5279 1699 5341 propterea
1727 5274 1880 5342 dicis,
1902 5276 2026 5345 quia

450 5355 720 5411 Christum
741 5372 953 5413 carnem
984 5358 1234 5415 habuisse
1257 5375 1363 5414 non
1388 5360 1633 5428 creditis;
1660 5363 1712 5418 in
1735 5364 2025 5422 Manichceo

452 5462 603 5516 spem
628 5462 825 5515 ponere
849 5463 954 5504 non
976 5449 1201 5519 debetis,
1224 5466 1380 5523 quem
1405 5452 1471 5507 de
1492 5455 1727 5510 masculo
1751 5463 1806 5510 et
1832 5455 2027 5515 femina

452 5547 821 5608 procreatum,
848 5540 986 5594 sicut
1004 5550 1228 5598 caeteros
1260 5543 1500 5599 homines
1529 5560 1744 5602 carnem
1777 5546 2026 5605 habuisse

455 5629 766 5686 conceditis.
797 5630 907 5686 Cur
947 5648 1074 5703 ergo
1120 5635 1172 5689 in
1221 5636 1316 5691 illo
1358 5644 1558 5692 tantam
1602 5654 1751 5709 spem
1793 5640 2022 5710 ponitis?

451 5717 587 5783 Nam
617 5722 669 5776 in
696 5721 795 5776 hac
824 5722 936 5791 ipsa
962 5724 1182 5792 epistola
1210 5733 1297 5780 tua
1317 5767 1333 5792 ,
1363 5742 1482 5783 cum
1507 5743 1593 5785 me
1618 5738 1847 5788 terreres
1868 5772 1882 5799 ,
1912 5732 2024 5804 ipse

517 5814 536 5843 ι
570 5812 699 5872 Apud
721 5818 795 5863 Er.
818 5811 966 5873 Lugd.
988 5820 1108 5863 ven.
1126 5819 1256 5876 Lov.,
1275 5816 1445 5878 eiecit.
1634 5826 1688 5870 tu.

921 394 1196 458 CONTRA
1231 391 1670 454 SECUNDINUM
1710 390 2154 461 MANICHASUM,
2185 391 2243 448 S.
2301 389 2666 451 AUGUSTINI
2720 391 2921 450 LIBER
2956 390 3159 449 UNUS.

3591 391 3706 449 600

2122 507 2301 563 dixisti
2327 526 2339 562 :
2366 508 2489 573 Quis
2516 508 2669 578 igitur
2688 508 2776 561 tibi
2799 516 3038 579 patronus
3064 508 3158 561 erit
3183 513 3299 562 ante
3316 508 3511 578 justum
3540 507 3708 561 tribu-

2123 599 2210 652 nal
2250 597 2450 652 Judicis
2472 640 2488 666 ,
2534 615 2646 652 cum
2668 608 2715 653 et
2742 600 2805 652 de
2830 615 3058 654 sermone
3081 607 3128 654 et
3155 599 3217 653 de
3242 615 3390 670 opere
3416 602 3628 668 cmperis
3656 610 3709 655 te

2123 697 2245 744 teste
2268 690 2530 744 convinci?
2556 688 2717 745 Persa
2738 707 2883 761 quem
2916 691 3188 759 incusasti,
3217 709 3317 747 non
3361 693 3540 747 aderit.
3587 693 3710 748 Hoc

2123 792 2327 854 excepto
2350 825 2365 849 ,
2406 783 2517 852 quis
2562 791 2609 837 te
2644 784 2845 853 ﬂentem
2888 783 3263 839 consolabitur.’
3290 785 3403 857 quis
3447 782 3712 840 Punicum

2123 871 2372 926 salvabit?
2404 871 2801 929 Consolatorem
2844 874 3004 944 igitur
3046 882 3101 930 et
3137 876 3479 943 salvatorem,
3529 876 3713 933 Mani-

2125 961 2276 1018 chaao
2304 972 2526 1035 excepto
2546 1006 2560 1030 ,
2595 964 2799 1020 nullum
2842 980 2964 1022 esse
3009 982 3166 1037 posse
3195 967 3396 1023 dixisti.
3422 967 3712 1036 Quomodo

2125 1065 2273 1123 ergo,
2297 1069 2417 1109 cum
2438 1055 2505 1110 de
2522 1053 2716 1111 Christi
2747 1057 3080 1127 passionibus
3118 1073 3325 1130 ageres,
3350 1060 3585 1116 evasisse
3606 1076 3711 1117 vos

2126 1141 2327 1211 dixisti,
2361 1146 2501 1215 quod
2531 1146 2858 1217 spiritualem
2884 1149 3052 1204 secuti
3078 1150 3208 1206 estis
3233 1150 3564 1207 Salvatorem
3583 1194 3599 1220 ,
3628 1168 3708 1208 ne

2126 1237 2333 1292 scilicet
2352 1255 2474 1294 eum
2502 1251 2679 1310 posset
2705 1242 2757 1296 in
2783 1256 2943 1297 carne
2964 1244 3312 1299 constitutum
3339 1244 3587 1300 inimicus
3608 1260 3711 1300 oc-

2127 1326 2339 1383 cidere?
2358 1328 2499 1400 Ergo
2521 1330 2866 1387 Manichmum
2886 1342 3122 1389 vestrum
3145 1334 3189 1388 si
3211 1335 3408 1389 occidit
3432 1336 3709 1403 inimicus,

2106 1416 2181 1472 'in
2219 1432 2326 1487 quo
2363 1434 2578 1476 carnem
2621 1422 2855 1491 invenit,
2886 1432 2945 1479 ut
2979 1426 3089 1495 jam
3114 1435 3294 1482 vester
3318 1441 3438 1483 esse
3468 1429 3715 1483 salvator

2130 1520 2334 1580 posset;
2377 1521 2430 1565 et
2454 1515 2720 1582 quomodo
2748 1515 2882 1570 dicis
2901 1558 2917 1584 ,
2952 1515 3065 1570 Hoc
3092 1526 3299 1585 excepto
3318 1559 3333 1583 ,
3363 1520 3474 1589 quis
3501 1529 3547 1574 te
3574 1521 3715 1591 ﬂen-

2129 1607 2225 1653 tem
2254 1601 2626 1658 consolabitur?
2649 1605 2759 1673 quis
2802 1602 3055 1659 Punicum
3096 1607 3348 1661 salvabit?
3374 1607 3537 1665 Vides
3575 1610 3710 1679 quid

2128 1691 2197 1747 sit
2226 1694 2241 1724 ¹
2277 1694 2330 1748 in
2355 1692 2546 1750 haeresi
2570 1705 2621 1750 et
2651 1695 2909 1753 doctrinis
2937 1696 3345 1767 daemoniorum,
3368 1700 3418 1755 in
3440 1701 3714 1773 hypocrisi

2128 1785 2649 1856 mendaciloquorum
2694 1788 2746 1861 (l
2772 1787 2902 1843 Tim.
2934 1806 3011 1858 1v,
3042 1792 3095 1859 l,
3123 1790 3215 1862 2).
3247 1792 3503 1849 Veracem
3542 1794 3717 1849 Mani-

2128 1876 2331 1932 chacum
2360 1877 2429 1934 de
2456 1878 2667 1936 Christo
2697 1882 2776 1938 vis
2811 1897 2930 1938 esse
2955 1882 3167 1950 fallaci;
3200 1893 3260 1939 ut
3299 1886 3343 1941 si
3369 1885 3615 1942 Christus
3655 1886 3716 1941 in

2129 1973 2454 2028 ostendenda
2473 1990 2649 2039 carne,
2670 1986 2861 2045 morte,
2889 1979 3302 2048 resurrectione,
3326 1979 3458 2035 locis
3477 1980 3715 2051 denique

2130 2064 2408 2119 vulnerum
2438 2074 2595 2136 atque
2620 2067 2911 2136 clavorum,
2939 2085 3058 2140 quae
3086 2069 3450 2127 dubitantibus
3476 2072 3717 2141 discipu-

2130 2153 2199 2209 lis
2239 2155 2619 2212 demonstravit
2662 2157 2838 2228 (Joan.
2862 2176 2929 2214 xx
2951 2202 2966 2228 ,
2989 2160 3060 2216 20
3082 2160 3100 2231 )
3120 2203 3136 2229 ,
3166 2170 3336 2218 totum
3363 2162 3619 2218 fallaciter
3646 2179 3717 2220 ac

2128 2246 2457 2302 mendaciter
2482 2251 2672 2320 gessit,
2698 2260 2823 2306 tunc
2847 2250 3171 2309 Manichacus
3192 2253 3260 2310 de
3283 2253 3498 2310 Christo
3521 2272 3717 2313 verum

2131 2337 2323 2393 dixerit
2357 2356 2370 2391 :
2403 2340 2449 2393 si
2492 2348 2668 2395 autem
2717 2342 2958 2398 Christus
2997 2358 3179 2400 veram
3225 2360 3438 2402 carnem
3460 2386 3474 2412 ,
3506 2355 3560 2402 et
3588 2347 3718 2403 ideo

2130 2442 2308 2483 veram
2338 2439 2588 2498 mortem,
2617 2447 2797 2488 veram
2823 2436 3289 2504 resurrectionem,
3316 2452 3470 2493 veras
3498 2438 3719 2494 cicatri-

2130 2535 2223 2576 ces
2248 2522 2497 2588 ostendit,
2526 2532 2652 2579 tunc
2677 2524 2999 2582 Manichacus
3018 2527 3085 2583 de
3109 2526 3322 2585 Christo
3341 2532 3593 2586 mentitus
3616 2532 3715 2587 sit.

2130 2615 2209 2670 Ac
2237 2629 2330 2684 per
2355 2614 2456 2670 hoc
2482 2616 2535 2671 id
2560 2618 2779 2673 interest
2799 2620 2849 2674 in
2881 2620 2980 2675 hac
3001 2636 3156 2678 causa
3181 2623 3320 2679 inter
3338 2640 3424 2681 me
3444 2633 3606 2696 atque
3630 2634 3715 2694 te,

2131 2704 2273 2774 quod
2299 2714 2355 2759 tu
2383 2706 2585 2776 elegisti
2617 2723 2855 2764 veracem
2882 2710 3103 2768 credere
3129 2712 3481 2770 Manichaenm
3501 2756 3516 2783 ,
3546 2716 3717 2771 Chri-

2131 2804 2270 2850 stum
2298 2796 2563 2853 credendo
2589 2797 2864 2867 fallacem;
2894 2817 2992 2872 ego
3018 2811 3195 2859 autem
3227 2804 3577 2862 Manichteum
3608 2822 3718 2875 po—

2131 2887 2261 2953 tius,
2293 2888 2430 2943 sicut
2457 2889 2522 2945 de
2548 2890 2665 2945 aliis
2688 2891 2867 2959 rebus,
2896 2893 2967 2947 ita
2994 2894 3062 2950 de
3089 2893 3302 2952 Christo
3322 2938 3335 2963 ,
3365 2914 3525 2970 quam
3553 2899 3719 2955 Chri-

2132 2987 2271 3033 stum
2301 2978 2369 3035 de
2394 2981 2567 3050 aliqua
2588 2997 2646 3037 re
2671 2982 2890 3054 (quanto
2908 2988 3077 3058 magis
3101 2988 3168 3044 de
3188 2990 3294 3055 illa,
3317 2991 3406 3047 ubi
3422 3007 3572 3062 spem
3589 3008 3721 3049 cre-

2131 3069 2371 3125 dentium
2413 3073 2643 3129 maxime
2683 3077 2894 3144 posuit,
2926 3076 3029 3134 hoc
3054 3089 3136 3135 est
3164 3080 3231 3137 de
3260 3096 3354 3137 sua
3384 3086 3633 3153 passione
3662 3094 3724 3141 et

2131 3163 2586 3236 resurrectione?)
2631 3169 2934 3225 mentitum.
2979 3171 3111 3227 Nam
3154 3175 3244 3245 qui
3289 3174 3455 3242 dicit,
3487 3177 3721 3244 Quando

2132 3255 2372 3311 Christus
2396 3268 2517 3327 post
2544 3260 2709 3326 illam,
2741 3279 2860 3333 qua:
2887 3280 3033 3321 mors
3059 3267 3174 3337 ejus
3201 3278 3384 3337 putata
3412 3279 3516 3337 est,
3540 3287 3718 3342 appa-

2131 3349 2239 3403 ruit
2266 3347 2537 3419 discipulis
2567 3350 2952 3424 haesitantibus,
2983 3366 3037 3412 et
3066 3360 3309 3429 spiritum
3335 3376 3395 3417 se
3417 3362 3600 3418 videre
3626 3380 3724 3434 pu-

2132 3439 2394 3506 tantibus;
2422 3441 2631 3511 quando
2659 3442 2827 3501 dixit:
2855 3445 3064 3519 Tangite
3092 3466 3271 3507 manus
3294 3469 3430 3507 meas
3458 3463 3504 3507 et
3525 3455 3720 3525 pedes;

2132 3537 2181 3583 et
2203 3529 2362 3584 videte
2380 3572 2395 3597 ,
2427 3532 2543 3601 quia
2567 3533 2774 3603 spiritus
2797 3552 3003 3591 carnem
3028 3551 3074 3593 et
3100 3558 3215 3596 ossa
3238 3558 3339 3596 non
3369 3544 3545 3612 habet,
3582 3547 3721 3600 sicut

2132 3634 2212 3673 me
2235 3620 2409 3676 videtis
2435 3622 2615 3678 habere
2644 3623 2794 3697 (Luc.
2817 3644 2960 3695 xxnv,
2989 3630 3128 3702 39);
3168 3634 3381 3703 quando
3407 3637 3499 3691 uni
3523 3652 3719 3693 eorum

2133 3709 2350 3765 minime
2374 3712 2630 3781 credenti,
2656 3713 2822 3784 Mitte,
2854 3718 3042 3789 inquit,
3074 3722 3259 3792 digitos
3283 3725 3334 3779 in
3364 3726 3494 3781 latus
3520 3745 3716 3797 meum,

2133 3808 2181 3853 et
2208 3800 2313 3853 noli
2335 3816 2441 3855 esse
2466 3803 2771 3872 incredulus,
2800 3807 2889 3861 sed
2916 3809 3081 3877 ﬁdelis
3110 3811 3291 3883 (Joan.
3321 3831 3391 3870 xx
3412 3856 3426 3883 ,
3460 3817 3553 3889 27)
3581 3836 3594 3871 :
3629 3828 3720 3875 Io-

2135 3898 2244 3946 tum
2275 3892 2376 3949 hoc
2401 3909 2506 3950 non
2534 3898 2796 3953 veraciter
2823 3902 3167 3971 ostendebat,
3201 3906 3299 3962 sed
3339 3909 3718 3969 mendaciter:

2134 3983 2222 4053 qui
2254 3982 2389 4052 hoc,
2421 3986 2666 4057 inquam,
2693 3988 2840 4057 dicit,
2874 4007 2981 4048 non
3008 3997 3344 4067 praedicator,
3376 4001 3470 4057 sed
3490 4017 3721 4060 accusa-

2134 4082 2220 4130 tor
2247 4086 2329 4133 est
2351 4077 2570 4134 Christi.
2596 4079 2725 4151 Sed,
2750 4082 2946 4154 inquis,
2969 4086 3238 4145 Christum
3265 4093 3516 4162 praedicat
3540 4095 3721 4153 Mani-

2134 4165 2333 4235 chacus,
2365 4168 2585 4240 ejusque
2611 4185 2670 4226 se
2698 4172 2826 4228 dicit
2850 4177 3171 4245 apostolum.
3202 4181 3335 4238 Hinc
3360 4186 3534 4253 potius
3562 4188 3723 4245 dete-

2133 4259 2352 4315 standus
2394 4270 2553 4333 atque
2600 4265 2878 4335 fugiendus
2924 4278 3025 4325 est.
3076 4270 3207 4328 Nam
3252 4273 3368 4331 haec
3410 4282 3721 4338 accusando

2133 4352 2405 4420 diceret’,
2435 4370 2496 4411 se
2536 4357 2722 4412 saltem
2759 4358 2986 4429 jactaret
3025 4372 3318 4422 amatorem
3344 4357 3583 4427 veritatis
3620 4386 3724 4428 ar.

2134 4444 2343 4515 guendo
2370 4446 2585 4503 alterius
2611 4448 2891 4506 falsitatem
2915 4471 2929 4507 :
2950 4469 3091 4511 nunc
3108 4471 3235 4511 vero
3265 4460 3507 4516 nesciens
3536 4462 3722 4519 incau-

2132 4544 2323 4607 tusque
2352 4551 2411 4593 se
2451 4540 2663 4608 prodit,
2691 4542 2926 4613 satisque
2953 4543 3283 4603 demonstrat
3309 4548 3593 4622 diligenter
3623 4555 3719 4609 in.

2132 4630 2399 4685 tuentibus
2418 4672 2433 4697 ,
2460 4630 2583 4701 quid
2612 4639 2734 4703 agat
2760 4633 2874 4704 ipse
2896 4676 2911 4703 ,
2943 4638 3067 4707 quid
3112 4638 3329 4712 diligat,
3358 4642 3622 4700 laudando
3649 4662 3718 4703 ac

2132 4720 2471 4790 pradicando
2499 4723 2865 4780 mentientem.
2892 4725 3037 4797 Fuge
3067 4728 3267 4800 itaque,
3288 4734 3480 4800 amice,
3504 4741 3715 4793 tantam

2130 4819 2365 4883 pestem,
2400 4828 2467 4868 ne
2496 4820 2582 4880 te,
2615 4816 2757 4885 quod
2787 4816 2903 4872 ﬁeri
2927 4835 3034 4874 non
3075 4832 3282 4892 potest,
3314 4825 3545 4883 fallendo
3578 4830 3717 4885 velit

2130 4903 2343 4958 ﬁdelem
2370 4902 2547 4960 facere
2567 4904 2889 4964 Manichazus
2912 4928 2925 4963 :
2947 4912 3156 4981 qualem
3180 4914 3292 4969 vult
3316 4915 3482 4972 videri
3501 4933 3530 4972 a
3556 4918 3720 4974 Chri-

2130 5003 2215 5051 sto
2240 5010 2358 5051 esse
2389 4995 2585 5052 factum
2615 4998 2766 5053 illum
2792 4999 3112 5070 discipulum
3137 5007 3220 5060 cui
3250 5005 3415 5074 dixit,
3447 5008 3597 5064 Mitte
3626 5012 3716 5065 di-

2131 5088 2260 5159 gitos
2287 5088 2341 5142 in
2368 5087 2500 5143 latus
2528 5106 2713 5156 meum,
2746 5099 2795 5144 et
2818 5092 2921 5146 noli
2947 5108 3051 5148 esse
3077 5096 3380 5165 incredulus,
3409 5099 3498 5154 sed
3517 5101 3715 5170 ﬁdelis.

2130 5178 2279 5234 Sicut
2304 5178 2446 5233 enim
2477 5181 2614 5249 sapit
2637 5179 2944 5237 dulcissima
2971 5186 3199 5252 veritas,
3226 5187 3355 5258 quid
3378 5188 3519 5246 aliud
3545 5191 3714 5247 disci-

2132 5269 2259 5340 pulo
2302 5267 2547 5324 Christus
2588 5269 2754 5337 dixit,
2792 5272 2928 5340 nisi,
2963 5274 3145 5347 Tange
3168 5279 3309 5348 quod
3338 5290 3522 5352 gesto,
3553 5293 3711 5357 tange

2132 5361 2273 5432 quod
2298 5362 2457 5431 gessi,
2489 5369 2643 5432 tange
2671 5378 2850 5419 veram
2880 5380 3117 5434 carnem,
3150 5379 3308 5441 tange
3336 5388 3583 5430 verorum
3614 5393 3719 5433 ves

2133 5451 2288 5521 stigia
2327 5452 2641 5521 vulnerum,
2672 5460 2828 5525 tange
2856 5471 2978 5511 vera
3023 5457 3140 5513 loca
3169 5460 3440 5519 clavorum
3460 5505 3474 5530 ,
3507 5475 3561 5521 et
3587 5481 3719 5523 cre-

2133 5542 2309 5599 dendo
2332 5543 2475 5598 veris
2511 5543 2620 5599 noli
2658 5558 2779 5601 esse
2807 5545 3143 5619 incredulus,
3189 5552 3283 5609 sed
3312 5552 3518 5611 ﬁdelis?
3560 5555 3724 5617 Sicut

2197 5699 2217 5731 ι
2251 5703 2406 5758 Forte,
2433 5695 2562 5760 quod
2582 5695 2666 5749 sis.

2195 5760 2364 5843 ἶ.
2390 5768 2548 5843 ελγξηι
2560 5759 2823 5843 “etiamfuga
2850 5767 3127 5843 armaarma
3159 5767 3356 5843 diceret.
3380 5777 3728 5843 Expungeudn
3826 5793 3833 5796 '

2131 5819 2382 5893 particula,
2403 5834 2529 5885 cum,
2556 5835 2668 5891 quae
2690 5836 2718 5877 a
2740 5830 2823 5875 Ms.
2848 5832 3125 5880 Carnotensi
3147 5819 3306 5884 abeat.
