4094 6432
265 376 369 436 σοι

268 504 451 554 autem
475 489 672 562 desipit
698 482 973 544 Manichmi
998 480 1258 550 sacrilega
1289 478 1495 534 vanitas
1516 519 1532 544 ,
1556 475 1679 547 quid
1709 471 1856 529 aliud

268 589 408 647 dixit
441 582 707 654 discipulo
744 577 1022 641 Christus,
1049 573 1192 640 nisi,
1223 570 1405 640 Tange
1447 567 1587 639 quod
1627 566 1818 622 simulo
1839 605 1855 630 ,

269 693 429 751 tange
458 675 603 749 quod
629 673 782 737 fallo;
828 669 966 736 nisi,
991 666 1173 737 Tange
1199 665 1384 719 falsam
1410 676 1625 751 carnem
1648 702 1663 727 ,
1698 668 1854 751 tange

270 749 529 827 falsorum
558 763 761 820 fallacia
790 760 1070 816 vulnerum
1096 755 1234 823 loca,
1256 763 1311 810 et
1337 752 1448 808 noli
1473 766 1592 808 esse
1615 749 1857 804 incredu-

271 864 352 919 lus
398 861 537 917 meis
578 853 923 913 mendacibus
966 848 1256 914 membris,
1295 853 1355 902 ut
1401 841 1670 900 credendo
1709 839 1858 896 falsis

271 954 446 1026 possis
486 965 608 1008 esse
644 947 835 1003 ﬁdelis.
867 944 1024 999 Tales
1065 941 1250 997 ﬁdeles
1293 937 1454 993 habet
1493 933 1813 990 Manichmus
1836 972 1854 1001 ,

272 1044 449 1104 omnis
477 1040 736 1096 doctrinae
764 1036 1148 1092 daemoniorum
1174 1028 1723 1098 mendaciloquorum.

340 1134 569 1193 CAPUT
611 1130 798 1189 XXVI.
829 1159 902 1172 —
927 1129 1072 1200 Fuge
1114 1127 1238 1195 ista,
1267 1126 1511 1189 obsecro,
1553 1138 1659 1178 non
1687 1130 1738 1177 te
1763 1120 1857 1177 de-

273 1228 434 1299 cipiat
454 1227 662 1298 species
690 1222 990 1294 paucitatis,
1017 1219 1268 1290 quoniam
1298 1218 1412 1287 ipse
1438 1215 1694 1271 Dominus
1723 1213 1857 1269 dixit

273 1331 551 1393 angustam
571 1320 709 1374 viam
736 1330 856 1372 esse
883 1327 1172 1386 paucorum
1203 1309 1415 1384 (Matth.
1441 1325 1537 1374 vn,
1567 1305 1678 1378 14).
1714 1307 1858 1362 inter

273 1427 471 1486 paucos
517 1411 596 1466 vis
632 1424 772 1476 esse,
803 1406 898 1463 sed
925 1407 1203 1477 pessimos.
1234 1402 1368 1458 Nam
1391 1416 1576 1457 verum
1608 1409 1690 1456 est
1714 1397 1856 1470 quod

272 1505 428 1575 pauci
463 1510 590 1557 sunt
617 1500 763 1555 omni
805 1498 964 1554 modo
993 1495 1322 1562 innocentes,
1367 1493 1461 1549 sed
1491 1492 1545 1548 in
1588 1491 1717 1562 ipsis
1752 1503 1854 1545 no-

272 1595 519 1652 centibus
547 1592 821 1663 pauciores
858 1599 983 1644 sunt
1019 1587 1299 1643 homicidae
1333 1601 1491 1656 quam
1532 1585 1695 1648 fures,
1729 1598 1858 1652 pau-

272 1689 446 1743 ciores
500 1695 626 1742 sunt
678 1685 1026 1739 incestatores
1069 1694 1226 1750 quam
1277 1676 1505 1732 adulteri
1561 1692 1577 1730 :
1627 1674 1858 1744 denique

272 1779 430 1835 etiam
459 1778 592 1847 ipsa:
622 1775 962 1845 antiquorum
990 1771 1075 1828 vel
1104 1769 1297 1826 fabulae
1325 1768 1412 1825 vel
1453 1767 1689 1823 historiae
1723 1781 1857 1837 pau-

272 1871 447 1927 ciores
485 1869 684 1926 habent
709 1866 924 1924 Medeas
963 1873 1016 1921 et
1052 1863 1324 1932 Phazdras,
1371 1876 1530 1932 quam
1565 1861 1857 1916 facinorum

273 1964 500 2019 aliorum
527 1960 956 2033 ﬂagitiorumque
983 1956 1264 2020 mulieres;
1297 1955 1576 2025 pauciores
1603 1951 1778 2008 Ochos
1805 1960 1860 2008 et

275 2055 568 2121 Busirides,
596 2067 755 2123 quam
781 2051 1111 2121 impietatum
1137 2048 1362 2104 aliarum
1401 2054 1455 2103 et
1493 2045 1757 2103 scelerum
1779 2045 1862 2100 vi-

275 2163 382 2205 ros.
424 2146 560 2202 Vide
589 2160 736 2216 ergo,
768 2159 836 2199 ne
861 2143 996 2198 forte
1020 2141 1161 2212 apud
1185 2156 1278 2196 vos
1302 2140 1495 2195 nimius
1535 2138 1728 2194 horror
1754 2139 1859 2193 im-

275 2241 486 2311 pietatis
530 2237 688 2293 faciat
724 2238 972 2293 meritum
1017 2235 1319 2306 paucitatis.
1359 2233 1506 2289 Talia
1549 2234 1744 2304 quippe
1784 2231 1858 2288 ibi

277 2335 544 2406 leguntur,
573 2332 838 2399 dicuntur,
882 2330 1191 2396 creduntur,
1238 2337 1297 2383 ut
1338 2327 1392 2385 in
1431 2327 1580 2382 illum
1620 2340 1858 2382 errorem

277 2425 442 2494 magis
473 2424 681 2494 aliquos
731 2437 889 2493 quam
918 2435 1117 2492 paucos
1149 2421 1376 2488 irrnere,
1417 2419 1503 2473 vel
1537 2419 1642 2474 illic
1682 2433 1859 2474 rema-

279 2531 442 2582 nere,
501 2513 801 2570 mirandum
851 2514 942 2569 sit.
995 2513 1314 2568 Sanctorum
1360 2517 1537 2566 autem
1589 2510 1853 2580 paucitas,

279 2623 504 2678 quorum
553 2616 774 2678 angusta
826 2607 911 2662 via
950 2613 1052 2672 est,
1096 2607 1148 2660 in
1203 2604 1600 2674 comparatione
1646 2603 1859 2674 ponitur

279 2699 633 2756 multitudinis
680 2708 1014 2770 peccatorum
1047 2717 1059 2752 :
1090 2713 1210 2769 qua:
1257 2697 1471 2768 quidem
1516 2696 1752 2766 paucitas
1804 2695 1858 2751 in

281 2795 444 2851 multo
491 2793 694 2862 majore
738 2808 964 2848 numero
993 2792 1266 2862 palearum
1305 2791 1466 2856 latet;
1509 2789 1605 2844 sed
1649 2789 1701 2843 in
1746 2789 1860 2858 ipsa

281 2902 400 2943 area
425 2885 707 2943 catholica:
734 2885 989 2941 Ecclesia:
1009 2893 1093 2941 est
1118 2897 1260 2938 nunc
1283 2881 1653 2954 congreganda
1683 2890 1737 2936 et
1768 2881 1860 2936 tri-

282 2979 522 3044 turanda,
575 2979 628 3032 in
665 2978 770 3034 ﬁne
810 2985 988 3034 autem
1038 2977 1338 3033 ventilanda
1387 2987 1544 3047 atque
1587 2973 1860 3046 purganda

285 3070 390 3142 (Μ.
420 3087 498 3136 ιιι,
529 3069 624 3142 12)
653 3087 667 3124 :
698 3070 765 3126 ad
784 3085 943 3142 quam
967 3080 1018 3126 te
1037 3078 1244 3141 oportet
1266 3070 1531 3135 conferas,
1560 3070 1605 3124 si
1631 3068 1863 3128 fideliter

283 3162 452 3218 fidelis
482 3176 603 3218 esse
641 3162 932 3228 desideras,
979 3177 1046 3218 ne
1086 3160 1298 3216 ﬁdendo
1325 3160 1496 3227 falsis,
1542 3162 1680 3216 sicut
1725 3160 1864 3219 scri-

282 3262 428 3323 ptum
456 3260 564 3320 est,
595 3261 783 3308 ventos
807 3266 994 3322 pascas
1025 3251 1177 3324 (Osee
1201 3267 1296 3320 ιιι,
1330 3252 1408 3323 1),
1435 3251 1487 3306 id
1508 3259 1607 3316 est,
1636 3252 1867 3306 immun-

283 3344 362 3400 dis
399 3344 678 3415 spiritibus
718 3358 840 3398 esca
883 3344 1000 3398 ﬁas.
1049 3342 1107 3399 Si
1147 3345 1292 3398 enim
1339 3342 1536 3398 Paulus
1567 3344 1861 3413 apostolus,

283 3451 438 3508 quem
481 3449 892 3500 commemoras,
940 3448 1046 3489 non
1091 3435 1389 3506 sapientum
1429 3433 1638 3490 Veteris
1678 3432 1864 3490 Testa-

281 3529 450 3584 menti
481 3530 773 3597 scripturas
797 3535 1064 3596 totamque
1089 3525 1234 3581 illam
1263 3525 1626 3597 propheticam
1651 3526 1869 3596 dispen-

284 3621 548 3677 sationem
593 3619 858 3676 dictorum
907 3627 1066 3690 atque
1109 3619 1392 3686 factorum,
1454 3621 1549 3676 sed
1599 3622 1868 3678 carnalem

284 3712 517 3769 ludaicaa
563 3710 867 3782 propaginis
911 3710 1298 3776 excellentiam,
1338 3719 1392 3766 et
1437 3725 1535 3781 pro
1574 3710 1869 3784 Synagogis

287 3813 524 3876 paternae
543 3803 717 3875 gentis
741 3802 1042 3858 errantibus
1072 3810 1126 3857 et
1149 3801 1420 3858 Christum
1443 3817 1550 3858 non
1575 3817 1869 3874 agnoscen-

288 3897 451 3962 tibus,
501 3897 674 3952 zelum
703 3895 1056 3966 persequendi
1089 3895 1439 3964 Christianos,
1481 3910 1590 3966 quo
1615 3905 1869 3966 tanquam

287 3988 540 4044 laudabili
563 3987 970 4054 accendebatur,
999 3987 1330 4056 etjustitram
1354 4002 1476 4058 quae
1505 4003 1572 4043 ex
1599 3987 1740 4058 Lege
1763 3995 1867 4056 est,

289 4094 396 4152 qua
418 4079 608 4146 Judaai,
629 4095 737 4135 non
762 4079 834 4135 ibi
868 4078 1139 4134 intellecta
1162 4078 1256 4134 Dei
1281 4078 1471 4150 gratia,
1497 4079 1727 4149 superbe
1749 4079 1870 4150 glo-

287 4171 516 4236 riantur,
563 4169 755 4225 damna
791 4177 847 4225 et
882 4178 1118 4225 stercora
1163 4169 1457 4239 deputavit,
1510 4177 1568 4224 ut
1603 4169 1871 4225 Christum

291 4261 625 4317 lucrifaceret
653 4261 906 4333 (Philipp.
929 4276 1008 4329 ιιι,
1035 4261 1090 4327 8,
1118 4261 1178 4331 9)
1207 4279 1222 4315 :
1250 4271 1448 4332 quanto
1467 4262 1637 4332 magis
1661 4271 1716 4318 tu
1743 4261 1875 4318 scri-

293 4361 476 4422 pturas
506 4352 626 4408 illas
648 4351 998 4408 nefandarum
1035 4351 1484 4422 blasphemiarum
1513 4352 1870 4423 plenissimas,

295 4443 380 4498 ubi
407 4452 598 4498 natura
624 4444 880 4511 veritatis,
910 4450 1097 4498 natura
1141 4443 1338 4498 summi
1374 4443 1521 4509 boni,
1559 4453 1748 4501 natura
1779 4444 1873 4498 Dei

1080 359 1293 420 INDEX
1325 353 1828 418 OPUSCULORUM
1865 348 2168 410 ALIORUM
2204 347 2599 410 AUGUSTINI.

2915 268 2922 270 '
2939 268 2976 276 ον’
3004 275 3096 312 ξ’--.γ
3241 290 3263 298 -’

1965 493 2120 548 toties
2159 491 2453 560 mutabilis,
2493 493 2653 550 toties
2675 492 2837 562 victa,
2866 494 3025 552 toties
3063 503 3335 567 corrupta,
3382 505 3437 556 et
3468 514 3538 560 ex

1964 595 2117 658 parte
2142 587 2582 658 inexplicabiliter
2606 589 2877 660 inquinata
2905 598 3065 662 atque
3091 590 3160 646 ab
3185 592 3297 663 ipsa
3317 595 3544 652 veritate

1966 679 2022 734 in
2048 679 2156 736 ﬁne
2182 678 2479 735 damnanda
2503 679 2843 749 describitur,
2867 696 2973 737 non
3000 683 3137 738 sicut
3163 692 3420 753 stercora,
3449 687 3546 744 sed

1963 771 2103 828 sicut
2125 787 2328 829 venena
2351 772 2516 828 debes
2560 773 2814 844 abjicere,
2846 784 2901 831 et
2927 774 2995 831 ad
3021 776 3315 833 Ecclesiam
3352 779 3543 836 catho-

1965 861 2142 930 licam,
2169 879 2287 934 quze
2315 863 2451 918 sicut
2477 870 2623 922 tanto
2653 864 2784 921 ante
2816 866 3150 937 prophetata,
3179 867 3252 923 ita
3279 883 3378 924 suo
3404 877 3544 926 temo

1962 968 2094 1024 pore
2118 955 2350 1011 revelata
2380 963 2482 1022 est,
2519 956 2664 1010 ﬁnita
2701 958 3041 1014 contentione
3065 960 3292 1015 transire
3309 959 3336 1014 ι

2034 1047 2185 1116 Quod
2231 1047 2348 1103 ideo
2379 1047 2471 1103 tibi
2496 1047 2703 1118 loquor,
2743 1049 2866 1119 quia
2906 1064 3059 1106 mens
3097 1059 3189 1106 tua
3228 1065 3328 1107 nec
3356 1059 3542 1110 natura

1963 1138 2090 1193 mali
2114 1147 2216 1204 est,
2244 1153 2363 1209 qua:
2383 1139 2600 1192 omnino
2626 1138 2767 1192 nulla
2789 1147 2905 1204 est;
2937 1153 3038 1195 nec
3055 1149 3242 1195 natura
3269 1140 3388 1208 Dei,
3411 1142 3547 1197 alio-

1965 1230 2092 1300 quin
2132 1230 2553 1286 incommutabili
2591 1229 2789 1286 frustra
2842 1230 3091 1301 loquerer
3119 1231 3248 1288 :sed
3293 1234 3542 1304 quoniam

1963 1305 2164 1374 mutata
2211 1329 2296 1376 est
2341 1321 2639 1376 deserendo
2677 1321 2864 1384 Deum.
2911 1331 2969 1378 et
3009 1323 3122 1394 ipsa
3168 1325 3390 1380 mutatio
3432 1326 3547 1396 ejus

1963 1413 2166 1467 malum
2198 1421 2317 1479 est;
2352 1422 2585 1469 mutetur
2609 1428 2864 1469 conversa
2894 1415 2960 1470 ad
2989 1415 3424 1474 incommutabile
3447 1418 3546 1474 bo-

1963 1521 2113 1573 num,
2147 1507 2199 1561 in
2230 1506 2498 1576 adjutorio
2525 1508 2691 1578 ipsius
2717 1508 3164 1564 incommutabilis
3186 1509 3347 1576 boni;
3381 1520 3435 1566 et
3473 1519 3546 1566 ta—

1963 1595 2031 1651 lis
2057 1597 2172 1668 ejus
2213 1599 2438 1654 mutatio
2463 1599 2565 1654 erit
2597 1615 2628 1655 a
2657 1600 2798 1655 malo
2826 1600 3090 1655 liberatio.
3122 1600 3269 1656 lianc
3297 1601 3542 1656 admoni-

1965 1688 2164 1744 tionem
2190 1689 2234 1745 si
2261 1691 2489 1760 spernis,
2517 1691 2649 1746 duas
2677 1691 2852 1747 adhuc
2887 1691 3112 1747 credens
3146 1705 3265 1746 esse
3306 1701 3543 1760 naturas,

1963 1797 2125 1836 unam
2150 1782 2458 1837 mutabilem
2487 1782 2632 1847 boni,
2663 1798 2781 1853 qua:
2811 1783 2952 1838 malo
2981 1783 3242 1854 permixta
3273 1783 3440 1852 potuit
3465 1784 3547 1838 in-

1960 1871 2182 1943 justitiaa
2225 1875 2552 1942 consentire,
2603 1875 2826 1931 alteram
2867 1875 3356 1930 incommutabilem
3399 1874 3544 1942 mali,

1966 1979 2083 2034 quae
2113 1978 2215 2020 nec
2238 1964 2380 2020 bono
2403 1966 2572 2020 mixta
2597 1967 2765 2036 potuit
2789 1965 3348 2036 consentirejnstitize,
3370 1966 3550 2036 proxi-

1965 2070 2108 2110 mam
2150 2055 2294 2110 illam
2345 2055 2644 2125 pudendam
2691 2055 2920 2112 fabulam
2973 2056 3145 2127 garris
3191 2056 3546 2112 exsecrabiles

1966 2154 2254 2217 turpesque
2299 2147 2657 2216 blasphemias
2702 2147 2756 2201 in
2805 2145 3153 2202 fornicatione
3195 2145 3548 2216 prurientium

1967 2236 2176 2292 aurium
2207 2236 2580 2303 seminantem,
2621 2245 2682 2291 ut
2710 2236 2783 2294 sis
2808 2236 2865 2291 in
2898 2251 3085 2292 eorum
3120 2251 3300 2307 grege,
3328 2235 3397 2291 de
3433 2235 3550 2306 qui-

1965 2329 2066 2386 bus
2096 2330 2408 2401 przedictum
2448 2339 2550 2396 est,
2580 2328 2722 2401 quod
2763 2329 2858 2386 erit
2898 2337 3114 2401 tempus,
3146 2329 3347 2400 quando
3371 2344 3551 2383 sanam

1967 2420 2254 2474 doctrinam
2277 2436 2378 2476 non
2400 2420 2732 2486 sustinebunt,
2762 2420 2850 2475 sed
2872 2419 2941 2475 ad
2967 2436 3061 2475 sua
3088 2419 3336 2474 desideria
3360 2434 3552 2473 coacer-

1966 2513 2152 2567 vabunt
2189 2513 2285 2567 sibi
2325 2515 2593 2586 magistros
2625 2514 2904 2586 prurientes
2933 2513 3156 2579 auribus,
3190 2521 3237 2567 et
3283 2529 3315 2565 a
3342 2511 3549 2566 ueritate

1965 2605 2166 2677 quidem
2211 2605 2439 2659 auditum
2490 2623 2640 2661 suum
2682 2613 2975 2673 avertentes,
3022 2604 3090 2657 ad
3145 2606 3343 2676 fabulas
3386 2611 3551 2656 autem

1967 2705 2312 2752 convertentur
2343 2697 2407 2768 (ll
2436 2697 2568 2752 Tim.
2599 2713 2670 2765 tv,
2697 2701 2750 2765 3,
2776 2697 2942 2769 ὁ).δί
2979 2704 3157 2752 autem
3197 2695 3336 2752 hanc
3361 2694 3552 2750 admo-

1967 2788 2226 2844 nitionem
2255 2789 2544 2860 prudenter
2582 2791 2800 2860 accipis,
2833 2803 3123 2864 conversus
3162 2787 3230 2844 ad
3259 2789 3554 2844 incommuo

1970 2879 2185 2935 labilem
2227 2880 2430 2947 Deum,
2470 2880 2765 2936 mutatione
2819 2879 3073 2936 laudabili
3124 2877 3220 2934 ﬁes
3263 2877 3318 2933 in
3365 2878 3442 2933 eis
3484 2876 3554 2933 de

1968 2971 2161 3042 quibus
2205 2971 2334 3026 dicit
2381 2972 2715 3042 Apostolus:
2747 2971 2941 3027 Fuistis
2994 2969 3268 3042 aliquando
3311 2968 3555 3035 tenebrat,

1969 3079 2103 3118 nunc
2139 3073 2307 3118 autem
2349 3064 2439 3119 lita:
2476 3064 2530 3118 in
2558 3063 2777 3118 Domino
2801 3063 3016 3137 (Ephes.
3048 3079 3101 3130 v,
3136 3063 3214 3133 8).
3257 3061 3410 3130 Quod
3451 3076 3553 3117 nec

1971 3154 2070 3210 Dei
2104 3164 2308 3210 naturae
2345 3155 2448 3211 dici
2478 3164 2678 3226 posset,
2710 3155 2834 3226 quia
2873 3170 3142 3226 nunquam
3187 3154 3286 3210 fuit
3327 3154 3464 3209 mala
3498 3159 3555 3211 et

1970 3245 2129 3316 digna
2154 3245 2259 3302 isto
2283 3247 2499 3302 nomine
2518 3247 2884 3314 tenebrarum;
2916 3262 3015 3304 nec
3040 3256 3241 3303 naturae
3263 3247 3406 3311 mali.
3438 3262 3556 3317 quae

1972 3338 2018 3393 si
2057 3347 2220 3406 esset,
2249 3354 2521 3409 nunquam
2572 3349 2754 3411 posset
2779 3341 2992 3408 mutari,
3027 3354 3124 3395 nec
3152 3339 3242 3395 lux
3276 3338 3392 3394 ﬁeri
3418 3357 3432 3394 :
3457 3339 3553 3395 sed

1971 3438 2118 3486 recte
2146 3445 2212 3486 ac
2229 3431 2490 3486 veraciter
2516 3431 2619 3486 hoc
2639 3431 2838 3487 dictum
2868 3439 2950 3487 est
2994 3434 3040 3487 ei
3069 3438 3291 3498 naturae,
3327 3446 3444 3500 qum
3469 3431 3554 3486 in-

1973 3521 2366 3578 commutabilis
2416 3536 2522 3577 non
2566 3534 2669 3590 est,
2719 3523 2813 3578 sed
2874 3523 3091 3579 deserto
3141 3522 3557 3578 incommutabili

1974 3613 2194 3682 lumine,
2229 3629 2260 3669 a
2292 3629 2398 3684 quo
2433 3614 2568 3670 facta
2592 3623 2693 3683 est,
2725 3615 3103 3672 obtenebratur
3127 3615 3180 3670 in
3219 3629 3306 3680 se;
3333 3615 3400 3669 ad
3426 3615 3556 3671 illud

1973 3716 2150 3764 autem
2195 3721 2452 3764 conversa
2495 3707 2552 3763 ﬁt
2579 3708 2687 3775 lux,
2723 3723 2828 3764 non
2874 3708 2930 3764 in
2966 3723 3044 3774 se,
3087 3707 3183 3764 sed
3227 3709 3281 3763 in
3309 3707 3555 3765 Domino.

1973 3799 2092 3856 Non
2113 3800 2256 3855 enim
2284 3815 2315 3854 a
2355 3813 2414 3856 se
2453 3799 2584 3871 ipsa,
2613 3801 2862 3872 quoniam
2885 3815 2992 3856 non
3021 3810 3104 3857 est
3129 3801 3306 3856 lumen
3344 3816 3554 3869 verum,

1975 3890 2072 3946 sed
2096 3890 2393 3946 illuminata
2419 3890 2581 3957 lucet,
2609 3891 2677 3946 ab
2702 3891 2796 3946 illo
2822 3890 2891 3948 de
2923 3905 3029 3962 quo
3055 3890 3256 3946 dictum
3279 3899 3364 3950 est
3388 3907 3403 3946 :
3431 3891 3561 3946 Erat

1978 3980 2147 4036 lumen
2171 3997 2365 4050 verum,
2403 3981 2538 4054 quod
2564 3982 2818 4036 illuminat
2859 3998 3055 4037 omnem
3081 3980 3332 4037 hominem
3357 3982 3560 4037 uenien-

1979 4080 2077 4128 tem
2099 4074 2154 4127 in
2189 4074 2323 4128 hunc
2350 4074 2598 4128 mundum
2625 4073 2802 4144 (Joan.
2830 4087 2870 4140 ι,
2906 4073 2988 4143 9).
3012 4073 3126 4129 Hoc
3143 4072 3322 4140 crede,
3352 4072 3454 4128 hoc
3476 4073 3563 4129 in-

1981 4165 2187 4236 tellige,
2221 4166 2324 4222 hoc
2348 4175 2490 4235 tene,
2533 4167 2579 4222 si
2600 4167 2681 4223 vis
2709 4180 2830 4222 esse
2854 4165 3025 4222 bonus
3049 4165 3453 4237 participatione
3479 4166 3564 4221 in-

1979 4257 2379 4314 commutabilis
2393 4257 2539 4324 boni,
2571 4258 2713 4328 quod
2739 4273 2844 4314 non
2873 4268 3026 4328 potes
3052 4272 3174 4315 esse
3197 4273 3290 4328 per
3316 4264 3368 4313 te
3391 4255 3564 4327 :quod

1981 4369 2084 4412 nec
2111 4355 2377 4423 amittere,
2407 4356 2452 4411 si
2480 4355 2984 4410 incommutabiliter
3011 4354 3115 4409 hoc
3142 4366 3317 4418 esses;
3355 4365 3454 4407 nec
3477 4364 3561 4406 re-

1980 4446 2162 4516 cipere
2187 4458 2394 4516 posses,
2426 4443 2472 4499 si
2499 4443 3004 4499 incommutabiliter
3022 4441 3124 4498 hoc
3155 4457 3262 4497 non
3287 4454 3457 4496 esses.

785 4825 1685 4914 OPUSCULORUM
1754 4828 2299 4913 ALIORUM
2377 4827 3072 4925 AUGUSTINI,

1007 4976 1188 5028 QUIBUS
1225 4977 1331 5022 νει.
1366 4979 1438 5024 ιιι
1473 4976 1734 5022 PROFESSO
1769 4978 1862 5019 νει

1968 4979 2093 5020 [TER
2128 4978 2252 5022 AGI’I‘
2289 4977 2499 5023 CONTRA
2535 4980 2870 5023 IANICIIEOS.

1717 5078 2146 5139 αΜῦ

950 5173 1224 5214 11111010.

295 5277 363 5323 De
383 5271 560 5322 ubero
581 5269 786 5319 Arbitrio
809 5267 916 5318 libri
938 5281 1004 5318 ιιι.

296 5340 364 5385 De
384 5333 565 5383 Genesi
587 5339 749 5384 contra
771 5329 1048 5380 Manichaeos
1063 5327 1174 5379 libri
1192 5341 1242 5378 ιι.

297 5395 594 5470 De‘yoribus
609 5392 832 5443 Ecclesiae
853 5389 1121 5452 Catholica),
1138 5385 1275 5442 etde
1296 5386 1504 5440 Moribus
1525 5387 1886 5442 Manichaeorum

358 5455 470 5507 libri
492 5471 546 5506 ιι.

298 5524 366 5568 De
387 5527 514 5568 vera
534 5517 781 5580 Religione
802 5514 977 5580 libent3

300 5581 440 5631 Inita
460 5587 630 5631 contra
638 5572 844 5630 Eosdem
859 5577 911 5628 in
929 5575 1066 5628 libris
1083 5572 1456 5629 Confessionum.

948 5696 998 5731 IN
1029 5696 1063 5730 II
1093 5692 1241 5732 τοκο.

302 5783 507 5848 Bpiatola
519 5798 671 5835 LXXII
694 5791 747 5835 et
766 5797 991 5836 ccxxx“.

2627 5173 2932 5214 ιιιιντοιιο.

1985 5262 2231 5314 auat-ratio
2245 5262 2298 5314 in
2315 5262 2437 5317 Psal.
2454 5277 2560 5315 an.

2634 5401 2685 5437 IN
2713 5399 2746 5438 ν
2775 5399 2922 5438 ’1³01οο

1988 5496 2154 5542 sermo
2173 5504 2208 5554 ι,
2231 5505 2283 5542 ιι.
2305 5503 2391 5556 ιιι,
2411 5504 2458 5554 ιι,
2479 5504 2606 5554 am,
2628 5502 2822 5542 tum:
2844 5495 2897 5540 et
2916 5501 3154 5540 ccxxxvn.

2619 5627 2671 5662 IN
2698 5626 2746 5663 VI
2776 5625 2907 5664 ’1⁸0Ιο

1992 5717 2134 5768 liber
2155 5718 2220 5770 de
2243 5727 2407 5783 Agone
2429 5718 2693 5770 christiano
2713 5724 2766 5771 et
2784 5716 2910 5767 liber
2931 5716 2996 5769 de
3015 5719 3329 5769 continentia.

308 5873 551 5922 Praterea
565 5867 677 5920 vide
698 5868 746 5919 in
768 5867 912 5932 hujus
931 5881 1015 5921 VIII
1037 5865 1153 5919 tomi
1174 5861 1450 5930 Appendloe
1469 5859 1646 5916 librum
1665 5861 2363 5986 deqlgidgogqqﬁaun
2392 5871 2445 5919 et
2465 5867 2882 5921 Commonitorium
2901 5865 2968 5920 de
2986 5861 3278 5927 recipiendis
3309 5857 3578 5913 Manicheis
