4028 6432
1721 489 1804 551 IN
1837 490 2033 554 OPUS
2075 492 2592 571 SUBSEQUENS,

553 603 705 668 Vide
760 603 866 667 lib.
919 589 980 681 2',
1017 617 1150 685 cap.
1200 605 1309 679 58,
1373 608 1938 702 Retractatipnum,
1974 619 2124 702 tam.
2150 614 2216 702 _1__,
2272 616 2388 702 col.
2416 615 2565 702 βὸζι,
2599 617 2822 702 verbis,
2856 617 3107 680 Interea
3141 617 3226 699 (a)
3275 619 3462 696 liber,
3491 639 3681 702 usque
3706 623 3784 685 ad

1604 687 1807 758 verba,
1840 690 2096 752 Fratres
2131 687 2559 756 dilectissimi.
2629 696 2713 758 M.

600 822 672 902 (31.)
696 829 1044 902 uiuiﬁcante
1068 825 1557 902 recensitislibrisde
1580 829 1742 902 Anima
1760 835 1811 878 et
1845 830 1952 894 ejus
1969 833 2177 902 origine,
2210 833 2371 895 deque
2397 835 2684 902 adulterinis
2700 838 2972 902 _Conjugiis,
2990 839 3073 901 qui
3105 837 3214 888 libri
3248 840 3306 902 ad
3324 852 3500 890 annum
3522 839 3612 890 419
3639 842 3784 902 perti-

537 893 682 964 gggt‘.
699 886 1044 964 siggiﬂgqgigia}
1067 888 1416 964 {usususus}
1436 900 1492 964 se
1513 894 1805 964 cqnscriptos
1841 886 1939 964 per
1966 886 2095 964 idem
2119 886 2223 964 fere
2249 886 2437 964 tempus
2470 899 2616 964 fuisse
2641 886 3788 964 subsequaaés‘soniri‘iaiégiﬁnﬁagig‘a

537 947 876 1026 ζξρρξξςξίξτμξξξ
888 947 1948 1026 £95333.pugionemcauillauue‘ipeyimn
1963 955 2264 1026 Cassiodorus
2285 957 2332 1004 in
2349 947 2440 1007 lib.
2465 959 2540 1026 ριεΔ
2550 947 2848 1026 institutione
2878 947 3152 1026 smmi-as
3170 947 3782 1026 ὺιιὲί-ἐῆιῖἰιζῖέιὶξίᾛέ

536 1005 639 1069 pm
655 1005 764 1056 “bri
783 1008 1045 1057 Adversarii
1067 1005 1401 1072 Singula’-qum
1422 1011 1694 1063 refellenda
1714 1014 1791 1065 hic
1805 1015 2019 1077 fuerunt,
2037 1005 2493 1070 recensenturiante
2508 1005 2858 1084 hiéiii'ﬁiiﬁ‘s‘,
3070 1005 3153 1076 Ῑίῖ.
3181 1005 3370 1013 mm‘
3383 1005 3480 1024 “”’⁷
3506 1005 3535 1038 τ

559 1141 868 1152 ———-——-.'..—.

869 1144 1044 1154 ——.

1026 1153 1085 1154 η
1132 1153 1153 1154 η
1190 1153 1209 1156 ,
1326 1153 1437 1158 se
2165 1153 2686 1202 _______i
2688 1153 2794 1203 ii
2764 1155 2832 1203 ii
2973 1155 3031 1205 iii
3058 1155 3115 1205 ii
3152 1155 3781 1207 Ξ

1131 1280 1282 1398 s.
1337 1257 2101 1399 AURELII
2174 1196 3174 1406 Διπαιίὲιῖἧῖ

1714 1499 2224 1566 HIPPONENSIS
2263 1503 2613 1567 EPISCOPI

1442 1656 1908 1731 CONTRA
2005 1629 2850 1736 ADVERSARIUM

880 1808 1464 1972 LEGIS
1566 1825 1807 1968 ET

1930 2250 2416 2289 ’ΒΜ

1585 2389 2053 2498 LIBER
2102 2357 2525 2496 PRIM
2538 2387 2749 2498 ως.

1901 1825 3433 1998 ΡΒΟΡΗΕΤΑΒΠΜ

1826 2065 2091 2158 acim
2120 2063 2291 2172 tuo
2333 2049 2448 2151 (α).

1262 2579 1314 2624 In
1336 2586 1431 2638 quo
1459 2576 1653 2625 Veteris
1673 2577 1969 2626 Testamenti
1993 2575 2096 2628 loca
2116 2575 2414 2628 calumniose
2436 2576 2738 2639 reprehensa
2760 2575 3074 2628 vindicantur.

607 2701 833 2759 CAPUT
874 2699 1242 2760 PRIMUM.-—
1269 2706 1321 2761 1.
1363 2705 1544 2771 Libro,
1574 2720 1734 2775 quem
1760 2705 1998 2769 misistis,
2015 2704 2126 2760 ira;

537 2804 648 2850 tres
666 2794 1014 2861 dilectissimi,
1043 2798 1223 2852 nescio
1245 2798 1395 2868 cujus
1419 2798 1675 2863 haeretici,
1707 2797 1942 2865 invento,
1976 2801 2116 2854 sicut

535 2886 841 2956 scripsistis,
863 2888 912 2942 in
941 2889 1113 2960 platea
1140 2892 1423 2958 maritima,
1449 2907 1570 2947 cum
1591 2891 1792 2946 venalis
1813 2892 1978 2947 codex
2002 2892 2116 2962 ipse

535 2976 787 3041 ferretur,
821 2986 874 3033 et
903 2981 1346 3036 concurrentibus
1369 2982 1534 3038 turbis
1563 2982 1854 3051 periculosa
1885 2981 2114 3036 curiosi-

539 3077 650 3123 tate
671 3077 723 3122 et
749 3069 1097 3126 delectatione
1115 3071 1402 3143 legeretur,
1433 3081 1490 3127 ut
1517 3081 1719 3142 quanto
1736 3087 1947 3143 possem
1964 3087 2115 3128 com-

535 3161 734 3231 pendio
764 3163 1166 3230 responderem,
1215 3165 1360 3234 prius
1389 3164 1612 3234 quaesivi
1655 3165 1929 3234 cujusnam
1976 3171 2118 3219 esset

538 3251 756 3304 erroris.
789 3251 903 3305 Non
934 3254 1074 3307 enim
1103 3255 1202 3308 soli
1242 3254 1516 3309 Manichmi
1557 3254 1752 3325 Legem
1790 3254 2115 3324 Prophetas-

539 3355 643 3410 qne
669 3341 1062 3408 condemnant;
1091 3344 1184 3399 sed
1209 3356 1263 3399 et
1287 3346 1660 3412 Marcionistte,
1690 3353 1745 3401 et
1768 3347 1854 3400 alii
1874 3347 2121 3401 nonnulli

536 3444 762 3499 quorum
780 3441 939 3487 sectae
966 3447 1070 3487 non
1104 3433 1173 3487 ita
1203 3435 1770 3505 innotueruntpopulis
1785 3435 2117 3492 Christianis.

537 3519 642 3577 Iste
661 3532 858 3590 autem,
878 3525 1030 3595 cujus
1057 3539 1248 3580 nomen
1278 3526 1330 3580 in
1358 3528 1549 3583 eodem
1575 3529 1708 3582 libro
1730 3544 1836 3584 non
1858 3531 2114 3600 comperi,

536 3613 828 3671 detestatur
854 3617 1021 3672 Deum
1044 3617 1226 3673 mundi
1247 3618 1652 3675 fabricatorem:
1681 3636 1800 3676 cum
1819 3621 2115 3688 Manichaei,

536 3710 778 3778 quamvis
808 3710 1003 3765 librum
1031 3706 1303 3766 Geneseos
1333 3725 1438 3765 non
1484 3712 1768 3781 accipiant,
1813 3720 1973 3782 atque
2001 3713 2118 3767 bla-

537 3802 840 3871 Sphement,
870 3803 1036 3859 Deum
1063 3812 1239 3858 tamen
1285 3804 1484 3858 bonum
1510 3801 1798 3860 fabricasse
1841 3805 2117 3872 mundum,

538 3893 636 3946 etsi
658 3908 722 3947 ex
753 3894 924 3948 aliena
949 3903 1134 3949 natura
1158 3905 1317 3966 atque
1341 3903 1585 3960 materia,
1615 3895 1986 3951 conﬁteantur.
2016 3895 2122 3952 Sed

539 3978 840 4052 quanquam
871 3995 978 4038 non
1010 3986 1137 4039 mihi
1169 3987 1494 4056 apparuerit,
1543 3985 1694 4055 cujus
1736 3995 1895 4041 secta:
1925 3986 1994 4040 sit
2023 3987 2122 4040 iste

539 4073 898 4143 blasphemus,
931 4074 1263 4131 defendenda
1306 4087 1389 4131 est
1437 4077 1693 4131 adversus
1735 4076 1850 4146 ejus
1889 4076 2121 4146 linguam
2162 4066 2167 4077 ’

539 4161 814 4233 Scriptura
847 4165 1044 4232 divina,
1076 4179 1234 4235 quam
1258 4166 1532 4222 maledicis
1571 4167 2016 4237 disputationibus
2041 4168 2121 4221 in-

540 4263 794 4309 sectatur.
829 4255 894 4310 Et
918 4257 1168 4326 quoniam
1220 4269 1435 4326 quoquo
1483 4256 1642 4311 modo
1684 4257 2035 4311 christianum
2063 4271 2122 4311 se

540 4346 708 4401 videri
739 4347 904 4416 cupit,
940 4348 1080 4404 unde
1103 4357 1158 4404 et
1179 4361 1243 4404 ex
1275 4348 1564 4420 Evangelio
1584 4359 1638 4405 et
1663 4363 1728 4405 ex
1750 4349 2013 4420 Apostolo
2030 4365 2124 4419 po-

542 4437 621 4492 nit
645 4438 816 4508 aliqua
846 4439 1180 4507 testimonia;
1213 4441 1372 4496 etiam
1403 4441 1690 4511 Scripturis
1710 4441 1776 4495 ad
1800 4439 2006 4495 Novum
2023 4440 2126 4494 Teo

545 4530 868 4585 s'tamcmum
891 4532 1282 4601 pertinentibus
1302 4531 1626 4589 refellendus
1651 4541 1732 4588 est
1752 4551 1766 4588 :
1797 4539 1854 4586 ut
1877 4531 2123 4587 ostenda-

545 4627 632 4674 tur
652 4620 703 4674 in
740 4621 1155 4690 reprehensione
1181 4632 1418 4680 veterum
1457 4623 1936 4680 inconsiderantius
1965 4638 2124 4694 quam

543 4715 817 4769 versutius
843 4715 1097 4772 insanire.

614 4802 836 4861 CAPUT
877 4804 938 4860 ll.
964 4807 1113 4860 -ι-Ξ.
1155 4807 1232 4862 Ac
1281 4807 1531 4876 primum,
1582 4806 1724 4877 quod
1769 4807 1885 4876 pius
1918 4813 2126 4876 poterat

545 4897 815 4966 religioso,
847 4881 1040 4967 qumrit
1075 4897 1175 4954 iste
1204 4899 1397 4969 impius
1430 4913 1524 4954 ore
1550 4898 1827 4969 sacrilego,
1859 4895 2126 4969 quomodo

445 4981 452 4987 ’
545 4989 909 5058 accipiendum
941 4991 1010 5046 sit
1033 4991 1172 5060 quod
1201 4993 1456 5061 seriptum
1492 4997 1593 5058 eSt,
1625 4990 1692 5044 In
1726 4991 1972 5062 principio
2007 4989 2126 5060 fecit

546 5078 684 5134 Deus
713 5082 892 5135 caelum
912 5091 960 5136 et
987 5091 1172 5135 terram
1199 5079 1350 5155 (Gen.
1376 5099 1416 5149 ι,
1442 5081 1533 5152 1);
1565 5097 1868 5153 quanquam
1900 5095 2003 5134 non
2032 5077 2126 5133 ad;

547 5171 759 5239 didcrit,
805 5183 1010 5242 terram,
1043 5173 1111 5229 de
1138 5173 1240 5245 qua
1273 5173 1393 5246 post
1418 5173 1670 5244 loquitur.
1714 5173 1917 5240 Quaerit
1949 5186 2076 5241 ergo
2106 5189 2118 5224 :

2228 2705 2338 2771 Quo
2367 2703 2650 2775 principio?
2691 2703 2868 2773 ejusne
2891 2717 2990 2772 quo
3013 2701 3146 2756 idem
3170 2699 3310 2754 Deus
3331 2714 3439 2754 esse
3457 2700 3634 2769 coepit,
3660 2717 3725 2755 an
3748 2716 3806 2757 es

2222 2811 2280 2850 eo
2303 2811 2402 2864 quo
2423 2793 2567 2847 illum
2593 2809 2697 2847 esse
2717 2809 2930 2847 vacuum
2955 2792 3126 2846 taeduit
3139 2792 3165 2844 7
3178 2791 3276 2846 Cui
3292 2790 3668 2861 respondetur,
3689 2791 3805 2861 quia

2222 2901 2322 2941 nec
2348 2887 2486 2940 Deus
2510 2898 2631 2940 esse
2657 2885 2834 2954 coepit,
2861 2899 2960 2940 nec
2987 2899 3112 2939 eum
3139 2883 3433 2938 vacationis
3458 2896 3569 2936 sua:
3598 2883 3802 2948 taeduit,

2225 2977 2314 3044 qui
2345 2991 2517 3045 neque
2541 2975 2829 3045 aliquando
2875 2989 2982 3029 non
3013 2974 3130 3042 fuit,
3163 2987 3262 3028 nec
3287 2971 3548 3028 cessando
3580 2973 3800 3043 torpuit,

2224 3079 2325 3120 nec
2353 3065 2624 3135 operando
2654 3064 2941 3120 laboravit:
2963 3079 3062 3120 nec
3082 3065 3198 3119 sine
3219 3064 3356 3120 coelo
3384 3062 3527 3118 sedis
3553 3063 3797 3134 indiguit,

2222 3172 2325 3214 nec
2352 3157 2489 3212 facto
2515 3158 2652 3212 coelo
2675 3155 2858 3212 sedem
2891 3167 3140 3226 tanquam
3165 3156 3328 3210 ﬁnitis
3348 3153 3626 3208 erroribus
3659 3169 3806 3224 pere-

2223 3251 2405 3320 grinus
2436 3250 2655 3304 invenit.
2689 3249 2884 3304 Potens
2909 3255 2993 3302 est
3020 3247 3160 3301 enim
3183 3245 3492 3301 beatissimo
3513 3258 3736 3298 manere
3756 3244 3805 3296 in

2223 3343 2542 3412 semetipso;
2571 3341 2772 3411 templo
2810 3349 2989 3395 autem
3027 3354 3124 3394 suo
3149 3337 3293 3407 quod
3320 3346 3448 3392 sunt
3471 3351 3666 3391 omnes
3690 3350 3810 3388 san-

2223 3437 2316 3502 cti,
2347 3443 2400 3489 et
2425 3434 2614 3504 Angeli
2635 3443 2687 3488 et
2704 3434 2945 3489 homines
2965 3434 3004 3497 ί,
3036 3432 3113 3487 sic
3141 3430 3401 3500 impertiri
3425 3428 3807 3483 habitationem

2224 3541 2397 3594 suam,
2426 3535 2484 3581 ut
2509 3526 2586 3582 illi
2614 3533 2680 3582 ex
2721 3526 2839 3595 ipso
2883 3523 3114 3579 habeant
3156 3522 3264 3576 tale
3308 3520 3508 3575 bonum
3536 3533 3647 3588 quo
3672 3516 3809 3572 beati

2225 3633 2346 3675 esse
2367 3620 2593 3688 possint,
2625 3632 2731 3672 non
2755 3631 2827 3671 ex
2856 3617 2936 3670 eis
2964 3614 3052 3669 ille
3078 3614 3239 3668 talem
3282 3611 3500 3666 domum
3546 3610 3670 3664 sine
3712 3620 3812 3678 qua

2224 3713 2414 3770 beatus
2441 3726 2560 3768 esse
2590 3725 2697 3766 non
2725 3710 2916 3781 possit.
2961 3709 3068 3762 Aut
3110 3721 3239 3776 ergo
3280 3705 3359 3761 sic
3409 3702 3812 3773 intelligendum

2229 3814 2312 3861 est
2338 3805 2478 3875 quod
2505 3805 2759 3873 scriptum
2787 3811 2889 3868 est,
2941 3800 3006 3854 In
3034 3800 3282 3871 principio
3312 3797 3429 3869 fecit
3469 3796 3614 3850 Deus
3642 3797 3813 3851 uelum

2225 3904 2273 3951 et
2298 3907 2502 3963 terram,
2531 3904 2589 3949 nt
2614 3893 2928 3963 principium
2980 3892 3051 3946 sit
3093 3906 3160 3947 ex
3206 3904 3312 3960 quo
3351 3904 3470 3944 esse
3494 3896 3812 3958 coeperunt;

2229 4004 2334 4045 non
2366 3990 2511 4044 enim
2550 3988 2661 4043 Deo
2703 3999 2966 4042 coaeterna
3010 3997 3224 4055 semper
3267 3981 3499 4048 fuerunt,
3532 3981 3640 4036 sed
3680 3979 3814 4034 facta

2227 4079 2433 4133 initium
2459 4093 2525 4133 ex
2557 4092 2663 4148 quo
2688 4090 2809 4132 esse
2833 4074 3130 4144 inciperent
3157 4080 3511 4140 acceperunt:
3540 4080 3640 4125 aut
3675 4078 3818 4124 certe

2227 4171 2349 4240 quia
2378 4171 2430 4225 in
2460 4168 2718 4238 principio
2747 4167 2847 4222 sibi
2882 4175 3151 4221 coaeterno
3180 4161 3309 4218 fecit
3351 4162 3492 4217 Deus
3530 4161 3737 4216 caelum
3766 4165 3818 4213 et

2229 4269 2447 4325 terram,
2480 4259 2583 4314 hoc
2631 4267 2733 4326 est,
2780 4259 2831 4312 in
2878 4256 3152 4327 unigenito
3184 4253 3342 4309 Filio.
3386 4252 3504 4323 lpse
3543 4261 3636 4307 est
3676 4250 3821 4307 enim

2228 4350 2517 4420 Sapientia,
2541 4349 2607 4404 de
2635 4363 2738 4418 qua
2765 4347 2894 4403 dicit
2930 4347 3248 4417 Apostolus:
3281 4343 3536 4400 Christum
3563 4341 3667 4395 Dei
3707 4340 3820 4393 Vir-

2230 4450 2387 4496 tutem
2407 4451 2453 4494 et
2478 4439 2571 4494 Dei
2611 4439 2930 4509 Sapientiam
2955 4438 3138 4511 (Νέον.
3165 4453 3204 4502 ι,
3235 4435 3351 4506 24).
3379 4434 3450 4489 Ει
3479 4434 3588 4489 Deo
3619 4432 3713 4503 qui
3743 4430 3820 4485 fe-

2227 4533 2302 4587 cit
2324 4532 2518 4587 caelum
2543 4539 2597 4586 et
2627 4537 2842 4596 terram,
2871 4528 3064 4584 dicitur
3085 4529 3138 4584 in
3156 4528 3405 4583 Psalmo:
3431 4525 3622 4580 Omnia
3637 4525 3694 4578 in
3722 4522 3823 4578 Sa.

2229 4624 2415 4695 pienlia
2443 4623 2604 4696 fecisti
2644 4621 2811 4695 (Psal.
2856 4636 2969 4687 cm,
3001 4619 3113 4690 24).
3159 4620 3264 4674 Aut
3301 4619 3346 4673 si
3375 4617 3442 4673 de
3479 4617 3700 4672 Psalmo
3727 4615 3824 4670 isto

2229 4730 2338 4770 non
2361 4713 2475 4768 vult
2501 4713 2740 4782 accipere
2781 4710 3162 4776 testimonium,
3207 4709 3516 4778 Apostolum
3543 4707 3734 4761 audiat
3761 4704 3825 4758 de

2229 4806 2443 4862 Christo
2489 4805 2792 4874 loquentem
2826 4820 2839 4855 :
2880 4803 3015 4870 Quia
3041 4803 3095 4856 in
3121 4803 3232 4872 ipso
3260 4802 3462 4855 condita
3483 4810 3602 4855 sunt
3630 4798 3820 4862 omnia,

2232 4897 2285 4950 in
2311 4897 2433 4950 coelo
2462 4903 2506 4948 et
2532 4895 2582 4949 in
2610 4905 2762 4959 terra,
2794 4893 3005 4948 visibilia
3032 4902 3076 4948 et
3104 4892 3369 4946 invisibilia
3395 4890 3611 4962 (Coloss.
3639 4907 3679 4957 ι,
3706 4889 3820 4958 16).

2306 4987 2359 5043 5.
2402 4985 2542 5042 Deus
2585 4986 2742 5055 igitur
2783 5000 2880 5040 nec
2922 4983 3083 5054 ccepit
3128 4997 3267 5048 esse,
3320 4995 3417 5035 nec
3461 4980 3708 5034 desinet:
3733 4977 3826 5032 sed

2232 5081 2394 5147 Opera
2439 5075 2555 5145 ejus
2597 5075 2839 5145 quaedam
2880 5073 3185 5144 incipientia
3215 5079 3362 5125 certo
3392 5069 3496 5123 ﬁne
3527 5084 3650 5124 esse
3682 5068 3827 5122 desi-

2235 5177 2398 5233 stunt,
2431 5167 2568 5222 sicut
2595 5175 2832 5236 tempora
2857 5171 2911 5221 et
2933 5163 3274 5233 temporalia;
3298 5160 3539 5230 quaedam
3565 5159 3822 5228 incipien-

1723 5281 2010 5321 ADMONITIO
2046 5279 2128 5320 PP.
2169 5277 2648 5320 BENEDICTINORUI.

607 5363 736 5422 opus
758 5358 882 5408 istud
909 5365 1075 5422 contra
1117 5357 1610 5422 AdversariumiLegis
1627 5363 1678 5406 et
1693 5357 2040 5422 Prophetarum
2062 5355 2434 5422 recognovimus
2466 5349 2810 5422 adgallicanos
2846 5337 2952 5398 Mss.
2974 5345 3263 5422 Aulidecim',
3280 5352 3681 5422 Germanepsem,
3724 5350 3827 5422 got;-

544 5401 2043 5484 fﬁiéﬁi'aiﬁﬁ‘in','ri'scéﬁxﬁséiﬁ
2062 5401 2078 5476 ξ
2097 5401 2462 5484 vﬁrgtellensem
2479 5448 2494 5473 ,
2521 5413 2924 5484 gistercicusem,
2966 5401 3301 5484 Casalepsem,
3332 5401 3717 5484 ῥοξιξῼρίεωρζᾙ

545 5468 1082 5542 ὺθςιίηυιιι,ἰιθςίιι“ἧι,·
1112 5489 1165 5532 et
1187 5468 1255 5532 ad
1286 5468 1438 5532 unum
1473 5468 1775 5541 Vaticanum;
1813 5481 1872 5529 ad
1910 5468 2151 5529 editiones
2185 5479 2333 5527 etiam
2368 5468 2490 5524 Amf
2521 5481 2592 5522 Er.
2633 5481 2684 5522 et
2721 5481 2826 5523 nov.
2869 5468 2921 5522 et
2955 5471 3015 5520 ad
3053 5472 3295 5521 variantes
3332 5468 3571 5519 lectiones
3602 5468 3834 5517 codicum

547 5538 844 5602 Belgicorum
866 5538 992 5604 ap‘ud
1015 5538 1124 5594 LOv.

626 5622 1134 5704 Comparavimus
1160 5622 1462 5706 praeterea
1496 5643 1594 5686 eas
1625 5643 1829 5687 omnes
1859 5623 2158 5686 editiones
2188 5621 2371 5683 initio
2404 5619 2572 5677 Retr.
2596 5623 2650 5676 et
2671 5611 2984 5688 Confess.,
3007 5622 3052 5673 ι.
3086 5615 3144 5686 1,
3174 5619 3556 5672 memoratas.
3594 5608 3692 5669 M.

613 5743 687 5807 (a)
710 5739 876 5808 scripti
898 5744 1092 5795 circiter
1116 5744 1302 5798 initium
1317 5745 1430 5797 anni
1446 5743 1556 5796 420.

2316 5739 2333 5770 ι
2368 5736 2473 5788 Sola
2496 5735 2601 5787 fere
2639 5736 2786 5787 editio
2808 5741 2934 5786 Lov.:
2961 5743 3130 5787 omnes
3166 5733 3332 5799 angeli
3356 5740 3507 5786 sanet:
3526 5767 3542 5796 ,
3586 5736 3639 5782 et
3675 5728 3835 5782 hami—

2251 5811 2348 5849 nea.
