4094 6460
262 549 338 613 tia
352 550 756 626 permanebunt,
773 534 910 606 sicut
925 550 1036 619 ipsa
1051 555 1356 602 sanctorum
1377 543 1669 609 hominum,
1687 553 1846 611 quam

259 645 560 718 percepturi
584 651 730 709 sunt,
758 640 869 697 vita
889 649 1114 718 aeterna.
1143 637 1294 707 Quod
1319 637 1423 716 iste
1447 651 1552 692 non
1578 631 1730 700 vidit,
1749 630 1843 702 qui

259 737 464 808 putavit
489 749 610 794 esse
637 731 922 792 dicendum
963 747 1027 789 ac
1070 724 1449 796 deﬁniendum,
1492 727 1696 783 nullum
1724 739 1846 781 esse

265 833 380 888 sine
419 827 524 885 ﬁne
547 815 900 899 principium:
927 823 1027 881 nec
1053 825 1224 894 ipsum
1248 822 1419 892 potuit
1440 811 1714 875 attendere
1742 833 1842 872 nu-

267 935 494 987 merum,
523 919 675 990 cujus
717 917 921 973 initium
963 917 1046 971 est
1083 914 1152 970 a'b
1196 921 1321 980 uno,
1367 921 1420 969 et
1449 911 1568 966 ﬁnis
1594 911 1646 966 in
1675 909 1840 965 nullo.

264 1007 457 1073 Nullus‘
467 1011 662 1082 quippe
678 1021 932 1064 numerus
950 1005 1242 1077 quamlibet
1263 1017 1503 1073 magnus,
1525 1000 1606 1056 vel
1626 1000 1840 1066 dicitur,

265 1103 345 1157 vel
394 1101 450 1157 si
481 1100 587 1156 dici
627 1100 736 1170 iam
777 1083 885 1154 non
924 1099 1118 1168 potest,
1162 1097 1438 1166 cogitatur,
1478 1091 1562 1147 cui
1587 1095 1692 1147 non
1721 1089 1845 1145 addi

263 1193 436 1265 possit
457 1196 524 1248 ut‘
541 1190 711 1260 major
735 1191 822 1245 sit.
857 1187 924 1244 Et
945 1197 1069 1258 puto
1093 1185 1234 1257 quod
1264 1186 1383 1251 iste,
1409 1183 1700 1254 quamlibet
1729 1180 1842 1236 hae-

262 1285 425 1339 resim
451 1283 552 1337 sub
574 1281 789 1337 riorh'hre
811 1273 1008 1335 Christi
1037 1282 1213 1333 teneat
1240 1279 1424 1330 eontra
1453 1273 1741 1336 Christum,
1763 1270 1843 1326 vi-

264 1386 368 1432 tam
399 1371 503 1431 sibi
533 1367 796 1446 promittit
839 1373 900 1428 in’
935 1367 1168 1436 Christo,
1213 1370 1393 1438 utique
1435 1368 1665 1432 beatam,
1693 1363 1843 1434 cujus

260 1471 385 1524 tunc
411 1468 612 1538 poterit
625 1481 744 1522 esse
774 1463 1108 1536 principium,
1137 1477 1258 1519 cum
1295 1461 1419 1516 vitae
1446 1459 1602 1529 hujus
1631 1458 1842 1513 miserae

261 1558 388 1615 ﬁnis
412 1558 591 1614 fuerit.
623 1542 966 1628 Respondeat
1002 1547 1198 1625 itaque,
1231 1553 1382 1609 beata
1413 1551 1501 1606 illa
1527 1550 1654 1616 vita,
1685 1553 1844 1619 quam

260 1663 366 1704 non
397 1657 558 1720 negat
585 1647 881 1703 habituram
910 1645 994 1701 vel
1037 1644 1237 1700 habere
1281 1637 1617 1714 principium,
1668 1647 1843 1692 utrum

261 1739 538 1804 habitura;
559 1751 630 1792 an
655 1751 760 1792 non
791 1735 1033 1791 habitura
1068 1735 1137 1790 sit
1161 1732 1360 1788 tinem?
1383 1731 1439 1787 Si
1465 1729 1666 1786 dixerit
1694 1727 1840 1782 habi-

263 1836 456 1893 turam,
506 1827 773 1897 q’uomodo
815 1822 875 1882 se
917 1825 1130 1882 audebit
1163 1825 1343 1880 dicere
1382 1819 1761 1878 christianum?
1787 1817 1845 1875 Si

259 1917 457 1973 dixerit
484 1929 590 1973 non
615 1917 934 1982 habituram,
962 1917 1052 1972 ubi
1080 1923 1160 1971 est
1182 1913 1324 1985 quod
1353 1927 1509 1969 ausus
1534 1919 1617 1968 est
1643 1911 1840 1981 dicere,

262 2007 465 2062 nullum
498 2021 619 2062 esse
644 2008 760 2063 sine
788 2008 893 2064 ﬁne
920 2004 1272 2076 principium?

331 2096 566 2156 CAPUT
602 2099 688 2155 lli.
712 2100 860 2155 —4.
901 2098 1100 2166 Quaerit
1136 2097 1296 2153 etiam
1331 2115 1348 2152 :
1388 2095 1450 2151 Si
1488 2094 1708 2150 mundus
1751 2095 1846 2150 iste

262 2187 450 2244 bonum
473 2189 670 2260 aliquid
698 2199 788 2258 est,
817 2205 909 2245 cur
929 2205 1029 2245 non
1056 2190 1177 2244 olim
1206 2203 1269 2243 ea;
1297 2188 1438 2243 initio
1475 2186 1538 2242 ab
1567 2202 1624 2242 eo
1654 2189 1846 2259 factum

263 2290 354 2346 at,
381 2281 523 2351 quod
545 2279 730 2336 melius"
741 2281 880 2352 fuit?
899 2280 1060 2350 Quasi
1076 2295 1133 2335 se
1153 2280 1268 2351 ipso
1291 2279 1486 2350 aliquid
1502 2278 1689 2333 melius
1706 2279 1846 2334 Deus

262 2371 451 2429 fecerit
490 2371 746 2428 mundum
780 2389 794 2426 :
822 2381 914 2428 aut
955 2371 1076 2427 ideo
1112 2386 1219 2426 non
1247 2370 1490 2426 debuerit
1519 2370 1621 2425 hoc
1648 2368 1844 2425 bonum

261 2462 402 2531 ﬁeri,
432 2463 562 2534 quia
587 2478 692 2518 non
721 2472 802 2519 est
827 2463 1029 2534 aequale
1056 2460 1291 2518 facienti.
1314 2460 1466 2529 Quod
1493 2468 1669 2516 autem
1695 2467 1845 2530 quae”-

261 2555 352 2622 rit,
383 2565 483 2612 cur
508 2565 613 2609 non
643 2553 786 2610 istud
806 2554 931 2610 olim
956 2569 1024 2610 ex
1065 2553 1218 2608 initio
1266 2552 1461 2606 factum
1495 2549 1592 2616 sit;
1625 2563 1847 2619 respon-

260 2659 380 2700 sum
409 2645 626 2710 habeat,
653 2645 765 2700 lmo
809 2659 935 2700 vero
962 2645 1090 2700 olim
1126 2659 1192 2700 ex
1234 2642 1382 2698 initio
1409 2640 1603 2696 factum
1630 2647 1750 2696 est:
1780 2654 1847 2696 ex

260 2735 414 2792 initio
443 2737 628 2806 utique
656 2750 773 2802 suo,
804 2749 911 2791 non
941 2736 1055 2803 Dei,
1086 2735 1171 2790 cui
1198 2733 1402 2789 nullum
1432 2740 1513 2787 est
1538 2729 1766 2786 initium.
1786 2729 1846 2786 Si

259 2837 441 2884 autem
467 2827 574 2883 hoc
610 2827 816 2882 initium
848 2826 1132 2899 signiﬁcari
1162 2825 1350 2896 potuit,
1378 2837 1442 2879 eo
1479 2821 1620 2893 quod
1647 2821 1845 2877 dictum

261 2930 364 2990 est,
393 2920 463 2975 In
489 2920 740 2990 principio
777 2920 894 2991 fecit
920 2918 1092 2974 Deus:
1120 2917 1244 2988 quid
1267 2926 1350 2973 est
1386 2915 1528 2986 quod
1552 2913 1846 2970 calumnia-

262 3021 351 3069 tur
392 3011 542 3070 velut
585 3014 936 3085 interrogans,
967 3013 1020 3066 in
1049 3025 1155 3082 quo
1181 3009 1440 3080 principio
1469 3007 1681 3073 fecerit;
1723 3021 1846 3062 cum

263 3105 377 3176 ipse
401 3106 594 3161 rursus
618 3113 838 3176 quaerat,
870 3117 967 3159 cur
990 3117 1095 3158 non
1124 3103 1253 3157 olim
1279 3116 1344 3158 ex
1367 3101 1516 3156 initio
1537 3099 1730 3154 factum
1752 3097 1845 3154 sit?

262 3196 494 3254 Proinde
517 3211 615 3252 sua
639 3195 797 3252 verba
821 3195 897 3249 illi
925 3193 1225 3265 replicanda
1249 3202 1392 3248 sunt.
1421 3193 1553 3248 Nam
1575 3191 1710 3248 sicut
1730 3191 1845 3260 ipse

262 3297 482 3360 propter
507 3287 562 3343 id
590 3287 730 3357 quod
759 3287 1013 3357 scriptum
1052 3292 1156 3352 est,
1191 3283 1260 3339 In
1288 3284 1533 3356 principio
1564 3283 1678 3356 fecit
1705 3282 1845 3337 Deus

266 3380 444 3434 emittm
470 3388 519 3433 et
553 3387 766 3446 terram,
798 3379 1197 3449 argumentatur
1224 3382 1279 3431 ct
1303 3375 1450 3442 dicit,
1490 3373 1558 3428 In
1597 3373 1844 3446 principio

261 3471 413 3544 igitur
438 3472 578 3543 quo?
616 3473 789 3541 cjusne
813 3486 910 3541 quo
935 3471 1068 3525 idem
1108 3467 1242 3523 Deus
1268 3480 1378 3524 esse
1398 3465 1564 3536 erepit,
1607 3483 1674 3520 an
1701 3481 1762 3520 ea:
1783 3479 1844 3520 eo

259 3581 358 3636 quo
379 3566 664 3620 illum‘esse
688 3563 900 3619 vacuum
929 3562 1142 3619 ειεάαίιῖ
1167 3562 1237 3618 ita
1266 3570 1320 3616 et
1361 3573 1460 3616 nos
1501 3558 1567 3615 ad
1607 3559 1662 3614 id
1702 3557 1844 3629 quod

261 3657 353 3724 ait,
381 3656 487 3713 Cur
520 3672 624 3711 non
654 3654 790 3710 istud
833 3655 953 3708 olim
983 3669 1046 3708 ea:
1068 3653 1209 3707 initio
1239 3656 1429 3722 factum
1457 3657 1529 3704 est
1553 3650 1616 3702 ab
1641 3649 1737 3704 eo?
1759 3663 1843 3703 re-

259 3747 639 3818 spondeamus,
659 3755 714 3803 et
727 3746 965 3802 dicamus
979 3746 1050 3811 ei,
1068 3745 1146 3800 Ex
1168 3743 1318 3820 initio
1334 3742 1491 3814 igitur
1505 3741 1643 3812 quo?
1658 3739 1844 3810 cjusne

261 3854 366 3908 quo
392 3839 535 3894 idem
578 3838 718 3893 Deus
756 3851 877 3892 esse
918 3834 1100 3904 coepit,
1140 3849 1207 3889 an
1233 3849 1300 3889 ex
1327 3835 1391 3888 eo
1416 3846 1522 3902 quo
1550 3831 1697 3886 illum
1723 3843 1845 3886 esse

261 3927 736 3984 vacuum'taaduit?‘
758 3927 868 3980 Hoc
905 3923 1098 3995 quippe
1125 3921 1216 3976 illi
1260 3921 1520 3991 displicet,
1566 3919 1707 3990 quod
1739 3931 1844 3974 non

262 4021 396 4076 olim
421 4035 490 4076 ex
516 4019 664 4075 initio
693 4019 835 4074 Deus
861 4016 1042 4073 fecerit
1065 4017 1278 4078 caelum,
1306 4029 1425 4068 cum
1448 4012 1594 4078 dicit,
1623 4009 1725 4068 Cur
1744 4027 1844 4066 non

259 4111 387 4166 olim
417 4126 483 4165 ea:
506 4111 679 4164 initio?
706 4108 980 4178 Tanquam
1007 4113 1074 4162 ex
1094 4105 1187 4161 illo
1207 4104 1356 4159 initio
1383 4103 1557 4159 facere
1580 4101 1840 4170 debuerit,

260 4215 331 4259 ex
357 4215 468 4271 quo
499 4209 580 4255 est
616 4200 732 4269 ipse
755 4198 842 4271 qui
883 4197 1026 4253 fecit.
1057 4196 1164 4252 Cur
1200 4210 1308 4250 non
1334 4195 1420 4250 hic
1446 4193 1639 4261 timuit,
1671 4209 1739 4249 ne
1764 4193 1845 4249 di-

261 4293 457 4358 cendo,
484 4308 551 4348 ex
577 4291 728 4347 initio
752 4306 819 4346 ex
846 4304 952 4361 quo
978 4297 1060 4345 est
1088 4289 1203 4358 ipse
1240 4289 1402 4354 Deus,
1439 4303 1560 4343 eum
1599 4287 1846 4345 debuisse

262 4383 446 4441 facere
459 4385 677 4450 cce-lum,
699 4383 966 4439 diceretur
989 4381 1073 4437 ei:
1106 4380 1276 4436 Habet
1295 4394 1423 4450 ergo
1449 4380 1588 4435 Deus
1616 4380 1842 4446 initium,

213 4466 221 4472 ’
262 4488 325 4530 ac
349 4490 446 4546 per
471 4475 574 4532 hoc
613 4458 905 4531 secundum
937 4470 1256 4528 sententiam
1285 4478 1429 4526 tuam
1456 4470 1671 4526 habebit
1697 4479 1751 4526 et
1777 4470 1845 4524 ﬂ-

264 4583 418 4634 nem;
449 4579 506 4624 tu
530 4569 673 4624 enim
701 4566 902 4635 dixisti,
935 4564 1138 4621 nullum
1166 4577 1288 4620 esse
1313 4562 1520 4618 initium
1557 4562 1673 4618 sine
1700 4561 1846 4618 line?

265 4657 434 4715 Porro
462 4660 508 4715 si
536 4659 678 4714 Deus
703 4665 850 4714 caret
889 4657 1060 4723 initio,
1108 4654 1376 4726 quomodo
1415 4652 1618 4709 faceret
1643 4653 1842 4723 aliquid

265 4763 332 4806 ex
358 4749 513 4806 initio
537 4765 604 4805 ex
640 4764 748 4820 quo
771 4749 883 4819 ipse
911 4747 1066 4804 est“!
1089 4747 1167 4802 Ac
1194 4759 1289 4816 per
1311 4744 1414 4800 hoc
1451 4759 1518 4800 ex
1544 4744 1693 4800 initio
1717 4743 1846 4800 fecit

267 4839 356 4898 illo
383 4855 454 4897 ex
481 4856 588 4911 quo
613 4840 755 4908 fecit,
787 4839 840 4896 id
867 4845 968 4908 est,
994 4849 1060 4894 ex
1085 4853 1190 4909 quo
1215 4837 1375 4906 erepit
1399 4850 1518 4892 esse
1538 4835 1680 4906 quod
1699 4834 1843 4890 fecit.

266 4929 370 4986 Aut
392 4945 524 5003 ergo
551 4930 684 4987 deus
709 4932 944 5002 ipsorum
975 4928 1108 4985 nihil
1149 4928 1275 4985 boni
1307 4942 1539 4998 unquam
1569 4926 1724 4982 fecit:
1754 4933 1848 4982 aut

267 5023 560 5079 secundum
585 5024 766 5089 istum,
792 5022 1163 5093 quodcumque
1178 5019 1304 5077 boni
1329 5020 1472 5083 fecit,
1494 5034 1561 5075 ex
1586 5019 1676 5074 illo
1695 5019 1846 5074 initio

267 5111 390 5168 fecit
417 5129 484 5170 ex
524 5128 630 5184 quo
667 5114 782 5183 ipse
807 5121 918 5179 est;
945 5120 1001 5168 et
1025 5111 1235 5168 habenti
1278 5111 1504 5176 initium,
1532 5110 1848 5166 metuendus

267 5213 345 5259 est
372 5203 531 5260 ﬁnis:
560 5214 651 5261 aut
679 5212 877 5260 sanctae
915 5202 1204 5273 Scripturze
1232 5201 1408 5256 verbis
1449 5201 1608 5256 debet
1634 5202 1848 5271 acquie-

266 5307 437 5362 scere,
482 5304 540 5351 et
580 5294 880 5365 intelligere
926 5292 1118 5360 Deum,
1145 5291 1237 5361 qui
1273 5305 1339 5346 ex
1366 5290 1512 5345 nullo
1539 5290 1700 5360 coepit
1726 5303 1848 5347 esse

265 5386 548 5455 principio,
579 5385 772 5442 fecisse
796 5386 993 5442 calum
1020 5384 1072 5439 in
1102 5383 1381 5454 principio,
1403 5383 1487 5437 vel
1515 5397 1583 5439 ex
1611 5399 1716 5454 quo
1735 5399 1847 5442 coe-

267 5475 373 5530 lum
403 5489 525 5532 esse
553 5476 734 5546 cmpit,
770 5475 856 5532 vel
885 5475 939 5531 in
967 5473 1134 5540 Filio;
1157 5471 1257 5544 qui
1283 5471 1482 5528 Iudaeis
1509 5473 1844 5547 interrogan-

269 5565 428 5644 tibus,
458 5567 579 5638 quis
599 5574 760 5636 esset,
789 5565 1108 5638 principium
1135 5578 1195 5621 se
1222 5577 1341 5620 esse
1365 5563 1638 5644 respondit
1662 5563 1844 5637 (Joan.

267 5671 377 5726 vut,
399 5659 516 5731 25).

330 5817 348 5846 ι
373 5815 519 5881 miti,
542 5827 606 5866 ea:
628 5827 722 5880 quo
747 5827 855 5867 sese
875 5829 969 5866 non
989 5826 1074 5867 est.
1117 5820 1174 5874 st
1192 5803 1298 5866 Mss.
1323 5821 1492 5868 carent
1526 5815 1606 5868 hic
1625 5811 1854 5881 negante

269 5875 510 5940 [nauicula

704 409 980 495 ooN'raA
1010 423 1302 490 amens.
1353 429 1509 487 LEG.
1551 425 1638 485 ΕΤ
1677 425 1844 484 pnor

1948 422 2032 492 T.,
2081 424 2138 481 S.
2179 413 2541 484 AUGUSTINI
2577 415 2778 483 LIBER
2816 412 3084 488 PRIMUS.

3415 420 3524 496 606

2022 539 2074 594 5.
2109 538 2220 594 Nisi
2249 540 2384 595 forte
2405 540 2643 598 dicturus
2668 549 2771 609 est,
2799 543 2942 599 aliud
2972 544 3200 614 initium,
3231 546 3375 604 aliud
3395 549 3523 606 vero

1949 646 2070 688 esse
2096 634 2428 705 principium.
2453 636 2511 692 Si
2537 652 2665 707 ergo
2693 637 2765 693 ita
2803 647 2945 694 esset
2984 642 3259 710 scriptum,
3286 641 3344 696 ln
3373 641 3523 700 initio

1949 723 2072 782 fecit
2098 727 2236 783 Deus
2255 729 2448 783 coelum
2476 739 2530 785 et
2557 739 2782 798 terram;
2807 733 2936 787 nihil
2956 742 3142 788 contra
3165 736 3266 789 hoc
3293 727 3390 789 iste
3412 750 3525 791 mo-

1949 827 2180 887 veretur,
2222 821 2310 892 qui
2338 820 2490 886 dixit,
2527 821 2633 877 Cur
2669 840 2770 878 non
2795 825 2915 879 olim
2941 842 3003 879 ea:
3029 826 3172 879 initio
3198 831 3386 896 factum
3408 821 3525 882 est?

1948 911 2373 982 quandoquidem
2401 913 2617 984 legeret,
2664 913 2720 969 in
2748 916 2897 971 initio
2926 916 3051 972 fecit
3076 918 3247 983 Deus;
3279 933 3381 972 non
3410 917 3522 972 exi-

1949 1003 2169 1059 stimans
2189 1006 2427 1075 impium,
2455 1005 2498 1062 si
2525 1007 2770 1064 credatur
2793 1009 2932 1065 Deus
2958 1010 3156 1066 habere
3179 1011 3406 1076 initium,
3427 1011 3522 1066 sed

1948 1108 2053 1148 non
2097 1093 2293 1152 habere
2332 1098 2671 1167 principium.
2717 1100 2866 1166 Quod
2893 1102 2938 1156 si
2974 1104 3044 1156 ita
3073 1113 3174 1169 est,
3205 1103 3524 1158 emendetur

1947 1185 2049 1242 hoc
2076 1196 2288 1244 auctore
2314 1190 2674 1262 Evangelium,
2703 1193 2791 1248 ubi
2813 1194 3066 1262 scriptum
3099 1203 3212 1249 est:
3242 1195 3309 1249 In
3334 1195 3526 1266 primi--

1948 1278 2031 1348 pio
2059 1288 2167 1333 erat
2203 1277 2433 1334 Verbum.
2462 1280 2572 1337 Cur
2594 1269 2733 1338 enim
2773 1299 2877 1338 non
2907 1285 3065 1339 etiam
3109 1285 3194 1340 hic
3228 1287 3328 1340 iste
3356 1285 3517 1350 dicat,

1948 1367 2003 1422 ln
2023 1370 2282 1440 principio
2304 1372 2462 1442 igitur
2481 1373 2623 1442 quo?
2645 1374 2828 1442 cjusne
2853 1391 2957 1444 quo
2984 1375 3121 1431 idem
3141 1375 3376 1432 Verbum
3400 1392 3520 1433 esse

1946 1460 2142 1530 cmpit?
2168 1462 2235 1516 Et
2259 1462 2380 1531 quia
2422 1463 2560 1518 Deus
2586 1473 2700 1519 erat
2727 1464 2978 1532 Verbum,
3026 1473 3199 1536 potest
3239 1467 3396 1523 etiam
3442 1468 3519 1522 sic

1946 1548 2142 1619 dicere,
2168 1552 2609 1623 quemadmodum
2641 1556 2690 1609 in
2719 1555 2820 1611 hoc
2846 1555 2981 1611 libro
3007 1555 3171 1613 dixit:
3193 1558 3388 1628 Ejusne
3414 1573 3518 1628 quo

1946 1642 2086 1699 idem
2117 1644 2259 1699 Deus
2284 1659 2402 1700 esse
2429 1646 2623 1716 coepit?
2648 1646 2796 1701 Dicat
2826 1647 2930 1713 hic,
2967 1647 3013 1701 si
3043 1648 3235 1717 placet,
3267 1649 3424 1704 etiam
3452 1647 3520 1704 ει.

1947 1734 2054 1789 lam
2072 1733 2395 1790 deﬁnitivam
2411 1752 2582 1803 suam,
2607 1737 2694 1792 ubi
2718 1735 2881 1804 audit,
2910 1736 2978 1791 In
2999 1739 3246 1807 principio
3267 1748 3371 1792 erat
3399 1736 3519 1792 Ver-

1948 1827 2064 1881 bum
2081 1843 2100 1881 :
2128 1827 2268 1883 dicat
2298 1829 2455 1883 etiam
2479 1830 2584 1896 hic,
2608 1830 2651 1884 si
2677 1828 2857 1896 audet,
2884 1828 3102 1884 Nullum
3123 1839 3196 1884 est
3221 1831 3520 1901 principium

1947 1919 2055 1972 sine
2082 1919 2214 1987 ﬁne;
2242 1927 2300 1974 ut
2321 1919 2387 1976 ab
2414 1921 2542 1991 ipsis
2571 1921 2728 1977 etiam
2754 1921 3077 1985 Manichaeis,
3120 1921 3208 1992 qui
3252 1938 3373 1977 eum
3409 1920 3521 1976 for-

1948 2015 2108 2078 tasse,
2135 2011 2256 2080 quia
2285 2011 2554 2066 inimicum
2583 2011 2709 2082 Legi
2738 2013 3124 2084 Prophetisque
3148 2014 3436 2083 reperiunt,
3461 2013 3523 2068 li~

1946 2099 2259 2158 beatissime
2288 2102 2485 2173 legunt,
2514 2101 2781 2172 judicetur
2809 2105 3045 2160 insanus.
3068 2105 3200 2172 Quia
3241 2119 3369 2160 vero
3411 2104 3521 2158 dis~

1948 2193 2110 2265 plicet
2137 2195 2183 2250 ei
2236 2194 2378 2250 Deus
2404 2196 2495 2266 qui
2523 2194 2647 2250 fecit
2683 2197 2956 2263 mundum,
3001 2213 3096 2252 cur
3135 2212 3239 2252 non
3280 2189 3523 2267 displicet

1948 2301 2044 2356 per
2068 2302 2222 2358 quem
2253 2287 2421 2342 factus
2463 2297 2544 2342 est
2587 2288 2848 2343 mundus?
2873 2289 2950 2344 De
2979 2287 3195 2344 Christo
3219 2289 3359 2344 enim
3389 2288 3522 2342 scri-

1949 2387 2096 2450 ptum
2118 2389 2200 2436 est
2219 2399 2231 2435 τ
2255 2380 2322 2436 In
2345 2382 2438 2436 hoc
2457 2381 2644 2436 mundo
2666 2391 2793 2451 erat,
2816 2390 2864 2438 et
2883 2381 3099 2438 mundus
3120 2398 3207 2454 per
3227 2399 3339 2437 eum
3361 2384 3523 2450 factus

1947 2475 2020 2528 est
2042 2471 2218 2545 (Joan.
2242 2488 2281 2540 ι,
2313 2474 2366 2540 1,
2400 2472 2513 2545 10).

2019 2561 2244 2621 CAPUT
2281 2563 2367 2620 IV.
2400 2597 2470 2607 —
2507 2566 2560 2621 6.
2603 2564 2865 2637 lntelligat
2885 2565 3066 2637 utique
3093 2567 3111 2599 ¹
3138 2566 3304 2621 Deum
3352 2565 3526 2622 facere

1949 2658 2088 2714 bona
2114 2673 2288 2729 posse,
2313 2659 2469 2714 bonis
2497 2667 2674 2715 autem
2704 2675 2733 2713 a
2763 2673 2822 2716 se
2848 2659 3000 2715 factis
3021 2674 3174 2730 egere
3202 2673 3306 2714 non
3334 2672 3523 2728 posse:

1949 2749 2091 2805 unde
2130 2763 2230 2806 nec
2272 2748 2524 2805 faciendis
2561 2749 2733 2822 eguit,
2773 2751 2860 2821 qui
2903 2750 3056 2805 factis
3095 2765 3199 2804 non
3242 2756 3378 2819 eget.
3419 2745 3528 2804 Sed

1949 2855 2154 2897 summe
2199 2841 2368 2896 bonus
2410 2841 2534 2896 fecit
2561 2841 2759 2910 omnia,
2791 2841 2891 2897 sibi
2922 2837 3134 2911 quidem
3164 2839 3404 2909 imparia,
3433 2838 3528 2892 sed

1949 2940 2127 2988 tamen
2154 2931 2311 2987 bona.
2337 2932 2540 2986 Bonum
2571 2933 2765 3003 quippe
2791 2932 2949 2986 etiam
2977 2937 3084 2986 non
3111 2944 3396 2994 summum,
3420 2929 3528 2983 imo

1947 3035 2076 3077 vero
2096 3021 2257 3077 etiam
2283 3021 2544 3087 intimum,
2572 3020 2671 3077 nisi
2692 3039 2722 3077 a
2743 3035 2954 3076 summo
2977 3020 3117 3075 bono
3139 3034 3258 3075 esse
3282 3033 3386 3074 non
3410 3032 3530 3088 pos-

1949 3125 2050 3172 set.
2073 3115 2238 3170 Nimis
2265 3123 2442 3171 autem
2473 3112 2539 3171 de
2578 3116 2687 3171 Deo
2723 3115 2858 3170 male
2897 3113 3074 3180 sentit,
3117 3113 3204 3182 qui
3248 3119 3532 3183 propterea

1948 3208 2147 3263 bonum
2173 3221 2291 3264 esse
2320 3208 2515 3279 aliquid
2545 3216 2730 3278 negat,
2761 3207 2881 3278 quia
2907 3206 3109 3276 aequale
3134 3205 3244 3260 Deo
3275 3219 3380 3258 non
3409 3215 3530 3258 esse

1948 3301 2239 3370 cognoscit.
2274 3299 2348 3353 lta
2379 3300 2521 3354 enim
2553 3314 2658 3353 non
2685 3297 2788 3353 erit
2825 3297 2914 3352 ille
2952 3311 3246 3362 summum,
3276 3292 3369 3350 sed
3407 3292 3529 3348 inﬁ-

1948 3405 2094 3445 mum
2122 3390 2340 3456 bonum,
2379 3389 2422 3443 si
2459 3386 2712 3459 quidquid
2743 3401 2808 3442 eo
2838 3387 3012 3441 minus
3042 3395 3140 3452 est,
3176 3385 3283 3455 jam
3314 3399 3418 3439 non
3448 3390 3532 3438 est

1948 3479 2167 3535 bonum.
2197 3480 2364 3536 Porro
2389 3481 2434 3534 si
2462 3479 2514 3535 in
2545 3480 2703 3535 rebus
2732 3492 2864 3548 quas
2889 3475 3141 3540 condidit,
3173 3489 3234 3530 ea
3261 3489 3378 3544 quae
3407 3479 3531 3529 sunt

1948 3573 2116 3641 prima
2153 3573 2290 3628 bona
2316 3570 2470 3627 valde
2507 3579 2630 3625 sunt
2672 3569 2892 3639 imparia
2935 3566 3240 3634 Conditori,
3272 3565 3394 3635 quia
3438 3563 3529 3619 ille

1948 3662 2092 3730 fecit,
2125 3662 2242 3719 haec
2280 3661 2414 3717 facta
2457 3670 2620 3726 sunt;
2649 3660 2883 3731 proiecto
2909 3659 2996 3730 qui
3025 3658 3218 3713 talibus
3248 3671 3352 3710 non
3384 3654 3530 3724 eguit

1949 3753 2016 3809 ad
2045 3753 2334 3824 augendam
2367 3750 2744 3808 beatitudinem
2775 3765 2948 3816 suam,
2985 3749 3152 3827 multo
3186 3746 3360 3803 minus
3388 3743 3528 3800 infe-

1950 3846 2178 3902 rioribus
2203 3855 2362 3917 atque
2391 3845 2610 3899 omnino
2638 3843 2835 3899 intimis
2864 3841 3074 3913 eguisse
3102 3837 3394 3895 credendus
3422 3842 3526 3892 est.

1948 3937 2078 4006 Quae
2097 3946 2276 3993 tamen
2303 3935 2429 3992 fecit
2459 3947 2706 4006 tanquam
2734 3935 2992 3990 bonorum
3018 3933 3252 3990 omnium
3279 3930 3529 3987 constitu-

1948 4036 2051 4084 tor.
2073 4027 2206 4083 Nam
2233 4027 2491 4083 Dominus
2512 4026 2668 4082 Jesus
2690 4028 2732 4092 ³,
2756 4041 2854 4096 ρει·
2883 4040 3040 4096 quem
3074 4023 3241 4078 factus
3266 4028 3348 4076 est
3369 4035 3527 4075 mun-

1949 4117 2067 4184 dus,
2109 4133 2213 4172 non
2252 4117 2365 4174 sola
2403 4117 2662 4183 ccelestia,
2689 4115 2784 4172 sed
2811 4116 2970 4172 etiam
3000 4115 3292 4180 terrestria,
3315 4127 3528 4168 eorum-

1949 4227 2052 4283 que
2091 4212 2421 4268 terrestrium
2457 4226 2574 4282 quae
2607 4209 2854 4266 videntur
2879 4209 3086 4279 exigua,
3121 4209 3285 4264 Deum
3315 4220 3528 4262 creasse

1949 4311 2004 4360 et
2031 4319 2215 4360 creare
2241 4302 2318 4358 sic
2346 4303 2571 4369 indicat,
2601 4317 2720 4358 cum
2751 4299 2876 4357 dicit
2904 4319 2916 4355 :
2951 4299 3012 4356 Si
3049 4315 3167 4370 ergo
3206 4301 3376 4371 fenum
3417 4297 3530 4368 agri

1948 4395 2094 4466 quod
2115 4395 2263 4450 hodie
2294 4403 2389 4462 est,
2426 4402 2474 4448 et
2512 4409 2624 4447 cras
2659 4393 2714 4446 in
2751 4393 3002 4447 clibanum
3035 4391 3267 4456 mittitur,
3292 4389 3430 4443 Deus
3457 4387 3528 4442 sic

1949 4465 2126 4551 nestit;
2153 4493 2339 4556 quanto
2361 4484 2524 4556 magis
2547 4501 2633 4539 vos
2660 4484 2872 4539 modica:
2895 4483 3014 4554 ﬁdei
3040 4481 3266 4554 (Matth.
3289 4497 3366 4549 Vl,
3395 4479 3464 4536 30
3483 4465 3528 4550 )‘i

1951 4576 2099 4634 Unus
2140 4590 2266 4647 ergo
2313 4583 2472 4647 atque
2519 4574 2658 4631 idem
2701 4575 2839 4628 Deus
2881 4582 2964 4629 est
3009 4573 3280 4629 institutor
3318 4571 3438 4627 coeli
3475 4561 3530 4625 et

1950 4675 2126 4733 terrm,
2171 4665 2441 4722 stellarum
2485 4675 2539 4721 et
2583 4663 2899 4731 herbarum,
2954 4663 3208 4736 quidquid
3257 4657 3522 4725 mensura,

1952 4755 2144 4823 forma,
2179 4755 2364 4810 ordine
2389 4769 2487 4810 suo
2510 4755 2718 4810 constat
2747 4754 2798 4808 in
2826 4755 2965 4810 caelo
2999 4761 3054 4810 et
3092 4755 3142 4807 in
3183 4748 3342 4818 terra,
3372 4749 3525 4820 quid-

1949 4846 2076 4919 quid
2096 4847 2224 4902 vivit
2251 4845 2303 4900 in
2330 4845 2468 4901 coelo
2495 4853 2548 4900 et
2573 4844 2626 4899 in
2654 4853 2815 4909 terra,
2849 4843 3100 4915 quidquid
3128 4842 3289 4898 sentit
3315 4841 3365 4895 in
3389 4839 3526 4894 coelo

1951 4949 2006 4996 ct
2040 4943 2093 4995 in
2125 4952 2284 5008 terra,
2316 4938 2572 5012 quidquid
2615 4938 2857 5009 intelligit
2899 4941 2954 4993 in
2997 4937 3134 4993 caelo
3176 4944 3229 4990 et
3267 4935 3318 4989 in
3364 4944 3522 4988 terra.

1950 5035 2079 5104 Quae
2108 5050 2215 5090 non
2245 5034 2416 5089 solum
2446 5033 2521 5088 illi
2549 5049 2579 5088 a
2605 5035 2710 5104 quo
2738 5042 2857 5087 sunt
2887 5031 3116 5095 condita,
3142 5029 3235 5086 sed
3263 5043 3362 5084 nec
3390 5018 3518 5081 inter

1950 5140 2008 5182 se
2033 5140 2150 5181 esse
2178 5126 2456 5195 oportebat
2477 5125 2698 5195 aequalia
2724 5142 2738 5178 :
2761 5133 2814 5178 et
2837 5123 2956 5178 ideo
2982 5131 3103 5177 sunt
3125 5119 3301 5176 omnia
3324 5109 3526 5174 eum

1950 5219 1995 5273 si
2025 5225 2205 5274 essent
2231 5216 2474 5288 mqualia,
2507 5233 2667 5272 unum
2712 5231 2878 5288 genus
2920 5217 3179 5270 bonorum
3211 5222 3387 5281 esset,
3418 5229 3524 5268 non

1951 5311 2147 5366 omnia.
2178 5309 2329 5365 Nunc
2363 5323 2494 5364 vero
2534 5308 2653 5364 ideo
2692 5316 2814 5361 sunt
2851 5305 3025 5360 omnia
3053 5306 3209 5369 bona,
3243 5305 3362 5374 quia
3403 5313 3528 5360 sunt

1952 5403 2070 5458 aliis
2094 5403 2195 5458 alia
2223 5402 2459 5468 meliora,
2485 5410 2538 5456 et
2564 5400 2776 5457 benitas
2799 5397 3106 5455 inferiorum
3138 5398 3285 5454 addit
3308 5399 3326 5431 ⁸
3360 5397 3527 5453 laudi-

1951 5493 2050 5550 bus
2067 5494 2345 5551 meliorum
2368 5511 2382 5548 :
2405 5502 2459 5550 et
2487 5493 2539 5547 in
2561 5506 2739 5548 rerum
2761 5491 3016 5547 bonarum
3039 5490 3392 5563 inaequalitate
3411 5483 3537 5562 ipsa

2017 5695 2034 5727 ι
2069 5695 2142 5745 sic
2161 5701 2266 5745 Mss.
2291 5693 2409 5744 Editt
2426 5680 2563 5754 vero,
2588 5692 2822 5756 intelligat
2843 5691 3020 5756 itaque.

2015 5757 2037 5789 ³
2067 5761 2264 5818 musa:
2291 5763 2411 5818 Nam
2682 5764 2828 5817 Deus,
2866 5769 2952 5818 per
2973 5768 3130 5818 quem.

2017 5818 2040 5850 ³
2069 5817 2219 5867 Editio
2236 5824 2343 5866 [ιον.
2369 5817 2446 5867 hic
2467 5817 2612 5876 addit,
2638 5817 2772 5867 bona.
2798 5817 3062 5876 Superﬂuo.

2018 5878 2042 5914 ι
2073 5880 2146 5930 Sic
2166 5878 2379 5944 potiores
2399 5887 2504 5931 Mss.
2531 5886 2586 5932 At
2606 5887 2712 5932 Lov.
2723 5916 2740 5944 ,
2765 5878 2964 5932 additur
