4094 6444
561 521 646 570 εει
681 511 910 585 jucunda
950 506 1208 582 gradatio,
1248 509 1336 565 ubi
1374 507 1638 564 minorum
1674 504 2002 577 comparatio
2028 516 2142 557 am-

560 606 787 677 pliorum
819 614 902 660 est
924 603 1333 660 commendatio.

629 696 855 752 CAPUT
887 696 949 750 V.
974 725 1043 736 ——
1067 696 1118 748 7.
1150 694 1223 749 Ea
1257 705 1385 748 vero
1424 707 1542 764 qua:
1576 692 1823 748 dicuntur
1861 691 2018 757 mala,
2049 702 2142 747 aut

560 787 685 842 vitia
712 796 833 842 sunt
863 801 1039 840 rerum
1068 785 1348 850 bonarum,
1371 799 1490 853 quae
1519 784 1738 839 omnino
1757 791 1903 838 extra
1932 797 2018 838 res
2042 781 2139 838 bo-

558 893 656 934 nas
679 879 693 909 ¹
718 893 811 947 per
844 892 904 933 se
933 878 1047 946 ipsa
1084 874 1276 929 alicubi
1315 890 1434 931 esse
1464 891 1568 930 non
1605 883 1861 946 possunt;
1888 882 1980 929 aut
2012 889 2139 945 sup-

556 970 712 1039 plicia
745 978 1098 1038 peccatorum,
1127 984 1245 1038 quae
1273 968 1341 1022 de
1367 967 1585 1038 justitiae
1614 966 2008 1038 pulchritudine
2038 980 2133 1022 ve-

558 1060 727 1117 niunt.
758 1058 861 1114 Sed
905 1059 1016 1127 ipsa
1047 1075 1258 1130 quoque
1284 1059 1409 1114 vitia
1455 1059 1814 1116 testimonium
1853 1058 2138 1141 perhibent

555 1148 777 1204 bonitati
805 1157 1132 1205 naturarum.
1152 1150 1303 1215 Quod
1323 1151 1464 1206 enim
1484 1151 1682 1206 malum
1708 1159 1789 1205 est
1810 1165 1907 1220 per
1925 1149 2131 1216 vitium,

556 1239 792 1310 profecto
816 1240 1017 1297 bonum
1041 1249 1123 1297 est
1146 1257 1241 1311 per
1265 1252 1528 1297 naturam.
1558 1242 1750 1297 Vitium
1778 1242 1972 1312 quippe
2001 1256 2136 1297 con-

557 1339 637 1385 tra
682 1341 923 1387 naturam
966 1341 1067 1401 est,
1116 1336 1238 1405 quia
1281 1344 1482 1390 naturae
1520 1346 1721 1391 nocet:
1753 1350 1852 1390 nec
1897 1343 2133 1403 noceret,

554 1423 657 1477 nisi
687 1423 882 1479 bonum
926 1426 1041 1495 ejus
1083 1427 1364 1481 minueret.
1398 1426 1512 1482 Non
1541 1437 1623 1482 est
1649 1442 1777 1497 ergo
1806 1427 2003 1481 malum
2034 1427 2134 1482 nisi

554 1515 779 1583 privatio
806 1515 951 1570 boni.
979 1519 1056 1572 Ac
1085 1532 1180 1587 per
1207 1517 1309 1572 hoc
1334 1532 1594 1587 nusquam
1624 1526 1706 1572 est
1735 1517 1836 1572 nisi
1868 1517 1918 1571 in
1951 1533 2009 1571 re
2032 1517 2133 1571 ali—

554 1621 658 1676 qua
698 1606 834 1661 bona
864 1625 876 1661 :
905 1615 959 1663 et
997 1611 1040 1663 si
1081 1624 1186 1663 non
1220 1624 1427 1664 summe
1461 1609 1619 1673 bona,
1649 1611 1898 1680 quoniam
1928 1624 2134 1664 summe

553 1698 694 1753 bona
743 1700 1159 1771 incorruptibilis
1209 1711 1262 1757 et
1313 1702 1650 1765 immutabilis
1697 1710 2028 1772 perseverat,
2077 1710 2135 1757 ut

554 1789 699 1845 Deus
722 1800 831 1857 est;
857 1808 961 1847 non
992 1802 1167 1848 tamen
1190 1794 1293 1849 nisi
1321 1795 1371 1848 in
1396 1794 1554 1861 bona,
1578 1796 1825 1864 quoniam
1850 1809 1955 1849 non
1977 1803 2132 1852 nocet

555 1882 658 1936 nisi
682 1883 969 1939 minuendo
990 1886 1129 1955 quod
1156 1887 1351 1941 bonum
1381 1893 1479 1941 est.
1503 1886 1580 1941 Ac
1608 1902 1704 1956 per
1724 1887 1825 1942 hoc
1851 1888 1990 1942 bona
2016 1890 2132 1944 sine

553 1975 709 2029 malis
732 1990 850 2030 esse
875 1986 1115 2046 possunt,
1141 1978 1277 2033 sicut
1305 1978 1418 2048 ipse
1445 1979 1604 2043 Deus,
1638 1988 1689 2033 et
1719 1994 1945 2050 quaeque
1973 1995 2131 2050 supe-

550 2064 692 2120 riora
735 2067 971 2121 coelestia
999 2086 1012 2121 :
1037 2069 1174 2123 mala
1215 2083 1343 2124 vero
1386 2068 1499 2124 sine
1532 2069 1686 2125 bonis
1721 2085 1841 2127 esse
1870 2087 1975 2127 non
2006 2086 2131 2142 pos-

549 2165 690 2210 sunt.
719 2157 773 2210 Si
802 2158 941 2212 enim
972 2158 1103 2213 nihil
1135 2168 1348 2227 nocent,
1380 2161 1517 2215 mala
1547 2175 1650 2216 non
1682 2170 1806 2218 sunt
1833 2178 1847 2217 :
1877 2164 1921 2218 si
1950 2171 2127 2219 autem

547 2255 762 2311 nocent,
796 2248 991 2302 bonum
1030 2250 1276 2304 minuunt
1302 2269 1313 2303 :
1338 2259 1392 2305 et
1421 2251 1464 2305 si
1493 2252 1719 2321 amplius
1754 2262 1982 2321 nocent,
2026 2254 2126 2310 ha-

546 2335 675 2392 bent
699 2337 871 2393 adhuc
896 2339 1093 2394 bonum
1124 2341 1264 2411 quod
1288 2341 1568 2398 minuant:
1595 2351 1650 2398 et
1674 2343 1720 2398 si
1747 2352 1913 2399 totum
1935 2360 2127 2403 consu-

546 2439 715 2495 munt,
756 2432 885 2486 nihil
917 2443 1118 2488 naturae
1159 2435 1457 2490 remanebit
1485 2436 1569 2491 cui
1614 2444 1901 2504 noceatur;
1931 2452 1994 2495 ac
2030 2453 2126 2509 per

544 2521 646 2577 hoc
686 2538 783 2578 nec
821 2526 1020 2579 malum
1059 2526 1161 2580 erit
1198 2541 1228 2580 a
1260 2542 1365 2597 quo
1391 2541 1663 2592 noceatur,
1697 2530 1910 2600 quando
1938 2538 2123 2586 natura

542 2614 787 2682 defuerit,
816 2618 967 2686 cujus
995 2616 1194 2673 bonum
1225 2618 1467 2675 nocendo
1497 2620 1787 2675 minuatur.

611 2708 835 2764 CAPUT
876 2708 960 2764 Vl.
985 2740 1058 2750 —
1084 2709 1137 2765 8.
1166 2709 1352 2766 Utrum
1380 2720 1555 2767 autem
1581 2713 1756 2784 aliqua
1782 2722 1992 2783 natura,
2020 2714 2123 2772 hoc

539 2808 642 2866 est,
666 2800 959 2856 substantia
988 2818 1203 2872 prorsus
1233 2803 1298 2858 ad
1327 2804 1549 2859 nihilum
1575 2805 1864 2876 redigatur,
1887 2807 2122 2877 disputa-

540 2890 614 2943 tio
654 2892 993 2947 subtilissima
1030 2902 1128 2949 est.
1154 2894 1258 2949 Sed
1290 2895 1421 2951 fides
1450 2897 1787 2953 vcracissima
1809 2900 1828 2930 ’
1852 2898 1963 2954 Deo
1995 2914 2121 2955 can-

539 2990 614 3035 tat
645 2999 658 3034 :
690 2980 911 3036 Mutabis
940 3001 1018 3049 ea,
1043 2994 1090 3037 et
1119 2986 1479 3048 mutabuntur;
1501 2997 1553 3041 tu
1577 2996 1743 3042 autem
1766 2989 1898 3043 idem
1926 2990 2033 3060 ipse
2067 3007 2120 3046 es

538 3070 706 3142 (Psal.
738 3087 807 3137 cr,
834 3073 923 3141 27,
946 3074 1059 3141 28).
1081 3075 1189 3131 Nec
1221 3076 1343 3132 fecit
1382 3078 1559 3147 igitur,
1589 3092 1687 3134 nec
1721 3079 1857 3149 regit
1891 3080 2119 3135 mutabi-

535 3159 604 3216 lia
655 3161 812 3228 bona,
858 3164 958 3218 nisi
1016 3165 1344 3221 immutabile
1386 3167 1605 3231 bonum,
1649 3168 1788 3237 quod
1834 3178 1916 3224 est
1954 3169 2114 3226 Deus.

534 3253 701 3309 Porro
730 3254 866 3311 bona
894 3257 1167 3313 mutabilia
1205 3267 1483 3328 propterea
1512 3258 1651 3313 bona
1682 3268 1834 3326 sunt,
1867 3262 2114 3330 quoniam

532 3361 564 3401 a
595 3362 801 3403 summo
826 3349 967 3404 bono
994 3350 1125 3406 facta
1157 3359 1316 3416 sunt;
1345 3360 1626 3421 propterea
1657 3351 1928 3407 mutabilia
1950 3395 1968 3419 ,
1993 3355 2116 3425 quia

535 3454 642 3494 non
671 3439 737 3494 de
770 3440 905 3511 ipso,
936 3441 1029 3497 sed
1054 3441 1123 3497 de
1150 3442 1315 3496 nihilo
1340 3441 1475 3497 facta
1505 3452 1647 3497 sunt.
1677 3442 2032 3511 Quamobrem
2063 3454 2116 3501 ct

533 3529 650 3601 ipsa
676 3532 942 3597 mortalia,
967 3533 1207 3603 quamvis
1244 3549 1312 3589 ex
1352 3533 1525 3603 aliqua
1565 3542 1716 3604 parte
1750 3536 1975 3605 paenalia
2010 3537 2117 3592 sint

530 3621 609 3676 eis
634 3622 827 3693 quibus
861 3623 975 3678 sola
1013 3624 1380 3679 immortalitas
1405 3634 1578 3694 potest
1608 3624 1856 3695 perfecta:
1892 3627 2116 3681 beatitu-

530 3712 669 3768 dinis
717 3714 938 3784 implere
980 3730 1322 3781 mensuram;
1371 3714 1570 3770 habent
1619 3726 1791 3771 tamen
1844 3717 2113 3787 proprium

532 3806 742 3862 decoris
764 3807 937 3863 locum
960 3808 1011 3861 in
1033 3807 1424 3880 pulchritudine
1441 3817 1739 3879 temporum
1763 3810 1885 3866 :sed
1907 3812 2077 3880 major
2092 3810 2113 3843 ³

530 3913 686 3967 quam
719 3898 982 3955 humanus
1009 3908 1092 3955 est
1113 3915 1324 3967 sensus,
1349 3916 1454 3971 quo
1486 3901 1603 3954 talis
1633 3901 1969 3970 pulchritudo
1990 3916 2114 3958 sen-

530 3987 677 4040 titur.
709 3987 865 4043 Fides
906 3998 1080 4045 tamen
1120 3990 1209 4044 illa
1248 4007 1366 4060 qua:
1399 3991 1507 4045 Deo
1535 4005 1633 4044 suo
1662 3989 1810 4055 dicit,
1846 3991 2029 4046 Omnia
2058 3992 2111 4045 in

527 4092 783 4145 mensura,
812 4088 870 4132 et.
887 4095 1114 4145 numero,
1156 4090 1202 4135 et
1239 4082 1459 4152 pondere
1500 4083 1797 4137 constituisti
1827 4083 1845 4155 (
1873 4084 2001 4154 Sap.
2028 4100 2106 4154 ιι,

523 4164 587 4219 2t
617 4166 657 4237 ),
688 4170 934 4237 quamvis
958 4184 1141 4226 amore
1171 4172 1381 4227 vivendi
1411 4173 1768 4229 conditionem
1798 4175 1984 4230 mortis
2011 4192 2107 4232 ex-

525 4256 758 4325 horreat,
796 4258 1103 4317 Creatorem
1155 4271 1333 4318 tamen
1372 4266 1607 4319 omnium
1649 4266 1908 4320 bonorum
1946 4267 2107 4323 etiam

523 4346 593 4403 de
620 4348 776 4404 bonis
803 4351 1111 4407 mortalibus
1137 4353 1333 4409 laudat.
1366 4355 1496 4409 Nam
1526 4356 1625 4412 iste
1655 4357 1767 4426 ipse
1804 4359 1895 4428 qui
1924 4374 2108 4429 repre-

522 4437 726 4508 hendit,
752 4457 850 4497 ncc
876 4443 1041 4522 Deum
1069 4460 1188 4500 esse
1219 4446 1404 4512 credit,
1435 4448 1589 4518 cujus
1615 4458 1825 4507 terrena
1846 4466 2007 4522 opera
2028 4453 2107 4507 vi-

522 4529 615 4586 det
658 4546 777 4588 esse
824 4535 1088 4599 mortalia,
1137 4538 1385 4593 eumdem
1437 4554 1739 4596 sermonem
1787 4558 1962 4610 suum,
2014 4544 2105 4613 qui

522 4634 693 4690 usque
728 4622 863 4678 adeo
908 4625 983 4679 illi
1027 4626 1243 4695 placuit,
1276 4638 1333 4683 ut
1360 4644 1481 4684 cum
1511 4631 1698 4687 litteris
1728 4635 2104 4705 memoritnque

520 4712 816 4779 mandaret,
842 4715 944 4770 nisi
968 4718 1183 4774 vocibus
1203 4719 1270 4774 ad
1296 4735 1389 4775 sua
1412 4737 1632 4791 qumque
1652 4724 1811 4779 verba
1832 4727 2104 4796 pertinen-

520 4801 679 4870 tibus,
709 4813 763 4860 et
787 4805 1157 4876 incipientibus
1183 4819 1361 4867 tamen
1388 4821 1442 4867 et
1461 4812 1849 4880 deﬁcientibus,
1881 4818 2102 4887 implere

519 4910 623 4951 non
652 4909 865 4967 posset:
892 4900 959 4955 ita
983 4903 1425 4971 pulchritudinem
1445 4906 1839 4977 disputationis,
1868 4925 1969 4981 qua
1989 4912 2102 4968 vult

521 4991 866 5060 persuadere,
902 4994 1155 5065 quidquid
1191 4997 1359 5052 oritur
1391 5006 1446 5053 et
1483 5000 1706 5057 moritur
1746 5003 1944 5059 bonum
1980 5019 2100 5063 esse

516 5092 623 5133 non
645 5095 829 5150 posse,
855 5084 955 5138 nisi
979 5087 1271 5141 orientibus
1300 5095 1355 5143 et
1379 5090 1725 5148 morientibus
1749 5094 1966 5166 syllabis
1990 5111 2099 5154 non

515 5172 686 5239 potuit.
714 5174 998 5242 explicare.
1022 5175 1158 5243 Quid
1198 5193 1325 5249 ergo
1354 5181 1545 5238 mirum
1576 5184 1621 5239 si
1660 5184 1715 5239 in
1760 5194 1864 5242 tam
1905 5203 2097 5260 magna

515 5263 861 5323 universitate
898 5278 1103 5325 natura:
1146 5281 1228 5327 est
1268 5273 1480 5345 aliquod
1523 5276 1760 5334 intimum
1800 5281 1995 5338 bonum
2039 5284 2093 5339 in

514 5354 786 5413 ordinibus
818 5368 1137 5430 temporum,
1167 5364 1309 5435 quod
1339 5380 1443 5421 non
1484 5371 1853 5437 permansione
1888 5388 2088 5442 rerum,

514 5445 653 5502 sicut
680 5452 927 5507 nonnulla
956 5455 1202 5512 sublimia
1227 5457 1537 5529 spiritualia,
1564 5462 1657 5519 sed
1684 5478 1779 5534 pro
1799 5463 1991 5524 decore
2011 5467 2094 5523 sui

576 5616 594 5680 ξ
620 5618 757 5680 Apud
782 5625 910 5680 Lov.,
950 5629 1091 5674 extra
1118 5637 1198 5677 res

511 5674 785 5729 editis’atiis
807 5688 860 5731 et
880 5674 985 5733 uss.

574 5762 595 5792 ³
630 5762 763 5823 Edtti,
787 5764 1104 5820 veracissime.
1131 5776 1186 5821 At
1206 5777 1335 5834 Mss,
1359 5776 1682 5828 veracissima.

573 5842 595 5876 ι
626 5844 760 5907 editi,
779 5847 864 5899 sed
886 5848 1131 5912 nurjoran.
1159 5853 1327 5908 Melius
1348 5869 1468 5909 vero
1503 5866 1628 5925 Mss,
1648 5863 1734 5916 scd
1756 5864 1931 5927 major.

1233 5638 1394 5680 anates
1430 5626 1591 5682 bonas.
1637 5632 1803 5694 Abest,
1826 5646 2005 5701 anates,
2029 5641 2092 5691 ab

1076 396 1346 455 CONTRA
1385 386 1872 452 ADVERSARIUM
1908 382 2107 445 LEGIS
2142 382 2233 442 ET
2270 382 2805 453 PROPHETARUM,
2844 385 2902 444 S.
2946 386 3313 448 AUGUSTINI

3723 397 3837 458 608

2249 496 2481 569 generis,
2504 499 2613 558 imo
2638 508 2798 573 atque
2825 510 3037 561 terreno
3064 515 3254 565 exortu
3288 520 3588 583 occasuque
3610 511 3682 572 sit
3708 514 3833 587 pul-

2247 593 2436 650 chrum
2453 595 2476 650 ?
3620 678 3623 681 _

2318 685 2371 743 9.
2412 688 2541 757 Quae
2566 705 2685 746 cum
2710 689 2783 748 ita
2806 692 2934 761 sint,
2956 708 3065 750 non
3090 695 3447 754 calumnietur
3468 697 3663 757 dicenti
3681 700 3833 759 Scri-

2245 786 2436 849 ptura),
2471 780 2608 836 Vidit
2628 781 2766 838 Deus
2791 784 2954 840 lucem
2976 786 3097 857 quia
3119 786 3249 842 bona
3270 797 3345 844 est
3364 787 3516 861 (Gen.
3538 806 3578 857 ι,
3599 790 3680 864 6).
3708 792 3832 850 Non

2246 874 2418 930 solum
2444 876 2585 932 enim
2626 877 2797 934 lucem
2823 893 2982 949 quam
3006 881 3213 937 vocavit
3236 881 3377 938 diem
3394 925 3412 950 ,
3440 891 3495 939 et
3522 883 3832 942 ﬁrmamen-

2244 972 2355 1022 tum
2380 968 2521 1039 quod
2542 970 2749 1025 vocavit
2775 971 2990 1036 caelum,
3013 979 3067 1028 et
3086 970 3253 1028 solem
3276 982 3332 1028 et
3356 972 3536 1031 lunam
3556 983 3612 1031 et
3627 986 3829 1034 caetera

2242 1060 2455 1128 sidera;
2484 1077 2667 1118 verum
2715 1064 2876 1120 etiam
2911 1064 3053 1136 ligna
3089 1073 3143 1122 et
3179 1064 3394 1135 herbas,
3422 1076 3478 1125 et
3504 1067 3559 1124 in
3583 1070 3736 1141 aquis
3762 1084 3830 1126 ac

2241 1152 2400 1207 terris
2443 1168 2790 1226 quaecumque
2826 1156 3104 1225 mortalia,
3136 1165 3192 1214 et
3223 1158 3424 1214 creavit
3444 1158 3587 1217 Deus
3613 1176 3826 1217 summe

2240 1240 2432 1307 bonus,
2456 1251 2510 1298 et
2528 1243 2658 1298 vidit
2685 1245 2809 1315 quia
2837 1244 2976 1300 bona
2999 1256 3124 1302 sunt
3151 1246 3205 1302 in
3227 1261 3424 1318 genere
3445 1256 3606 1321 atque
3629 1250 3826 1306 ordine

2240 1348 2357 1389 suo.
2380 1333 2490 1390 Nec
2511 1334 2685 1389 timuit
2703 1336 2792 1407 qui
2812 1334 3010 1406 Spiritu
3033 1337 3127 1393 Dei
3146 1338 3417 1395 revelante
3439 1340 3652 1411 scripsit
3675 1340 3826 1398 hunc

2239 1423 2455 1491 librum,
2479 1424 2682 1480 futuros
2711 1425 2902 1498 impios
2937 1428 3376 1499 reprehensores,
3406 1429 3738 1503 vaniloquos,
3768 1438 3828 1489 ει

2238 1519 2435 1573 mentis
2478 1518 2819 1587 seductores,
2864 1521 3108 1591 primitus
3148 1536 3280 1590 suae,
3325 1522 3518 1579 deinde
3569 1524 3822 1593 aliorum,

2238 1623 2371 1680 quos
2398 1609 2623 1666 delectat
2652 1611 2960 1682 blaspheme
2997 1611 3327 1684 loquacitas:
3351 1613 3475 1685 quia
3505 1622 3560 1670 et
3587 1615 3733 1686 ipsos
3763 1615 3822 1671 in

2236 1711 2487 1772 quantum
2529 1703 2774 1761 homines
2820 1716 2963 1774 sunt,
3007 1707 3062 1762 in
3100 1716 3358 1779 quantum
3396 1723 3620 1780 corpore
3656 1719 3823 1782 atque

2235 1794 2410 1848 anima
2429 1795 2674 1852 rationali
2697 1804 2964 1865 constant,
2994 1799 3048 1854 in
3072 1808 3331 1870 quantum
3357 1802 3595 1858 membra
3618 1817 3817 1874 corpo-

2234 1882 2311 1939 ris
2337 1898 2521 1940 eorum
2547 1886 2659 1943 suis
2677 1887 3070 1958 distinguuntur
3093 1890 3303 1961 ciliciis,
3327 1901 3381 1949 et
3397 1895 3819 1952 concordissima

2235 1973 2528 2031 diti’erentia
2558 1976 2610 2031 in
2636 1979 2891 2036 unitatem
2917 1996 3028 2038 sua:
3054 1983 3200 2053 pacis
3223 1984 3453 2042 mirabili
3482 1986 3819 2044 ordinatione

2231 2068 2593 2135 consentiunt,
2620 2068 2675 2124 in
2700 2079 2956 2141 quantum
2979 2073 3156 2129 anima
3185 2076 3263 2131 eis
3292 2076 3519 2133 naturali
3544 2078 3818 2134 excellen-

2232 2156 2303 2211 tia
2333 2166 2549 2227 prtestat
2574 2168 2732 2231 atque
2760 2162 3005 2233 imperat,
3038 2165 3093 2221 in
3127 2175 3383 2237 quantum
3416 2183 3608 2225 sensus
3631 2170 3817 2227 carnis

2228 2248 2462 2320 quinque
2490 2251 2715 2322 partitos
2739 2253 2924 2325 implet
2950 2270 3013 2313 ac
3033 2267 3260 2329 vegetat,
3284 2258 3525 2317 dissimili
3551 2263 3812 2332 potentia,

2229 2341 2411 2396 sociali
2434 2344 2822 2411 convenientia,
2851 2348 2905 2402 in
2938 2357 3193 2419 quantum
3225 2351 3388 2407 etiam
3424 2362 3606 2410 mente
3647 2362 3815 2425 atque

2227 2432 2455 2502 ratione,
2476 2436 2617 2507 quod
2641 2437 2879 2495 bestialis
2902 2440 3078 2497 anima
3102 2457 3210 2499 non
3235 2443 3394 2511 valet,
3418 2453 3596 2514 potest
3616 2460 3813 2518 sapere

2225 2534 2384 2597 atque
2412 2528 2702 2601 intelligere
2729 2533 2770 2600 ί,
2793 2532 2924 2588 vidit
2947 2534 3088 2591 Deus
3115 2537 3238 2606 quia
3261 2536 3392 2593 boni
3418 2547 3576 2605 sunt;
3604 2546 3661 2595 et
3686 2539 3811 2596 ideo

2224 2620 2442 2675 creavit.
2465 2620 2583 2677 Non
2610 2624 2750 2678 enim
2782 2632 2984 2681 tantum
3011 2635 3220 2683 creatos
3242 2636 3424 2699 postea
3449 2628 3615 2696 vidit;
3636 2630 3730 2687 sed
3752 2639 3812 2688 et

2224 2709 2483 2767 creandos
2511 2720 2636 2768 ante
2667 2713 2948 2783 praevidit:
2978 2724 3034 2772 et
3058 2716 3212 2788 jquod
3250 2733 3501 2789 perversa
3533 2720 3810 2780 voluntate

2222 2809 2277 2856 et
2303 2816 2447 2858 caeco
2477 2818 2660 2860 errore
2687 2805 2906 2877 maligni
2934 2817 3076 2875 sunt,
3100 2824 3205 2865 non
3236 2809 3359 2867 ideo
3379 2810 3512 2867 vidit
3533 2812 3678 2884 quod
3697 2828 3809 2871 non

2220 2901 2402 2948 essent
2425 2894 2675 2961 creandi;
2705 2896 2951 2967 praevidit
2973 2898 3115 2954 enim
3142 2899 3230 2955 ubi
3259 2900 3367 2957 sint
3393 2900 3676 2959 ordinandi
3703 2921 3719 2959 :
3749 2913 3806 2961 et

2220 2982 2299 3038 sic
2324 2998 2417 3040 eos
2442 3000 2508 3040 ex
2528 2986 2713 3043 eadem
2735 3004 2908 3046 massa
2927 2991 3113 3062 prima;
3132 2992 3591 3062 praevaricationis
3610 2997 3806 3053 merito

2220 3075 2467 3133 damnata
2496 3078 2622 3136 fecit
2647 3096 2773 3137 vasa
2803 3082 2917 3151 iraa,
2939 3087 2985 3139 si
3014 3099 3181 3155 usque
3208 3085 3266 3141 in
3294 3085 3453 3143 finem
3478 3087 3535 3143 in
3563 3087 3666 3145 hac
3688 3104 3805 3145 ma-

2221 3167 2459 3239 lignitate
2516 3173 2831 3243 perdurant,
2868 3184 2927 3231 ut
2975 3178 3182 3247 prosint
3225 3180 3369 3237 vasis
3417 3181 3805 3241 misericordia:

2221 3257 2395 3331 (Rom.
2425 3277 2498 3329 ix,
2523 3261 2614 3329 22,
2636 3262 2746 3336 25),
2786 3280 2891 3335 quo
2927 3280 3023 3336 per
3051 3282 3238 3325 eorum
3273 3272 3518 3328 acumina
3548 3273 3803 3331 vanitatis

2218 3350 2520 3423 diligentius
2559 3370 2752 3411 arcana
2780 3358 3016 3415 veritatis
3057 3360 3346 3433 inquirant.
3373 3363 3566 3436 Magna
3601 3365 3804 3438 quippe

2219 3459 2372 3514 Opera
2393 3443 2616 3512 Domini,
2639 3448 2885 3519 exquisita
2908 3452 2961 3505 in
2990 3466 3161 3507 omnes
3186 3454 3464 3510 voluntates
3490 3456 3601 3525 ejus
3622 3455 3801 3528 (Psal.

2216 3550 2310 3601 cx,
2337 3536 2418 3609 2).
2446 3537 2580 3605 Quid
2599 3548 2778 3595 autem
2804 3543 2997 3598 mirum
3026 3552 3110 3601 est
3133 3546 3255 3616 quia
3279 3546 3523 3620 displicet
3550 3548 3803 3607 humanae

2217 3628 2485 3697 stultitiae,
2516 3630 2656 3701 quod
2683 3646 2843 3704 opera
2882 3649 2978 3690 sua
3006 3635 3222 3706 placent
3247 3636 3442 3694 divinze
3481 3640 3801 3711 sapientiae?

2216 3719 2354 3788 Quid
2378 3729 2461 3776 est
2488 3723 2629 3778 enim
2658 3723 2821 3793 aliud,
2860 3724 2997 3782 Vidit
3035 3728 3198 3785 lucem
3236 3731 3355 3802 quia
3393 3732 3525 3788 bona
3562 3742 3657 3803 est,
3693 3735 3800 3793 nisi

2215 3810 2336 3880 quia
2362 3812 2555 3881 placuit
2582 3815 2634 3870 ei
2656 3816 2717 3870 ’ἲ

2285 3901 2509 3960 CAPUT
2539 3904 2650 3961 VII.
2689 3938 2762 3951 —
2787 3908 2875 3966 l0.
2902 3909 3009 3967 Sed
3049 3910 3152 3970 iste
3188 3914 3502 3988 vaniloquus
3543 3917 3797 3990 blasphe-

2212 4004 2406 4063 mator,
2432 3997 2521 4066 qui
2552 3999 2764 4070 scripsit
2792 4001 2984 4058 librum
3012 4005 3283 4078 sacrilegis
3301 4010 3554 4066 conviciis
3576 4012 3799 4081 plenum

2217 4084 2291 4157 (in
2318 4102 2425 4157 quo
2452 4089 2654 4146 utinam
2682 4106 2814 4162 opus
2843 4094 2958 4165 ejus
2985 4094 3291 4167 displiceret
3312 4100 3383 4168 ei,
3414 4109 3469 4157 et
3492 4116 3599 4158 non
3636 4113 3797 4174 puta-

2210 4184 2294 4230 ret
2317 4178 2438 4246 quia
2464 4178 2663 4236 bonum
2690 4190 2791 4249 est,
2817 4185 2911 4241 sed
2939 4185 3142 4243 videret
3161 4188 3285 4259 quia
3314 4192 3511 4247 malum
3540 4195 3678 4266 est),
3711 4197 3797 4251 vi-

2210 4266 2333 4324 dete
2358 4271 2483 4340 quid
2508 4272 2738 4330 dixerit:
2760 4276 2899 4332 Adeo
2923 4288 3072 4334 antea
3096 4282 3317 4350 nescivit,
3340 4283 3529 4356 inquit,
3558 4286 3649 4341 lux
3669 4290 3798 4359 quid

2208 4368 2355 4427 esset,
2383 4370 2439 4414 ut
2462 4363 2611 4418 modo
2639 4381 2749 4419 eam
2786 4368 3006 4436 primum
3035 4372 3209 4449 videns
3235 4375 3479 4445 optimam
3510 4378 3792 4449 judicaret.

2208 4450 2350 4523 Ergo
2378 4462 2434 4510 et
2463 4456 2718 4514 Dominus
2744 4459 2900 4519 Jesus
2924 4466 3137 4535 quando
3164 4469 3356 4524 auditis
3390 4470 3565 4528 verbis
3590 4472 3795 4530 Centu-

2206 4542 2373 4601 rionis
2400 4546 2622 4604 miratus
2648 4561 2749 4618 est,
2780 4561 2835 4608 et
2862 4553 2995 4611 dixit
3021 4556 3296 4631 discipulis
3319 4562 3452 4627 suis,
3478 4564 3640 4619 Amen
3675 4565 3793 4623 dico

2206 4637 2362 4705 vobis,
2399 4655 2499 4694 non
2527 4640 2692 4696 inveni
2719 4652 2910 4701 tantam
2943 4648 3096 4717 ﬁdem
3133 4651 3187 4705 in
3216 4651 3388 4708 Israel
3414 4653 3434 4727 (
3456 4653 3647 4711 Matth.
3669 4672 3787 4726 vru,

2206 4727 2334 4799 10),
2367 4731 2589 4787 nescivit
2613 4743 2769 4790 antea
2798 4735 2929 4794 ﬁdes
2956 4739 3043 4794 illa
3070 4741 3198 4811 quid
3226 4752 3401 4814 esset,
3426 4753 3485 4801 ut
3514 4755 3641 4802 tunc
3666 4763 3791 4803 eam

2204 4818 2435 4889 primum
2476 4822 2663 4879 videns
2709 4826 2963 4897 optimam
3000 4830 3283 4902 judicaret.
3325 4836 3412 4891 An
3452 4852 3581 4894 vero
3606 4838 3791 4896 'alius

2204 4923 2321 4965 eam
2352 4913 2407 4966 in
2440 4914 2600 4970 corde
2626 4915 2965 4977 Centurionis
2989 4924 3329 4995 operabatur,
3365 4943 3525 5000 quam
3554 4930 3669 5001 ipse
3694 4933 3788 5003 qui

2202 5004 2528 5061 mirabatur?
2553 5006 2621 5063 Et
2646 5009 2882 5079 profecto
2908 5016 3135 5086 amplius
3163 5029 3246 5074 est
3272 5018 3413 5076 unde
3441 5022 3649 5092 possint
3669 5021 3789 5079 ωε-

2202 5098 2483 5169 sphemare
2511 5102 2819 5173 insipientes
2838 5113 2892 5161 et
2911 5106 3175 5180 inﬁdeles,
3198 5110 3340 5183 quod
3357 5112 3581 5170 miratus
3602 5124 3684 5171 est
3695 5115 3787 5172 Je-

2200 5206 2292 5249 sus
2315 5203 2797 5270 quantamcumque
2827 5200 3058 5260 hominis
3085 5204 3267 5275 tidem,
3298 5222 3457 5279 quam
3484 5210 3629 5280 quod
3653 5210 3786 5267 vidit

2200 5285 2342 5342 Deus
2367 5288 2539 5345 lucem
2561 5290 2682 5361 quia
2708 5291 2847 5348 bona
2875 5305 2975 5351 est.
3000 5297 3181 5354 Potest
3205 5299 3347 5355 enim
3369 5302 3595 5372 quisque
3621 5302 3784 5359 etiam

2199 5381 2353 5437 solita
2380 5382 2564 5440 videre
2590 5386 2713 5455 quia
2738 5386 2876 5443 bona
2912 5398 3054 5457 sunt,
3084 5391 3187 5449 hoc
3214 5401 3331 5459 est,
3360 5394 3461 5450 sibi
3496 5409 3559 5451 ea
3588 5396 3783 5468 placita

2197 5475 2546 5546 comprobare
2570 5495 2583 5532 :
2604 5479 2843 5551 quisquis
2866 5491 3043 5538 autem
3063 5485 3304 5553 miratur,
3327 5488 3569 5558 profecto
3591 5503 3784 5545 secun-

2197 5567 2323 5623 dum
2379 5572 2817 5629 consuetudinem
2860 5590 2965 5645 qua
3017 5574 3262 5635 homines
3325 5579 3657 5653 loquuntur,
3701 5583 3778 5640 in-

2261 5682 2389 5761 Ϊὲἱίὲ
2409 5684 2896 5761 θῖἓε;,.λὲ,9ἀίιίι,ηοη
2928 5692 3095 5752 Potest.
3132 5702 3305 5755 sapere
3339 5697 3483 5758 atque
3514 5692 3781 5761 intelligere

2196 5744 2837 5809 possunt,viditoeus,etc.
2930 5744 2942 5752 '
3080 5744 3095 5752 '
3188 5744 3199 5755 '
3758 5744 3797 5796 '.

2258 5802 3415 5896 :seeezaevwmmm
3777 5825 3813 5896 β»

3773 5903 3789 6017 ,ἶ
3832 5928 3859 5983 ζ
