4094 6436
248 426 356 489 609

249 544 529 616 opinatum
546 544 707 612 atque
740 534 1092 613 improvisum
1123 535 1226 594 sibi
1254 547 1374 592 esse
1394 532 1657 607 significat
1692 534 1834 607 quod

249 637 494 694 miratur.
530 633 641 690 Sed
661 631 816 690 Jesus
837 631 929 704 qui
958 632 1137 687 omnia
1173 628 1491 702 prmsciebat
1509 670 1526 697 ,
1558 628 1699 699 quod
1728 627 1837 682 mi—

254 726 479 784 randum
508 724 628 780 aliis
654 721 1095 787 commendabat,
1126 719 1369 776 mirando
1407 718 1672 773 laudabat.
1702 715 1842 786 Quid

250 827 429 873 autem
455 817 601 873 Deus
621 815 752 871 vidit
774 830 805 870 a
827 830 887 871 se
911 816 1130 881 factum,
1156 812 1298 884 quod
1317 827 1425 868 non
1448 812 1501 866 in
1532 811 1670 879 luce,
1698 807 1842 881 quod

252 911 363 981 ipse
391 918 501 975 est,
526 909 676 979 prius
701 906 833 963 vidit
862 920 982 963 esse
1010 904 1349 961 faciendum?
1374 904 1443 958 Et
1470 902 1597 974 quid
1625 910 1731 957 tam
1757 915 1846 957 ne-

250 1001 492 1056 cessario
517 1008 702 1057 sancta
726 998 1002 1070 Scriptura
1028 997 1183 1053 toties
1210 1003 1499 1066 repeteret,
1522 1009 1680 1066 quam
1705 992 1848 1065 quod

248 1093 383 1149 vidit
412 1093 560 1150 Deus
587 1092 727 1150 bona
754 1106 875 1149 esse
899 1106 1019 1163 quae
1046 1089 1205 1156 fecit;
1235 1097 1297 1145 ut
1320 1089 1445 1145 hinc
1473 1088 1848 1145 informaretur

247 1184 424 1255 pietas
440 1183 700 1251 fidelium,
719 1199 827 1240 non
847 1198 945 1254 pro
967 1182 1200 1238 humano
1221 1195 1403 1247 sensu,
1423 1181 1513 1252 qui
1528 1195 1671 1251 saepe
1687 1179 1848 1235 etiam

245 1273 404 1330 bonis
432 1275 595 1332 rebus
624 1274 928 1342 offenditur,
952 1266 1177 1345 quarum
1204 1285 1392 1329 causas
1416 1280 1575 1343 atque
1603 1269 1848 1327 ordinem

248 1366 444 1433 nescit,
480 1366 551 1422 de
587 1374 833 1422 creatura
870 1364 1067 1423 visibili
1108 1372 1266 1435 atque
1306 1362 1556 1419 invisibili
1584 1361 1846 1433 judicare,

249 1458 345 1513 sed
394 1457 640 1513 laudanti
680 1458 792 1514 Deo
836 1455 1061 1514 credere
1100 1463 1156 1511 et
1191 1454 1399 1511 discere
1425 1454 1484 1506 ‘?
1509 1454 1679 1509 Tanto
1704 1452 1850 1508 enim

248 1548 482 1621 quisque
512 1549 717 1606 facilius
744 1548 945 1619 aliquid
969 1546 1295 1619 proficiendo
1322 1546 1622 1618 cognoscit,
1650 1552 1850 1616 quanto

248 1641 576 1713 religiosius,
604 1651 888 1714 antequam
916 1648 1283 1713 cognosceret,
1302 1639 1414 1695 Deo
1440 1637 1688 1695 credidit.
1706 1637 1853 1693 Vidit

248 1746 378 1805 ergo
403 1734 552 1791 Deus
586 1734 757 1791 lucem
789 1748 946 1805 quam
976 1732 1120 1802 fecit,
1150 1732 1274 1802 quia
1298 1730 1439 1787 bona
1466 1738 1569 1799 est,
1598 1729 1851 1800 quoniam

249 1824 393 1897 quod
418 1823 727 1884 faciendum
755 1824 998 1896 placebat
1026 1831 1087 1881 ut
1115 1824 1267 1880 fieret
1288 1864 1305 1892 ,
1347 1821 1546 1878 factum
1574 1822 1769 1893 placuit
1792 1829 1852 1877 ut

252 1926 524 1987 maneret,
552 1928 811 1990 quantum
839 1918 1033 1989 cuique
1060 1917 1138 1973 rei
1167 1915 1431 1972 existendi
1460 1915 1573 1972 sive
1597 1915 1852 1972 manendi

250 2023 280 2064 s
308 2016 462 2065 tanto
492 2007 811 2065 fabricatore
845 2008 1016 2064 fuerat
1048 2005 1419 2064 constituenda
1444 2021 1716 2063 mensura.
1745 2005 1853 2063 Sed

251 2098 395 2153 aliud
416 2109 503 2155 est
524 2099 621 2155 lux
641 2098 785 2171 quod
807 2107 890 2155 est
908 2099 1068 2164 Deus,
1093 2097 1235 2153 aliud
1256 2097 1346 2153 lux
1365 2112 1523 2169 quam
1544 2096 1669 2155 fecit
1688 2097 1850 2165 Deus.

212 2199 221 2213 '
250 2191 751 2264 incomparabiliter
769 2200 946 2249 autem
967 2191 1156 2249 melior
1179 2191 1271 2247 lux
1289 2191 1403 2261 ipse
1423 2190 1515 2262 qui
1541 2189 1685 2257 fecit,
1708 2189 1853 2245 nullo

251 2285 418 2342 modo
454 2285 699 2357 indigens
722 2288 744 2318 ³
768 2299 831 2341 ea
860 2283 979 2341 luce
1006 2298 1164 2355 quam
1193 2282 1339 2339 fecit.
1365 2283 1434 2338 Et
1460 2282 1603 2338 unde
1630 2282 1731 2338 iste
1765 2296 1855 2337 ca-

252 2376 571 2443 lumniatur,
596 2391 694 2432 cur
714 2390 818 2431 non
839 2376 941 2431 ista
964 2376 1103 2432 bona
1129 2383 1237 2430 tam
1259 2375 1408 2440 olim,
1436 2388 1595 2445 quam
1619 2372 1745 2428 olim
1770 2380 1853 2429 est

254 2467 395 2540 ipse,
429 2468 619 2524 fecerit
666 2464 805 2523 Deus
836 2467 890 2536 ³;
922 2467 1046 2522 hinc
1086 2468 1264 2537 potius
1293 2464 1690 2536 intelligendum
1730 2473 1851 2531 est,

252 2559 401 2634 quod
430 2574 540 2615 non
569 2575 633 2616 ea
669 2558 856 2617 fecerit
891 2574 1075 2614 eorum
1106 2558 1337 2629 indigus,
1370 2558 1487 2614 sine
1514 2558 1705 2628 quibus
1731 2571 1854 2616 esse

254 2649 311 2705 in
349 2663 450 2705 sua
494 2647 729 2720 perfecta
761 2649 1087 2705 beatitudine
1115 2648 1287 2720 potuit
1314 2651 1432 2706 sine
1472 2648 1623 2705 initio
1658 2648 1855 2720 sempi-

254 2749 467 2798 ternus.
503 2741 630 2799 ideo
656 2742 853 2813 quippe
891 2742 1114 2798 istorum
1140 2741 1501 2798 faciendorum
1540 2756 1698 2799 causa
1737 2742 1851 2800 sola

254 2831 352 2890 Dei
392 2832 609 2890 bonitas
646 2833 763 2903 fuit,
798 2833 919 2904 quia
962 2834 1253 2890 necessitas
1292 2833 1407 2905 ejus
1446 2832 1552 2890 ulla
1587 2848 1695 2889 non
1732 2832 1854 2889 fuit.

255 2925 531 3000 Quidquid
555 2927 731 2999 itaque
757 2926 859 2984 iste
883 2926 1214 2983 conviciatur
1240 2927 1371 2994 Deo,
1397 2925 1535 2997 quod
1555 2927 1701 2983 velut
1726 2936 1857 2985 tunc

256 3020 497 3092 primum
526 3021 700 3077 lucem
718 3020 912 3077 viderit
936 3020 1027 3091 qui
1051 3019 1241 3075 fuisset
1268 3020 1403 3075 lucis
1430 3019 1667 3092 ignarus,
1695 3035 1855 3093 quam

258 3112 329 3169 sit
354 3113 623 3169 insulsum
650 3121 707 3171 et
731 3128 925 3170 vanum
948 3112 1172 3181 videret,
1201 3112 1247 3169 si
1285 3112 1419 3169 lucis
1445 3111 1560 3183 ipse
1589 3114 1733 3171 intus
1754 3112 1853 3170 ali-

257 3206 387 3280 quid
414 3207 660 3264 haberet.

328 3298 561 3357 CAPUT
590 3293 727 3355 Vlil.
749 3328 821 3340 —
841 3300 931 3356 ll.
954 3300 1093 3369 Quin
1117 3300 1279 3357 etiam
1305 3299 1550 3357 stultitiae
1574 3299 1857 3357 scribentis

258 3392 537 3463 assignat,
564 3390 709 3462 quod
754 3392 1006 3449 tenebras
1042 3392 1238 3449 dixerit
1283 3392 1401 3449 sine
1445 3391 1597 3449 initio
1643 3405 1856 3461 semper

259 3481 444 3548 fuisse,
493 3482 669 3538 lucem
713 3498 844 3539 vero
889 3483 1099 3539 initium
1141 3483 1433 3553 sumpsisse
1470 3483 1539 3540 de
1576 3483 1853 3540 tenebris:

261 3575 415 3648 quasi
454 3575 646 3646 legerit
687 3576 741 3631 in
782 3590 849 3633 eo
886 3575 1041 3644 libro,
1074 3576 1159 3632 cui
1195 3576 1566 3644 calumniatur,
1610 3577 1861 3633 tenebras

263 3664 653 3736 sempiternas;
698 3680 819 3722 cum
866 3666 1121 3737 scriptum
1180 3666 1283 3734 sit,
1329 3664 1396 3721 In
1453 3666 1701 3740 principio
1744 3667 1861 3738 fecit

263 3755 407 3813 Deus
444 3758 629 3813 calum
664 3767 712 3813 et
750 3766 936 3813 terram
959 3775 980 3813 :
1006 3768 1140 3813 terra
1170 3767 1340 3813 autem
1373 3767 1482 3813 erat
1518 3758 1779 3813 invisibilis
1813 3767 1861 3814 et

264 3848 625 3920 incomposita,
657 3857 703 3905 et
732 3849 947 3904 tenebras
982 3857 1123 3904 erant
1163 3866 1315 3920 super
1352 3850 1609 3921 abyssum.
1648 3849 1728 3905 Ex
1770 3849 1863 3905 illo

265 3954 399 4012 ergo
439 3940 674 3998 tenebrae
710 3955 832 3998 esse
869 3949 1165 4011 coeperunt,
1199 3956 1266 3996 ex
1304 3956 1411 4012 quo
1444 3941 1661 3996 confusa
1691 3940 1863 3997 moles

265 4031 401 4089 coeli
429 4046 550 4087 esse
576 4032 734 4103 coepit
764 4046 829 4088 ac
858 4040 1036 4101 terra,
1065 4040 1350 4107 antequam
1388 4030 1525 4088 facta
1564 4039 1707 4088 esset
1745 4031 1860 4099 lux,

270 4138 383 4194 qua
415 4121 800 4179 illuminaretur
822 4123 963 4194 quod
992 4122 1107 4179 sine
1144 4123 1263 4178 luce
1298 4122 1472 4179 fuerat
1499 4121 1864 4178 tenebrosum.

270 4212 415 4283 Quid
453 4221 630 4269 autem
670 4214 1071 4279 inconveniens,
1102 4214 1148 4269 si
1173 4212 1455 4269 mundanae
1483 4214 1720 4269 materia:
1748 4212 1865 4269 fue-

272 4315 397 4362 rant
438 4306 721 4363 tenebrosa
760 4306 1069 4378 primordia,
1106 4316 1165 4362 ut
1200 4306 1486 4363 accedente
1525 4306 1645 4363 luce
1673 4306 1869 4363 melius

273 4398 421 4471 quod
448 4399 647 4456 factum
676 4409 760 4456 est
795 4400 1147 4467 redderetur;
1177 4410 1230 4457 et
1259 4410 1508 4472 tanquam
1537 4401 1872 4472 proficientis

275 4490 541 4559 hominis,
570 4490 713 4562 quod
741 4501 927 4562 postea
956 4491 1190 4548 futurum
1217 4501 1348 4558 erat,
1378 4492 1482 4548 hoc
1509 4493 1670 4548 modo
1704 4494 1866 4565 signi-

276 4582 530 4640 ficaretur
555 4584 805 4641 affectio?
829 4585 1139 4655 Quanquam
1166 4585 1253 4655 qui
1276 4600 1495 4641 munere
1522 4585 1615 4641 Dei
1642 4587 1875 4657 potuerit

278 4678 642 4749 perspicacius
666 4678 766 4734 ista
790 4678 992 4745 rimari,
1015 4677 1250 4735 inveniet
1274 4677 1502 4735 fortasse
1524 4677 1578 4733 in
1603 4688 1872 4748 creatura,

279 4785 402 4842 quae
441 4771 515 4827 ita
556 4770 697 4828 facta
733 4779 979 4827 narratur
1015 4771 1130 4826 sine
1173 4769 1465 4825 intervallis
1504 4770 1874 4841 temporalium

281 4876 580 4930 morarum,
605 4861 913 4919 distinctum
938 4860 1252 4916 mirabiliter
1278 4858 1519 4916 ordinem
1547 4875 1749 4917 rerum.
1771 4861 1874 4917 Ne-

281 4968 391 5026 que
420 4953 566 5010 enim
589 4953 840 5010 materies
864 4951 1083 5008 omnino
1107 4950 1241 5006 nihil
1265 4958 1368 5018 est,
1408 4950 1476 5007 de
1512 4966 1615 5022 qua
1654 4952 1707 5006 in
1742 4951 1877 5007 libro

281 5047 573 5118 Sapientia:
602 5046 813 5118 legitur,
847 5044 947 5114 Qui
974 5043 1135 5116 fecisti
1164 5043 1411 5098 mundum
1447 5041 1510 5097 de
1546 5042 1759 5097 materia
1794 5043 1877 5098 in-

283 5140 443 5209 formi
470 5138 627 5210 (Sap.
654 5135 867 5209 11,18).
896 5135 1012 5191 Νοη
1038 5148 1166 5206 ergo
1192 5133 1316 5205 quia
1338 5130 1583 5189 informis
1606 5133 1746 5189 dicta
1774 5141 1876 5202 est,

286 5231 515 5289 omnino
543 5230 680 5286 nihil
706 5236 833 5287 est:
865 5242 966 5285 nec
1001 5228 1111 5285 Deo
1159 5224 1261 5281 fuit
1305 5225 1388 5281 vel
1435 5225 1549 5295 ipsa
1591 5234 1875 5291 coaaterna,

290 5335 551 5396 tanquam
578 5338 609 5379 a
633 5321 783 5379 nullo
808 5321 943 5377 facta
967 5338 982 5376 :
1004 5335 1105 5376 nec
1132 5319 1265 5375 alius
1292 5332 1411 5374 eam
1441 5316 1587 5385 fecit,
1622 5325 1679 5372 ut
1718 5316 1881 5372 habe-

284 5424 375 5474 ret
398 5417 540 5473 Deus
561 5414 630 5472 de
657 5430 760 5487 qua
787 5412 988 5470 faceret
1011 5411 1287 5468 mundum.
1313 5409 1468 5465 Absit
1491 5408 1633 5466 enim
1657 5417 1716 5464 ut
1738 5407 1883 5463 dica-

286 5517 382 5566 tur
400 5510 740 5581 omnipotens
759 5521 866 5564 non
888 5504 1126 5579 potuisse
1154 5504 1348 5573 facere,
1370 5500 1473 5557 nisi
1497 5499 1636 5557 unde
1663 5500 1878 5567 faceret,

356 5687 380 5754 ξ
411 5687 486 5737 sic
505 5683 740 5754 meliores
756 5692 859 5736 Mss.
871 5683 1004 5754 aditi
1020 5692 1160 5754 vero,
1182 5678 1389 5754 cred-ere
1400 5683 1450 5754 et
1714 5737 1775 5754 με

356 5750 381 5781 ⁸
415 5756 466 5798 In
489 5756 560 5808 8.,
582 5746 838 5811 indigeret.
864 5745 1186 5806 uestituimus,
1228 5742 1471 5806 indigens,
1509 5753 1575 5791 ex
1596 5742 1887 5790 auctoritate

288 5809 829 5881 editionum-Erxugd‘.
856 5814 1115 5881 Ven._l.ov.
1153 5811 1285 5881 Att.‘
1463 5877 1479 5881 _

290 5869 673 5991 migras”
690 5864 777 5939 qui
792 5869 963 5939 fecerit
976 5877 1123 5926 Deus.
1142 5868 1310 5932 Abest,
1333 5864 1435 5935 qui,
1458 5877 1489 5922 a
1504 5866 1684 5920 nostris
1704 5869 1812 5917 Mss.
1832 5864 1887 5916 et

1632 416 1837 480 LIBER
1870 418 2150 482 PRIMUS.

3424 432 3530 490 610

1950 534 2229 593 inveniret.
2252 534 2395 608 Ergo
2420 543 2476 593 et
2503 537 2671 608 ipsam
2696 538 2837 596 Deus
2852 537 2995 597 fecit.
3014 538 3123 597 Nec
3150 538 3290 597 mala
3319 549 3401 598 est
3427 543 3558 613 pu-'

1949 630 2125 695 tanda,
2150 632 2270 700 quia
2297 628 2569 686 informis:
2592 632 2686 688 sed
2716 633 2852 689 bona
2883 643 2966 690 est
2989 635 3346 705 intelligenda,
3372 640 3491 705 quia
3514 639 3531 669 ¹

1950 717 2260 785 formabilis,
2284 721 2337 776 id
2359 730 2458 788 est,
2484 722 2815 780 formationis
2835 739 3021 796 capax.
3046 718 3304 793 Quoniam
3333 727 3377 782 si
3409 727 3535 782 boni

1949 811 2144 882 aliquid
2189 820 2273 867 est
2314 812 2505 877 forma,
2543 815 2785 870 nonnihil
2827 828 2909 871 est
2956 816 3079 871 boni
3125 831 3244 873 esse
3286 832 3535 886 capacem

1950 903 2097 960 boni.
2126 904 2275 960 Sicut
2301 921 2404 961 vox
2448 907 2665 962 confusa
2704 917 2786 963 est
2825 910 3026 964 clamor
3063 909 3180 965 sine
3204 911 3400 974 verbis,
3434 925 3534 965 vox

1949 1012 2076 1053 vero
2113 998 2387 1053 articulata
2429 1000 2487 1054 fit
2521 1014 2642 1055 cum
2682 999 2944 1057 formatur
2978 1003 3033 1057 in
3057 1004 3256 1061 verba:
3286 1012 3369 1059 est
3410 1018 3538 1075 ergo

1952 1087 2043 1144 illa
2074 1089 2386 1157 formabilis,
2416 1090 2515 1147 ista
2554 1091 2814 1159 formata;
2842 1093 2930 1147 illa
2957 1110 3074 1164 quae
3109 1093 3334 1153 formam
3373 1096 3535 1166 capit,

1952 1180 2051 1236 ista
2073 1197 2192 1253 quae
2212 1182 2370 1238 habet
2389 1202 2401 1238 :
2420 1200 2542 1239 nam
2565 1185 2690 1256 quid
2718 1186 2907 1241 horum
2926 1187 3068 1244 unde
3088 1190 3197 1255 fiat,
3215 1190 3268 1244 in
3290 1200 3538 1260 promptu

1952 1282 2056 1329 est.
2081 1273 2265 1345 Neque
2293 1278 2435 1331 enim
2466 1277 2742 1347 quisquam
2770 1277 2963 1333 dixerit
2986 1279 3054 1335 de
3088 1280 3268 1336 verbis
3302 1282 3414 1337 fieri
3444 1298 3537 1337 soo

1953 1381 2080 1421 num
2107 1368 2253 1423 vocis
2281 1386 2293 1422 :
2327 1368 2422 1425 sed
2443 1372 2463 1401 ³
2488 1370 2662 1439 potius
2688 1371 2756 1428 de
2780 1385 2911 1428 voce
2945 1372 3063 1429 fieri
3093 1375 3256 1431 verba
3294 1377 3537 1433 sonantia

1954 1458 2073 1528 quis
2099 1473 2205 1513 non
2231 1460 2520 1530 intelligat?

2023 1547 2250 1606 CAPUT
2275 1550 2367 1605 1X.
2402 1581 2470 1593 —-
2499 1553 2585 1607 12.
2626 1553 2735 1610 Nec
2780 1550 3042 1626 putandus
3080 1566 3163 1614 est
3190 1560 3329 1616 Deus
3370 1560 3533 1617 infor~

1953 1654 2095 1696 mem
2114 1640 2258 1710 prius
2285 1641 2475 1697 fecisse
2486 1645 2778 1711 materiam,
2800 1655 2853 1702 et
2870 1649 3153 1704 intervallo
3172 1650 3349 1721 aliquo
3364 1651 3537 1709 inter-

1957 1733 2129 1804 posito
2152 1734 2406 1805 temporis
2430 1736 2687 1793 formasse
2712 1738 2854 1808 quod
2881 1739 3107 1796 informe
3124 1742 3269 1813 prius
3297 1741 3537 1800 fecerat:

1954 1825 2051 1881 sed
2089 1827 2225 1881 sicut
2264 1842 2294 1881 a
2334 1827 2585 1898 loquente
2620 1829 2755 1885 fiunt
2799 1831 2959 1887 verba
2997 1834 3274 1899 sonantia,
3304 1834 3394 1890 ubi
3432 1850 3540 1891 non

1953 1919 2104 1991 prius
2132 1935 2236 1976 vox
2265 1920 2506 1977 informis
2532 1932 2653 1991 post
2686 1924 2877 1994 accipit
2903 1923 3129 1980 formam
3152 1967 3167 1993 ,
3192 1926 3285 1982 sed
3311 1925 3542 1983 formata

1956 2010 2259 2081 profertur;
2288 2010 2358 2065 ita
2392 2011 2764 2082 intelligendus
2799 2023 2881 2069 est
2905 2015 3045 2071 Deus
3071 2016 3138 2072 de
3164 2019 3388 2074 materie
3415 2019 3539 2089 qui-

1954 2102 2077 2158 dem
2114 2102 2329 2159 informi
2366 2102 2558 2160 fecisse
2598 2105 2887 2173 mundum,
2912 2106 3006 2162 sed
3044 2108 3200 2163 simul
3242 2123 3361 2164 eam
3409 2124 3542 2166 con-

1955 2208 2166 2250 creasse
2187 2210 2309 2251 cum
2346 2196 2564 2251 mundo.
2590 2196 2708 2251 Non
2738 2206 2915 2253 tamen
2965 2199 3225 2256 inutiliter
3247 2201 3395 2271 prius
3416 2216 3540 2257 nar-

1954 2293 2104 2341 ratur
2127 2286 2269 2342 unde
2306 2287 2507 2357 aliquid
2546 2286 2636 2355 fit,
2669 2295 2724 2343 et
2770 2298 2953 2357 postea
2978 2290 3119 2360 quod
3148 2290 3269 2345 inde
3296 2292 3385 2358 fit;
3413 2292 3536 2362 quia

1956 2377 2055 2432 etsi
2092 2385 2272 2448 potest
2318 2386 2602 2450 utrumque
2647 2380 2807 2435 simul
2835 2379 2983 2446 fieri,
3014 2396 3121 2438 non
3159 2382 3321 2439 simul
3361 2390 3540 2455 potest

1955 2477 2235 2541 utrumque
2264 2473 2488 2528 narrari.

2026 2561 2252 2619 CAPUT
2280 2564 2347 2619 X.
2378 2592 2449 2605 —-
2475 2564 2559 2621 l5.
2591 2565 2715 2622 Sive
2753 2581 2880 2637 ergo
2912 2566 3059 2637 prius
3091 2569 3305 2625 nomine
3332 2570 3455 2628 coeli
3483 2578 3539 2627 et

1957 2661 2147 2723 terrm,
2207 2655 2292 2711 vel
2334 2666 2488 2713 terrae
2541 2658 2821 2714 invisibilis
2866 2669 2921 2715 et
2967 2660 3333 2732 incompositae
3378 2672 3538 2733 atque

1956 2744 2133 2817 abyssi
2161 2746 2487 2815 tenebrosaa,
2522 2750 2773 2805 materies
2808 2750 2923 2820 ipsa
2969 2752 3211 2808 informis
3246 2753 3538 2823 significata

1955 2847 2038 2894 est
2060 2854 2241 2895 rerum
2266 2849 2511 2896 notarum
2541 2842 3013 2913 appellationibus;
3040 2846 3161 2915 quia
3186 2845 3300 2916 ipsa
3322 2859 3541 2915 prorsus

1957 2930 2133 3002 ignota
2158 2941 2240 2988 est
2268 2931 2514 2988 humanis
2540 2934 2807 3002 sensibus,
2829 2945 2882 2991 et
2910 2935 3000 2991 vix
3027 2945 3313 3007 utcumque
3338 2937 3542 2992 intelli-

1956 3025 2114 3097 gitur,
2147 3040 2269 3082 cum
2302 3041 2388 3081 res
2414 3027 2469 3082 in
2496 3027 2730 3084 deterius
2754 3037 3181 3095 commutantur;
3213 3039 3461 3099 tanquam
3490 3028 3542 3084 ei

1955 3120 2278 3191 propinquet
2303 3119 2533 3192 quidque
2559 3120 2850 3177 deformius
2872 3164 2888 3191 ,
2917 3137 3020 3179 nec
3061 3122 3337 3193 perveniat
3365 3130 3544 3176 tamen

1959 3210 2027 3266 ad
2067 3211 2212 3267 illam
2252 3212 2631 3269 informitatem
2673 3215 3157 3285 quantulacumque
3197 3214 3283 3269 vel
3322 3212 3546 3268 visibilis

1958 3316 2243 3361 remanens
2269 3304 2358 3359 vel
2394 3303 2740 3375 intelligibilis
2780 3306 2985 3376 species
3015 3321 3029 3358 :
3054 3305 3167 3361 sive
3212 3320 3309 3375 per
3348 3304 3546 3360 coelum

1959 3403 2013 3451 et
2047 3403 2246 3451 terram
2294 3395 2617 3467 generaliter
2654 3397 2804 3467 prius
2846 3396 3109 3451 insinuata
3149 3394 3220 3449 sit
3255 3393 3548 3464 Spiritualis

1959 3488 2358 3558 corporalisque
2399 3497 2619 3555 natura;
2659 3488 2773 3543 sive
2808 3487 3007 3558 aliquid
3061 3485 3240 3553 aliud,
3272 3482 3413 3555 quod
3458 3482 3547 3538 hic

1962 3584 2107 3640 salva
2147 3584 2269 3640 fidei
2307 3585 2490 3655 regula
2520 3584 2738 3654 intelligi
2777 3593 2952 3654 potest
2983 3603 2997 3638 :
3027 3584 3193 3640 Deum
3248 3593 3421 3638 tamen
3455 3596 3549 3637 ve-

1961 3695 2079 3735 rum
2106 3686 2158 3734 et
2186 3693 2453 3734 summum
2477 3686 2532 3734 et
2559 3678 2758 3734 bonum
2782 3677 2971 3733 fecisse
3009 3686 3197 3733 cuncta
3236 3691 3352 3747 quae
3372 3672 3547 3730 cerni-

1962 3787 2101 3839 mus,
2134 3779 2188 3828 et
2214 3787 2335 3843 quae
2357 3771 2576 3827 meliora
2603 3783 2711 3825 non
2748 3770 3014 3824 cernimus
3038 3810 3053 3836 ,
3083 3767 3325 3840 quamvis
3354 3765 3549 3821 modus

1964 3879 2071 3937 quo
2099 3880 2161 3921 ea
2184 3863 2368 3920 fecerit
2396 3860 2774 3932 comprehendi
2804 3860 3031 3915 humana
3069 3868 3247 3914 mente
3289 3873 3394 3913 non
3417 3870 3515 3927 pos
3536 3887 3550 3899 -

1967 3957 2055 4023 sit,
2087 3956 2332 4013 dubitare
2359 3954 2438 4010 fas
2469 3969 2577 4009 non
2605 3962 2706 4008 est.
2730 3950 2837 4007 Sed
2878 3966 2998 4005 cum
3033 3950 3149 4004 istis
3178 3947 3405 4002 indoctis
3432 3946 3551 4001 bla-

1967 4046 2396 4120 sphematoribus
2412 4044 2731 4100 Litterarum
2758 4055 3028 4098 sacrarum
3061 4052 3167 4094 non
3198 4052 3260 4093 ea
3285 4036 3552 4092 rationum

1970 4143 2257 4200 subtilitate
2299 4139 2562 4211 agendum
2608 4148 2721 4206 est,
2754 4152 2857 4207 qua
2894 4135 2994 4190 ista
3036 4130 3322 4204 quaerenda
3346 4136 3469 4186 sunt
3496 4135 3554 4186 et

1972 4239 2109 4295 inter
2134 4237 2384 4308 paciﬁcos
2406 4235 2501 4289 Dei
2525 4232 2665 4289 filios
2691 4228 3028 4301 disputanda.

2047 4329 2273 4386 CAPUT
2312 4327 2403 4383 Xl.
2428 4355 2498 4367 ——
2519 4327 2605 4381 Μ.
2635 4323 2741 4380 Sed
2772 4323 2816 4377 si
2861 4329 3012 4392 putat
3054 4321 3156 4375 iste
3182 4317 3439 4374 adversus
3486 4316 3554 4371 ll-

1973 4424 2099 4481 bros
2137 4421 2295 4492 Legis
2337 4429 2391 4475 et
2424 4416 2809 4487 PrOphetarum
2846 4429 2906 4468 se
2945 4426 3132 4479 nosse,
3160 4410 3302 4491 quod
3330 4408 3459 4464 dicit
3494 4420 3555 4463 se

1974 4516 2111 4572 scire
2133 4553 2151 4580 ,
2176 4527 2427 4568 summum
2451 4508 2618 4563 Deum
2657 4504 3108 4576 incomparabilem
3132 4501 3451 4573 splendorem
3477 4498 3558 4553 in-

1975 4605 2431 4681 comprehensibilis
2452 4618 2557 4658 esse
2582 4601 2709 4657 lucis
2732 4615 2751 4655 :
2776 4600 2949 4670 primo
2968 4597 3151 4654 audire
3171 4595 3239 4651 ab
3260 4610 3325 4651 eo
3340 4593 3555 4660 vellem,

1976 4705 2128 4775 cujus
2148 4701 2281 4757 lucis
2296 4698 2561 4756 existimet
2581 4709 2699 4751 esse
2715 4692 3051 4765 splendorem
3067 4703 3332 4745 summum
3353 4687 3519 4741 Deum
3537 4696 3554 4749 ;

1977 4808 2154 4855 utrum
2178 4806 2231 4852 et
2252 4795 2363 4865 ipsa
2385 4793 2475 4847 lux
2497 4791 2636 4845 Deus
2663 4788 2752 4855 sit,
2781 4795 2835 4843 ct
2864 4794 3041 4841 utrum
3064 4784 3274 4839 Patrem
3302 4777 3561 4847 intelligat

1976 4888 2172 4955 lucem,
2202 4886 2424 4957 ejusque
2451 4880 2787 4953 Splendorem
2817 4876 3143 4950 unigenitum
3160 4873 3373 4938 Filium,
3400 4882 3562 4941 quem

1978 4991 2157 5040 tamen
2190 4978 2467 5035 confessus
2516 4982 2598 5030 est
2643 4986 2910 5028 summum
2959 4969 3147 5025 Deum.
3187 4962 3339 5032 Quod
3388 4962 3433 5016 si
3487 4960 3561 5014 ita

1980 5074 2161 5136 sentit,
2188 5068 2425 5141 approbo
2454 5076 2508 5123 et
2549 5065 2725 5120 laudo.
2752 5062 2858 5118 Sed
2888 5060 3028 5132 quod
3065 5072 3185 5113 eum
3208 5068 3365 5125 quem
3395 5050 3565 5107 credit

1982 5179 2101 5224 esse
2122 5164 2301 5218 lumen
2342 5159 2412 5215 de
2446 5158 2667 5223 lumine,
2696 5154 2781 5210 vel
2814 5147 3285 5220 incomparabilem
3312 5141 3565 5215 splendo-

1983 5271 2098 5313 rem
2133 5248 2685 5323 incomprehensibilis
2723 5244 2854 5300 lucis
2878 5284 2894 5311 ,
2917 5256 3023 5297 non
3067 5236 3236 5294 credit
3263 5250 3383 5291 esse
3407 5232 3564 5303 opiﬁ-

1985 5365 2101 5407 cem
2122 5344 2324 5412 mundi,
2352 5342 2594 5414 improbo
2615 5348 2669 5396 et
2690 5340 2846 5407 culpo
2870 5353 2885 5392 :
2908 5349 3029 5391 cum
3049 5331 3121 5388 ibi
3148 5330 3309 5400 legat,
3343 5325 3568 5381 Mundus

1986 5459 2075 5515 per
2103 5456 2213 5497 eunt
2243 5441 2406 5509 factus
2432 5442 2505 5490 est
2525 5451 2545 5501 ;
2568 5432 2655 5488 ubi
2692 5430 2850 5501 legit,
2877 5425 3005 5481 Erat
3032 5424 3201 5515 lumen
3237 5435 3408 5475 verum
3436 5414 3569 5515 quod

1986 5508 2456 5589 illuminatiomnem
2483 5524 2733 5580 hominem
2758 5519 3033 5575 venientem
3057 5516 3112 5571 in
3149 5514 3284 5568 hunc
3325 5508 3571 5565 mundum

2053 5669 2072 5701 ι
2107 5676 2207 5716 Am.
2232 5671 2307 5715 Er.
2333 5669 2386 5713 et
2400 5668 2506 5711 Mss.
2530 5661 2773 5717 omittunt,
2794 5653 2923 5717 quia.

2053 5732 2075 5762 ³
2233 5703 2901 5783 ’ἶεὲῶὖῖΜ-’ξὶᾶἓὲιῆἷί
2934 5709 3063 5776 quod
3107 5722 3135 5783 ξ
3298 5705 3439 5783 abest
3461 5703 3572 5783 Lat

1988 5765 2222 5844 vero-“inv
2251 5765 2556 5836 «912313673
2596 5765 2848 5844 ﬁscinam
2862 5765 2976 5844 erat
2991 5810 3006 5835 9
3044 5772 3131 5844 εἶά
3164 5765 3569 5844 ,άξλξῗξθ

1991 5828 2804 5971 ἢέἷὲὲῇιῶἶῖἇῦἱῖυεῖρὸὶέιω
2839 5839 2901 5895 de
2923 5828 3034 5894 voc'e
3068 5828 3182 5901 ﬁeri
3220 5828 3365 5885 verba
3399 5835 3549 5879 εοηαη

2074 5948 2091 5981 ²
2124 5944 2222 5966 σω.
