4094 6442
577 427 678 490 6H
888 439 925 447 λ’

578 539 757 611 (Joan.
786 554 825 607 ι,
850 538 939 605 10,
968 539 1050 612 9).
1086 541 1334 611 Improbe
1353 541 1510 596 etiam
1532 582 1547 608 ,
1571 542 1615 598 si
1648 543 1857 608 nescit;
1880 544 2153 615 magisque

577 631 820 700 improbo
847 640 1006 702 atque
1028 631 1260 687 detestor
1278 674 1293 698 ,
1325 632 1369 685 si
1399 631 1525 699 scit,
1557 641 1611 687 et
1636 634 1911 690 insidiatur
1930 644 1987 692 ut
2010 636 2155 691 deci-

577 722 686 790 piat
732 722 1027 777 nescientes
1073 723 1124 775 in
1179 722 1453 777 veteribus
1500 724 1649 793 prius
1693 725 1887 782 divinis
1941 726 2156 783 Litteris

576 814 851 882 scriptum,
886 813 1117 867 Accedite
1176 818 1242 866 ad
1292 830 1426 881 eum,
1473 824 1519 869 et
1569 816 1927 872 illuminamini
1978 818 2151 891 (Psal.

576 920 759 967 xxxm,
792 902 878 976 6);
905 914 975 969 et,
1008 903 1327 975 Prmeptum
1352 904 1558 961 Domini
1586 908 1832 974 lucidum,
1860 910 2156 967 illuminans

574 994 743 1048 oculos
783 992 950 1064 (Psal.
975 1010 1127 1063 xvm,
1164 992 1256 1067 9);
1281 1004 1371 1064 et,
1398 995 1646 1052 Illumina
1684 998 1855 1054 oculos
1893 1016 2059 1065 meos,
2090 1016 2155 1055 ne

572 1100 791 1155 unquam
830 1083 1140 1140 obdormiam
1185 1086 1238 1139 in
1271 1096 1480 1142 mortem
1524 1086 1695 1158 (Psal.
1739 1105 1844 1156 xu,
1873 1088 2154 1161 4).Neque

572 1179 715 1243 enim
744 1175 843 1233 hoc
882 1177 1066 1239 orabat
1108 1178 1271 1234 homo
1311 1180 1490 1249 utique
1517 1181 1757 1235 mortalis
1781 1223 1796 1249 ,
1823 1196 1891 1237 ne
1920 1196 2152 1252 unquam

571 1281 796 1337 corpore
845 1277 1179 1335 moreretur,
1210 1278 1300 1324 aut
1325 1270 1687 1340 corporalibus
1719 1272 1891 1327 oculis
1935 1286 2154 1327 somnus

572 1375 641 1425 ne
670 1360 873 1417 veniret
911 1360 1126 1432 optabat
1155 1378 1167 1414 :
1194 1361 1286 1417 sed
1330 1376 1424 1417 eos
1462 1363 1642 1432 utique
1671 1363 1856 1417 oculos
1891 1362 1991 1418 sibi
2029 1363 2152 1417 illu-

571 1455 762 1509 minari
792 1454 1019 1524 petebat,
1045 1454 1111 1509 de
1134 1454 1323 1524 quibus
1348 1456 1634 1525 Apostolus
1656 1455 1803 1522 dicit,
1826 1454 2152 1523 Itiuminatos

573 1545 745 1601 oculos
771 1546 934 1601 cordis
958 1546 1105 1603 vestri
1131 1545 1347 1617 (Ep/tes.
1377 1562 1415 1611 ι,
1445 1546 1558 1619 18).

644 1639 731 1695 15.
782 1638 1053 1706 Porro,si
1083 1639 1206 1694 huic
1253 1639 1496 1708 displicet
1534 1640 1705 1695 lucem
1749 1640 1955 1695 initium
1999 1655 2149 1696 sum-

570 1731 742 1804 psisse
782 1732 849 1787 de
896 1732 1156 1796 tenebris,
1186 1732 1347 1789 etiam
1390 1731 1493 1787 hoc
1539 1732 1681 1789 enim
1722 1733 1897 1788 verbis
1922 1733 2149 1803 garrula:

570 1825 817 1887 vanitatis
866 1826 1132 1896 exagitat;
1176 1826 1346 1881 eidem
1395 1826 1635 1896 apostolo
1678 1827 1784 1882 hoc
1834 1827 2012 1895 dicat,
2062 1827 2151 1898 qui

571 1916 808 1979 scribens
854 1914 919 1969 ad
969 1915 1146 1971 tideles
1188 1918 1305 1973 ait:
1349 1914 1541 1971 Fuistis
1589 1916 1862 1985 aliquando
1909 1918 2144 1983 tenebrte,

569 2021 706 2061 nunc
730 2014 895 2065 autem
938 2006 1028 2062 tua:
1083 2007 1137 2061 in
1179 2005 1397 2062 Domino
1437 2007 1570 2078 (Id.
1618 2024 1671 2077 v,
1693 2008 1769 2079 8).
1824 2008 1955 2076 Quis
2008 2009 2149 2064 enim

569 2095 672 2159 hoc
714 2097 866 2160 fecit,
891 2095 990 2151 nisi
1018 2096 1142 2163 ille,
1175 2097 1298 2167 qui,
1330 2112 1450 2153 cum
1494 2099 1730 2153 tenebrae
1762 2108 1942 2154 essent
1986 2114 2151 2170 super

567 2189 839 2258 abyssum,
862 2188 1032 2247 dixit:
1068 2188 1186 2247 Fiat
1213 2190 1341 2255 lux;
1368 2200 1415 2245 et
1444 2195 1579 2261 facta
1603 2202 1678 2246 est
1699 2192 1789 2247 lux
1809 2192 1958 2261 (Gen.
1983 2209 2021 2260 I,
2052 2194 2149 2264 5)?

566 2277 717 2346 Quod
747 2280 977 2349 apertius
1002 2279 1107 2334 alio
1132 2280 1251 2337 loco
1277 2280 1415 2336 idem
1444 2282 1713 2351 apostolus
1754 2283 2037 2353 expressit,
2062 2283 2148 2338 di-

565 2385 693 2437 cens
723 2388 736 2423 :
767 2370 901 2433 Deus
928 2373 1011 2442 qui
1041 2373 1167 2427 dixit
1191 2375 1253 2427 de
1271 2375 1484 2430 tenebris
1514 2375 1685 2431 iumen
1708 2377 1982 2432 clarescere
2001 2419 2015 2445 ,
2041 2379 2148 2432 cla-

565 2465 666 2518 ruit
710 2465 763 2517 in
806 2465 1037 2519 cordibus
1073 2467 1256 2520 nostris
1293 2465 1358 2537 (Il
1400 2466 1513 2521 Cor.
1543 2484 1628 2533 ιν,
1649 2469 1721 2537 6).
1755 2469 1810 2524 Si
1838 2478 2013 2524 autem
2046 2470 2149 2526 hoc

564 2563 714 2624 putat
760 2554 1043 2624 Scripturis
1093 2556 1281 2612 deesse
1318 2558 1639 2626 prepheticis
1662 2599 1676 2625 ,
1704 2558 1845 2629 quod
1891 2560 2055 2614 Filius
2078 2563 2148 2613 sit

562 2647 741 2704 lumen
775 2648 839 2704 de
868 2649 1065 2705 lumine
1085 2690 1101 2716 ,
1130 2650 1211 2704 vel
1257 2650 1507 2719 splendor
1532 2651 1664 2707 lucis
1695 2653 1732 2717 ³,
1764 2653 1900 2721 legat
1925 2652 2065 2722 quod
2093 2652 2146 2707 in

562 2739 762 2796 eisdem
794 2739 1008 2797 Litteris
1039 2741 1228 2811 legitur
1253 2741 1318 2796 de
1358 2741 1625 2812 Sapientia
1646 2785 1661 2810 ,
1684 2741 1888 2798 Candor
1912 2753 1988 2798 est
2013 2744 2147 2798 enim

564 2832 692 2889 lucis
734 2842 932 2887 teternte
965 2833 1121 2903 (Sap.
1150 2848 1256 2899 vn,
1285 2832 1379 2904 26)
1411 2850 1424 2887 :
1452 2844 1544 2888 aut
1586 2833 1713 2889 illud
1742 2834 1793 2889 in
1838 2835 2146 2906 prophetico

563 2921 797 2987 Psalmo,
828 2922 1035 2975 Caritate
1062 2921 1280 2981 Domino
1306 2924 1555 2979 canticum
1582 2940 1761 2979 novum
1783 2942 1803 2990 ;
1823 2934 2021 2980 cantate
2039 2924 2145 2979 Do-

562 3016 698 3068 mino
723 3054 738 3081 ,
770 3014 929 3069 omnis
956 3022 1089 3068 terra
1118 3030 1136 3069 :
1166 3025 1363 3070 cantate
1390 3015 1606 3071 Domino
1653 3028 1698 3072 et
1740 3017 2013 3077 benedicite
2053 3032 2147 3077 uo-

561 3122 674 3169 nten
700 3105 831 3175 ejus,
856 3105 973 3159 bene
993 3106 1215 3159 nuntiate
1242 3106 1373 3160 diem
1403 3123 1467 3161 ex
1490 3108 1573 3163 die
1599 3110 1821 3163 salutare
1841 3110 1947 3178 ejus
1970 3107 2140 3179 (I'sal.

559 3212 682 3262 xcv,
720 3197 773 3262 1,
802 3195 883 3267 2).
914 3196 1043 3262 Quis
1082 3205 1163 3251 est
1191 3198 1331 3257 enim
1367 3198 1480 3254 dies
1506 3215 1571 3254 ex
1598 3199 1703 3265 die,
1737 3199 1836 3254 nisi
1866 3198 2031 3257 Filius
2058 3199 2146 3255 lu-

560 3302 683 3342 men
727 3286 794 3341 de
828 3285 1325 3353 lumine?Salutare
1353 3297 1531 3349 autem
1572 3288 1667 3344 Dei
1706 3303 1827 3345 esse
1871 3290 2149 3351 Christum

559 3374 701 3447 legat
735 3378 787 3431 in
829 3378 1139 3446 Evangelio,
1169 3378 1381 3434 dicente
1416 3379 1669 3435 Simeone
1709 3394 1837 3435 sene
1861 3420 1877 3447 ,
1931 3381 2143 3450 quando

560 3470 707 3527 illum
742 3472 989 3543 cognovit
1030 3471 1081 3525 in
1117 3471 1361 3526 manibus
1390 3472 1576 3539 matris
1603 3511 1618 3539 ,
1652 3486 1813 3527 carne
1840 3472 2139 3541 minimum,

557 3563 742 3633 spiritu
794 3564 1080 3618 maximum
1105 3602 1120 3628 ,
1146 3571 1471 3634 acceptoque
1512 3563 1564 3617 in
1615 3578 1804 3621 manus
1845 3578 1967 3619 suas
2016 3564 2138 3620 ait:

560 3652 714 3713 Nunc
743 3654 951 3708 dimittis
975 3669 1171 3711 servum
1194 3662 1353 3725 tuum,
1381 3652 1617 3722 Domine,
1637 3655 1912 3709 secundum
1938 3657 2141 3711 verbum

557 3754 695 3809 tuum
724 3748 773 3801 in
797 3763 955 3819 pace;
975 3747 1212 3819 quoniam
1237 3746 1464 3801 viderunt
1494 3748 1626 3802 oculi
1647 3748 1742 3803 mei
1761 3749 1981 3803 salutare
1998 3758 2141 3804 tuum

559 3838 708 3911 (Luc.
738 3854 793 3903 ιι,
822 3837 892 3893 Ξ9
922 3848 966 3892 ει
997 3838 1108 3910 30).

627 3928 849 3983 CAPUT
890 3928 1001 3984 XII.
1032 3960 1103 3970 —
1147 3930 1235 3985 16.
1265 3928 1361 3985 Hic
1380 3930 1424 3985 si
1455 3929 1807 4002 responderit,
1840 3931 1996 3985 aliam
2019 3946 2140 3988 esse

556 4018 727 4075 lucem
751 4018 816 4073 de
844 4034 945 4089 qua
989 4020 1184 4075 dictum
1220 4029 1334 4086 est,
1364 4018 1559 4076 Fuistis
1603 4021 1875 4092 aliquando
1902 4023 2135 4090 tenebrae,

558 4123 692 4180 nunc
737 4117 903 4173 autem
933 4108 1020 4162 lux
1046 4111 1097 4162 in
1124 4109 1375 4175 Domino;
1403 4111 1524 4180 quia
1546 4112 1830 4181 spiritualis
1872 4112 1961 4166 lux
1990 4129 2138 4169 men-

558 4196 625 4250 tis
651 4206 733 4251 est
761 4198 876 4263 ista,
908 4212 1013 4252 non
1035 4200 1209 4253 carnis
1234 4216 1246 4254 :
1275 4200 1430 4253 aliam
1458 4216 1583 4255 vero
1613 4201 1754 4256 illam
1786 4203 1851 4257 de
1880 4221 1981 4274 qua
2005 4190 2138 4261 seri?

555 4297 703 4360 ptum
731 4298 832 4357 est,
866 4289 1006 4345 Dixit
1032 4289 1166 4347 Deus
1186 4332 1201 4359 ,
1232 4289 1347 4345 Fiat
1378 4292 1467 4347 luas
1486 4310 1506 4358 ;
1527 4302 1573 4347 et
1616 4298 1750 4365 {acta
1770 4304 1839 4349 est
1866 4296 1991 4358 lux;
2019 4313 2137 4366 quae

556 4380 622 4438 ad
659 4382 840 4436 oculos
882 4383 1105 4453 pertinet
1147 4383 1485 4453 corporales:
1528 4385 1698 4455 primo
1733 4388 2068 4449 conlitebitur
2106 4404 2136 4447 a

555 4472 673 4537 luce
698 4489 923 4540 summa,
951 4458 1182 4546 quodest
1210 4476 1320 4546 ipse
1346 4477 1502 4539 Deus,
1525 4478 2135 4551 ﬁeripotuissequalem-

554 4577 780 4634 cumque
806 4564 1036 4620 inﬁmam
1069 4565 1261 4631 lucem,
1289 4566 1480 4620 bonam
1508 4576 1702 4623 tamen.
1733 4568 1931 4624 Deinde
1951 4612 1963 4633 ,
1995 4570 2136 4627 unde

553 4656 653 4733 scit
678 4656 835 4713 etiam
863 4656 1032 4727 qualis
1058 4665 1110 4712 et
1138 4666 1331 4728 quanta
1363 4658 1468 4712 sit?
1497 4672 1784 4729 postremo,
1814 4672 1991 4715 utrum
2023 4664 2133 4733 spi-

552 4747 774 4813 ritualis,
802 4764 869 4803 an
890 4750 1211 4820 corporalis?
1240 4749 1350 4805 Nisi
1379 4752 1510 4805 forte
1538 4751 1718 4807 ﬁdeles
1750 4752 2012 4821 homines,
2044 4756 2132 4825 qui

550 4839 800 4907 quamdiu
842 4849 963 4895 sunt
1005 4841 1055 4895 in
1084 4855 1339 4910 corpore,
1384 4842 1786 4912 peregrinantur
1827 4858 1856 4897 a
1909 4845 2132 4901 Domino

553 4930 620 5001 (Il
649 4929 766 4985 Cor.
794 4947 844 4996 v,
876 4930 952 5004 6),
981 4940 1201 5002 possunt
1220 4933 1327 5002 jam
1356 4933 1546 4987 merito
1580 4933 1742 5002 ipsius
1776 4934 1893 4988 fidei
1927 4936 2012 4989 lux
2040 4953 2132 4992 vo-

549 5025 681 5090 cari,
713 5034 765 5079 et
789 5025 974 5095 Angeli
997 5040 1100 5081 non
1125 5034 1361 5094 possunt,
1382 5025 1472 5097 qui
1499 5041 1711 5097 semper
1735 5027 1917 5083 vident
1942 5028 2129 5087 faciem

549 5115 722 5171 Patris
753 5115 961 5188 (Matth.
993 5132 1139 5185 xvnt,
1169 5117 1254 5185 10)
1276 5116 1299 5167 i
1322 5115 1473 5173 Unde
1513 5133 1640 5189 ergo
1673 5119 1770 5174 scit
1808 5129 1985 5175 utrum
2013 5123 2129 5179 talis

550 5209 639 5264 lux
670 5210 910 5281 primitus
939 5210 1072 5265 facta
1098 5211 1165 5265 sit
1187 5211 1210 5263 ?
1230 5209 1381 5266 Unde
1403 5212 1509 5266 scit
1534 5212 1799 5282 quomodo
1822 5213 1871 5267 in
1901 5215 1986 5268 illa
2010 5215 2127 5272 luce

548 5316 773 5371 vespere
812 5309 865 5357 et
913 5315 1068 5359 mane
1105 5292 1271 5371 possit
1304 5302 1562 5373 intelligi?
1589 5302 1866 5371 Quomodo
1898 5304 2126 5377 denique

547 5393 759 5451 senario
789 5407 1010 5455 numero
1038 5401 1354 5466 praesentata
1378 5393 1536 5450 fuerit
1563 5396 1813 5465 operibus
1840 5397 1954 5464 Dei,
1986 5406 2038 5452 et
2068 5398 2122 5454 in

547 5497 608 5555 ea
636 5484 859 5559 septima
888 5484 1209 5554 requieverit
1236 5485 1392 5550 Deus,
1425 5486 1563 5540 unde
1584 5486 1649 5541 ad
1680 5487 1810 5542 istos
1838 5487 1951 5543 dies
1969 5489 2123 5546 nobis

547 5572 872 5639 notissimos,
904 5574 995 5643 qui
1021 5574 1147 5628 solis
1172 5569 1395 5630 circuitu
1431 5575 1773 5631 revolvuntur
1794 5617 1807 5643 ,
1835 5579 2119 5647 septenarii

547 5664 711 5733 ipsius
741 5666 944 5725 numeri
978 5665 1218 5737 quaedam
1253 5665 1419 5722 forma
1443 5669 1693 5723 translata
1719 5668 1836 5724 est?
1864 5668 1966 5724 Sed
1995 5680 2047 5725 et
2075 5673 2119 5727 si

545 5754 635 5811 lux
666 5755 797 5811 facta
822 5764 904 5815 est
927 5758 1238 5827 corporalis,
1265 5758 1402 5813 unde
1428 5761 1573 5816 novit
1597 5760 1863 5831 quomodo
1889 5775 2007 5817 esse
2032 5778 2120 5833 po-

542 5850 633 5965 m;
648 5847 1141 5975 $3323.5me
1165 5848 1304 5913 lucis,
1326 5850 1542 5903 additum
1565 5851 1691 5914 apud
1717 5857 1850 5915 ων..
1873 5856 2069 5906 teternw
2096 5867 2115 5904 :

1097 417 1363 488 CONTRA
1406 424 1894 488 ADVERSARIUM
1931 423 2131 489 LEGIS
2160 429 2260 490 ET
2294 426 2833 502 PROPHETARUM.
2873 442 2930 503 s.
2970 444 3337 507 AUGUSTINI

2271 549 2427 605 tuerit
2452 559 2574 608 ante
2611 540 2777 610 solem
2801 564 2856 612 et
2893 567 3013 615 ante
3036 543 3460 641 ﬁrmamentum,
3482 565 3625 638 quod
3649 571 3855 629 uelum

2260 648 2442 708 postea
2484 656 2841 717 nuncupatum
2871 659 2980 718 est,
3011 662 3213 708 remota
3241 654 3307 710 ab
3335 658 3638 727 aspectibus
3674 668 3858 721 terre-

2260 746 2447 789 norum
2470 734 2521 789 in
2551 740 2912 808 superioribus
2941 744 3177 813 partibus
3206 748 3409 816 mundi,
3440 759 3499 805 ut
3528 752 3674 809 solus
3701 755 3855 813 Dens

2259 823 2398 880 inter
2416 828 2557 882 illam
2590 831 2939 904 tenebrasque
2967 835 3264 894 divideret?
3288 838 3419 895 Nam
3443 841 3583 899 inter
3605 844 3735 901 istas
3760 855 3854 903 te-

2259 919 2450 976 nebras
2480 937 2598 993 quae
2622 925 2775 981 nobis
2805 925 3001 983 iaciunt
3036 930 3369 989 notissimam
3395 943 3609 992 noctem
3631 979 3646 1004 ,
3671 948 3728 995 et
3752 939 3851 996 lu-

2257 1023 2373 1065 cem
2418 1028 2539 1083 quae
2580 1016 2732 1073 nobis
2779 1017 2903 1074 facit
2947 1022 3280 1079 notissimum
3338 1026 3513 1094 diem,
3561 1028 3851 1088 luminaria

2258 1103 2412 1159 nobis
2434 1107 2656 1163 visibilia
2679 1151 2696 1177 ,
2719 1118 2777 1166 ut
2804 1111 3137 1182 dividerent,
3163 1114 3462 1187 imperavit.
3494 1121 3624 1189 Quis
3659 1131 3848 1179 autem

2256 1190 2424 1263 ferat,
2456 1200 2699 1268 quamvis
2728 1217 2831 1256 non
2863 1204 2931 1258 sit
2969 1204 3347 1276 indignandum
3376 1210 3550 1279 potius
3572 1228 3732 1282 quam
3764 1215 3849 1269 ri-

2256 1285 2487 1343 dendum
2505 1332 2519 1357 ,
2546 1291 2779 1350 iudicare
2808 1295 2966 1352 istum
3001 1297 3155 1354 nobis
3183 1301 3324 1372 quod
3354 1301 3494 1357 diem
3523 1302 3668 1359 hom
3695 1306 3848 1362 desi-

2256 1388 2452 1449 gnent,
2486 1379 2647 1436 horas
2683 1393 2858 1440 autem
2886 1388 2966 1441 sol
2996 1388 3261 1445 discernat
3286 1400 3443 1463 atque
3472 1394 3844 1464 disterminet,

2255 1474 2309 1523 et
2332 1469 2467 1524 velle
2502 1478 2560 1525 ut
2591 1473 2867 1531 credamus
2909 1478 3048 1548 quod
3080 1479 3288 1552 Moyses
3324 1481 3425 1537 ista
3468 1486 3740 1551 nescierit,
3786 1492 3849 1542 et

2255 1558 2376 1614 ideo
2394 1560 2533 1617 diem
2565 1572 2845 1636 antequam
2871 1568 2950 1623 sol
2978 1568 3128 1625 ﬁeret
3157 1570 3546 1628 nominaverit?
3573 1574 3678 1630 Sed
3708 1590 3848 1631 con-

2253 1652 2470 1707 veniant
2498 1652 2743 1712 homines
2769 1656 2835 1712 ad
2864 1658 3055 1714 librum
3082 1661 3235 1717 istius
3268 1662 3607 1731 audiendum,
3630 1675 3685 1722 et
3711 1682 3846 1737 pro-

2255 1753 2481 1814 ponatur
2504 1746 2581 1801 eis
2602 1746 2727 1817 quid
2768 1748 2839 1803 sit
2861 1751 3171 1808 credibilius
3196 1794 3210 1819 ,
3234 1763 3408 1810 utrum
3439 1756 3598 1812 istum
3630 1760 3846 1816 nescire

2255 1836 2537 1906 quamdam
2574 1838 2746 1894 lucem
2790 1850 2845 1897 et
2890 1844 3173 1914 quemdam
3213 1846 3391 1917 diem,
3435 1864 3591 1920 quem
3632 1852 3848 1908 sciebat

2253 1926 2491 2001 Moyses;
2519 1946 2582 1985 an
2615 1932 2830 2005 Moysen
2862 1938 3096 1993 nescisse
3138 1939 3292 1994 istam
3333 1941 3502 1998 lucem
3554 1958 3617 1999 ac
3657 1943 3844 2013 diem,

2253 2035 2407 2092 quem
2453 2038 2558 2078 non
2605 2025 2776 2080 solum
2826 2028 2961 2097 iste,
2993 2046 3179 2087 verum
3218 2034 3378 2089 etiam
3419 2035 3507 2107 qui
3531 2036 3693 2092 verba
3721 2036 3847 2107 ejus

2252 2128 2357 2168 non
2382 2114 2697 2186 intelligunt,
2724 2118 2924 2173 sciunt.

2320 2206 2548 2262 CAPUT
2587 2207 2725 2263 XIII.
2747 2239 2818 2252 —-
2845 2213 2930 2265 Η.
2958 2211 3114 2282 Quid,
3132 2215 3272 2285 quod
3302 2215 3461 2271 etiam
3488 2216 3555 2271 de
3577 2231 3842 2288 aquarum

2252 2300 2659 2370 congregatione
2688 2303 2880 2373 ingerit
2905 2306 3085 2361 nescio
3109 2307 3227 2378 quis
3243 2308 3671 2379 imperitissimus
3686 2325 3843 2381 quae-

2252 2390 2479 2446 stionem
2508 2393 2531 2446 i
2556 2393 2667 2449 imo
2706 2411 2833 2451 vero
2870 2411 2974 2452 non
3005 2400 3373 2469 quaestionem,
3424 2400 3518 2457 sed
3543 2403 3844 2472 reprehen-

2252 2482 2455 2537 sionem
2477 2526 2492 2550 ,
2523 2492 2775 2556 tanquam
2808 2502 2914 2542 non
2941 2498 3085 2545 recte
3109 2489 3307 2546 dictum
3336 2492 3436 2559 sit,
3462 2493 3845 2566 Congregentur

2252 2589 2395 2647 aqua:
2432 2577 2483 2631 in
2519 2581 2953 2651 congregationem
2981 2599 3152 2648 unam,
3176 2594 3222 2638 et
3246 2594 3488 2656 appareat
3507 2586 3654 2641 arida
3680 2586 3841 2657 (Gen.

2252 2682 2289 2733 ι,
2308 2666 2384 2737 9);
2402 2682 2466 2722 eo
2484 2668 2623 2738 quod
2646 2672 2797 2740 aquis
2814 2675 2989 2728 omnia
3011 2676 3328 2732 tenebantur
3347 2695 3359 2731 :
3382 2678 3631 2749 ignorans
3647 2696 3843 2751 quem-

2250 2759 2533 2816 admodum
2588 2778 2721 2834 aqua
2772 2765 2826 2820 in
2869 2768 3042 2822 aerios
3064 2784 3289 2839 vapores
3320 2780 3532 2827 tenuata
3562 2785 3840 2847 rarescat,

2251 2858 2304 2906 et
2331 2853 2586 2909 nebulosa
2618 2855 2845 2926 caligine
2866 2858 3090 2914 multum
3116 2871 3336 2931 occupet
3360 2864 3547 2933 spatii,
3588 2866 3842 2936 exiguum

2249 2957 2378 2998 vero
2398 2944 2440 2997 si
2461 2957 2777 3017 congregata
2810 2948 3066 3004 densetur
3094 2952 3138 3016 ί,
3168 2966 3268 3006 nec
3288 2953 3396 3022 jam
3445 2954 3577 3010 levis
3616 2952 3837 3025 volitet,

2247 3034 2344 3090 sed
2374 3038 2547 3106 gravis
2574 3037 2764 3094 ﬂuitet.
2792 3038 2926 3106 Quid
2963 3057 3090 3112 ergo
3118 3044 3307 3098 mirum
3328 3086 3343 3112 ,
3386 3044 3429 3099 si
3475 3060 3593 3110 rara
3637 3056 3841 3103 terram

2252 3136 2476 3195 texerat,
2501 3130 2725 3200 spissata
2754 3132 2972 3187 nudavit
2998 3135 3018 3186 2
3046 3133 3211 3201 Quid,
3239 3134 3285 3189 si
3312 3135 3471 3190 etiam
3500 3134 3677 3191 divino
3703 3147 3840 3194 nuta

2248 3219 2303 3275 in
2328 3235 2547 3290 magnos
2573 3223 2720 3277 sinus
2751 3232 2906 3279 terrze
2933 3226 2954 3255 ²
2982 3225 3238 3293 subsedit,
3268 3235 3422 3297 atque
3468 3227 3538 3281 ita
3581 3228 3839 3299 quidquid

2246 3319 2451 3366 naturae
2474 3312 2702 3367 humida:
2726 3329 2821 3385 per
2847 3323 3014 3370 totum
3033 3316 3148 3386 ejus
3166 3317 3376 3387 jacebat
3394 3358 3408 3383 ,
3433 3318 3484 3372 in
3513 3329 3691 3389 partes
3706 3335 3839 3375 con-

2246 3416 2409 3459 cavas
2433 3404 2739 3471 conﬂuens,
2768 3408 2989 3461 recessit
3030 3423 3059 3462 a
3098 3409 3306 3464 caeteris
3328 3450 3342 3474 ,
3376 3418 3428 3465 et
3452 3411 3589 3480 quod
3621 3413 3839 3481 operie-

2246 3492 2336 3549 bat
2364 3495 2627 3564 aperuit',
2658 3505 2977 3567 congregata
3021 3498 3074 3551 in
3123 3496 3404 3554 humiliora
3430 3500 3835 3556 succumbentia

2247 3600 2347 3657 qua
2378 3602 2521 3642 mare
2548 3587 2876 3644 interﬂucret
2904 3598 2958 3645 et
2986 3588 3375 3645 circumﬂueret
3394 3631 3409 3656 ,
3452 3601 3608 3661 atque
3637 3592 3832 3647 altiora

2244 3676 2499 3735 deserens
2519 3695 2621 3749 qua
2651 3680 2795 3734 orbis
2826 3680 3085 3736 emineret
3110 3681 3133 3734 ?
3159 3680 3357 3736 Omitto
3384 3682 3525 3752 quod
3548 3689 3726 3752 potest
3742 3682 3833 3739 hic

2245 3770 2463 3843 intelligi
2493 3773 2840 3844 signiﬁcatum
2863 3788 3010 3839 esse,
3042 3773 3440 3844 quodinformis
3465 3775 3551 3829 illa
3579 3776 3832 3832 materies

2244 3877 2395 3933 aquae
2416 3863 2501 3918 vel
2529 3863 2705 3935 abyssi
2730 3864 2987 3919 vocabulo
3012 3865 3275 3920 insinuata
3302 3865 3389 3932 sit,
3421 3873 3477 3920 et
3497 3866 3707 3935 species
3731 3882 3829 3922 ac-

2244 3955 2447 4023 ceperit
2485 3953 2710 4009 duorum
2737 3956 2957 4010 istorum
2983 3956 3224 4025 gravium
3270 3956 3656 4011 elementorum
3678 3998 3694 4024 ,
3722 3956 3830 4013 hu-

2243 4047 2409 4101 moris
2437 4056 2491 4101 et
2516 4045 2706 4101 humi‘
2737 4065 2749 4101 :
2777 4056 2830 4102 et
2873 4046 2994 4103 ideo
3046 4046 3242 4101 dictum
3292 4062 3440 4116 esse,
3487 4048 3833 4120 Congregetur

2244 4154 2396 4208 aqua,
2425 4139 2677 4209 quoniam
2702 4138 2875 4193 labilis
2900 4149 2953 4194 et
2981 4138 3192 4194 mobilis
3226 4139 3273 4195 ei
3302 4140 3507 4209 species
3540 4140 3664 4194 data
3704 4151 3826 4207 est;

2244 4228 2500 4298 Appareat
2520 4237 2696 4283 autem
2724 4228 2889 4293 arida,
2922 4228 3042 4298 quia
3068 4228 3355 4283 immobilis
3377 4229 3479 4283 lixa
3503 4239 3586 4285 est
3602 4230 3645 4283 ⁵.
3688 4229 3827 4284 Nam

2243 4320 2372 4374 illud
2398 4321 2536 4390 quod
2566 4321 2733 4391 magis
2761 4320 3023 4391 PrOpheta
3043 4321 3165 4376 libri
3191 4321 3348 4391 hujus
3366 4312 3550 4378 auctor
3572 4323 3825 4389 intendit,

2241 4421 2300 4467 ut
2318 4413 2434 4483 ejus
2468 4414 2701 4467 narratio
2724 4427 2906 4468 rerum
2936 4412 3192 4467 factarum
3221 4422 3363 4468 esset
3388 4415 3545 4468 etiam
3573 4412 3826 4484 praeﬁgu-

2241 4505 2378 4561 ratio
2419 4504 2748 4571 futurarum,
2781 4522 2884 4560 nun
2930 4514 3014 4561 est
3064 4505 3410 4561 contentiosis
3434 4514 3489 4561 et
3518 4505 3825 4562 inﬁdelibus

2241 4596 2486 4652 sensibus
2513 4597 2877 4667 ingerendum.
2906 4598 3035 4652 Cum
3064 4612 3194 4667 ergo
3241 4604 3319 4653 tot
3357 4598 3531 4653 exitus
3556 4599 3640 4668 pie
3671 4615 3824 4669 qute-

2240 4688 2477 4743 rentibus
2506 4696 2738 4756 pateant,
2771 4704 2838 4742 ne
2865 4696 3065 4744 temere
3097 4700 3240 4744 tanta
3274 4688 3693 4759 reprehendatur
3721 4706 3824 4746 au-

2239 4778 2489 4844 ctoritas;
2521 4777 2661 4833 unde
2686 4779 2803 4843 iste,
2836 4779 2936 4833 nisi
2961 4779 3225 4835 diabolica
3254 4781 3523 4847 instinctu,
3558 4782 3611 4836 in
3632 4782 3711 4837 eis
3736 4798 3826 4837 re-

2239 4869 2337 4923 bus
2353 4869 2495 4939 eligit
2511 4869 2842 4937 calumniari,
2858 4885 2989 4941 quas
3006 4885 3109 4926 non
3125 4880 3207 4926 est
3223 4871 3442 4927 idoneus
3461 4874 3823 4942 perscrutari?

2306 4962 2531 5018 CAPUT
2560 4962 2697 5019 XIV.
2728 4993 2801 5005 —-
2826 4966 2911 5021 I8.
2947 4966 3099 5034 Quod
3128 4982 3256 5023 vero
3283 4968 3339 5022 in
3365 4968 3593 5024 hominis
3627 4970 3816 5025 condis

2236 5061 2405 5109 torem
2438 5054 2606 5109 Deum
2651 5071 2823 5112 caecus
2870 5066 2923 5113 et
2964 5058 3204 5128 ingratus
3250 5059 3533 5125 invehitur,
3566 5070 3621 5116 et
3658 5062 3819 5120 audet

2234 5144 2413 5201 dicere
2438 5146 2486 5201 ei
2515 5148 2684 5217 quise
2705 5148 2871 5215 ﬁnxit,
2894 5149 3065 5216 Quare
3086 5150 3158 5205 sic
3180 5167 3257 5205 me
3282 5152 3482 5223 fecisti?
3502 5166 3621 5207 cum
3644 5155 3819 5209 omni-

2234 5251 2305 5291 no
2334 5237 2598 5307 quomodo
2640 5237 2707 5294 sit
2754 5238 2924 5294 factus
2968 5240 3208 5310 ignoret,
3255 5241 3479 5296 multum
3527 5244 3819 5315 praecipitis

2232 5326 2428 5383 mentis
2470 5328 2687 5384 audacia
2716 5339 2818 5384 est.
2848 5328 2954 5385 Sed
2994 5345 3119 5386 vasa
3157 5331 3250 5387 ira:
3290 5333 3671 5402 permittuntur
3714 5334 3816 5393 ista

2230 5420 2453 5492 garrire,
2485 5430 2543 5476 ut
2569 5430 2818 5492 tanquam
2845 5423 2914 5480 de
2942 5423 3280 5495 negligentiae
3300 5438 3491 5483 somno
3515 5427 3816 5483 excitentur

2293 5606 2311 5639 ι
2343 5612 2394 5655 ιιι
2416 5611 2545 5665 Mss,
2568 5603 2841 5655 densentur.

2289 5670 2312 5738 ξ
2342 5669 2417 5738 sic
2668 5674 2773 5723 διεδ.
2798 5673 2855 5719 At
2874 5666 3011 5738 editi.
3030 5672 3181 5723 tam.

2290 5731 2314 5793 9
2345 5729 2513 5793 Plures
2534 5736 2659 5789 Mss,
2684 5729 2926 5793 apparuit,

2287 5791 2311 5823 δ
2342 5798 2391 5841 ιιι
2414 5791 2578 5853 probae
2599 5788 2727 5853 notae
2749 5788 2876 5853 Mss,
2898 5789 3110 5847 humoris
3130 5795 3178 5853 et
3198 5788 3403 5853 Ιιιιιηίάὲ.

2287 5853 2309 5927 ι
2341 5825 3057 5927 ᾖίᾘ.”ἶηῖἠι’ὁῖέ’ἔε’ἵι”ὶέᾷι”ἕξῖ
3068 5825 3403 5921 ’ἓέἔώΐί
3421 5858 3486 5921 αι
3518 5853 3809 5922 sutorium

2225 5918 2657 5977 manuscriptorum
2681 5918 3021 5978 expunximus.

3788 6035 3850 6082 -Ἇ
