4094 6428
277 449 385 507 613

277 578 403 620 vasa
427 553 807 616 misericordiae
832 545 1006 630 (Rom.
1030 565 1104 620 ix,
1125 539 1342 624 20-23),
1365 555 1419 606 et
1442 547 1619 606 studio
1637 565 1860 621 respon-

277 655 438 712 dendi
465 651 839 723 pestilentibus
866 648 1165 704 maledictis
1184 689 1198 714 ,
1242 645 1529 702 adhibeant
1555 659 1738 700 curam
1767 636 1858 700 sa-

277 746 522 804 lubribus
566 744 742 800 dictis.
790 742 930 798 Ecce
971 741 1113 797 enim
1153 739 1208 794 in
1243 753 1312 795 eo
1340 737 1479 808 quod
1520 736 1862 808 reprehendit

276 840 381 896 iste
407 837 641 893 hominis
667 834 1006 892 Conditorem
1031 876 1046 901 ,
1093 833 1216 903 quia
1254 830 1586 902 prohibuerit
1619 845 1740 886 eum
1767 846 1860 886 su-

276 943 428 985 mere
454 927 635 982 cibum
660 922 1040 997 dignoscentiae
1065 923 1191 979 boni
1217 930 1272 978 et
1299 921 1424 976 mali
1451 920 1620 993 (Gen.
1641 937 1697 988 ιι,
1733 921 1799 976 l7
1816 918 1859 994 ),

276 1028 534 1089 tauquam
550 1031 672 1073 eum
689 1015 971 1088 pecoribus
994 1028 1176 1085 parem
1197 1027 1318 1068 esse
1338 1012 1596 1068 voluisset
1620 1013 1863 1068 nescien-

276 1109 424 1165 tibus
450 1109 552 1164 ista
581 1107 886 1164 discernere
907 1147 922 1173 ,
952 1115 1006 1162 et
1035 1105 1138 1161 hoc
1163 1105 1212 1161 ei
1238 1112 1485 1175 negasset
1511 1104 1596 1158 cui
1625 1112 1864 1174 potesta-

277 1211 389 1257 tem
440 1200 678 1256 dedisset
725 1199 780 1254 in
836 1199 1073 1264 bestias,
1126 1211 1232 1267 quo
1277 1196 1394 1251 solo
1442 1194 1603 1250 homo
1653 1201 1868 1264 superat

277 1292 517 1358 bestias;
561 1306 721 1362 quam
766 1293 1124 1347 necessarium
1155 1297 1239 1345 est
1264 1289 1387 1343 vitze
1429 1287 1566 1344 bene
1611 1288 1863 1358 agentlre,

278 1383 424 1452 quod
453 1383 709 1440 discimus
730 1384 747 1415 ³
777 1383 1017 1453 quaedam
1048 1380 1333 1438 infeliciter
1361 1380 1492 1436 disci
1518 1422 1532 1448 ,
1573 1389 1627 1434 et
1656 1379 1866 1437 felicius

280 1474 542 1530 nonnulla
568 1474 798 1530 nesciri?
819 1473 1030 1529 Morbos
1066 1474 1208 1528 enim
1239 1480 1293 1527 et
1327 1473 1541 1527 dolores
1569 1479 1766 1542 quanto
1792 1471 1870 1528 fe-

279 1564 434 1620 licius
461 1564 832 1621 nesciremus?
850 1564 903 1619 Si
931 1579 1058 1635 ergo
1078 1563 1316 1619 medicus
1340 1577 1435 1617 nos
1455 1563 1523 1617 ab
1547 1563 1722 1632 aliquo
1749 1563 1868 1618 cibo

279 1656 626 1725 prohiberet,
655 1670 760 1724 quo
787 1663 1006 1725 accepto
1034 1662 1383 1726 aegrotaturos
1412 1668 1531 1709 esse
1559 1655 1832 1723 prmsciret
1850 1697 1865 1719 ,

280 1757 332 1802 et
359 1746 430 1802 ob
455 1746 559 1802 hoc
585 1747 880 1816 appellaret
903 1745 1151 1802 eumdem
1181 1745 1357 1801 cibum
1385 1744 1762 1814 dignosccntiae
1785 1760 1871 1800 sa-

279 1837 468 1892 nitatis
497 1845 551 1893 et
576 1836 974 1904 imbecillitatis,
1001 1851 1065 1893 eo
1089 1836 1228 1908 quod
1255 1851 1350 1906 per
1369 1838 1538 1906 ipsum
1567 1835 1725 1891 homo
1747 1851 1868 1892 cum

280 1938 546 2000 :egrOtare
580 1929 867 1999 coepisset,
903 1927 1226 1999 experiendo
1255 1927 1590 1999 dignosceret
1629 1929 1754 1999 quid
1785 1929 1869 1983 in-

281 2027 512 2075 teresset
534 2019 674 2075 inter
697 2027 1022 2075 contractam
1053 2019 1248 2074 malam
1275 2018 1633 2074 valetudinem
1663 2028 1718 2074 et
1744 2034 1868 2090 per-

280 2111 445 2167 ditam
477 2114 761 2167 sanitatem
782 2113 833 2177 ';
868 2110 1007 2182 quod
1033 2111 1215 2181 utique
1241 2111 1429 2165 melius
1454 2111 1786 2180 ignorasset,
1816 2119 1872 2167 et

283 2202 338 2257 in
366 2202 452 2256 illa
485 2217 643 2272 quam
673 2200 902 2272 perdidit
928 2201 1154 2256 sanitate
1182 2202 1485 2268 mansisset,
1515 2201 1739 2256 credens
1760 2216 1873 2258 me-

285 2294 402 2350 dico
428 2309 529 2364 per
556 2293 909 2350 obedientiam
930 2333 946 2360 ,
975 2308 1082 2349 non
1108 2293 1295 2349 morbo
1325 2308 1420 2363 per
1447 2292 1825 2363 experientiam
1852 2309 1866 2347 :

286 2385 546 2456 numquid
596 2385 757 2442 talem
800 2384 1064 2440 medicum
1113 2383 1367 2439 invidisse
1410 2383 1564 2438 nobis
1603 2381 1868 2452 ejusmodi

286 2479 562 2535 scientiam
609 2477 940 2534 diceremus?
965 2476 1093 2546 Quis
1121 2476 1325 2533 dubitet
1353 2477 1550 2532 malum
1590 2490 1707 2531 esse
1749 2493 1872 2546 pec-

283 2568 501 2624 catum?
527 2569 593 2624 Et
623 2578 796 2624 tamen
836 2583 955 2624 cum
993 2567 1149 2623 laude
1175 2566 1376 2624 dictum
1414 2577 1496 2622 est
1534 2567 1602 2622 de
1644 2567 1869 2624 Domino

283 2659 406 2716 Jesu
424 2659 661 2727 Christo,
684 2661 806 2731 quia
828 2677 928 2714 non
947 2668 1149 2715 noverat
1175 2667 1428 2730 peccatum
1455 2659 1520 2730 (ll
1542 2659 1658 2714 Cor.
1678 2676 1731 2728 ν,
1749 2659 1868 2731 21).

215 2760 224 2767 ’
282 2751 397 2806 Non
426 2766 558 2822 ergo
588 2759 809 2806 noverat
836 2751 936 2805 hoc
961 2750 1158 2804 malum
1179 2792 1191 2814 ,
1223 2757 1383 2820 atque
1411 2749 1531 2805 ideo
1557 2750 1702 2805 illam
1729 2750 1869 2806 unde

283 2843 453 2899 Adam
482 2843 782 2914 prohibitus
801 2852 903 2909 est,
930 2843 1057 2899 boni
1085 2851 1138 2899 et
1163 2843 1286 2898 mali
1313 2842 1734 2914 dignoscentiam
1763 2860 1869 2900 non

284 2937 532 2992 habebat.
569 2935 666 2992 Hic
690 2937 734 2991 si
764 2945 1050 3006 quaeratur,
1077 2935 1357 3003 Quomodo
1391 2935 1534 3006 quod
1561 2951 1666 2991 non
1697 2943 1867 2992 nove-’

283 3037 383 3093 rat,
426 3027 720 3098 arguebat?
762 3043 934 3098 neque
977 3027 1117 3082 enim
1167 3037 1380 3097 peccata
1424 3042 1533 3082 non
1575 3028 1868 3098 arguebat:

287 3119 474 3175 Omnia
503 3129 672 3173 autem
700 3134 812 3190 quae
840 3127 1140 3191 arguuntur,
1170 3118 1308 3174 sicut
1335 3116 1465 3172 dicit
1497 3119 1811 3186 Apostolus,
1837 3133 1871 3172 a

284 3213 474 3268 tantine
497 3210 1128 3285 manifestantur(Ephes.
1159 3225 1208 3278 v,
1242 3208 1348 3284 15)
1373 3227 1386 3265 :
1419 3210 1686 3280 quomodo
1713 3211 1870 3281 igitur

283 3319 312 3360 a
338 3319 448 3376 quo
476 3303 852 3375 arguebantur,
887 3301 1300 3376 ignorabantur?
1337 3300 1526 3358 Nonne
1572 3303 1870 3358 rectissime

280 3397 712 3468 respondebitur,
746 3405 800 3452 et
827 3403 1046 3450 noverat
1066 3437 1080 3462 ,
1105 3403 1160 3451 et
1185 3409 1291 3450 non
1322 3395 1578 3451 noverat?
1611 3395 1869 3450 Rectissia

281 3503 369 3546 me
390 3489 614 3545 omnino
637 3507 650 3543 :
672 3495 897 3543 noverat
923 3487 1063 3542 enim
1091 3501 1188 3556 per
1210 3469 1546 3555 sapientiam,
1571 3500 1678 3540 non
1703 3500 1869 3540 nove-

281 3591 366 3637 rat
406 3597 503 3652 per
533 3579 942 3651 experientiam.
975 3577 1111 3632 Huic
1143 3579 1320 3648 itaque
1363 3577 1556 3632 divina:
1596 3577 1868 3647 sapientia);

279 3673 503 3730 credere
532 3673 717 3728 debuit
743 3671 911 3726 Adam
931 3711 946 3737 ,
976 3677 1034 3723 ut
1061 3669 1128 3724 ab
1151 3669 1238 3723 illa
1263 3669 1391 3724 mali
1419 3669 1641 3725 scientia
1668 3685 1786 3738 quae
1814 3667 1871 3724 fit

279 3780 378 3837 per
400 3764 804 3837 experientiam,
831 3771 1099 3834 prtecepto
1129 3761 1218 3817 Dei
1247 3761 1501 3816 obediens
1528 3769 1866 3831 temperaret.

275 3856 368 3914 Sic
396 3861 538 3913 enim
573 3857 765 3911 malum
794 3854 1084 3922 nescisset,
1118 3854 1217 3909 nisi
1262 3852 1492 3909 fecisset.
1519 3852 1668 3909 Fecit
1690 3861 1868 3908 autem

276 3949 407 4011 sibi.
437 3965 544 4004 non
575 3949 706 4003 Deo.
727 3947 869 4003 Nihil
900 3947 1042 4003 enim
1074 3945 1253 4001 facere
1285 3947 1459 4017 potuit
1482 3947 1752 4002 voluntate
1782 3946 1869 4001 in-'

276 4041 639 4110 obedientiaa,
672 4041 772 4095 nisi
810 4040 949 4112 quod
999 4041 1112 4110 ipse
1157 4047 1426 4109 pateretur
1468 4039 1585 4110 lege
1625 4040 1864 4111 justitiaa.

278 4135 414 4191 Haec
440 4144 519 4190 est
551 4148 778 4205 namque
807 4148 960 4202 pmna
991 4131 1315 4186 inobedieuti
1350 4130 1552 4186 homini
1579 4131 1785 4187 reddita
1813 4132 1869 4188 in

277 4227 598 4294 senietipso,
627 4237 684 4281 ut
713 4227 760 4280 ei
786 4223 1016 4280 vicissim
1045 4239 1150 4278 non
1177 4223 1456 4278 obediatur
1484 4239 1583 4279 nec
1611 4239 1641 4277 a
1667 4232 1868 4280 semet-

277 4319 418 4388 ipso.
449 4318 523 4372 De
552 4333 652 4389 qua
684 4333 742 4371 re
773 4316 989 4371 uberius
1013 4314 1064 4369 in
1093 4315 1231 4381 aliis,
1259 4323 1312 4370 et
1338 4311 1568 4371 maxime
1597 4315 1650 4370 in
1675 4324 1868 4386 quarto

277 4409 490 4464 decimo
515 4409 654 4464 libro
681 4407 748 4463 de
767 4407 992 4462 Civitate
1016 4406 1109 4461 Dei
1137 4406 1544 4476 disputavimus.

353 4501 441 4555 l9.
470 4500 619 4554 Nunc
658 4508 836 4554 autem
869 4497 1104 4553 breviter
1143 4495 1510 4566 responderim
1551 4496 1616 4551 ad
1645 4496 1698 4551 id
1724 4497 1866 4568 quod

278 4596 354 4650 it
383 4597 515 4662 iste,
545 4594 775 4648 hominis
804 4592 1165 4648 institutorem
1213 4606 1241 4644 a
1281 4580 1474 4661 magno
1517 4589 1659 4644 bono
1682 4590 1869 4661 prohi-

276 4687 459 4745 buisse
487 4704 646 4760 quem
689 4686 922 4754 fecerat,
969 4686 1098 4743 dum
1141 4700 1261 4740 eum
1287 4684 1468 4756 pecori
1493 4683 1721 4740 similem
1752 4684 1868 4740 sine

275 4783 646 4854 dignoscentia
679 4781 806 4838 boni
833 4789 886 4837 et
923 4781 1047 4836 mali
1088 4794 1206 4836 esse
1245 4778 1516 4833 voluisset.
1545 4777 1673 4833 Haec
1723 4778 1867 4833 enim

275 4875 646 4946 dignoscentia
688 4888 794 4929 non
837 4882 919 4929 est
960 4872 1101 4929 beati
1149 4871 1378 4926 hominis
1426 4869 1722 4942 sapientia,
1773 4869 1868 4926 sed

274 4966 464 5023 miseri
509 4965 879 5038 experientia:
911 4963 1052 5018 unde
1094 4963 1296 5034 lignum
1344 4976 1539 5016 nomen
1587 4961 1810 5032 accepit,
1836 4976 1868 5017 a

271 5059 430 5130 cujus
471 5058 593 5114 cibo
635 5065 717 5113 est
759 5057 921 5112 homo
959 5055 1277 5127 prohibitus,
1300 5064 1357 5109 ut
1386 5054 1686 5111 ohedicntia
1715 5071 1868 5112 com-

273 5151 626 5208 mendaretur
649 5165 770 5221 qua:
795 5149 1026 5204 maxima
1056 5156 1138 5204 est
1165 5148 1331 5203 virtus
1351 5189 1366 5214 ,
1394 5156 1444 5202 et
1468 5190 1483 5214 ,
1513 5154 1570 5202 ut
1607 5150 1685 5204 sic
1713 5147 1868 5204 dixe-

271 5247 400 5311 rim,
429 5246 669 5302 omnium
697 5245 848 5316 origo
879 5252 1152 5314 materque
1181 5242 1433 5296 virtutum
1455 5281 1468 5305 ,
1499 5241 1552 5296 in
1587 5257 1650 5297 ea
1679 5249 1866 5320 natura

271 5339 364 5394 cui
391 5339 472 5395 sic
499 5337 681 5395 datum
703 5347 786 5395 est
809 5336 1087 5393 arbitrium
1115 5335 1294 5391 liberte
1319 5333 1604 5389 voluntatis
1625 5377 1639 5403 ,
1665 5344 1723 5390 ut
1748 5349 1866 5389 eam

271 5440 458 5490 tamen
515 5445 738 5489 necesse
795 5429 866 5486 sit
909 5430 1086 5485 vivere
1139 5427 1237 5483 sub
1290 5434 1553 5498 potestate
1606 5425 1863 5504 melioris.

272 5526 593 5597 Quanquam
620 5539 729 5580 non
766 5523 1033 5580 defuerint
1070 5521 1259 5593 quibus
1283 5519 1453 5575 visum
1490 5527 1572 5576 est
1610 5519 1754 5580 illam
1781 5519 1865 5576 di-

269 5617 642 5691 gnoscentiam
681 5617 808 5673 boni
848 5624 905 5672 et
945 5613 1070 5670 mali
1120 5628 1368 5686 magnum
1411 5612 1626 5684 aliquod
1664 5612 1866 5670 bonum

338 5818 359 5882 ξ
392 5815 496 5870 Sola
513 5818 661 5870 editio
684 5780 816 5882 Lov.,
839 5816 965 5882 quod
983 5812 1208 5882 dicimus.

335 5881 359 5915 ε
389 5853 971 5944 ιῖἒῖἕιὶέἔ,”ἔε”ἒ›ὦῖιῖἕι
983 5853 1248 5944 "Keiliith
1272 5877 1540 5931 sanitatem.
1591 5878 1752 5941 Abest,
1779 5877 1886 5930 θον

264 5952 581 6018 Wall-Wﬁ-

1663 429 1868 514 meen
1894 425 2179 510 ramus.

2837 512 2844 518 .
3447 447 3552 514 6M

1975 552 2136 608 fuisse
2165 569 2180 607 :
2207 550 2358 624 cujus
2381 566 2604 634 capaces
2624 557 2859 617 nondum
2879 557 3096 622 fuerunt
3113 565 3205 639 qui
3230 565 3369 638 hanc
3391 539 3548 640 usur-

1971 653 2159 714 pantes
2200 656 2387 701 contra
2435 650 2691 719 vetitum,
2746 667 2843 722 per
2887 648 3300 716 inobedientiam
3354 679 3549 736 peccac

1973 745 2184 792 verunt.

2037 831 2126 886 20.
2142 831 2344 900 Quibus
2359 842 2537 890 autem
2549 836 2758 894 videtur
2774 839 2850 896 sic
2866 841 3136 900 hominem
3154 845 3264 904 ﬁeri
3281 849 3550 925 debuisse,

1970 931 2031 977 ut
2060 939 2281 992 peccare
2307 926 2508 993 nollet;
2540 943 2644 982 non
2675 931 2754 985 eis
2779 931 3054 1003 displiceat
3077 937 3157 993 sic
3185 953 3304 996 esse
3327 939 3556 1013 factum,

1971 1023 2030 1069 ut
2055 1032 2157 1070 non
2188 1027 2367 1086 posset
2391 1033 2612 1088 peccare
2635 1021 2678 1076 si
2699 1023 2885 1079 nollet.
2905 1025 3166 1099 Numquid
3188 1032 3352 1100 enim,
3369 1036 3414 1091 si
3441 1052 3556 1092 mc-

1971 1106 2072 1162 lior
2094 1118 2236 1164 esset
2256 1111 2344 1180 qui
2365 1125 2470 1166 non
2491 1121 2671 1181 posset
2689 1129 2930 1187 peccare,
2951 1118 3073 1177 ideo
3087 1138 3194 1192 non
3212 1124 3350 1189 bene
3377 1128 3554 1187 factus

1973 1200 2056 1290 est
2085 1200 2172 1270 qui
2203 1209 2384 1271 posset
2415 1213 2470 1259 et
2499 1220 2606 1260 non
2649 1209 2909 1276 peccare?
2935 1212 3041 1267 Aut
3067 1191 3192 1270 vero
3222 1235 3390 1290 usque
3420 1191 3556 1280 adeo

1973 1289 2341 1362 desipiendum
2367 1303 2483 1363 est,
2513 1305 2570 1351 ut
2597 1299 2758 1355 homo
2783 1301 2959 1358 videat
2999 1307 3190 1362 melius
3214 1289 3416 1382 aliquid
3441 1313 3556 1370 fieri

1971 1383 2239 1476 debuisse,
2269 1395 2321 1442 et
2361 1387 2463 1444 hoc
2501 1391 2665 1446 Deum
2706 1392 2902 1452 vidisse
2945 1411 3049 1452 non
3077 1408 3259 1470 putet;
3291 1412 3383 1460 aut
3408 1415 3559 1476 putet

1971 1475 2187 1541 vidisse,
2211 1488 2263 1533 et
2283 1481 2461 1536 credat
2483 1481 2657 1539 facere
2677 1485 2942 1557 noluisse;
2961 1499 3052 1569 aut
3064 1493 3295 1552 voluisse
3313 1497 3551 1572 quidem,

1969 1569 2068 1648 sed
2094 1571 2310 1647 minime
2338 1573 2612 1644 potuisse?
2647 1579 2866 1638 Avertat
2908 1581 3012 1639 hoc
3056 1585 3196 1655 Deus
3237 1603 3268 1642 a
3308 1569 3559 1648 cordibus

1977 1662 2208 1754 piorum.
2246 1663 2300 1719 Si
2328 1680 2454 1736 ergo
2490 1668 2626 1722 ratio
2668 1679 2813 1726 recta
2843 1673 3213 1746 demonstrat,
3243 1661 3557 1738 rationalem

1975 1763 2269 1808 creaturam
2299 1755 2442 1810 illam
2473 1773 2593 1814 esse
2613 1761 2909 1829 meliorem,
2938 1781 3056 1836 qua:
3078 1767 3222 1822 nulla
3253 1769 3560 1828 inobedien-

1977 1843 2047 1930 tia
2077 1845 2276 1899 deserit
2306 1847 2490 1917 Deum,
2521 1866 2678 1920 quam
2707 1853 2858 1908 istam
2883 1871 2999 1926 qua:
3026 1857 3096 1911 ita
3123 1858 3394 1916 deseruit:
3428 1863 3562 1919 sciat

1975 1938 2212 2008 quisquis
2245 1940 2343 1994 hoc
2372 1942 2528 2011 sapit,
2561 1959 2658 1997 nec
2685 1945 2826 2000 illam
2859 1947 3047 2005 deesse
3073 1950 3380 2010 coelestibus
3401 1953 3560 2014 rebus

1975 2042 2094 2097 qua:
2115 2046 2379 2100 nunquam
2401 2031 2601 2087 deserit
2623 2034 2808 2101 Deum,
2830 2053 2929 2093 nec
2951 2021 3196 2097 istam'ita
3220 2058 3339 2100 esse
3363 2045 3558 2104 factam

1975 2129 2034 2174 ut
2061 2121 2235 2192 aliqua
2267 2125 2587 2181 necessitate
2633 2127 2886 2186 deserere
2931 2143 3212 2206 cogeretur
3258 2137 3457 2208 Deum;
3505 2150 3560 2206 et

1975 2214 2097 2284 quia
2129 2215 2401 2272 voluntate
2432 2217 2697 2288 deseruit,
2729 2223 2859 2278 nihil
2887 2240 2954 2281 ex
2993 2225 3094 2283 hoc
3118 2229 3438 2288 diminutum
3469 2249 3558 2290 sa-

1975 2304 2317 2375 pientissimis
2343 2308 2778 2380 dispositionibus
2803 2315 2933 2385 Dei,
2958 2319 3047 2389 qui
3072 2329 3125 2374 et
3151 2322 3305 2377 malis
3343 2324 3478 2382 bene
3505 2335 3560 2382 et

1974 2399 2247 2467 perversis
2272 2409 2416 2456 recte
2442 2403 2625 2468 utitur,
2651 2413 2705 2460 et
2728 2405 2795 2461 de
2816 2407 3050 2465 humano
3071 2393 3266 2483 genere
3281 2413 3424 2485 juste
3449 2431 3562 2472 me-

1974 2488 2183 2560 ritoque
2203 2491 2453 2548 damnato
2477 2493 2728 2551 familiam
2752 2508 2990 2556 sanctam
3011 2511 3170 2576 atque
3193 2485 3556 2576 numerosam,

1974 2579 2080 2636 non
2109 2583 2223 2654 cjus
2255 2585 2474 2650 merito,
2518 2587 2609 2642 sed
2639 2589 2808 2658 gratia
2831 2608 2923 2646 sua
2955 2594 3177 2669 factam,
3218 2596 3271 2652 in
3301 2585 3559 2655 aeternum

1974 2689 2194 2745 regnum
2225 2691 2284 2732 se
2310 2679 2687 2736 translaturum
2718 2697 2838 2738 esse
2869 2693 3111 2742 testatur.

2044 2766 2132 2822 2|.
2168 2768 2296 2836 Quae
2335 2785 2455 2825 cum
2486 2772 2558 2827 ita
2587 2773 2726 2841 sint,
2771 2790 2869 2830 nec
2907 2777 3048 2834 Deus
3074 2779 3344 2838 occultare
3377 2781 3560 2846 debuit

1973 2856 2196 2930 lignum,
2245 2862 2385 2930 quod
2432 2873 2650 2933 propter
2676 2861 3083 2924 consecuturam
3124 2869 3358 2928 hominis
3398 2854 3561 2930 mise-

1973 2953 2130 3022 riam,
2155 2957 2198 3009 si
2228 2972 2295 3010 ex
2328 2957 2416 3012 illo
2445 2967 2627 3013 contra
2655 2960 3066 3030 prohibitionem
3100 2975 3354 3038 usurpato
3373 2967 3560 3038 digno,-

1975 3057 2148 3102 sccrct
2174 3063 2202 3102 a
2231 3064 2335 3119 quo
2365 3049 2504 3106 bono
2534 3051 2854 3124 decidisset,
2879 3055 3006 3134 etin
3033 3058 3170 3128 quod
3199 3059 3397 3128 malum
3428 3061 3561 3130 inci-

1974 3141 2163 3210 disset,
2189 3143 2477 3214 appellavit
2503 3146 2700 3216 lignum
2730 3148 3112 3220 dignoscentiae
3150 3152 3275 3210 boni
3315 3163 3369 3212 et
3407 3153 3556 3211 mali.

1974 3234 2249 3318 Curenim
2279 3236 2568 3294 occultaret
2592 3239 2658 3294 de
2685 3255 2791 3314 quo
2816 3241 3120 3306 mandatum
3164 3225 3354 3322 dabat,
3382 3253 3436 3306 et
3463 3260 3562 3317 per

1974 3326 2115 3401 quod
2137 3327 2495 3384 obedientiam
2517 3331 2962 3387 commendabat?
2981 3333 3089 3390 Nec
3110 3335 3321 3409 ignarus
3343 3335 3441 3391 fuit
3462 3337 3560 3398 ho-

1973 3421 2171 3490 minem
2199 3434 2546 3491 peccaturum
2575 3441 2589 3478 :
2621 3424 2717 3480 sed
2757 3424 2919 3490 simul
2947 3427 3106 3482 etiam
3126 3467 3143 3498 ,
3185 3425 3310 3499 quid
3345 3428 3473 3505 justi
3504 3442 3559 3508 et

1973 3511 2097 3572 boni
2129 3513 2300 3570 fuerat
2342 3523 2397 3571 et
2437 3515 2504 3571 de
2532 3527 2786 3588 peccante
2832 3517 3091 3588 facturus,
3127 3534 3334 3590 summa
3377 3522 3560 3594 utique

1973 3603 2248 3674 divinitate
2293 3607 2580 3676 pratscivit.
2623 3608 2735 3664 Nec
2778 3610 3006 3666 instituit
3049 3611 3190 3687 quod
3233 3613 3482 3684 obesset,
3509 3595 3556 3672 Si

1974 3693 2135 3766 homo
2165 3696 2264 3750 sibi
2291 3696 2481 3753 obesse
2507 3699 2768 3756 noluisset
2797 3719 2812 3757 :
2839 3701 2935 3758 sed
2960 3703 3137 3774 potius
3163 3703 3386 3762 instituit
3407 3706 3554 3782 quod

1973 3788 2283 3868 prodesset;
2325 3791 2445 3866 quia
2489 3790 2650 3867 homo
2688 3808 2796 3848 non
2819 3795 2954 3868 ‘sine
2980 3796 3116 3872 bona
3152 3798 3401 3858 mercede
3427 3800 3556 3860 obe-

1973 3881 2228 3937 dientiam
2261 3884 2623 3954 custodisset,
2651 3895 2705 3941 et
2737 3901 2841 3942 non
2883 3887 2999 3944 sine
3039 3889 3154 3956 utili
3190 3891 3470 3962 exemplo,
3497 3899 3558 3950 ut

1973 3991 2090 4032 eam
2122 3977 2291 4032 sancti
2334 3977 2448 4048 ejus
2491 3979 2690 4049 posteri
2737 3980 3102 4050 custodirent,
3144 3998 3330 4056 poenas
3371 3984 3559 4058 inube-

1974 4068 2186 4126 dientiae
2213 4071 2575 4140 persolvisset.
2604 4071 2715 4126 Nec
2737 4074 2904 4128 voluit
2925 4074 3067 4145 quod
3091 4091 3196 4131 non
3226 4078 3428 4147 potuit:
3453 4079 3554 4135 hoc

1973 4161 2115 4220 enim
2140 4162 2322 4228 voluit,
2357 4171 2414 4230 ut
2439 4173 2531 4218 aut
2555 4164 2810 4221 obediens
2839 4166 3000 4221 homo
3023 4177 3204 4238 esset,
3240 4177 3333 4224 aut
3369 4170 3555 4234 inobo:

1973 4253 2127 4310 dicas
2167 4255 2383 4324 impune
2409 4271 2515 4311 non
2534 4266 2692 4313 esset.
2714 4257 2824 4313 Nec
2846 4257 3173 4318 infructuose
3200 4262 3394 4329 voluit,
3415 4263 3556 4333 quod

1973 4348 2135 4414 homo
2161 4365 2267 4407 non
2297 4349 2468 4406 fuerat
2495 4360 2820 4418 servaturos,
2847 4352 3075 4424 jubere:
3106 4355 3228 4425 quia
3259 4370 3413 4426 poena
3436 4371 3558 4423 cou-

1974 4444 2253 4514 temptaris
2296 4443 2479 4504 docuit
2524 4445 2656 4507 alios
2701 4444 2938 4502 obedire.
2967 4445 3078 4510 Nec
3107 4447 3158 4502 in
3189 4447 3405 4511 homine
3427 4464 3557 4518 pars

1972 4534 2067 4592 Dei
2091 4533 2286 4590 restitit
2305 4533 2454 4588 Deo:
2484 4535 2608 4605 quia
2635 4535 2680 4590 si
2717 4536 2946 4592 hominis
2977 4538 3156 4594 anima
3183 4519 3428 4608 pars‘Dei
3463 4555 3555 4596 es-

1972 4634 2074 4692 set,
2101 4640 2200 4680 nec
2220 4641 2250 4680 a
2270 4640 2330 4681 se
2354 4625 2486 4695 ipsa,
2510 4641 2610 4682 nec
2629 4626 2694 4682 ab
2719 4627 2895 4697 aliquo
2913 4627 3106 4700 decipi,
3137 4645 3238 4688 nec
3260 4630 3330 4700 ad
3355 4631 3554 4702 aliquid

1972 4719 2111 4776 male
2154 4717 2485 4784 faciendum,
2535 4717 2648 4776 sive
2698 4719 3003 4790 patiendum
3023 4763 3038 4789 ,
3091 4721 3197 4790 ulla
3241 4724 3560 4790 necessitate

1975 4812 2260 4882 compelli,
2295 4827 2394 4868 nec
2422 4811 2475 4867 in
2504 4813 2699 4876 melius
2723 4813 2806 4870 vel
2835 4813 3074 4871 deterius
3111 4817 3306 4874 mutari
3336 4817 3556 4874 omnino

1973 4904 2254 4975 potuisset.
2447 4948 2449 4950 .

2044 4995 2134 5050 22.
2161 4994 2343 5058 Flatus
2379 5002 2559 5052 autem
2604 4994 2696 5052 ille
2737 4995 2829 5052 Dei
2872 4995 2963 5067 qui
3004 4995 3272 5073 hominem
3301 4997 3556 5054 animavit

1977 5085 2125 5160 (.Gen.
2155 5103 2194 5153 ι,
2225 5086 2304 5157 7),
2333 5085 2504 5144 factus
2524 5094 2606 5142 est
2627 5085 2696 5142 ab
2717 5086 2852 5157 ipso,
2881 5101 2989 5148 non
3014 5086 3080 5142 de
3101 5087 3217 5156 ipso
3239 5089 3278 5141 ι.
3303 5087 3434 5155 Quia
3456 5103 3556 5144 nec

1973 5179 2205 5235 hominis
2225 5177 2401 5245 ﬂatus,
2426 5179 2657 5243 hominis
2683 5193 2806 5250 pars
2829 5187 2944 5244 est;
2972 5194 3072 5237 nec
3095 5178 3258 5236 homo
3278 5193 3400 5255 eum
3426 5177 3555 5236 facit

1972 5271 2042 5329 de
2089 5287 2148 5330 se
2187 5273 2338 5344 ipso,
2384 5272 2481 5331 sed
2525 5288 2593 5330 ex
2631 5273 2780 5330 aerio
2816 5271 2985 5328 halitu
3024 5279 3238 5343 sumpto
3263 5280 3318 5329 et
3343 5270 3552 5329 eﬂ‘uso:

1973 5365 2114 5424 Deus
2141 5380 2267 5422 vero
2295 5366 2466 5437 potuit
2493 5375 2547 5423 et
2572 5365 2640 5422 de
2667 5364 2867 5432 nihilo,
2897 5374 2955 5423 et
2978 5364 3176 5420 vivum.
3202 5364 3551 5424 rationalem-

1973 5473 2076 5530 que
2101 5460 2144 5527 ‘,
2172 5459 2313 5528 quod
2341 5474 2450 5515 non
2478 5467 2654 5531 potest
2679 5457 2861 5515 homo.
2892 5457 3146 5526 Quamvis
3167 5458 3414 5515 nonnulli
3439 5458 3555 5515 exi-

1972 5551 2190 5608 stiment
2213 5567 2321 5609 non
2346 5559 2473 5608 tunc
2497 5551 2790 5608 animatum
2817 5550 3045 5620 primum
3071 5549 3362 5616 hominem,
3386 5565 3555 5622 quan-

1972 5642 2042 5701 do
2085 5643 2226 5700 Deus
2269 5644 2321 5698 in
2365 5643 2480 5712 ejus
2525 5641 2715 5698 faciem
2759 5640 3028 5710 sufﬂavit,
3067 5649 3124 5700 et
3169 5640 3340 5700 factus
3376 5649 3462 5698 est
3499 5639 3556 5696 in

2027 5751 2053 5790 ι
2089 5751 2238 5801 Editio
2251 5758 2382 5810 ιιοιι.ν
2404 5760 2499 5799 non
2515 5747 2578 5814 de
2595 5761 2647 5799 se
2662 5747 2783 5814 ipso.
2806 5751 2958 5814 uinus
2977 5749 3127 5800 bene.

2033 5815 2055 5846 ³
2088 5814 2172 5880 llic
2194 5822 2293 5880 Am.
2320 5808 2394 5880 Er,
2418 5818 2473 5880 et
2494 5808 2803 5879 aliquot'ats.
2843 5812 3041 5880 addunt,
3471 5819 3557 5857 ως

1969 5875 2138 5930 dices,‘
2162 5867 2392 5924 redderef
2413 5875 2520 5923 Lov;
2545 5867 2655 5922 cum
2679 5873 2923 5927 nonnullis
2950 5867 3354 5933 'alil's'eodicibus',
3375 5869 3553 5932 facere.

1970 5938 2202 5990 omittunt
2223 5937 2453 6002 praecipui
2475 5937 2831 5994 manuscrintj...
3208 5945 3210 5948 ν
3431 5956 3435 5960 .
3491 5941 3499 5958 .

3557 5999 3598 6075 \.
