4094 6450
528 523 638 584 615

530 640 763 696 animam
782 633 990 703 vivam;
1019 633 1113 690 sed
1134 642 1257 687 tunc
1275 628 1545 698 accepisse
1567 627 1821 698 Spiritum
1844 635 2107 682 sanctum.

531 730 819 801 Quodlibet
839 737 1016 783 autem
1045 725 1235 780 horum
1271 720 1579 777 credibilius
1607 719 1936 786 ostendatur,
1968 716 2112 773 unde

528 836 670 879 nunc
698 822 911 891 longum
942 826 1023 873 est
1058 815 1360 884 disputare;
1382 812 1613 869 animam
1650 820 1826 866 tamen
1853 824 1961 867 non
1986 821 2108 863 esse

527 923 733 986 partem
765 911 879 976 Dei,
910 923 1009 965 nec
1033 906 1100 963 de
1124 904 1417 961 substantia
1443 911 1497 958 et
1518 912 1703 958 natura
1725 903 1841 971 ejus
1869 908 2109 956 creatam

526 1006 641 1061 sive
666 1003 947 1074 prolatam,
974 997 1070 1054 sed
1097 1012 1166 1054 ex
1190 995 1357 1051 nihilo
1378 993 1568 1049 factam
1586 1036 1602 1063 ,
1630 993 1872 1050 dubitare
1901 992 1980 1047 fas
2002 1004 2109 1045 non

527 1104 631 1151 est.
2001 1132 2004 1135 .

598 1181 824 1241 CAPUT
878 1180 992 1238 XV.
1013 1181 1191 1238 —25.
1219 1180 1333 1237 Non
1376 1181 1572 1250 itaque,
1615 1176 1750 1231 sicut
1776 1175 1849 1229 ait
1875 1174 1977 1228 iste
1996 1169 2111 1228 bla-

525 1277 801 1348 sphemus,
834 1274 1101 1331 invenitur
1147 1286 1367 1342 serpens
1414 1272 1467 1325 in
1517 1269 1636 1323 loco
1679 1265 1900 1321 meliore
1947 1276 2107 1333 quam

470 1374 474 1378 ‘
530 1367 695 1436 Deus,
716 1368 839 1438 quia
860 1365 1135 1437 praevaluit
1159 1364 1407 1433 decipere
1424 1360 1693 1416 hominem
1719 1372 1879 1428 quem
1906 1354 2109 1409 fecerat

526 1458 668 1514 Deus
701 1457 719 1529 (
750 1456 877 1512 Gen.
909 1471 987 1522 ιιι,
1007 1452 1321 1527 l-6).Nullo
1348 1451 1491 1507 enim
1518 1447 1676 1504 modo
1715 1447 1875 1501 homo
1904 1443 2111 1513 decipe-

525 1557 690 1617 retur,
719 1548 763 1603 si
790 1562 896 1602 non
926 1546 978 1600 in
1008 1560 1068 1600 se
1095 1543 1326 1609 exaltato
1356 1540 1519 1597 corde
1563 1538 1872 1594 recessisset
1908 1550 1940 1590 a
1974 1536 2107 1591 Deo.

522 1638 662 1695 Vera
680 1639 894 1709 quippe,
917 1635 1167 1707 quoniam
1191 1633 1368 1689 divina
1393 1640 1496 1698 est,
1534 1630 1621 1684 illa
1653 1628 1913 1684 sententia
1940 1643 1953 1679 :
1979 1624 2108 1680 Ante

524 1730 726 1784 ruinam
754 1728 1006 1783 exaltatur
1034 1724 1156 1795 cor(
1182 1722 1334 1777 Prov.
1367 1738 1454 1777 xvr
1476 1761 1490 1787 ,
1522 1718 1651 1791 ‘18).
1681 1718 1749 1773 Et
1792 1718 1882 1773 ubi
1920 1723 2106 1771 contra

524 1821 695 1878 Deum
722 1821 1003 1885 exaltatur,
1046 1818 1118 1873 ibi
1158 1817 1225 1870 ab
1256 1815 1348 1870 illo
1376 1814 1661 1880 deseritur,
1705 1820 1758 1867 et
1785 1812 1835 1865 in
1866 1827 1924 1866 se
1954 1818 2108 1865 tene-

522 1914 727 1970 bratur.
757 1912 893 1983 Quid
916 1919 1092 1967 autem
1115 1910 1331 1975 mirum,
1360 1910 1406 1964 si
1433 1908 1557 1963 dum
1582 1906 1911 1972 tenebratur,
1933 1907 2107 1960 nescit

522 2005 649 2077 quid
677 2012 965 2075 sequatur:
997 2003 1245 2073 quoniam
1294 2017 1399 2055 non
1444 2017 1473 2054 a
1522 2015 1581 2055 se
1622 2002 1737 2069 ipso
1777 1999 1955 2053 lumen
1985 2006 2101 2065 est,

522 2097 618 2153 sed
657 2096 724 2150 ab
767 2096 856 2149 illo
903 2094 993 2165 qui
1038 2102 1120 2149 est
1163 2094 1374 2157 lumen,
1418 2092 1778 2147 illuminatur?
1802 2090 1952 2158 Quod
1978 2105 2106 2162 ergo

521 2185 664 2242 Deus
690 2200 901 2255 semper
929 2184 1155 2238 invictus
1176 2184 1261 2249 sit,
1284 2184 1444 2238 etiam
1467 2184 1626 2237 homo
1647 2182 1816 2237 victus
1836 2181 2101 2236 ostendit:

464 2310 471 2317 -
521 2278 645 2349 quia
674 2276 845 2331 victus
876 2290 983 2331 non
1011 2275 1215 2341 fuisset,
1248 2275 1293 2329 si
1320 2274 1386 2328 ab
1416 2274 1614 2329 invicto
1637 2290 1742 2328 non
1766 2273 2102 2328 recessisset.

520 2368 797 2438 Quomodo
826 2376 906 2423 εει
933 2375 1112 2422 autem
1140 2366 1310 2421 victor
1347 2365 1579 2420 hominis
1622 2364 1896 2433 deceptor,
1923 2378 2042 2418 cum
2071 2378 2103 2418 a

520 2462 807 2530 semetipso
848 2460 919 2515 sit
958 2460 1119 2516 etiam
1159 2458 1273 2529 ipse
1301 2458 1597 2528 deceptus?
1631 2456 1784 2513 Unde
1818 2467 1871 2513 et
1897 2457 1986 2513 ille
2013 2457 2103 2527 qui

521 2552 748 2624 decepit,
778 2562 832 2609 et
859 2552 949 2608 ille
978 2567 1135 2623 quem
1160 2550 1387 2620 decepit,
1423 2551 1580 2605 ambo
1610 2550 1817 2619 decepti
1849 2557 1991 2615 sunt,
2018 2565 2104 2603 re-

522 2644 762 2701 cedendo
787 2644 855 2699 ab
882 2659 947 2699 eo
976 2643 1064 2714 qui
1092 2657 1195 2697 non
1238 2650 1414 2713 potest
1446 2641 1655 2711 decipi;
1705 2650 1757 2696 et
1793 2641 1949 2696 ambo
1980 2648 2105 2695 sunt

523 2736 673 2802 victi,
705 2734 1005 2791 recedendo
1048 2734 1115 2788 ab
1158 2748 1223 2788 eo
1266 2733 1354 2803 qui
1398 2748 1502 2787 non
1541 2742 1712 2803 potest
1741 2734 1899 2787 vinci.
1928 2732 1974 2785 A
1998 2746 2103 2802 quo

521 2827 703 2897 utique
728 2826 817 2897 qui
850 2826 964 2895 plus
990 2824 1210 2889 recedit,
1237 2824 1357 2893 plus
1386 2824 1645 2889 vincitur;
1676 2825 1799 2893 quia
1846 2832 1991 2877 tanto
2020 2831 2103 2878 est

520 2918 761 2985 inferior,
791 2926 987 2989 quanto
1012 2917 1263 2973 deterior.
1290 2915 1359 2971 Et
1388 2916 1506 2971 ideo
1534 2930 1752 2971 necesse
1781 2924 1861 2970 est
1881 2956 1895 2979 ,
1928 2926 1985 2970 ut
2011 2917 2101 2986 qui

521 3012 718 3068 malum
750 3012 901 3067 alteri
920 3011 1064 3080 prius
1083 3008 1359 3065 inferendo
1382 3010 1594 3064 vincere
1620 3008 1849 3073 videtur,
1874 3008 2102 3077 amplius

524 3103 641 3175 ipse
671 3104 868 3159 bonum
898 3101 1189 3158 amittendo
1221 3102 1504 3155 vincatur:
1538 3115 1634 3154 nec
1679 3098 1791 3152 ﬁeri
1832 3107 2003 3167 potest
2042 3107 2103 3152 ut

522 3193 575 3250 ei
600 3194 669 3249 sit
692 3194 840 3249 locus
869 3193 1075 3258 melior,
1108 3205 1229 3247 cum
1257 3204 1413 3245 causa
1456 3190 1523 3243 sit
1557 3189 1725 3259 pejor.
1760 3188 1827 3241 Et
1854 3187 1995 3257 quod
2033 3186 2101 3241 ad

521 3293 734 3355 tempus
778 3284 1118 3355 prrcvaluisse
1160 3283 1303 3336 visus
1328 3288 1409 3334 est
1438 3278 1680 3333 diabolus
1708 3278 1918 3332 homine
1946 3292 2100 3348 supe‘

520 3386 667 3442 rato,
699 3377 859 3431 etiam
884 3375 961 3430 sic
989 3376 1040 3428 in
1084 3381 1339 3444 mternum
1367 3371 1535 3424 victus
1572 3378 1653 3423 est
1690 3368 1905 3423 homine
1948 3382 2104 3437 repa-

521 3476 657 3523 rato.
682 3466 791 3521 Nec
817 3467 910 3521 Dei
938 3464 1237 3520 conﬁtentis
1266 3461 1429 3517 verba
1465 3468 1621 3527 sunt,
1667 3459 1761 3514 sed
1807 3460 1980 3529 potius
2008 3475 2103 3515 ex-

522 3559 820 3630 probrantis
850 3574 864 3609 :
898 3557 1024 3610 Ecce
1052 3555 1212 3608 Adam
1261 3558 1423 3623 factus
1471 3561 1541 3605 est
1589 3561 1825 3620 tanquam
1870 3566 1999 3604 unus
2040 3566 2104 3605 ea:

529 3651 673 3704 nobis
696 3649 847 3719 (Gen.
875 3664 952 3713 ιιι,
977 3646 1089 3715 εε).
1124 3644 1271 3700 Sicut
1304 3651 1358 3697 et
1384 3642 1665 3711 Apostolus
1695 3641 1784 3695 ubi
1812 3640 1959 3707 dicit,
1988 3639 2101 3694 Do-

526 3752 643 3797 nate
661 3743 784 3795 mihi
810 3742 938 3794 hanc
972 3738 1211 3808 injuriam
1238 3735 1302 3807 (ll
1323 3733 1438 3790 Cor.
1462 3750 1555 3800 xu,
1579 3732 1691 3804 15),
1716 3734 1895 3803 utique
1914 3749 1945 3787 a
1973 3747 2103 3788 con-

528 3833 693 3889 trario
721 3832 835 3885 vult
859 3828 1100 3898 intelligi,
1129 3828 1174 3882 si
1198 3826 1335 3881 adsit
1357 3825 1727 3896 pronuntiator
1749 3824 1959 3893 doctus,
1992 3839 2099 3881 non

524 3922 873 3979 calumniator
900 3919 1161 3974 indoctus.

595 4014 687 4069 24.
715 4014 881 4069 Porro
906 4021 1083 4067 autem
1103 4052 1119 4077 ,
1148 4010 1235 4065 cui
1264 4008 1507 4079 displicet
1536 4016 1783 4078 peccator
1803 4008 2100 4078 prohibitus

527 4120 558 4160 a
578 4105 720 4175 ligno
745 4104 887 4170 vitae,
910 4100 1038 4173 quid
1060 4100 1161 4156 nisi
1191 4100 1406 4169 impune
1434 4100 1549 4153 vult
1576 4100 1713 4154 male
1747 4099 1963 4154 vivere?
1992 4098 2100 4155 Nec

523 4212 769 4266 magnum
794 4204 909 4252 erat
934 4195 1062 4260 Deo,
1093 4200 1146 4248 et
1172 4192 1276 4246 alio
1304 4191 1545 4261 quolibet
1582 4189 1742 4245 modo
1782 4190 1943 4244 vitam
1969 4188 2096 4243 sub-

524 4288 736 4344 trahere
763 4287 964 4341 homini
1007 4299 1162 4354 quem
1191 4284 1371 4338 vivere
1400 4282 1659 4336 noluisset
1684 4299 1695 4334 :
1725 4282 1818 4337 sed
1847 4281 2096 4352 quoniam

522 4380 809 4435 rationales
836 4377 1027 4432 anima:
1052 4376 1119 4431 de
1157 4375 1412 4445 sapientia
1444 4375 1647 4441 vivunt,
1688 4389 1913 4443 quarum
1952 4389 2096 4431 mors

521 4480 605 4528 est
642 4470 939 4541 insipientia
962 4507 975 4533 ,
1005 4468 1162 4538 hujus
1198 4467 1277 4522 rei
1315 4464 1673 4537 signiﬁcanda:
1699 4466 1863 4536 gratia
1894 4466 2095 4538 lignum

519 4564 642 4619 vita:
668 4564 720 4617 in
752 4562 996 4633 paradiso
1024 4562 1197 4618 fructu
1240 4575 1340 4615 suo
1386 4559 1519 4613 mori
1547 4558 1819 4614 hominem
1848 4574 1947 4615 nec
1970 4574 2094 4616 cor-

520 4674 654 4730 pore
681 4658 896 4715 sineret.
926 4657 1079 4726 Quod
1120 4672 1247 4727 ergo
1294 4655 1417 4710 inde
1460 4662 1735 4724 separatus
1766 4652 1987 4707 traditus
2011 4660 2096 4709 est

521 4749 701 4817 morti,
726 4747 1117 4804 consumendus
1137 4754 1311 4811 tetate,
1339 4744 1478 4815 quod
1502 4757 1830 4814 nequaquam
1854 4742 1927 4796 illi
1950 4741 2092 4797 acci-

518 4840 703 4904 disset,
737 4840 782 4895 si
806 4852 1019 4908 semper
1056 4836 1243 4891 eodem
1270 4835 1389 4889 cibo
1416 4834 1700 4900 frueretur,
1741 4831 2090 4901 signiﬁcatum

519 4928 763 5000 estquod
790 4929 934 4999 prius
962 4927 1031 4981 ab
1056 4925 1317 4993 spirituali
1347 4924 1469 4979 vitae
1497 4925 1638 4995 ligno
1665 4931 1881 4994 propter
1907 4937 2094 4993 pecca-

520 5029 631 5076 tum
658 5021 832 5075 anima
854 5019 969 5089 ejus
997 5018 1212 5073 exclusa
1240 5025 1343 5083 est,
1366 5025 1420 5072 et
1445 5016 1519 5070 ita
1542 5018 1557 5047 ¹
1581 5013 1808 5085 quadam
1833 5028 1927 5069 sua
1952 5014 2090 5070 inte-

517 5111 660 5165 riore
683 5119 854 5164 morte
878 5109 986 5178 jam
1016 5116 1241 5163 mortua.
1270 5107 1402 5163 Nam
1441 5106 1509 5162 de
1545 5105 1801 5176 sapientia
1834 5106 2090 5176 scriptum

517 5210 629 5255 est:
648 5201 868 5272 Lignum
890 5200 1001 5254 vita:
1019 5209 1089 5254 est
1106 5198 1515 5271 amplectentibus
1540 5212 1649 5250 eam
1670 5195 1851 5269 (Prov.
1875 5212 1951 5264 ιιι,
1974 5196 2087 5270 18).

516 5291 668 5357 Quod
695 5292 794 5346 iste
818 5306 924 5346 non
948 5291 1249 5360 intelligens
1274 5289 1348 5342 ait
1373 5306 1384 5341 :
1420 5288 1675 5354 Quatenus
1702 5302 1818 5358 ergo
1841 5296 1959 5341 ante
1980 5304 2091 5341 ma-

514 5382 746 5436 ledictum
773 5382 1068 5438 immortalis
1106 5383 1254 5435 homo
1294 5387 1530 5451 perpetuo
1563 5379 1723 5433 vivere
1748 5387 1961 5447 poterat,
2000 5381 2089 5451 qui

514 5476 737 5529 nondum
765 5492 828 5531 ea:
854 5476 953 5531 ista
979 5474 1157 5529 arbore
1196 5473 1357 5526 cibum
1381 5470 1885 5541 sumpserat?Quasi
1910 5471 1959 5525 ei
1985 5470 2087 5525 ali-

513 5566 633 5636 quis
659 5566 873 5634 dixerit,
912 5574 1005 5621 aut
1051 5566 1106 5620 in
1148 5563 1239 5619 illo
1282 5563 1418 5618 libro
1461 5562 1652 5617 alicubi
1693 5561 1901 5631 legerit,
1946 5561 2087 5630 quod

408 5686 411 5691 -
513 5656 750 5712 nondum
777 5659 947 5711 Adam
974 5664 1275 5726 sumpserat
1296 5669 1364 5710 ex
1388 5654 1510 5710 cibo
1531 5653 1741 5708 arboris
1779 5654 1919 5707 vitae.
1944 5653 2085 5721 Quin

511 5748 690 5817 potius
718 5746 1094 5817 intelligendus
1114 5755 1217 5811 est,
1240 5744 1491 5816 quoniam
1512 5743 1635 5800 inde
1663 5742 1739 5797 illi
1767 5744 1871 5797 vita
1894 5742 1947 5797 in
1973 5758 2086 5799 cor-

514 5851 644 5909 pore
672 5846 924 5909 perpetua
951 5838 1283 5908 suppetebat,
1312 5850 1380 5894 ne
1402 5843 1662 5893 vetustate
1681 5842 2085 5894 consumeretur

575 5948 594 5986 ⁸
628 5955 731 6001 Am.
756 5955 810 6002 et
827 5947 995 6014 plures
1015 5954 1141 6013 Itss.,
1164 5944 1275 6001 ista.

1040 513 1317 576 CONTRA
1352 508 1845 570 ADVERSARIUM
1880 506 2078 568 LEGIS
2110 504 2205 564 ET
2241 502 2775 581 PROPHETARUM,
2813 509 2870 570 S.
2915 507 3283 571 AUGUSTINI

3697 508 3817 576 616

2222 627 2417 695 aetatis,
2456 628 2524 683 ad
2568 627 2669 685 hoc
2715 627 2839 685 inde
2868 629 3167 700 prohibitus
3190 669 3206 696 ,
3236 635 3298 685 ut
3322 642 3393 686 ex
3415 627 3621 702 peccati
3644 646 3813 703 prena

2214 718 2325 790 jam
2351 720 2427 774 illi
2457 729 2601 776 esset
2622 721 2917 777 necessitas
2947 722 3158 777 mortis.

2285 808 2376 865 ‘25.
2421 810 2705 876 Quomodo,
2735 810 2923 882 inquit,
2970 827 3033 865 ea:
3058 810 3155 866 Dei
3180 810 3449 866 maledicto
3478 813 3609 868 mori
3633 830 3812 883 caspe-

2216 901 2303 968 rit,
2330 917 2445 954 cum
2474 904 2573 955 vita
2600 902 2712 972 ipsa
2738 918 2995 972 nunquam
3035 918 3097 956 ea:
3121 904 3233 972 ipso
3259 904 3459 958 initium
3499 906 3815 975 sumpserit?

2215 993 2376 1060 Quasi
2407 994 2668 1063 optaverit
2692 994 2741 1049 ei
2772 994 2910 1049 Deus
2934 1002 3183 1061 mortem,
3213 994 3350 1049 sicut
3376 994 3537 1049 homo
3557 995 3763 1051 homini
3794 1013 3809 1048 :

2214 1099 2277 1139 ac
2304 1100 2410 1139 non
2442 1085 2547 1140 Dei.
2565 1086 2724 1139 verba
2748 1084 2815 1139 ad
2842 1086 3159 1141 sententiam
3188 1086 3488 1155 pertineant
3514 1088 3807 1158 punientis,

2214 1193 2319 1232 non
2346 1176 2411 1231 ad
2454 1179 2585 1231 iram
2622 1178 3007 1233 maledicentis.
3036 1177 3232 1233 Punire
3255 1189 3433 1235 autem
3470 1190 3638 1235 morte
3676 1195 3811 1235 cor-

2214 1271 2404 1341 porali,
2440 1270 2535 1325 fuit
2574 1286 2602 1324 a
2628 1272 2749 1326 vita:
2785 1270 2975 1327 arbore
3016 1287 3289 1341 separare,
3318 1287 3439 1327 cum
3478 1272 3586 1341 jam
3617 1271 3812 1328 fuisset

2214 1362 2557 1433 spiritualiter
2581 1371 2837 1431 mortuus,
2868 1363 3048 1418 animo
3076 1364 3256 1434 utique
3296 1374 3573 1435 separatus
3600 1364 3668 1417 ab
3698 1364 3809 1418 ali—

2214 1464 2397 1509 mento
2440 1456 2736 1523 sapientiae.
2771 1456 2912 1511 Deus
2953 1456 3129 1525 itaque
3164 1455 3290 1526 quid
3318 1456 3369 1510 ei
3410 1457 3720 1527 contigisset
3749 1456 3809 1511 in

2213 1545 2413 1614 animo,
2474 1544 2773 1615 signiﬁcare
2820 1547 3022 1612 voluit,
3072 1547 3369 1617 separando
3410 1564 3530 1604 eum
3577 1564 3607 1602 a
3657 1550 3811 1618 ligno

2212 1636 2352 1701 vitae,
2377 1651 2484 1706 quo
2511 1635 2904 1705 signiﬁcabatur
2932 1638 3211 1706 sapientia.

2282 1726 2371 1780 26.
2415 1724 2520 1780 Sed
2566 1726 2681 1794 ista,
2724 1728 2913 1795 inquit,
2957 1726 3105 1779 arbor
3147 1743 3261 1797 qua:
3307 1730 3362 1780 in
3409 1728 3647 1797 paradiso
3691 1728 3810 1782 vita

2212 1816 2408 1887 fructus
2432 1818 2641 1887 ferebat,
2670 1819 2751 1871 cui
2776 1816 3051 1889 proderat?
3078 1817 3195 1883 Cui,
3220 1818 3322 1872 nisi
3353 1819 3455 1873 illis
3486 1820 3672 1888 primis
3700 1818 3808 1873 ho-

2212 1908 2464 1976 minibus,
2490 1909 2725 1963 masculo
2755 1918 2811 1964 et
2839 1908 3067 1974 feminte,
3096 1909 3187 1979 qui
3218 1909 3272 1963 in
3301 1909 3546 1979 paradiso
3588 1908 3809 1965 fuerant

2212 2000 2528 2055 constituti?
2570 2000 2771 2055 Deinde
2796 2001 2915 2057 istis
2954 2000 3022 2055 de
3048 2000 3295 2071 paradiso
3332 2015 3428 2071 pro
3455 2002 3649 2056 merito
3689 2016 3808 2055 suae

2213 2091 2503 2161 iniquitatis
2542 2092 2726 2161 ejectis
2757 2094 2952 2147 mansit
2991 2092 3060 2147 ad
3097 2094 3406 2148 memoriam
3442 2090 3809 2163 signiﬁcanda:

2212 2182 2501 2250 spiritualis
2542 2183 2748 2237 arboris
2787 2184 2908 2238 vita:
2940 2183 3120 2253 :quod
3160 2194 3264 2251 εει,
3309 2192 3369 2239 ιιι
3404 2183 3652 2248 diximus,
3688 2184 3806 2253 ipsa

2211 2273 2490 2343 sapientia,
2550 2272 2822 2328 beatarum
2875 2273 3026 2329 cibus
3075 2274 3425 2330 immutabilis
3475 2276 3803 2329 animarum.

2213 2363 2397 2417 Utrum
2442 2372 2619 2417 autem
2665 2364 2755 2418 illo
2804 2364 2924 2419 cibo
2975 2374 3220 2419 vescatur
3258 2380 3399 2420 nunc
3438 2366 3646 2436 aliquis,
3694 2366 3805 2419 nisi

2211 2453 2346 2509 forte
2373 2456 2558 2510 Enoch
2580 2465 2631 2511 ει
2655 2455 2817 2523 Elias,
2840 2472 2947 2511 non
2974 2467 3175 2512 temere
3196 2458 3609 2513 asseverandum
3634 2467 3801 2527 puto:

2211 2547 2352 2617 ligno
2381 2556 2555 2602 tamen
2583 2547 2673 2602 illo
2701 2548 2840 2613 vitre,
2871 2548 3009 2617 quod
3049 2556 3131 2603 est
3158 2548 3210 2602 in
3238 2548 3495 2618 spirituali
3526 2548 3798 2618 paradiso,

2210 2641 2313 2694 nisi
2356 2639 2625 2695 alerentur
2669 2642 2859 2695 animae
2914 2640 3226 2707 beatorum,
3277 2656 3385 2695 non
3433 2655 3529 2710 pro
3575 2654 3805 2695 munere

2209 2732 2420 2801 pictatis
2460 2741 2513 2787 et
2560 2731 2883 2787 ﬁdelissimre
2930 2733 3300 2800 confessionis,
3340 2733 3562 2787 latronis
3602 2734 3803 2788 anima:

2208 2823 2472 2878 credentis
2520 2823 2572 2878 in
2620 2822 2888 2878 Christum
2919 2824 3216 2895 legeremus
3262 2824 3564 2895 paradisum
3606 2825 3801 2881 eodem

2209 2914 2296 2969 die
2324 2915 2487 2969 fuisse
2534 2929 2887 2971 concessum:
2917 2917 3094 2983 Amen,
3127 2917 3316 2987 inquit,
3348 2918 3461 2971 dico
3502 2918 3611 2985 tibi,
3644 2918 3801 2972 hodie

2210 3022 2400 3060 mecum
2442 3006 2540 3059 eris
2581 3008 2631 3058 in
2664 3006 2901 3075 paradiso
2929 3006 3079 3075 (Luc.
3113 3024 3264 3075 xxtn,
3296 3009 3411 3080 45).
3443 3009 3580 3065 Εεεε
3616 3019 3800 3066 autem

2210 3093 2280 3149 ibi
2322 3110 2439 3151 cum
2469 3095 2698 3161 Christo,
2752 3095 2854 3152 hoc
2897 3106 2979 3153 est
3007 3114 3127 3154 esse
3168 3114 3289 3155 cum
3316 3100 3437 3155 vita:
3468 3100 3631 3170 ligno.
3675 3100 3799 3172 Ipse

2208 3199 2290 3243 est
2332 3188 2525 3258 quippe
2569 3188 2856 3258 Sapientia,
2888 3190 2954 3245 de
2997 3207 3119 3261 qua,
3162 3201 3221 3247 ut
3263 3194 3505 3263 superius
3552 3210 3794 3251 comme-

2207 3280 2429 3347 moravi,
2456 3281 2710 3351 scriptum
2747 3292 2848 3352 est,
2889 3282 3109 3355 Lignum
3137 3286 3249 3340 vim:
3276 3296 3348 3342 est
3369 3289 3787 3359 amplectentibus

2205 3391 2338 3428 eam.

2277 3467 2503 3524 CAPUT
2530 3468 2673 3524 XVI.
2701 3499 2772 3511 —
2794 3469 2883 3526 27.
2910 3470 3302 3543 Numquidnam
3323 3483 3378 3531 et
3404 3475 3505 3532 hoc
3541 3477 3798 3534 refellen—

2206 3556 2335 3612 dum
2361 3569 2463 3626 est,
2491 3560 2635 3629 quod
2664 3561 2814 3616 velut
2842 3564 3052 3631 aculei,
3085 3572 3144 3619 ut
3172 3565 3271 3621 sibi
3300 3566 3527 3635 videtur,
3568 3568 3796 3625 irridet?

2205 3647 2406 3717 Primo,
2450 3652 2617 3707 Deum
2656 3670 2763 3709 non
2790 3657 3067 3725 praescisse
3092 3658 3235 3728 quod
3276 3661 3497 3732 contigit
3526 3679 3541 3715 :
3570 3662 3792 3731 deinde,

2204 3739 2427 3810 implere
2452 3756 2556 3797 non
2590 3743 2820 3799 valuisse
2847 3746 2988 3815 quod
3018 3763 3338 3819 magnopere
3365 3752 3614 3822 cogitavit
3644 3770 3657 3806 :
3685 3764 3797 3811 ter-

2206 3831 2300 3897 tio,
2329 3831 2396 3887 ad
2438 3833 2776 3890 maledictum
2813 3852 2872 3891 se
2899 3841 3229 3897 convertisse
3271 3852 3599 3913 superatum.
3630 3844 3788 3903 Unde

2202 3926 2303 3978 scit
2329 3924 2492 3979 Deum
2518 3941 2622 3980 non
2653 3928 2930 3997 praescisse
2958 3931 3097 4002 quod
3120 3933 3378 4004 contigit?
3406 3935 3491 3990 An
3517 3936 3639 4007 quia
3664 3953 3795 3995 con-

2204 4015 2357 4085 tigit?
2388 4015 2637 4084 Quinimo
2662 4020 2707 4073 si
2732 4035 2838 4076 non
2862 4025 3189 4094 contigisset,
3219 4028 3367 4083 nullo
3395 4030 3556 4085 modo
3581 4031 3633 4086 id
3653 4046 3793 4102 pra:-

2202 4107 2392 4163 scisset
2422 4107 2672 4175 futurum,
2704 4112 2825 4180 quia
2865 4128 2973 4168 non
3000 4124 3116 4170 erat
3140 4114 3396 4173 futurum.
3444 4119 3551 4175 Aut
3585 4122 3631 4175 si
3662 4136 3792 4191 ριό-

2202 4206 2381 4267 pterea
2425 4206 2572 4268 putat
2607 4216 2713 4255 non
2759 4205 3051 4274 prmscisse,
3092 4208 3213 4278 quia
3258 4212 3302 4264 si
3344 4213 3670 4282 praescisset,
3719 4229 3792 4271 ne

2199 4289 2532 4359 contingeret
2582 4292 2936 4361 providisset'
2964 4314 2978 4350 :
3006 4306 3182 4367 potest
3223 4298 3325 4357 hoc
3366 4312 3419 4357 et
3466 4303 3533 4359 de
3572 4303 3791 4361 Christo

2200 4380 2400 4450 dicere,
2429 4383 2520 4454 qui
2549 4383 2805 4441 talentum
2839 4387 2987 4444 dedit
3023 4390 3222 4447 homini
3251 4394 3382 4448 nihil
3422 4396 3788 4466 acquisituro;

2199 4476 2342 4546 quod
2384 4486 2665 4548 propterea
2710 4482 2893 4551 utique
2942 4482 3183 4553 dederat,
3235 4494 3295 4541 ut
3339 4488 3458 4558 ejus
3501 4498 3791 4560 augeretur

2199 4569 2442 4637 pecunia,
2475 4568 2727 4641 quidquid
2763 4580 2846 4627 est
2883 4573 3023 4642 quod
3069 4576 3154 4632 illa
3184 4577 3461 4649 signiﬁcat.
3493 4580 3634 4652 Ergo
3661 4583 3791 4652 quia

2199 4659 2419 4729 contigit
2452 4669 2511 4715 nt
2548 4661 2637 4717 ille
2673 4678 2766 4717 sua
2802 4663 3008 4734 pigritia
3038 4666 3171 4722 nihil
3200 4670 3520 4739 acquireret,
3551 4672 3655 4727 hoc
3677 4687 3788 4729 non

2198 4750 2465 4819 praescivit
2495 4751 2584 4806 ille
2622 4754 2711 4822 qui
2758 4753 2942 4809 dedit?
2966 4755 3145 4813 dicere
3188 4761 3349 4816 etiam
3390 4763 3629 4831 potest’,
3676 4779 3787 4821 non

2198 4832 2447 4909 implesse
2476 4840 2544 4895 de
2572 4840 2671 4896 hoc
2692 4843 2839 4899 lucro
2866 4840 3136 4903 Christum
3162 4852 3305 4920 quod
3339 4868 3663 4924 magnopere
3685 4870 3785 4911 co-

2197 4932 2400 5003 gitavit.
2448 4932 2627 4990 Potest
2666 4943 2721 4991 et
2767 4936 2895 4993 illud
2938 4941 3173 5010 tertium,
3219 4943 3286 4999 ad
3332 4946 3672 5003 maledictum
3724 4964 3786 5006 se

2196 5025 2525 5082 convertisse
2550 5037 2876 5098 superatum,
2906 5032 3155 5101 quoniam
3180 5036 3328 5103 dixit,
3361 5036 3541 5109 Ligate
3564 5040 3642 5094 illi
3667 5058 3783 5095 ma-

2196 5133 2291 5171 nus
2329 5126 2377 5170 et
2415 5118 2584 5188 pedes,
2640 5128 2686 5172 et
2736 5121 2967 5191 projicite
3004 5139 3119 5178 eum
3157 5126 3211 5180 in
3248 5127 3473 5183 tenebras
3513 5132 3782 5189 exteriores

2200 5206 2411 5280 (Matth.
2449 5225 2573 5276 xxv,
2602 5210 2777 5283 15-30)
2810 5232 2822 5266 :
2853 5213 2990 5269 sicut
3016 5215 3085 5271 de
3110 5217 3282 5273 Adam
3307 5220 3505 5277 dictum
3534 5232 3636 5291 est,
3664 5234 3723 5281 ut
3749 5241 3782 5279 a

2194 5301 2338 5372 ligno
2375 5302 2498 5357 vita:
2541 5313 2819 5373 separatus
2850 5317 3021 5363 morte
3066 5311 3228 5367 etiam
3256 5316 3496 5385 corporis
3520 5318 3784 5388 plectere-

2194 5402 2281 5447 tur
2323 5390 2477 5465 (Gen.
2528 5409 2606 5462 ιιι,
2653 5393 2888 5467 24,19).
2934 5397 3069 5455 lluic
3114 5402 3256 5457 enim
3308 5404 3511 5461 homini
3552 5407 3778 5476 diserto,

2190 5482 2486 5540 deﬁcientis
2505 5484 2527 5517 ⁸
2552 5485 2915 5557 maledictum,
2950 5489 3161 5549 videtur
3208 5497 3445 5566 potentis
3469 5497 3775 5569 imperium.

2254 5641 2272 5673 ί
2306 5648 2356 5691 In
2371 5646 2499 5702 Mss,
2524 5653 2617 5703 quo
2637 5641 2759 5693 velut
2782 5650 2936 5697 acute.

2253 5704 2273 5774 ξ
2306 5710 2381 5774 gr.
2409 5710 2461 5752 et
2482 5710 2613 5774 tov.,
2637 5705 2955 5774 prtevidisset.
2980 5715 3232 5774 corrupte.

2252 5764 2287 5839 ξ
2306 5771 2369 5839 [ξι
2391 5764 2676 5839 auctoritate
2687 5835 2694 5839 Δ
2716 5770 2958 5839 lin-Lugd.
2982 5778 3102 5839 ven.
3126 5764 3234 5824 inv.
3258 5777 3560 5827 restituimus
3581 5790 3767 5839 vocem,

2186 5830 2355 5899 potest,
2377 5838 2487 5899 qua
2525 5827 2761 5899 omittitur
2792 5830 2843 5879 in
2866 5827 2947 5899 ᾗ,
2971 5832 3131 5884 addita
3163 5841 3330 5888 tamen
3351 5839 3442 5890 hac
3462 5827 3771 5892 adnotatione

2187 5889 2439 5954 marginali
2463 5901 2476 5936 :
2511 5906 2532 5933 (ι
2554 5889 2966 5954 subaudi,_potest.
2991 5909 3015 5939 ι
3115 5901 3172 5946 Il.

2250 5948 2275 5984 ⁸
2300 5948 2380 6001 Er.
2400 5957 2452 6003 et
2478 5956 2624 6017 Lov.,
2651 5948 2938 6017 deﬁnientis.
2973 5963 3144 6015 Postea
3177 5962 3323 6017 etiam
3360 5961 3496 6031 loco,
3531 5962 3765 6038 potatus,
3804 5988 3807 5989 ν
