  <div class='ocr_page' id='page_1' title='image "/cluster/home/n/w/nwhite01/storage/ocr_20150623/42/hvd.32044015471493/314.png"; bbox 0 0 4094 6448; ppageno 0'>
   <div class='ocr_carea' id='block_1_1' title="bbox 298 425 408 485">
    <p class='ocr_par' dir='ltr' id='par_1_1' title="bbox 298 425 408 485">
     <span class='ocr_line' id='line_1_1' title="bbox 298 425 408 485; baseline -0.027 0"><span class='ocrx_word' id='word_1_1' title='bbox 298 425 408 485; x_wconf 70' lang='grc' dir='ltr'><strong>δι’]</strong></span> 
     </span>
    </p>
   </div>
   <div class='ocr_carea' id='block_1_2' title="bbox 300 527 1900 612">
    <p class='ocr_par' dir='ltr' id='par_1_2' title="bbox 300 527 1900 612">
     <span class='ocr_line' id='line_1_2' title="bbox 300 527 1900 612; baseline -0.011 -14"><span class='ocrx_word' id='word_1_2' title='bbox 300 543 460 598; x_wconf 90' lang='lat' dir='ltr'><strong>Dicat</strong></span> <span class='ocrx_word' id='word_1_3' title='bbox 483 554 612 612; x_wconf 90' lang='lat' dir='ltr'><strong>ergo</strong></span> <span class='ocrx_word' id='word_1_4' title='bbox 640 539 989 610; x_wconf 72' lang='lat' dir='ltr'><strong>impotentem</strong></span> <span class='ocrx_word' id='word_1_5' title='bbox 1015 535 1308 599; x_wconf 79' lang='lat' dir='ltr'><strong>Christum,</strong></span> <span class='ocrx_word' id='word_1_6' title='bbox 1337 531 1590 604; x_wconf 90' lang='lat' dir='ltr'><strong>quoniam</strong></span> <span class='ocrx_word' id='word_1_7' title='bbox 1613 529 1681 586; x_wconf 87' lang='lat' dir='ltr'><strong>de</strong></span> <span class='ocrx_word' id='word_1_8' title='bbox 1715 527 1900 599; x_wconf 87' lang='lat' dir='ltr'><strong>acqui-</strong></span> 
     </span>
    </p>
   </div>
   <div class='ocr_carea' id='block_1_3' title="bbox 299 620 1905 702">
    <p class='ocr_par' dir='ltr' id='par_1_3' title="bbox 299 620 1905 702">
     <span class='ocr_line' id='line_1_3' title="bbox 299 620 1905 702; baseline -0.009 -14"><span class='ocrx_word' id='word_1_9' title='bbox 299 633 470 689; x_wconf 76' lang='lat' dir='ltr'><strong>rendo</strong></span> <span class='ocrx_word' id='word_1_10' title='bbox 520 631 782 702; x_wconf 87' lang='lat' dir='ltr'><strong>spirituali</strong></span> <span class='ocrx_word' id='word_1_11' title='bbox 830 629 1056 700; x_wconf 86' lang='lat' dir='ltr'><strong>pecunia</strong></span> <span class='ocrx_word' id='word_1_12' title='bbox 1097 642 1206 683; x_wconf 91' lang='lat' dir='ltr'><strong>non</strong></span> <span class='ocrx_word' id='word_1_13' title='bbox 1251 625 1420 695; x_wconf 90' lang='lat' dir='ltr'><strong>potuit</strong></span> <span class='ocrx_word' id='word_1_14' title='bbox 1465 622 1606 694; x_wconf 93' lang='lat' dir='ltr'><strong>quod</strong></span> <span class='ocrx_word' id='word_1_15' title='bbox 1653 620 1905 692; x_wconf 88' lang='lat' dir='ltr'><strong>cupiebat</strong></span> 
     </span>
    </p>
   </div>
   <div class='ocr_carea' id='block_1_4' title="bbox 302 712 1947 785">
    <p class='ocr_par' dir='ltr' id='par_1_4' title="bbox 302 712 1947 785">
     <span class='ocr_line' id='line_1_4' title="bbox 302 712 1947 785; baseline -0.008 -7"><span class='ocrx_word' id='word_1_16' title='bbox 302 723 560 778; x_wconf 77' lang='lat' dir='ltr'><strong>efﬁcere:</strong></span> <span class='ocrx_word' id='word_1_17' title='bbox 589 721 732 776; x_wconf 82' lang='lat' dir='ltr'><strong>dicat</strong></span> <span class='ocrx_word' id='word_1_18' title='bbox 771 719 1020 774; x_wconf 76' lang='lat' dir='ltr'><strong>mmulum</strong></span> <span class='ocrx_word' id='word_1_19' title='bbox 1065 733 1128 773; x_wconf 87' lang='lat' dir='ltr'><strong>ac</strong></span> <span class='ocrx_word' id='word_1_20' title='bbox 1168 716 1512 780; x_wconf 87' lang='lat' dir='ltr'><strong>malitiosum,</strong></span> <span class='ocrx_word' id='word_1_21' title='bbox 1557 712 1700 785; x_wconf 92' lang='lat' dir='ltr'><strong>quod</strong></span> <span class='ocrx_word' id='word_1_22' title='bbox 1745 725 1902 767; x_wconf 89' lang='lat' dir='ltr'><strong>servo</strong></span> <span class='ocrx_word' id='word_1_23' title='bbox 1939 742 1947 785; x_wconf 54' lang='grc' dir='ltr'><strong>ί</strong></span> 
     </span>
    </p>
   </div>
   <div class='ocr_carea' id='block_1_5' title="bbox 299 805 1902 879">
    <p class='ocr_par' dir='ltr' id='par_1_5' title="bbox 299 805 1902 879">
     <span class='ocr_line' id='line_1_5' title="bbox 299 805 1902 879; baseline -0.007 -9"><span class='ocrx_word' id='word_1_24' title='bbox 299 830 407 871; x_wconf 86' lang='lat' dir='ltr'><strong>suo</strong></span> <span class='ocrx_word' id='word_1_25' title='bbox 435 814 686 869; x_wconf 86' lang='lat' dir='ltr'><strong>inviderit</strong></span> <span class='ocrx_word' id='word_1_26' title='bbox 727 813 898 868; x_wconf 84' lang='lat' dir='ltr'><strong>lucem</strong></span> <span class='ocrx_word' id='word_1_27' title='bbox 941 826 1004 865; x_wconf 90' lang='lat' dir='ltr'><strong>ac</strong></span> <span class='ocrx_word' id='word_1_28' title='bbox 1048 811 1297 876; x_wconf 86' lang='lat' dir='ltr'><strong>salutem,</strong></span> <span class='ocrx_word' id='word_1_29' title='bbox 1339 823 1497 879; x_wconf 87' lang='lat' dir='ltr'><strong>quem</strong></span> <span class='ocrx_word' id='word_1_30' title='bbox 1528 806 1712 878; x_wconf 89' lang='lat' dir='ltr'><strong>projici</strong></span> <span class='ocrx_word' id='word_1_31' title='bbox 1741 805 1902 875; x_wconf 87' lang='lat' dir='ltr'><strong>jussit</strong></span> 
     </span>
    </p>
   </div>
   <div class='ocr_carea' id='block_1_6' title="bbox 300 897 1902 970">
    <p class='ocr_par' dir='ltr' id='par_1_6' title="bbox 300 897 1902 970">
     <span class='ocr_line' id='line_1_6' title="bbox 300 897 1902 970; baseline -0.007 -8"><span class='ocrx_word' id='word_1_32' title='bbox 300 906 364 962; x_wconf 88' lang='lat' dir='ltr'><strong>in</strong></span> <span class='ocrx_word' id='word_1_33' title='bbox 394 907 661 970; x_wconf 85' lang='lat' dir='ltr'><strong>tenebras,</strong></span> <span class='ocrx_word' id='word_1_34' title='bbox 707 904 795 959; x_wconf 91' lang='lat' dir='ltr'><strong>ubi</strong></span> <span class='ocrx_word' id='word_1_35' title='bbox 831 912 977 960; x_wconf 86' lang='lat' dir='ltr'><strong>esset</strong></span> <span class='ocrx_word' id='word_1_36' title='bbox 1024 903 1180 957; x_wconf 90' lang='lat' dir='ltr'><strong>ﬂetus</strong></span> <span class='ocrx_word' id='word_1_37' title='bbox 1217 910 1272 957; x_wconf 91' lang='lat' dir='ltr'><strong>et</strong></span> <span class='ocrx_word' id='word_1_38' title='bbox 1314 899 1513 956; x_wconf 90' lang='lat' dir='ltr'><strong>stridor</strong></span> <span class='ocrx_word' id='word_1_39' title='bbox 1540 898 1800 954; x_wconf 91' lang='lat' dir='ltr'><strong>dentium.</strong></span> <span class='ocrx_word' id='word_1_40' title='bbox 1847 897 1902 952; x_wconf 91' lang='lat' dir='ltr'><strong>Si</strong></span> 
     </span>
    </p>
   </div>
   <div class='ocr_carea' id='block_1_7' title="bbox 303 989 1906 1060">
    <p class='ocr_par' dir='ltr' id='par_1_7' title="bbox 303 989 1906 1060">
     <span class='ocr_line' id='line_1_7' title="bbox 303 989 1906 1060; baseline -0.007 -5"><span class='ocrx_word' id='word_1_41' title='bbox 303 1008 488 1055; x_wconf 87' lang='lat' dir='ltr'><strong>autem</strong></span> <span class='ocrx_word' id='word_1_42' title='bbox 526 998 595 1054; x_wconf 88' lang='lat' dir='ltr'><strong>de</strong></span> <span class='ocrx_word' id='word_1_43' title='bbox 620 996 836 1052; x_wconf 84' lang='lat' dir='ltr'><strong>Christo</strong></span> <span class='ocrx_word' id='word_1_44' title='bbox 865 997 964 1051; x_wconf 89' lang='lat' dir='ltr'><strong>ista</strong></span> <span class='ocrx_word' id='word_1_45' title='bbox 993 1010 1095 1049; x_wconf 91' lang='lat' dir='ltr'><strong>non</strong></span> <span class='ocrx_word' id='word_1_46' title='bbox 1122 993 1269 1060; x_wconf 89' lang='lat' dir='ltr'><strong>dicit,</strong></span> <span class='ocrx_word' id='word_1_47' title='bbox 1305 1007 1372 1048; x_wconf 91' lang='lat' dir='ltr'><strong>ne</strong></span> <span class='ocrx_word' id='word_1_48' title='bbox 1401 993 1505 1046; x_wconf 91' lang='lat' dir='ltr'><strong>hoc</strong></span> <span class='ocrx_word' id='word_1_49' title='bbox 1534 989 1693 1046; x_wconf 93' lang='lat' dir='ltr'><strong>modo</strong></span> <span class='ocrx_word' id='word_1_50' title='bbox 1721 1005 1780 1044; x_wconf 92' lang='lat' dir='ltr'><strong>se</strong></span> <span class='ocrx_word' id='word_1_51' title='bbox 1822 989 1906 1044; x_wconf 92' lang='lat' dir='ltr'><strong>in-</strong></span> 
     </span>
    </p>
   </div>
   <div class='ocr_carea' id='block_1_8' title="bbox 302 1082 1906 1152">
    <p class='ocr_par' dir='ltr' id='par_1_8' title="bbox 302 1082 1906 1152">
     <span class='ocr_line' id='line_1_8' title="bbox 302 1082 1906 1152; baseline -0.007 -5"><span class='ocrx_word' id='word_1_52' title='bbox 302 1091 454 1147; x_wconf 88' lang='lat' dir='ltr'><strong>dicet</strong></span> <span class='ocrx_word' id='word_1_53' title='bbox 481 1106 589 1146; x_wconf 92' lang='lat' dir='ltr'><strong>non</strong></span> <span class='ocrx_word' id='word_1_54' title='bbox 631 1104 750 1146; x_wconf 90' lang='lat' dir='ltr'><strong>esse</strong></span> <span class='ocrx_word' id='word_1_55' title='bbox 784 1089 1168 1152; x_wconf 84' lang='lat' dir='ltr'><strong>christianum;</strong></span> <span class='ocrx_word' id='word_1_56' title='bbox 1199 1103 1295 1143; x_wconf 90' lang='lat' dir='ltr'><strong>cur</strong></span> <span class='ocrx_word' id='word_1_57' title='bbox 1321 1085 1482 1140; x_wconf 87' lang='lat' dir='ltr'><strong>audet</strong></span> <span class='ocrx_word' id='word_1_58' title='bbox 1505 1084 1683 1140; x_wconf 83' lang='lat' dir='ltr'><strong>dicere</strong></span> <span class='ocrx_word' id='word_1_59' title='bbox 1709 1082 1778 1138; x_wconf 92' lang='lat' dir='ltr'><strong>de</strong></span> <span class='ocrx_word' id='word_1_60' title='bbox 1808 1082 1906 1136; x_wconf 89' lang='lat' dir='ltr'><strong>ho-</strong></span> 
     </span>
    </p>
   </div>
   <div class='ocr_carea' id='block_1_9' title="bbox 301 1171 1896 1250">
    <p class='ocr_par' dir='ltr' id='par_1_9' title="bbox 301 1171 1896 1250">
     <span class='ocr_line' id='line_1_9' title="bbox 301 1171 1896 1250; baseline -0.006 -13"><span class='ocrx_word' id='word_1_61' title='bbox 301 1183 472 1238; x_wconf 85' lang='lat' dir='ltr'><strong>minis</strong></span> <span class='ocrx_word' id='word_1_62' title='bbox 509 1181 787 1237; x_wconf 89' lang='lat' dir='ltr'><strong>conditore</strong></span> <span class='ocrx_word' id='word_1_63' title='bbox 823 1188 878 1236; x_wconf 93' lang='lat' dir='ltr'><strong>et</strong></span> <span class='ocrx_word' id='word_1_64' title='bbox 905 1178 1112 1250; x_wconf 84' lang='lat' dir='ltr'><strong>peccati</strong></span> <span class='ocrx_word' id='word_1_65' title='bbox 1155 1178 1346 1234; x_wconf 91' lang='lat' dir='ltr'><strong>merito</strong></span> <span class='ocrx_word' id='word_1_66' title='bbox 1383 1176 1720 1240; x_wconf 89' lang='lat' dir='ltr'><strong>damnatore,</strong></span> <span class='ocrx_word' id='word_1_67' title='bbox 1751 1171 1896 1244; x_wconf 93' lang='lat' dir='ltr'><strong>quod</strong></span> 
     </span>
    </p>
   </div>
   <div class='ocr_carea' id='block_1_10' title="bbox 302 1266 1904 1338">
    <p class='ocr_par' dir='ltr' id='par_1_10' title="bbox 302 1266 1904 1338">
     <span class='ocr_line' id='line_1_10' title="bbox 302 1266 1904 1338; baseline -0.006 -7"><span class='ocrx_word' id='word_1_68' title='bbox 302 1290 417 1331; x_wconf 87' lang='lat' dir='ltr'><strong>non</strong></span> <span class='ocrx_word' id='word_1_69' title='bbox 457 1273 621 1328; x_wconf 86' lang='lat' dir='ltr'><strong>audet</strong></span> <span class='ocrx_word' id='word_1_70' title='bbox 656 1273 837 1330; x_wconf 88' lang='lat' dir='ltr'><strong>dicere</strong></span> <span class='ocrx_word' id='word_1_71' title='bbox 863 1272 929 1327; x_wconf 92' lang='lat' dir='ltr'><strong>de</strong></span> <span class='ocrx_word' id='word_1_72' title='bbox 963 1271 1194 1326; x_wconf 89' lang='lat' dir='ltr'><strong>hominis</strong></span> <span class='ocrx_word' id='word_1_73' title='bbox 1219 1269 1582 1338; x_wconf 90' lang='lat' dir='ltr'><strong>redemptore,</strong></span> <span class='ocrx_word' id='word_1_74' title='bbox 1624 1276 1680 1323; x_wconf 92' lang='lat' dir='ltr'><strong>et</strong></span> <span class='ocrx_word' id='word_1_75' title='bbox 1718 1267 1764 1322; x_wconf 90' lang='lat' dir='ltr'><strong>si</strong></span> <span class='ocrx_word' id='word_1_76' title='bbox 1789 1266 1904 1337; x_wconf 87' lang='lat' dir='ltr'><strong>ejus</strong></span> 
     </span>
    </p>
   </div>
   <div class='ocr_carea' id='block_1_11' title="bbox 303 1359 1901 1437">
    <p class='ocr_par' dir='ltr' id='par_1_11' title="bbox 303 1359 1901 1437">
     <span class='ocr_line' id='line_1_11' title="bbox 303 1359 1901 1437; baseline -0.004 -16"><span class='ocrx_word' id='word_1_77' title='bbox 303 1374 578 1437; x_wconf 83' lang='lat' dir='ltr'><strong>praecepta</strong></span> <span class='ocrx_word' id='word_1_78' title='bbox 608 1363 1010 1433; x_wconf 86' lang='lat' dir='ltr'><strong>contempserit,</strong></span> <span class='ocrx_word' id='word_1_79' title='bbox 1042 1377 1197 1432; x_wconf 72' lang='lat' dir='ltr'><strong>poena</strong></span> <span class='ocrx_word' id='word_1_80' title='bbox 1227 1371 1441 1417; x_wconf 58' lang='lat' dir='ltr'><strong>aeterna:</strong></span> <span class='ocrx_word' id='word_1_81' title='bbox 1457 1360 1682 1416; x_wconf 67' lang='lat' dir='ltr'><strong>mortis‘</strong></span> <span class='ocrx_word' id='word_1_82' title='bbox 1709 1359 1901 1425; x_wconf 88' lang='lat' dir='ltr'><strong>ultore,</strong></span> 
     </span>
    </p>
   </div>
   <div class='ocr_carea' id='block_1_12' title="bbox 304 1447 1902 1527">
    <p class='ocr_par' dir='ltr' id='par_1_12' title="bbox 304 1447 1902 1527">
     <span class='ocr_line' id='line_1_12' title="bbox 304 1447 1902 1527; baseline -0.007 -14"><span class='ocrx_word' id='word_1_83' title='bbox 304 1457 502 1513; x_wconf 83' lang='lat' dir='ltr'><strong>eodem</strong></span> <span class='ocrx_word' id='word_1_84' title='bbox 553 1456 672 1527; x_wconf 90' lang='lat' dir='ltr'><strong>ipso</strong></span> <span class='ocrx_word' id='word_1_85' title='bbox 714 1455 958 1510; x_wconf 78' lang='lat' dir='ltr'><strong>scilicet?</strong></span> <span class='ocrx_word' id='word_1_86' title='bbox 1000 1453 1130 1508; x_wconf 90' lang='lat' dir='ltr'><strong>Nam</strong></span> <span class='ocrx_word' id='word_1_87' title='bbox 1179 1454 1236 1508; x_wconf 92' lang='lat' dir='ltr'><strong>in</strong></span> <span class='ocrx_word' id='word_1_88' title='bbox 1284 1467 1442 1522; x_wconf 86' lang='lat' dir='ltr'><strong>quem</strong></span> <span class='ocrx_word' id='word_1_89' title='bbox 1491 1451 1651 1506; x_wconf 89' lang='lat' dir='ltr'><strong>alium</strong></span> <span class='ocrx_word' id='word_1_90' title='bbox 1698 1449 1799 1504; x_wconf 86' lang='lat' dir='ltr'><strong>nisi</strong></span> <span class='ocrx_word' id='word_1_91' title='bbox 1849 1447 1902 1502; x_wconf 90' lang='lat' dir='ltr'><strong>in</strong></span> 
     </span>
    </p>
   </div>
   <div class='ocr_carea' id='block_1_13' title="bbox 306 1539 1915 1612">
    <p class='ocr_par' dir='ltr' id='par_1_13' title="bbox 306 1539 1915 1612">
     <span class='ocr_line' id='line_1_13' title="bbox 306 1539 1915 1612; baseline -0.007 -7"><span class='ocrx_word' id='word_1_92' title='bbox 306 1550 588 1606; x_wconf 86' lang='lat' dir='ltr'><strong>Christum</strong></span> <span class='ocrx_word' id='word_1_93' title='bbox 637 1549 752 1604; x_wconf 84' lang='lat' dir='ltr'><strong>haec</strong></span> <span class='ocrx_word' id='word_1_94' title='bbox 803 1546 1087 1603; x_wconf 89' lang='lat' dir='ltr'><strong>maledicta</strong></span> <span class='ocrx_word' id='word_1_95' title='bbox 1151 1545 1398 1600; x_wconf 88' lang='lat' dir='ltr'><strong>nesciens</strong></span> <span class='ocrx_word' id='word_1_96' title='bbox 1451 1544 1550 1598; x_wconf 91' lang='lat' dir='ltr'><strong>iste</strong></span> <span class='ocrx_word' id='word_1_97' title='bbox 1598 1539 1915 1612; x_wconf 74' lang='lat' dir='ltr'><strong>jaculatur?</strong></span> 
     </span>
    </p>
   </div>
   <div class='ocr_carea' id='block_1_14' title="bbox 307 1632 1906 1714">
    <p class='ocr_par' dir='ltr' id='par_1_14' title="bbox 307 1632 1906 1714">
     <span class='ocr_line' id='line_1_14' title="bbox 307 1632 1906 1714; baseline -0.009 -16"><span class='ocrx_word' id='word_1_98' title='bbox 307 1641 744 1714; x_wconf 78' lang='lat' dir='ltr'><strong>quandoquidem</strong></span> <span class='ocrx_word' id='word_1_99' title='bbox 772 1641 860 1695; x_wconf 91' lang='lat' dir='ltr'><strong>ille</strong></span> <span class='ocrx_word' id='word_1_100' title='bbox 893 1639 986 1704; x_wconf 89' lang='lat' dir='ltr'><strong>ait,</strong></span> <span class='ocrx_word' id='word_1_101' title='bbox 1021 1637 1083 1694; x_wconf 92' lang='lat' dir='ltr'><strong>Si</strong></span> <span class='ocrx_word' id='word_1_102' title='bbox 1111 1637 1375 1692; x_wconf 78' lang='lat' dir='ltr'><strong>crederetis</strong></span> <span class='ocrx_word' id='word_1_103' title='bbox 1424 1634 1613 1706; x_wconf 79' lang='lat' dir='ltr'><strong>Moysi,</strong></span> <span class='ocrx_word' id='word_1_104' title='bbox 1641 1632 1906 1686; x_wconf 74' lang='lat' dir='ltr'><strong>crederetis</strong></span> 
     </span>
    </p>
   </div>
   <div class='ocr_carea' id='block_1_15' title="bbox 303 1725 1905 1801">
    <p class='ocr_par' dir='ltr' id='par_1_15' title="bbox 303 1725 1905 1801">
     <span class='ocr_line' id='line_1_15' title="bbox 303 1725 1905 1801; baseline -0.006 -13"><span class='ocrx_word' id='word_1_105' title='bbox 303 1743 357 1788; x_wconf 78' lang='lat' dir='ltr'><strong>et</strong></span> <span class='ocrx_word' id='word_1_106' title='bbox 384 1735 544 1800; x_wconf 80' lang='lat' dir='ltr'><strong>mihi;</strong></span> <span class='ocrx_word' id='word_1_107' title='bbox 582 1735 645 1788; x_wconf 90' lang='lat' dir='ltr'><strong>de</strong></span> <span class='ocrx_word' id='word_1_108' title='bbox 685 1750 766 1787; x_wconf 86' lang='lat' dir='ltr'><strong>me</strong></span> <span class='ocrx_word' id='word_1_109' title='bbox 805 1733 1050 1787; x_wconf 86' lang='lat' dir='ltr'><strong>enimille</strong></span> <span class='ocrx_word' id='word_1_110' title='bbox 1089 1730 1292 1801; x_wconf 79' lang='lat' dir='ltr'><strong>scripsit</strong></span> <span class='ocrx_word' id='word_1_111' title='bbox 1321 1728 1500 1801; x_wconf 82' lang='lat' dir='ltr'><strong>(Joan.</strong></span> <span class='ocrx_word' id='word_1_112' title='bbox 1531 1743 1586 1792; x_wconf 75' lang='grc' dir='ltr'><strong>ν,</strong></span> <span class='ocrx_word' id='word_1_113' title='bbox 1618 1727 1731 1797; x_wconf 73' lang='grc'><strong>46).</strong></span> <span class='ocrx_word' id='word_1_114' title='bbox 1765 1725 1905 1794; x_wconf 86' lang='lat' dir='ltr'><strong>Quid</strong></span> 
     </span>
    </p>
   </div>
   <div class='ocr_carea' id='block_1_16' title="bbox 304 1819 1905 1889">
    <p class='ocr_par' dir='ltr' id='par_1_16' title="bbox 304 1819 1905 1889">
     <span class='ocr_line' id='line_1_16' title="bbox 304 1819 1905 1889; baseline -0.007 -6"><span class='ocrx_word' id='word_1_115' title='bbox 304 1826 458 1883; x_wconf 81' lang='lat' dir='ltr'><strong>enim</strong></span> <span class='ocrx_word' id='word_1_116' title='bbox 494 1827 652 1882; x_wconf 89' lang='lat' dir='ltr'><strong>Pater</strong></span> <span class='ocrx_word' id='word_1_117' title='bbox 701 1827 818 1881; x_wconf 89' lang='lat' dir='ltr'><strong>sine</strong></span> <span class='ocrx_word' id='word_1_118' title='bbox 859 1825 998 1880; x_wconf 88' lang='lat' dir='ltr'><strong>Filio</strong></span> <span class='ocrx_word' id='word_1_119' title='bbox 1037 1823 1124 1879; x_wconf 87' lang='lat' dir='ltr'><strong>vel</strong></span> <span class='ocrx_word' id='word_1_120' title='bbox 1169 1832 1294 1878; x_wconf 90' lang='lat' dir='ltr'><strong>tunc</strong></span> <span class='ocrx_word' id='word_1_121' title='bbox 1339 1821 1486 1887; x_wconf 81' lang='lat' dir='ltr'><strong>fecit,</strong></span> <span class='ocrx_word' id='word_1_122' title='bbox 1539 1819 1627 1875; x_wconf 86' lang='lat' dir='ltr'><strong>vel</strong></span> <span class='ocrx_word' id='word_1_123' title='bbox 1671 1832 1905 1889; x_wconf 88' lang='lat' dir='ltr'><strong>unquam</strong></span> 
     </span>
    </p>
   </div>
   <div class='ocr_carea' id='block_1_17' title="bbox 309 1913 1906 1989">
    <p class='ocr_par' dir='ltr' id='par_1_17' title="bbox 309 1913 1906 1989">
     <span class='ocr_line' id='line_1_17' title="bbox 309 1913 1906 1989; baseline -0.004 -17"><span class='ocrx_word' id='word_1_124' title='bbox 309 1918 484 1974; x_wconf 71' lang='lat' dir='ltr'><strong>facit?</strong></span> <span class='ocrx_word' id='word_1_125' title='bbox 511 1919 566 1976; x_wconf 89' lang='lat' dir='ltr'><strong>Si</strong></span> <span class='ocrx_word' id='word_1_126' title='bbox 593 1934 720 1989; x_wconf 91' lang='lat' dir='ltr'><strong>ergo</strong></span> <span class='ocrx_word' id='word_1_127' title='bbox 760 1917 1065 1983; x_wconf 86' lang='lat' dir='ltr'><strong>salubriter,</strong></span> <span class='ocrx_word' id='word_1_128' title='bbox 1112 1931 1219 1971; x_wconf 93' lang='lat' dir='ltr'><strong>non</strong></span> <span class='ocrx_word' id='word_1_129' title='bbox 1266 1914 1438 1970; x_wconf 89' lang='lat' dir='ltr'><strong>solum</strong></span> <span class='ocrx_word' id='word_1_130' title='bbox 1464 1913 1777 1978; x_wconf 86' lang='lat' dir='ltr'><strong>bonitatem,</strong></span> <span class='ocrx_word' id='word_1_131' title='bbox 1807 1927 1906 1967; x_wconf 74' lang='lat' dir='ltr'><strong>vc—</strong></span> 
     </span>
    </p>
   </div>
   <div class='ocr_carea' id='block_1_18' title="bbox 307 2001 1908 2072">
    <p class='ocr_par' dir='ltr' id='par_1_18' title="bbox 307 2001 1908 2072">
     <span class='ocr_line' id='line_1_18' title="bbox 307 2001 1908 2072; baseline -0.005 -9"><span class='ocrx_word' id='word_1_132' title='bbox 307 2023 432 2063; x_wconf 83' lang='lat' dir='ltr'><strong>rmn</strong></span> <span class='ocrx_word' id='word_1_133' title='bbox 463 2009 620 2064; x_wconf 88' lang='lat' dir='ltr'><strong>etiam</strong></span> <span class='ocrx_word' id='word_1_134' title='bbox 659 2007 996 2063; x_wconf 81' lang='lat' dir='ltr'><strong>severitatem</strong></span> <span class='ocrx_word' id='word_1_135' title='bbox 1023 2006 1120 2061; x_wconf 86' lang='lat' dir='ltr'><strong>Dei</strong></span> <span class='ocrx_word' id='word_1_136' title='bbox 1142 2013 1323 2060; x_wconf 86' lang='lat' dir='ltr'><strong>sancta</strong></span> <span class='ocrx_word' id='word_1_137' title='bbox 1346 2001 1617 2072; x_wconf 84' lang='lat' dir='ltr'><strong>Scriptura</strong></span> <span class='ocrx_word' id='word_1_138' title='bbox 1643 2015 1908 2056; x_wconf 88' lang='lat' dir='ltr'><strong>commen-</strong></span> 
     </span>
    </p>
   </div>
   <div class='ocr_carea' id='block_1_19' title="bbox 314 2093 1903 2169">
    <p class='ocr_par' dir='ltr' id='par_1_19' title="bbox 314 2093 1903 2169">
     <span class='ocr_line' id='line_1_19' title="bbox 314 2093 1903 2169; baseline -0.006 -15"><span class='ocrx_word' id='word_1_139' title='bbox 314 2098 429 2165; x_wconf 90' lang='lat' dir='ltr'><strong>dat,</strong></span> <span class='ocrx_word' id='word_1_140' title='bbox 468 2101 719 2169; x_wconf 90' lang='lat' dir='ltr'><strong>quoniam</strong></span> <span class='ocrx_word' id='word_1_141' title='bbox 773 2108 828 2154; x_wconf 91' lang='lat' dir='ltr'><strong>et</strong></span> <span class='ocrx_word' id='word_1_142' title='bbox 879 2107 1088 2153; x_wconf 88' lang='lat' dir='ltr'><strong>amatur</strong></span> <span class='ocrx_word' id='word_1_143' title='bbox 1141 2097 1280 2152; x_wconf 87' lang='lat' dir='ltr'><strong>Deus</strong></span> <span class='ocrx_word' id='word_1_144' title='bbox 1325 2094 1522 2149; x_wconf 89' lang='lat' dir='ltr'><strong>utiliter</strong></span> <span class='ocrx_word' id='word_1_145' title='bbox 1563 2101 1617 2149; x_wconf 90' lang='lat' dir='ltr'><strong>et</strong></span> <span class='ocrx_word' id='word_1_146' title='bbox 1653 2093 1903 2159; x_wconf 88' lang='lat' dir='ltr'><strong>timetur;</strong></span> 
     </span>
    </p>
   </div>
   <div class='ocr_carea' id='block_1_20' title="bbox 311 2189 1908 2275">
    <p class='ocr_par' dir='ltr' id='par_1_20' title="bbox 311 2189 1908 2275">
     <span class='ocr_line' id='line_1_20' title="bbox 311 2189 1908 2275; baseline -0.006 -28"><span class='ocrx_word' id='word_1_147' title='bbox 311 2192 457 2248; x_wconf 85' lang='lat' dir='ltr'><strong>unde</strong></span> <span class='ocrx_word' id='word_1_148' title='bbox 481 2191 771 2262; x_wconf 81' lang='lat' dir='ltr'><strong>Apostolus</strong></span> <span class='ocrx_word' id='word_1_149' title='bbox 804 2189 991 2247; x_wconf 91' lang='lat' dir='ltr'><strong>eodem</strong></span> <span class='ocrx_word' id='word_1_150' title='bbox 1036 2190 1156 2245; x_wconf 93' lang='lat' dir='ltr'><strong>loco</strong></span> <span class='ocrx_word' id='word_1_151' title='bbox 1195 2197 1480 2257; x_wconf 89' lang='lat' dir='ltr'><strong>utrumque</strong></span> <span class='ocrx_word' id='word_1_152' title='bbox 1522 2193 1908 2275; x_wconf 60' lang='lat' dir='ltr'><strong>commem.orat</strong></span> 
     </span>
    </p>
   </div>
   <div class='ocr_carea' id='block_1_21' title="bbox 310 2274 1902 2353">
    <p class='ocr_par' dir='ltr' id='par_1_21' title="bbox 310 2274 1902 2353">
     <span class='ocr_line' id='line_1_21' title="bbox 310 2274 1902 2353; baseline -0.008 -14"><span class='ocrx_word' id='word_1_153' title='bbox 310 2282 519 2348; x_wconf 77' lang='lat' dir='ltr'><strong>dicens,</strong></span> <span class='ocrx_word' id='word_1_154' title='bbox 546 2282 696 2336; x_wconf 84' lang='lat' dir='ltr'><strong>Vides</strong></span> <span class='ocrx_word' id='word_1_155' title='bbox 707 2300 824 2353; x_wconf 88' lang='lat' dir='ltr'><strong>ergo</strong></span> <span class='ocrx_word' id='word_1_156' title='bbox 835 2281 1109 2336; x_wconf 90' lang='lat' dir='ltr'><strong>bonitatem</strong></span> <span class='ocrx_word' id='word_1_157' title='bbox 1132 2290 1179 2334; x_wconf 92' lang='lat' dir='ltr'><strong>et</strong></span> <span class='ocrx_word' id='word_1_158' title='bbox 1193 2279 1501 2334; x_wconf 79' lang='lat' dir='ltr'><strong>severitatem</strong></span> <span class='ocrx_word' id='word_1_159' title='bbox 1519 2276 1615 2330; x_wconf 89' lang='lat' dir='ltr'><strong>Dei</strong></span> <span class='ocrx_word' id='word_1_160' title='bbox 1632 2274 1812 2346; x_wconf 80' lang='lat' dir='ltr'><strong>(Rom.</strong></span> <span class='ocrx_word' id='word_1_161' title='bbox 1829 2291 1902 2342; x_wconf 68' lang='grc' dir='ltr'>ιι,</span> 
     </span>
    </p>
   </div>
   <div class='ocr_carea' id='block_1_22' title="bbox 309 2365 1904 2446">
    <p class='ocr_par' dir='ltr' id='par_1_22' title="bbox 309 2365 1904 2446">
     <span class='ocr_line' id='line_1_22' title="bbox 309 2365 1904 2446; baseline -0.006 -18"><span class='ocrx_word' id='word_1_162' title='bbox 309 2373 407 2446; x_wconf 82' lang='lat'><strong>22)</strong></span> <span class='ocrx_word' id='word_1_163' title='bbox 432 2375 590 2445; x_wconf 91' lang='lat' dir='ltr'><strong>:quid</strong></span> <span class='ocrx_word' id='word_1_164' title='bbox 609 2373 846 2444; x_wconf 87' lang='lat' dir='ltr'><strong>estquod</strong></span> <span class='ocrx_word' id='word_1_165' title='bbox 871 2373 971 2428; x_wconf 86' lang='lat' dir='ltr'><strong>iste</strong></span> <span class='ocrx_word' id='word_1_166' title='bbox 1003 2373 1221 2427; x_wconf 91' lang='lat' dir='ltr'><strong>insanus</strong></span> <span class='ocrx_word' id='word_1_167' title='bbox 1245 2379 1300 2425; x_wconf 94' lang='lat' dir='ltr'><strong>et</strong></span> <span class='ocrx_word' id='word_1_168' title='bbox 1323 2382 1582 2440; x_wconf 84' lang='lat' dir='ltr'><strong>praeceps,</strong></span> <span class='ocrx_word' id='word_1_169' title='bbox 1611 2381 1732 2423; x_wconf 89' lang='lat' dir='ltr'><strong>cum</strong></span> <span class='ocrx_word' id='word_1_170' title='bbox 1757 2365 1904 2420; x_wconf 85' lang='lat' dir='ltr'><strong>chri-</strong></span> 
     </span>
    </p>
   </div>
   <div class='ocr_carea' id='block_1_23' title="bbox 310 2459 1906 2535">
    <p class='ocr_par' dir='ltr' id='par_1_23' title="bbox 310 2459 1906 2535">
     <span class='ocr_line' id='line_1_23' title="bbox 310 2459 1906 2535; baseline -0.005 -13"><span class='ocrx_word' id='word_1_171' title='bbox 310 2467 549 2522; x_wconf 85' lang='lat' dir='ltr'><strong>stianum</strong></span> <span class='ocrx_word' id='word_1_172' title='bbox 587 2481 708 2522; x_wconf 91' lang='lat' dir='ltr'><strong>esse</strong></span> <span class='ocrx_word' id='word_1_173' title='bbox 745 2481 805 2522; x_wconf 91' lang='lat' dir='ltr'><strong>se</strong></span> <span class='ocrx_word' id='word_1_174' title='bbox 825 2465 1010 2535; x_wconf 87' lang='lat' dir='ltr'><strong>jactet,</strong></span> <span class='ocrx_word' id='word_1_175' title='bbox 1040 2466 1142 2520; x_wconf 93' lang='lat' dir='ltr'><strong>hoc</strong></span> <span class='ocrx_word' id='word_1_176' title='bbox 1178 2460 1522 2532; x_wconf 86' lang='lat' dir='ltr'><strong>reprehendit</strong></span> <span class='ocrx_word' id='word_1_177' title='bbox 1547 2460 1600 2515; x_wconf 90' lang='lat' dir='ltr'><strong>in</strong></span> <span class='ocrx_word' id='word_1_178' title='bbox 1638 2460 1750 2516; x_wconf 92' lang='lat' dir='ltr'><strong>Deo</strong></span> <span class='ocrx_word' id='word_1_179' title='bbox 1775 2459 1906 2515; x_wconf 88' lang='lat' dir='ltr'><strong>Pro-</strong></span> 
     </span>
    </p>
   </div>
   <div class='ocr_carea' id='block_1_24' title="bbox 312 2555 1906 2629">
    <p class='ocr_par' dir='ltr' id='par_1_24' title="bbox 312 2555 1906 2629">
     <span class='ocr_line' id='line_1_24' title="bbox 312 2555 1906 2629; baseline -0.001 -17"><span class='ocrx_word' id='word_1_180' title='bbox 312 2559 616 2628; x_wconf 83' lang='lat' dir='ltr'><strong>pltetarum,</strong></span> <span class='ocrx_word' id='word_1_181' title='bbox 662 2559 804 2629; x_wconf 91' lang='lat' dir='ltr'><strong>quod</strong></span> <span class='ocrx_word' id='word_1_182' title='bbox 839 2559 893 2614; x_wconf 92' lang='lat' dir='ltr'><strong>in</strong></span> <span class='ocrx_word' id='word_1_183' title='bbox 932 2559 1046 2614; x_wconf 92' lang='lat' dir='ltr'><strong>Deo</strong></span> <span class='ocrx_word' id='word_1_184' title='bbox 1079 2557 1283 2612; x_wconf 84' lang='lat' dir='ltr'><strong>invenit</strong></span> <span class='ocrx_word' id='word_1_185' title='bbox 1322 2555 1740 2626; x_wconf 86' lang='lat' dir='ltr'><strong>Apostolorum;</strong></span> <span class='ocrx_word' id='word_1_186' title='bbox 1768 2569 1906 2624; x_wconf 86' lang='lat' dir='ltr'><strong>quo-</strong></span> 
     </span>
    </p>
   </div>
   <div class='ocr_carea' id='block_1_25' title="bbox 310 2646 1620 2716">
    <p class='ocr_par' dir='ltr' id='par_1_25' title="bbox 310 2646 1620 2716">
     <span class='ocr_line' id='line_1_25' title="bbox 310 2646 1620 2716; baseline -0.003 -12"><span class='ocrx_word' id='word_1_187' title='bbox 310 2649 458 2704; x_wconf 84' lang='lat' dir='ltr'><strong>niam</strong></span> <span class='ocrx_word' id='word_1_188' title='bbox 484 2648 623 2704; x_wconf 85' lang='lat' dir='ltr'><strong>idem</strong></span> <span class='ocrx_word' id='word_1_189' title='bbox 653 2649 792 2704; x_wconf 90' lang='lat' dir='ltr'><strong>Deus</strong></span> <span class='ocrx_word' id='word_1_190' title='bbox 820 2657 906 2705; x_wconf 93' lang='lat' dir='ltr'><strong>est</strong></span> <span class='ocrx_word' id='word_1_191' title='bbox 928 2657 984 2705; x_wconf 89' lang='lat' dir='ltr'><strong>et</strong></span> <span class='ocrx_word' id='word_1_192' title='bbox 1009 2649 1242 2716; x_wconf 89' lang='lat' dir='ltr'><strong>illorum,</strong></span> <span class='ocrx_word' id='word_1_193' title='bbox 1275 2655 1331 2702; x_wconf 92' lang='lat' dir='ltr'><strong>et</strong></span> <span class='ocrx_word' id='word_1_194' title='bbox 1353 2646 1620 2702; x_wconf 80' lang='lat' dir='ltr'><strong>istorum?</strong></span> 
     </span>
    </p>
   </div>
   <div class='ocr_carea' id='block_1_26' title="bbox 380 2739 1906 2810">
    <p class='ocr_par' dir='ltr' id='par_1_26' title="bbox 380 2739 1906 2810">
     <span class='ocr_line' id='line_1_26' title="bbox 380 2739 1906 2810; baseline -0.003 -13"><span class='ocrx_word' id='word_1_195' title='bbox 380 2740 474 2797; x_wconf 80' lang='lat'><strong>28.</strong></span> <span class='ocrx_word' id='word_1_196' title='bbox 515 2740 664 2807; x_wconf 87' lang='lat' dir='ltr'><strong>Quod</strong></span> <span class='ocrx_word' id='word_1_197' title='bbox 703 2750 881 2797; x_wconf 84' lang='lat' dir='ltr'><strong>autem</strong></span> <span class='ocrx_word' id='word_1_198' title='bbox 907 2741 974 2796; x_wconf 91' lang='lat' dir='ltr'><strong>de</strong></span> <span class='ocrx_word' id='word_1_199' title='bbox 1016 2741 1108 2795; x_wconf 91' lang='lat' dir='ltr'><strong>illo</strong></span> <span class='ocrx_word' id='word_1_200' title='bbox 1154 2739 1591 2806; x_wconf 79' lang='lat' dir='ltr'><strong>commemoravi,</strong></span> <span class='ocrx_word' id='word_1_201' title='bbox 1624 2753 1784 2810; x_wconf 90' lang='lat' dir='ltr'><strong>quem</strong></span> <span class='ocrx_word' id='word_1_202' title='bbox 1821 2739 1906 2809; x_wconf 90' lang='lat' dir='ltr'><strong>pi-</strong></span> 
     </span>
    </p>
   </div>
   <div class='ocr_carea' id='block_1_27' title="bbox 307 2829 1907 2904">
    <p class='ocr_par' dir='ltr' id='par_1_27' title="bbox 307 2829 1907 2904">
     <span class='ocr_line' id='line_1_27' title="bbox 307 2829 1907 2904; baseline -0.001 -17"><span class='ocrx_word' id='word_1_203' title='bbox 307 2848 468 2904; x_wconf 78' lang='lat' dir='ltr'><strong>grum</strong></span> <span class='ocrx_word' id='word_1_204' title='bbox 509 2848 722 2888; x_wconf 87' lang='lat' dir='ltr'><strong>servum</strong></span> <span class='ocrx_word' id='word_1_205' title='bbox 749 2832 896 2888; x_wconf 91' lang='lat' dir='ltr'><strong>misit</strong></span> <span class='ocrx_word' id='word_1_206' title='bbox 925 2831 977 2886; x_wconf 89' lang='lat' dir='ltr'><strong>in</strong></span> <span class='ocrx_word' id='word_1_207' title='bbox 1005 2832 1260 2888; x_wconf 82' lang='lat' dir='ltr'><strong>tenebras</strong></span> <span class='ocrx_word' id='word_1_208' title='bbox 1294 2831 1586 2886; x_wconf 80' lang='lat' dir='ltr'><strong>exteriores</strong></span> <span class='ocrx_word' id='word_1_209' title='bbox 1614 2829 1907 2886; x_wconf 80' lang='lat' dir='ltr'><strong>severitas&#39;</strong></span> 
     </span>
    </p>
   </div>
   <div class='ocr_carea' id='block_1_28' title="bbox 306 2921 1906 2992">
    <p class='ocr_par' dir='ltr' id='par_1_28' title="bbox 306 2921 1906 2992">
     <span class='ocr_line' id='line_1_28' title="bbox 306 2921 1906 2992; baseline -0.002 -13"><span class='ocrx_word' id='word_1_210' title='bbox 306 2923 445 2990; x_wconf 85' lang='lat' dir='ltr'><strong>Dei,</strong></span> <span class='ocrx_word' id='word_1_211' title='bbox 501 2925 590 2980; x_wconf 90' lang='lat' dir='ltr'><strong>ubi</strong></span> <span class='ocrx_word' id='word_1_212' title='bbox 641 2938 742 2979; x_wconf 85' lang='lat' dir='ltr'><strong>nec</strong></span> <span class='ocrx_word' id='word_1_213' title='bbox 785 2924 1084 2980; x_wconf 79' lang='lat' dir='ltr'><strong>futurorum</strong></span> <span class='ocrx_word' id='word_1_214' title='bbox 1131 2921 1461 2992; x_wconf 88' lang='lat' dir='ltr'><strong>improvidus</strong></span> <span class='ocrx_word' id='word_1_215' title='bbox 1513 2921 1740 2977; x_wconf 75' lang='lat' dir='ltr'><strong>dicitur&#39;</strong></span> <span class='ocrx_word' id='word_1_216' title='bbox 1784 2922 1906 2990; x_wconf 84' lang='lat' dir='ltr'><strong>quia</strong></span> 
     </span>
    </p>
   </div>
   <div class='ocr_carea' id='block_1_29' title="bbox 304 3013 1908 3087">
    <p class='ocr_par' dir='ltr' id='par_1_29' title="bbox 304 3013 1908 3087">
     <span class='ocr_line' id='line_1_29' title="bbox 304 3013 1908 3087; baseline -0.002 -16"><span class='ocrx_word' id='word_1_217' title='bbox 304 3017 403 3071; x_wconf 89' lang='lat' dir='ltr'><strong>tali</strong></span> <span class='ocrx_word' id='word_1_218' title='bbox 435 3017 712 3087; x_wconf 83' lang='lat' dir='ltr'><strong>pecuniam</strong></span> <span class='ocrx_word' id='word_1_219' title='bbox 759 3031 910 3072; x_wconf 87' lang='lat' dir='ltr'><strong>suam</strong></span> <span class='ocrx_word' id='word_1_220' title='bbox 952 3014 1200 3082; x_wconf 90' lang='lat' dir='ltr'><strong>credidit,</strong></span> <span class='ocrx_word' id='word_1_221' title='bbox 1241 3029 1343 3071; x_wconf 93' lang='lat' dir='ltr'><strong>nec</strong></span> <span class='ocrx_word' id='word_1_222' title='bbox 1383 3015 1647 3084; x_wconf 90' lang='lat' dir='ltr'><strong>impotens</strong></span> <span class='ocrx_word' id='word_1_223' title='bbox 1686 3013 1810 3084; x_wconf 87' lang='lat' dir='ltr'><strong>quia</strong></span> <span class='ocrx_word' id='word_1_224' title='bbox 1846 3023 1908 3068; x_wconf 93' lang='lat' dir='ltr'><strong>ut</strong></span> 
     </span>
    </p>
   </div>
   <div class='ocr_carea' id='block_1_30' title="bbox 307 3105 1908 3178">
    <p class='ocr_par' dir='ltr' id='par_1_30' title="bbox 307 3105 1908 3178">
     <span class='ocr_line' id='line_1_30' title="bbox 307 3105 1908 3178; baseline -0.003 -14"><span class='ocrx_word' id='word_1_225' title='bbox 307 3107 450 3164; x_wconf 63' lang='lat' dir='ltr'><strong>bisne</strong></span> <span class='ocrx_word' id='word_1_226' title='bbox 485 3117 668 3178; x_wconf 77' lang='lat' dir='ltr'><strong>ageret</strong></span> <span class='ocrx_word' id='word_1_227' title='bbox 691 3122 798 3164; x_wconf 92' lang='lat' dir='ltr'><strong>non</strong></span> <span class='ocrx_word' id='word_1_228' title='bbox 825 3107 941 3178; x_wconf 89' lang='lat' dir='ltr'><strong>ipse</strong></span> <span class='ocrx_word' id='word_1_229' title='bbox 965 3107 1102 3163; x_wconf 86' lang='lat' dir='ltr'><strong>rexit</strong></span> <span class='ocrx_word' id='word_1_230' title='bbox 1123 3113 1166 3174; x_wconf 69' lang='grc' dir='ltr'>ι,</span> <span class='ocrx_word' id='word_1_231' title='bbox 1197 3106 1313 3177; x_wconf 90' lang='lat' dir='ltr'><strong>ipse</strong></span> <span class='ocrx_word' id='word_1_232' title='bbox 1338 3105 1590 3172; x_wconf 78' lang='lat' dir='ltr'><strong>correxit,</strong></span> <span class='ocrx_word' id='word_1_233' title='bbox 1622 3119 1721 3159; x_wconf 92' lang='lat' dir='ltr'><strong>nec</strong></span> <span class='ocrx_word' id='word_1_234' title='bbox 1744 3119 1908 3159; x_wconf 66' lang='grc' dir='ltr'>ωιιιιι-</span> 
     </span>
    </p>
   </div>
   <div class='ocr_carea' id='block_1_31' title="bbox 307 3196 1905 3270">
    <p class='ocr_par' dir='ltr' id='par_1_31' title="bbox 307 3196 1905 3270">
     <span class='ocr_line' id='line_1_31' title="bbox 307 3196 1905 3270; baseline -0.002 -15"><span class='ocrx_word' id='word_1_235' title='bbox 307 3199 393 3255; x_wconf 90' lang='lat' dir='ltr'><strong>lus</strong></span> <span class='ocrx_word' id='word_1_236' title='bbox 437 3215 500 3255; x_wconf 89' lang='lat' dir='ltr'><strong>ac</strong></span> <span class='ocrx_word' id='word_1_237' title='bbox 525 3200 824 3256; x_wconf 90' lang='lat' dir='ltr'><strong>malitiosus</strong></span> <span class='ocrx_word' id='word_1_238' title='bbox 849 3199 989 3270; x_wconf 91' lang='lat' dir='ltr'><strong>quod</strong></span> <span class='ocrx_word' id='word_1_239' title='bbox 1017 3214 1049 3254; x_wconf 88' lang='lat' dir='ltr'><strong>a</strong></span> <span class='ocrx_word' id='word_1_240' title='bbox 1088 3200 1207 3255; x_wconf 86' lang='lat' dir='ltr'><strong>luce</strong></span> <span class='ocrx_word' id='word_1_241' title='bbox 1243 3205 1546 3269; x_wconf 90' lang='lat' dir='ltr'><strong>separatum</strong></span> <span class='ocrx_word' id='word_1_242' title='bbox 1575 3197 1626 3251; x_wconf 94' lang='lat' dir='ltr'><strong>in</strong></span> <span class='ocrx_word' id='word_1_243' title='bbox 1655 3196 1905 3252; x_wconf 85' lang='lat' dir='ltr'><strong>tenebras</strong></span> 
     </span>
    </p>
   </div>
   <div class='ocr_carea' id='block_1_32' title="bbox 306 3290 1906 3361">
    <p class='ocr_par' dir='ltr' id='par_1_32' title="bbox 306 3290 1906 3361">
     <span class='ocr_line' id='line_1_32' title="bbox 306 3290 1906 3361; baseline -0.001 -15"><span class='ocrx_word' id='word_1_244' title='bbox 306 3293 457 3346; x_wconf 84' lang='lat' dir='ltr'><strong>misit</strong></span> <span class='ocrx_word' id='word_1_245' title='bbox 483 3310 498 3346; x_wconf 90' lang='lat'><strong>:</strong></span> <span class='ocrx_word' id='word_1_246' title='bbox 525 3291 630 3348; x_wconf 90' lang='lat' dir='ltr'><strong>hoc</strong></span> <span class='ocrx_word' id='word_1_247' title='bbox 652 3292 720 3348; x_wconf 90' lang='lat' dir='ltr'><strong>de</strong></span> <span class='ocrx_word' id='word_1_248' title='bbox 743 3292 988 3348; x_wconf 89' lang='lat' dir='ltr'><strong>omnibus</strong></span> <span class='ocrx_word' id='word_1_249' title='bbox 1027 3291 1199 3361; x_wconf 65' lang='lat' dir='ltr'><strong>pinnis</strong></span> <span class='ocrx_word' id='word_1_250' title='bbox 1228 3290 1526 3356; x_wconf 90' lang='lat' dir='ltr'><strong>hominum,</strong></span> <span class='ocrx_word' id='word_1_251' title='bbox 1569 3305 1690 3360; x_wconf 64' lang='lat' dir='ltr'><strong>quae</strong></span> <span class='ocrx_word' id='word_1_252' title='bbox 1719 3290 1906 3360; x_wconf 85' lang='lat' dir='ltr'><strong>legun-</strong></span> 
     </span>
    </p>
   </div>
   <div class='ocr_carea' id='block_1_33' title="bbox 306 3381 1900 3456">
    <p class='ocr_par' dir='ltr' id='par_1_33' title="bbox 306 3381 1900 3456">
     <span class='ocr_line' id='line_1_33' title="bbox 306 3381 1900 3456; baseline 0 -18"><span class='ocrx_word' id='word_1_253' title='bbox 306 3394 398 3438; x_wconf 90' lang='lat' dir='ltr'><strong>tur</strong></span> <span class='ocrx_word' id='word_1_254' title='bbox 440 3384 492 3438; x_wconf 90' lang='lat' dir='ltr'><strong>in</strong></span> <span class='ocrx_word' id='word_1_255' title='bbox 521 3385 849 3456; x_wconf 89' lang='lat' dir='ltr'><strong>pr0pbeticis</strong></span> <span class='ocrx_word' id='word_1_256' title='bbox 883 3383 1058 3439; x_wconf 90' lang='lat' dir='ltr'><strong>Libris</strong></span> <span class='ocrx_word' id='word_1_257' title='bbox 1087 3383 1302 3439; x_wconf 60' lang='lat' dir='ltr'><strong>inﬂictae</strong></span> <span class='ocrx_word' id='word_1_258' title='bbox 1342 3381 1510 3438; x_wconf 77' lang='lat' dir='ltr'><strong>fuisse</strong></span> <span class='ocrx_word' id='word_1_259' title='bbox 1535 3382 1900 3452; x_wconf 88' lang='lat' dir='ltr'><strong>peccantibus,</strong></span> 
     </span>
    </p>
   </div>
   <div class='ocr_carea' id='block_1_34' title="bbox 307 3473 1905 3545">
    <p class='ocr_par' dir='ltr' id='par_1_34' title="bbox 307 3473 1905 3545">
     <span class='ocr_line' id='line_1_34' title="bbox 307 3473 1905 3545; baseline -0.002 -14"><span class='ocrx_word' id='word_1_260' title='bbox 307 3475 470 3531; x_wconf 86' lang='lat' dir='ltr'><strong>debet</strong></span> <span class='ocrx_word' id='word_1_261' title='bbox 511 3476 682 3532; x_wconf 89' lang='lat' dir='ltr'><strong>ﬁdelis</strong></span> <span class='ocrx_word' id='word_1_262' title='bbox 711 3477 882 3532; x_wconf 87' lang='lat' dir='ltr'><strong>lector</strong></span> <span class='ocrx_word' id='word_1_263' title='bbox 910 3476 1212 3532; x_wconf 86' lang='lat' dir='ltr'><strong>advertere.</strong></span> <span class='ocrx_word' id='word_1_264' title='bbox 1240 3474 1355 3529; x_wconf 85' lang='lat' dir='ltr'><strong>Hoc</strong></span> <span class='ocrx_word' id='word_1_265' title='bbox 1380 3490 1508 3545; x_wconf 85' lang='lat' dir='ltr'><strong>ergo</strong></span> <span class='ocrx_word' id='word_1_266' title='bbox 1533 3475 1694 3530; x_wconf 89' lang='lat' dir='ltr'><strong>etiam</strong></span> <span class='ocrx_word' id='word_1_267' title='bbox 1724 3473 1794 3529; x_wconf 92' lang='lat' dir='ltr'><strong>de</strong></span> <span class='ocrx_word' id='word_1_268' title='bbox 1820 3474 1905 3528; x_wconf 91' lang='lat' dir='ltr'><strong>di-</strong></span> 
     </span>
    </p>
   </div>
   <div class='ocr_carea' id='block_1_35' title="bbox 308 3565 1904 3639">
    <p class='ocr_par' dir='ltr' id='par_1_35' title="bbox 308 3565 1904 3639">
     <span class='ocr_line' id='line_1_35' title="bbox 308 3565 1904 3639; baseline -0.001 -17"><span class='ocrx_word' id='word_1_269' title='bbox 308 3567 474 3622; x_wconf 84' lang='lat' dir='ltr'><strong>luvio.</strong></span> <span class='ocrx_word' id='word_1_270' title='bbox 515 3568 698 3639; x_wconf 86' lang='lat' dir='ltr'><strong>Neque</strong></span> <span class='ocrx_word' id='word_1_271' title='bbox 742 3568 887 3624; x_wconf 92' lang='lat' dir='ltr'><strong>enim</strong></span> <span class='ocrx_word' id='word_1_272' title='bbox 916 3567 1174 3624; x_wconf 88' lang='lat' dir='ltr'><strong>Dominus</strong></span> <span class='ocrx_word' id='word_1_273' title='bbox 1211 3566 1367 3621; x_wconf 86' lang='lat' dir='ltr'><strong>Jesus</strong></span> <span class='ocrx_word' id='word_1_274' title='bbox 1405 3579 1514 3621; x_wconf 91' lang='lat' dir='ltr'><strong>non</strong></span> <span class='ocrx_word' id='word_1_275' title='bbox 1555 3566 1662 3620; x_wconf 88' lang='lat' dir='ltr'><strong>tale</strong></span> <span class='ocrx_word' id='word_1_276' title='bbox 1706 3565 1904 3634; x_wconf 91' lang='lat' dir='ltr'><strong>aliquid</strong></span> 
     </span>
    </p>
   </div>
   <div class='ocr_carea' id='block_1_36' title="bbox 307 3654 1900 3729">
    <p class='ocr_par' dir='ltr' id='par_1_36' title="bbox 307 3654 1900 3729">
     <span class='ocr_line' id='line_1_36' title="bbox 307 3654 1900 3729; baseline -0.001 -17"><span class='ocrx_word' id='word_1_277' title='bbox 307 3657 547 3714; x_wconf 80' lang='lat' dir='ltr'><strong>futurum</strong></span> <span class='ocrx_word' id='word_1_278' title='bbox 582 3661 637 3714; x_wconf 92' lang='lat' dir='ltr'><strong>in</strong></span> <span class='ocrx_word' id='word_1_279' title='bbox 679 3673 780 3715; x_wconf 91' lang='lat' dir='ltr'><strong>suo</strong></span> <span class='ocrx_word' id='word_1_280' title='bbox 826 3657 1201 3729; x_wconf 67' lang='lat' dir='ltr'><strong>prtenuntiavit</strong></span> <span class='ocrx_word' id='word_1_281' title='bbox 1239 3655 1490 3723; x_wconf 66' lang='lat' dir='ltr'><strong>adventu,</strong></span> <span class='ocrx_word' id='word_1_282' title='bbox 1538 3654 1750 3725; x_wconf 90' lang='lat' dir='ltr'><strong>quando</strong></span> <span class='ocrx_word' id='word_1_283' title='bbox 1785 3657 1900 3710; x_wconf 87' lang='lat' dir='ltr'><strong>ait:</strong></span> 
     </span>
    </p>
   </div>
   <div class='ocr_carea' id='block_1_37' title="bbox 307 3747 1904 3813">
    <p class='ocr_par' dir='ltr' id='par_1_37' title="bbox 307 3747 1904 3813">
     <span class='ocr_line' id='line_1_37' title="bbox 307 3747 1904 3813; baseline -0.003 -7"><span class='ocrx_word' id='word_1_284' title='bbox 307 3750 460 3806; x_wconf 81' lang='lat' dir='ltr'><strong>Sicut</strong></span> <span class='ocrx_word' id='word_1_285' title='bbox 499 3752 552 3806; x_wconf 92' lang='lat' dir='ltr'><strong>in</strong></span> <span class='ocrx_word' id='word_1_286' title='bbox 594 3751 767 3806; x_wconf 86' lang='lat' dir='ltr'><strong>diebus</strong></span> <span class='ocrx_word' id='word_1_287' title='bbox 799 3750 916 3805; x_wconf 84' lang='lat' dir='ltr'><strong>Noe</strong></span> <span class='ocrx_word' id='word_1_288' title='bbox 955 3747 1349 3813; x_wconf 85' lang='lat' dir='ltr'><strong>manducabant,</strong></span> <span class='ocrx_word' id='word_1_289' title='bbox 1385 3747 1635 3813; x_wconf 81' lang='lat' dir='ltr'><strong>bibebant,</strong></span> <span class='ocrx_word' id='word_1_290' title='bbox 1682 3747 1904 3802; x_wconf 82' lang='lat' dir='ltr'><strong>novella-</strong></span> 
     </span>
    </p>
   </div>
   <div class='ocr_carea' id='block_1_38' title="bbox 309 3838 1904 3913">
    <p class='ocr_par' dir='ltr' id='par_1_38' title="bbox 309 3838 1904 3913">
     <span class='ocr_line' id='line_1_38' title="bbox 309 3838 1904 3913; baseline -0.003 -16"><span class='ocrx_word' id='word_1_291' title='bbox 309 3843 450 3909; x_wconf 89' lang='lat' dir='ltr'><strong>bant,</strong></span> <span class='ocrx_word' id='word_1_292' title='bbox 496 3843 836 3913; x_wconf 67' lang='lat' dir='ltr'><strong>aediﬁcabant,</strong></span> <span class='ocrx_word' id='word_1_293' title='bbox 887 3841 1156 3907; x_wconf 88' lang='lat' dir='ltr'><strong>nubebant,</strong></span> <span class='ocrx_word' id='word_1_294' title='bbox 1203 3857 1387 3895; x_wconf 72' lang='lat' dir='ltr'><strong>uxores</strong></span> <span class='ocrx_word' id='word_1_295' title='bbox 1434 3838 1724 3902; x_wconf 87' lang='lat' dir='ltr'><strong>ducebant;</strong></span> <span class='ocrx_word' id='word_1_296' title='bbox 1771 3839 1904 3893; x_wconf 82' lang='lat' dir='ltr'><strong>venit</strong></span> 
     </span>
    </p>
   </div>
   <div class='ocr_carea' id='block_1_39' title="bbox 307 3929 1904 4006">
    <p class='ocr_par' dir='ltr' id='par_1_39' title="bbox 307 3929 1904 4006">
     <span class='ocr_line' id='line_1_39' title="bbox 307 3929 1904 4006; baseline -0.004 -16"><span class='ocrx_word' id='word_1_297' title='bbox 307 3937 562 3990; x_wconf 77' lang='lat' dir='ltr'><strong>diluvium</strong></span> <span class='ocrx_word' id='word_1_298' title='bbox 597 3945 641 3990; x_wconf 85' lang='lat' dir='ltr'><strong>et</strong></span> <span class='ocrx_word' id='word_1_299' title='bbox 669 3934 890 4006; x_wconf 77' lang='lat' dir='ltr'><strong>perdidit</strong></span> <span class='ocrx_word' id='word_1_300' title='bbox 928 3951 1099 3989; x_wconf 87' lang='lat' dir='ltr'><strong>omnes</strong></span> <span class='ocrx_word' id='word_1_301' title='bbox 1122 3949 1141 3988; x_wconf 92' lang='lat'><strong><em>:</em></strong></span> <span class='ocrx_word' id='word_1_302' title='bbox 1164 3933 1236 3987; x_wconf 87' lang='lat' dir='ltr'><strong>sic</strong></span> <span class='ocrx_word' id='word_1_303' title='bbox 1277 3932 1372 3986; x_wconf 88' lang='lat' dir='ltr'><strong>erit</strong></span> <span class='ocrx_word' id='word_1_304' title='bbox 1415 3941 1462 3986; x_wconf 92' lang='lat' dir='ltr'><strong>et</strong></span> <span class='ocrx_word' id='word_1_305' title='bbox 1497 3931 1738 3985; x_wconf 85' lang='lat' dir='ltr'><strong>adventus</strong></span> <span class='ocrx_word' id='word_1_306' title='bbox 1776 3929 1904 3984; x_wconf 85' lang='lat' dir='ltr'><strong>Filii</strong></span> 
     </span>
    </p>
   </div>
   <div class='ocr_carea' id='block_1_40' title="bbox 307 4021 1904 4099">
    <p class='ocr_par' dir='ltr' id='par_1_40' title="bbox 307 4021 1904 4099">
     <span class='ocr_line' id='line_1_40' title="bbox 307 4021 1904 4099; baseline -0.002 -18"><span class='ocrx_word' id='word_1_307' title='bbox 307 4027 537 4082; x_wconf 73' lang='lat' dir='ltr'><strong>hominis</strong></span> <span class='ocrx_word' id='word_1_308' title='bbox 588 4025 732 4099; x_wconf 82' lang='lat' dir='ltr'><strong>(Luc.</strong></span> <span class='ocrx_word' id='word_1_309' title='bbox 764 4042 898 4092; x_wconf 84' lang='lat' dir='ltr'><strong>xvn,</strong></span> <span class='ocrx_word' id='word_1_310' title='bbox 925 4024 1018 4093; x_wconf 87' lang='lat'><strong>26,</strong></span> <span class='ocrx_word' id='word_1_311' title='bbox 1045 4026 1158 4095; x_wconf 83' lang='lat'><strong>27).</strong></span> <span class='ocrx_word' id='word_1_312' title='bbox 1202 4023 1312 4079; x_wconf 87' lang='lat' dir='ltr'><strong>Hoc</strong></span> <span class='ocrx_word' id='word_1_313' title='bbox 1358 4031 1412 4076; x_wconf 89' lang='lat' dir='ltr'><strong>ct</strong></span> <span class='ocrx_word' id='word_1_314' title='bbox 1449 4021 1517 4077; x_wconf 89' lang='lat' dir='ltr'><strong>de</strong></span> <span class='ocrx_word' id='word_1_315' title='bbox 1555 4021 1904 4078; x_wconf 89' lang='lat' dir='ltr'><strong>obduratione</strong></span> 
     </span>
    </p>
   </div>
   <div class='ocr_carea' id='block_1_41' title="bbox 305 4101 1902 4187">
    <p class='ocr_par' dir='ltr' id='par_1_41' title="bbox 305 4101 1902 4187">
     <span class='ocr_line' id='line_1_41' title="bbox 305 4101 1902 4187; baseline -0.002 -15"><span class='ocrx_word' id='word_1_316' title='bbox 305 4117 493 4174; x_wconf 82' lang='lat' dir='ltr'><strong>cordis</strong></span> <span class='ocrx_word' id='word_1_317' title='bbox 521 4117 828 4174; x_wconf 86' lang='lat' dir='ltr'><strong>Pharaonis.</strong></span> <span class='ocrx_word' id='word_1_318' title='bbox 857 4116 1040 4187; x_wconf 88' lang='lat' dir='ltr'><strong>Neque</strong></span> <span class='ocrx_word' id='word_1_319' title='bbox 1068 4116 1208 4171; x_wconf 90' lang='lat' dir='ltr'><strong>cnim</strong></span> <span class='ocrx_word' id='word_1_320' title='bbox 1235 4113 1370 4170; x_wconf 90' lang='lat' dir='ltr'><strong>Novi</strong></span> <span class='ocrx_word' id='word_1_321' title='bbox 1404 4101 1731 4169; x_wconf 82' lang='lat' dir='ltr'><strong>Testamenti</strong></span> <span class='ocrx_word' id='word_1_322' title='bbox 1758 4114 1902 4169; x_wconf 88' lang='lat' dir='ltr'><strong>litte-</strong></span> 
     </span>
    </p>
   </div>
   <div class='ocr_carea' id='block_1_42' title="bbox 304 4203 1904 4279">
    <p class='ocr_par' dir='ltr' id='par_1_42' title="bbox 304 4203 1904 4279">
     <span class='ocr_line' id='line_1_42' title="bbox 304 4203 1904 4279; baseline -0.003 -15"><span class='ocrx_word' id='word_1_323' title='bbox 304 4224 386 4264; x_wconf 75' lang='lat' dir='ltr'><strong>ra:</strong></span> <span class='ocrx_word' id='word_1_324' title='bbox 425 4223 534 4263; x_wconf 93' lang='lat' dir='ltr'><strong>non</strong></span> <span class='ocrx_word' id='word_1_325' title='bbox 572 4208 756 4264; x_wconf 87' lang='lat' dir='ltr'><strong>dicunt</strong></span> <span class='ocrx_word' id='word_1_326' title='bbox 779 4208 846 4264; x_wconf 91' lang='lat' dir='ltr'><strong>de</strong></span> <span class='ocrx_word' id='word_1_327' title='bbox 871 4206 1188 4279; x_wconf 87' lang='lat' dir='ltr'><strong>quibusdam</strong></span> <span class='ocrx_word' id='word_1_328' title='bbox 1213 4224 1226 4259; x_wconf 90' lang='lat'><strong>:</strong></span> <span class='ocrx_word' id='word_1_329' title='bbox 1256 4203 1494 4259; x_wconf 86' lang='lat' dir='ltr'><strong>Tradidit</strong></span> <span class='ocrx_word' id='word_1_330' title='bbox 1532 4204 1648 4258; x_wconf 88' lang='lat' dir='ltr'><strong>illos</strong></span> <span class='ocrx_word' id='word_1_331' title='bbox 1687 4203 1822 4259; x_wconf 86' lang='lat' dir='ltr'><strong>Deus</strong></span> <span class='ocrx_word' id='word_1_332' title='bbox 1849 4204 1904 4259; x_wconf 90' lang='lat' dir='ltr'><strong>in</strong></span> 
     </span>
    </p>
   </div>
   <div class='ocr_carea' id='block_1_43' title="bbox 305 4297 1905 4370">
    <p class='ocr_par' dir='ltr' id='par_1_43' title="bbox 305 4297 1905 4370">
     <span class='ocr_line' id='line_1_43' title="bbox 305 4297 1905 4370; baseline -0.003 -16"><span class='ocrx_word' id='word_1_333' title='bbox 305 4299 579 4369; x_wconf 82' lang='lat' dir='ltr'><strong>reprobant</strong></span> <span class='ocrx_word' id='word_1_334' title='bbox 635 4309 851 4354; x_wconf 82' lang='lat' dir='ltr'><strong>mentem</strong></span> <span class='ocrx_word' id='word_1_335' title='bbox 874 4339 890 4365; x_wconf 94' lang='lat'><strong>,</strong></span> <span class='ocrx_word' id='word_1_336' title='bbox 937 4307 994 4353; x_wconf 91' lang='lat' dir='ltr'><strong>ut</strong></span> <span class='ocrx_word' id='word_1_337' title='bbox 1051 4299 1242 4370; x_wconf 83' lang='lat' dir='ltr'><strong>faciant</strong></span> <span class='ocrx_word' id='word_1_338' title='bbox 1284 4312 1398 4368; x_wconf 71' lang='lat' dir='ltr'><strong>qua:</strong></span> <span class='ocrx_word' id='word_1_339' title='bbox 1448 4311 1551 4350; x_wconf 87' lang='lat' dir='ltr'><strong>non</strong></span> <span class='ocrx_word' id='word_1_340' title='bbox 1603 4297 1905 4351; x_wconf 87' lang='lat' dir='ltr'><strong>conveniunt</strong></span> 
     </span>
    </p>
   </div>
   <div class='ocr_carea' id='block_1_44' title="bbox 306 4387 1899 4461">
    <p class='ocr_par' dir='ltr' id='par_1_44' title="bbox 306 4387 1899 4461">
     <span class='ocr_line' id='line_1_44' title="bbox 306 4387 1899 4461; baseline -0.001 -15"><span class='ocrx_word' id='word_1_341' title='bbox 306 4392 483 4460; x_wconf 80' lang='lat' dir='ltr'><strong>(Rom.</strong></span> <span class='ocrx_word' id='word_1_342' title='bbox 515 4408 554 4456; x_wconf 84' lang='lat' dir='ltr'><strong>l,</strong></span> <span class='ocrx_word' id='word_1_343' title='bbox 586 4391 702 4461; x_wconf 90' lang='lat'><strong>28).</strong></span> <span class='ocrx_word' id='word_1_344' title='bbox 745 4392 856 4446; x_wconf 86' lang='lat' dir='ltr'><strong>lloc</strong></span> <span class='ocrx_word' id='word_1_345' title='bbox 897 4391 966 4447; x_wconf 90' lang='lat' dir='ltr'><strong>de</strong></span> <span class='ocrx_word' id='word_1_346' title='bbox 1008 4391 1198 4460; x_wconf 92' lang='lat' dir='ltr'><strong>spiritu</strong></span> <span class='ocrx_word' id='word_1_347' title='bbox 1237 4387 1500 4456; x_wconf 89' lang='lat' dir='ltr'><strong>mendaci,</strong></span> <span class='ocrx_word' id='word_1_348' title='bbox 1545 4403 1704 4458; x_wconf 86' lang='lat' dir='ltr'><strong>quem</strong></span> <span class='ocrx_word' id='word_1_349' title='bbox 1734 4389 1899 4458; x_wconf 87' lang='lat' dir='ltr'><strong>Deus,</strong></span> 
     </span>
    </p>
   </div>
   <div class='ocr_carea' id='block_1_45' title="bbox 306 4479 1904 4555">
    <p class='ocr_par' dir='ltr' id='par_1_45' title="bbox 306 4479 1904 4555">
     <span class='ocr_line' id='line_1_45' title="bbox 306 4479 1904 4555; baseline -0.002 -17"><span class='ocrx_word' id='word_1_350' title='bbox 306 4484 399 4555; x_wconf 92' lang='lat' dir='ltr'><strong>qui</strong></span> <span class='ocrx_word' id='word_1_351' title='bbox 427 4485 564 4539; x_wconf 90' lang='lat' dir='ltr'><strong>bene</strong></span> <span class='ocrx_word' id='word_1_352' title='bbox 589 4483 756 4538; x_wconf 90' lang='lat' dir='ltr'><strong>utitur</strong></span> <span class='ocrx_word' id='word_1_353' title='bbox 780 4484 939 4538; x_wconf 90' lang='lat' dir='ltr'><strong>etiam</strong></span> <span class='ocrx_word' id='word_1_354' title='bbox 967 4481 1141 4544; x_wconf 87' lang='lat' dir='ltr'><strong>malis,</strong></span> <span class='ocrx_word' id='word_1_355' title='bbox 1167 4479 1463 4549; x_wconf 91' lang='lat' dir='ltr'><strong>justissimo</strong></span> <span class='ocrx_word' id='word_1_356' title='bbox 1481 4479 1682 4549; x_wconf 88' lang='lat' dir='ltr'><strong>judicio</strong></span> <span class='ocrx_word' id='word_1_357' title='bbox 1706 4480 1774 4535; x_wconf 90' lang='lat' dir='ltr'><strong>ad</strong></span> <span class='ocrx_word' id='word_1_358' title='bbox 1801 4481 1904 4535; x_wconf 90' lang='lat' dir='ltr'><strong>im-</strong></span> 
     </span>
    </p>
   </div>
   <div class='ocr_carea' id='block_1_46' title="bbox 306 4569 1904 4646">
    <p class='ocr_par' dir='ltr' id='par_1_46' title="bbox 306 4569 1904 4646">
     <span class='ocr_line' id='line_1_46' title="bbox 306 4569 1904 4646; baseline -0.003 -16"><span class='ocrx_word' id='word_1_359' title='bbox 306 4577 455 4646; x_wconf 89' lang='lat' dir='ltr'><strong>pium</strong></span> <span class='ocrx_word' id='word_1_360' title='bbox 497 4590 679 4645; x_wconf 81' lang='lat' dir='ltr'><strong>regem</strong></span> <span class='ocrx_word' id='word_1_361' title='bbox 709 4573 1081 4644; x_wconf 88' lang='lat' dir='ltr'><strong>decipiendum</strong></span> <span class='ocrx_word' id='word_1_362' title='bbox 1130 4571 1292 4637; x_wconf 91' lang='lat' dir='ltr'><strong>misit,</strong></span> <span class='ocrx_word' id='word_1_363' title='bbox 1343 4570 1481 4624; x_wconf 90' lang='lat' dir='ltr'><strong>sicut</strong></span> <span class='ocrx_word' id='word_1_364' title='bbox 1506 4569 1754 4625; x_wconf 78' lang='lat' dir='ltr'><strong>Michteas</strong></span> <span class='ocrx_word' id='word_1_365' title='bbox 1780 4585 1904 4640; x_wconf 84' lang='lat' dir='ltr'><strong>pro-</strong></span> 
     </span>
    </p>
   </div>
   <div class='ocr_carea' id='block_1_47' title="bbox 304 4661 1903 4739">
    <p class='ocr_par' dir='ltr' id='par_1_47' title="bbox 304 4661 1903 4739">
     <span class='ocr_line' id='line_1_47' title="bbox 304 4661 1903 4739; baseline -0.003 -17"><span class='ocrx_word' id='word_1_366' title='bbox 304 4667 469 4739; x_wconf 88' lang='lat' dir='ltr'><strong>pheta</strong></span> <span class='ocrx_word' id='word_1_367' title='bbox 514 4667 616 4721; x_wconf 89' lang='lat' dir='ltr'><strong>sibi</strong></span> <span class='ocrx_word' id='word_1_368' title='bbox 663 4667 716 4722; x_wconf 94' lang='lat' dir='ltr'><strong>in</strong></span> <span class='ocrx_word' id='word_1_369' title='bbox 743 4667 945 4721; x_wconf 90' lang='lat' dir='ltr'><strong>visione</strong></span> <span class='ocrx_word' id='word_1_370' title='bbox 975 4663 1284 4734; x_wconf 88' lang='lat' dir='ltr'><strong>pr0pbetica</strong></span> <span class='ocrx_word' id='word_1_371' title='bbox 1311 4661 1738 4718; x_wconf 87' lang='lat' dir='ltr'><strong>demonstratum</strong></span> <span class='ocrx_word' id='word_1_372' title='bbox 1780 4676 1903 4718; x_wconf 90' lang='lat' dir='ltr'><strong>esse</strong></span> 
     </span>
    </p>
   </div>
   <div class='ocr_carea' id='block_1_48' title="bbox 306 4751 1903 4829">
    <p class='ocr_par' dir='ltr' id='par_1_48' title="bbox 306 4751 1903 4829">
     <span class='ocr_line' id='line_1_48' title="bbox 306 4751 1903 4829; baseline -0.003 -15"><span class='ocrx_word' id='word_1_373' title='bbox 306 4767 538 4814; x_wconf 84' lang='lat' dir='ltr'><strong>testatur</strong></span> <span class='ocrx_word' id='word_1_374' title='bbox 561 4756 656 4829; x_wconf 91' lang='lat' dir='ltr'><strong>(lll</strong></span> <span class='ocrx_word' id='word_1_375' title='bbox 685 4758 814 4828; x_wconf 84' lang='lat' dir='ltr'><strong>Reg.</strong></span> <span class='ocrx_word' id='word_1_376' title='bbox 847 4771 978 4820; x_wconf 72' lang='grc' dir='ltr'>χιιι,</span> <span class='ocrx_word' id='word_1_377' title='bbox 1010 4755 1218 4823; x_wconf 72' lang='grc'><strong>19-25).</strong></span> <span class='ocrx_word' id='word_1_378' title='bbox 1257 4752 1438 4823; x_wconf 88' lang='lat' dir='ltr'><strong>Neque</strong></span> <span class='ocrx_word' id='word_1_379' title='bbox 1461 4752 1604 4808; x_wconf 91' lang='lat' dir='ltr'><strong>enim</strong></span> <span class='ocrx_word' id='word_1_380' title='bbox 1637 4751 1903 4809; x_wconf 89' lang='lat' dir='ltr'><strong>dubitavit</strong></span> 
     </span>
    </p>
   </div>
   <div class='ocr_carea' id='block_1_49' title="bbox 304 4844 1903 4919">
    <p class='ocr_par' dir='ltr' id='par_1_49' title="bbox 304 4844 1903 4919">
     <span class='ocr_line' id='line_1_49' title="bbox 304 4844 1903 4919; baseline -0.001 -16"><span class='ocrx_word' id='word_1_381' title='bbox 304 4850 416 4903; x_wconf 87' lang='lat' dir='ltr'><strong>tale</strong></span> <span class='ocrx_word' id='word_1_382' title='bbox 458 4847 660 4919; x_wconf 90' lang='lat' dir='ltr'><strong>aliquid</strong></span> <span class='ocrx_word' id='word_1_383' title='bbox 685 4847 864 4903; x_wconf 90' lang='lat' dir='ltr'><strong>dicere</strong></span> <span class='ocrx_word' id='word_1_384' title='bbox 906 4845 1181 4917; x_wconf 86' lang='lat' dir='ltr'><strong>apostolus</strong></span> <span class='ocrx_word' id='word_1_385' title='bbox 1225 4844 1440 4911; x_wconf 86' lang='lat' dir='ltr'><strong>Paulus,</strong></span> <span class='ocrx_word' id='word_1_386' title='bbox 1469 4859 1590 4899; x_wconf 87' lang='lat' dir='ltr'><strong>cum</strong></span> <span class='ocrx_word' id='word_1_387' title='bbox 1639 4857 1700 4898; x_wconf 89' lang='lat' dir='ltr'><strong>se</strong></span> <span class='ocrx_word' id='word_1_388' title='bbox 1740 4844 1903 4901; x_wconf 89' lang='lat' dir='ltr'><strong>sciret</strong></span> 
     </span>
    </p>
   </div>
   <div class='ocr_carea' id='block_1_50' title="bbox 304 4934 1902 5009">
    <p class='ocr_par' dir='ltr' id='par_1_50' title="bbox 304 4934 1902 5009">
     <span class='ocr_line' id='line_1_50' title="bbox 304 4934 1902 5009; baseline -0.003 -14"><span class='ocrx_word' id='word_1_389' title='bbox 304 4941 590 5009; x_wconf 77' lang='lat' dir='ltr'><strong>verissime</strong></span> <span class='ocrx_word' id='word_1_390' title='bbox 615 4940 816 5006; x_wconf 90' lang='lat' dir='ltr'><strong>dicere,</strong></span> <span class='ocrx_word' id='word_1_391' title='bbox 858 4939 947 4994; x_wconf 90' lang='lat' dir='ltr'><strong>ubi</strong></span> <span class='ocrx_word' id='word_1_392' title='bbox 987 4938 1063 4992; x_wconf 90' lang='lat' dir='ltr'><strong>ait</strong></span> <span class='ocrx_word' id='word_1_393' title='bbox 1090 4955 1102 4990; x_wconf 90' lang='lat'><strong>:</strong></span> <span class='ocrx_word' id='word_1_394' title='bbox 1130 4936 1300 4990; x_wconf 79' lang='lat' dir='ltr'><strong>Mittet</strong></span> <span class='ocrx_word' id='word_1_395' title='bbox 1327 4934 1430 4991; x_wconf 80' lang='lat' dir='ltr'><strong>illis</strong></span> <span class='ocrx_word' id='word_1_396' title='bbox 1468 4935 1610 4990; x_wconf 87' lang='lat' dir='ltr'><strong>Deus</strong></span> <span class='ocrx_word' id='word_1_397' title='bbox 1647 4937 1902 5006; x_wconf 86' lang='lat' dir='ltr'><strong>operatio-</strong></span> 
     </span>
    </p>
   </div>
   <div class='ocr_carea' id='block_1_51' title="bbox 303 5029 1900 5099">
    <p class='ocr_par' dir='ltr' id='par_1_51' title="bbox 303 5029 1900 5099">
     <span class='ocr_line' id='line_1_51' title="bbox 303 5029 1900 5099; baseline -0.002 -11"><span class='ocrx_word' id='word_1_398' title='bbox 303 5050 423 5088; x_wconf 86' lang='lat' dir='ltr'><strong>nem</strong></span> <span class='ocrx_word' id='word_1_399' title='bbox 452 5033 660 5098; x_wconf 89' lang='lat' dir='ltr'><strong>erroris,</strong></span> <span class='ocrx_word' id='word_1_400' title='bbox 700 5041 758 5087; x_wconf 91' lang='lat' dir='ltr'><strong>ut</strong></span> <span class='ocrx_word' id='word_1_401' title='bbox 784 5031 989 5086; x_wconf 82' lang='lat' dir='ltr'><strong>credant</strong></span> <span class='ocrx_word' id='word_1_402' title='bbox 1017 5030 1298 5096; x_wconf 88' lang='lat' dir='ltr'><strong>mendacio,</strong></span> <span class='ocrx_word' id='word_1_403' title='bbox 1327 5038 1373 5084; x_wconf 89' lang='lat' dir='ltr'><strong>et</strong></span> <span class='ocrx_word' id='word_1_404' title='bbox 1401 5029 1696 5099; x_wconf 85' lang='lat' dir='ltr'><strong>judicentur</strong></span> <span class='ocrx_word' id='word_1_405' title='bbox 1729 5046 1900 5085; x_wconf 87' lang='lat' dir='ltr'><strong>omnes</strong></span> 
     </span>
    </p>
   </div>
   <div class='ocr_carea' id='block_1_52' title="bbox 302 5120 1900 5196">
    <p class='ocr_par' dir='ltr' id='par_1_52' title="bbox 302 5120 1900 5196">
     <span class='ocr_line' id='line_1_52' title="bbox 302 5120 1900 5196; baseline -0.003 -17"><span class='ocrx_word' id='word_1_406' title='bbox 302 5126 392 5196; x_wconf 86' lang='lat' dir='ltr'><strong>qui</strong></span> <span class='ocrx_word' id='word_1_407' title='bbox 417 5141 518 5179; x_wconf 89' lang='lat' dir='ltr'><strong>non</strong></span> <span class='ocrx_word' id='word_1_408' title='bbox 550 5124 870 5180; x_wconf 84' lang='lat' dir='ltr'><strong>crediderunt</strong></span> <span class='ocrx_word' id='word_1_409' title='bbox 909 5123 1128 5188; x_wconf 83' lang='lat' dir='ltr'><strong>ueritati,</strong></span> <span class='ocrx_word' id='word_1_410' title='bbox 1157 5121 1246 5175; x_wconf 86' lang='lat' dir='ltr'><strong>sed</strong></span> <span class='ocrx_word' id='word_1_411' title='bbox 1269 5129 1625 5175; x_wconf 86' lang='lat' dir='ltr'><strong>consenserunt</strong></span> <span class='ocrx_word' id='word_1_412' title='bbox 1650 5120 1900 5191; x_wconf 86' lang='lat' dir='ltr'><strong>iniquitati</strong></span> 
     </span>
    </p>
   </div>
   <div class='ocr_carea' id='block_1_53' title="bbox 301 5232 1899 5304">
    <p class='ocr_par' dir='ltr' id='par_1_53' title="bbox 301 5232 1899 5304">
     <span class='ocr_line' id='line_1_53' title="bbox 301 5232 1899 5304; baseline -0.002 -18"><span class='ocrx_word' id='word_1_413' title='bbox 301 5236 438 5299; x_wconf 90' lang='lat' dir='ltr'><strong>quod</strong></span> <span class='ocrx_word' id='word_1_414' title='bbox 459 5237 525 5304; x_wconf 56' lang='lat' dir='ltr'><strong>ig</strong></span> <span class='ocrx_word' id='word_1_415' title='bbox 543 5236 818 5304; x_wconf 76' lang='lat' dir='ltr'><strong>potioribus</strong></span> <span class='ocrx_word' id='word_1_416' title='bbox 848 5233 1296 5304; x_wconf 28' lang='lat' dir='ltr'><strong>uissuinvenimus,</strong></span> <span class='ocrx_word' id='word_1_417' title='bbox 1336 5232 1522 5301; x_wconf 81' lang='lat' dir='ltr'><strong>habent</strong></span> <span class='ocrx_word' id='word_1_418' title='bbox 1556 5243 1666 5281; x_wconf 85' lang='lat' dir='ltr'><strong>cum</strong></span> <span class='ocrx_word' id='word_1_419' title='bbox 1707 5241 1807 5281; x_wconf 75' lang='lat' dir='ltr'><strong>Am.</strong></span> <span class='ocrx_word' id='word_1_420' title='bbox 1848 5240 1899 5283; x_wconf 90' lang='lat' dir='ltr'><strong>et</strong></span> 
     </span>
    </p>
   </div>
   <div class='ocr_carea' id='block_1_54' title="bbox 301 5297 1523 5358">
    <p class='ocr_par' dir='ltr' id='par_1_54' title="bbox 301 5297 1523 5358">
     <span class='ocr_line' id='line_1_54' title="bbox 301 5297 1523 5358; baseline -0.007 -9"><span class='ocrx_word' id='word_1_421' title='bbox 301 5297 560 5349; x_wconf 72' lang='lat' dir='ltr'><strong>nonnullis</strong></span> <span class='ocrx_word' id='word_1_422' title='bbox 582 5298 946 5358; x_wconf 86' lang='lat' dir='ltr'><strong>manuscriptis,</strong></span> <span class='ocrx_word' id='word_1_423' title='bbox 957 5297 1229 5358; x_wconf 76' lang='lat' dir='ltr'><strong>impotentis</strong></span> <span class='ocrx_word' id='word_1_424' title='bbox 1249 5297 1523 5358; x_wconf 80' lang='lat' dir='ltr'><strong>imperium.</strong></span> 
     </span>
    </p>
   </div>
   <div class='ocr_carea' id='block_1_55' title="bbox 369 5355 1897 5409">
    <p class='ocr_par' dir='ltr' id='par_1_55' title="bbox 369 5355 1897 5409">
     <span class='ocr_line' id='line_1_55' title="bbox 369 5355 1897 5409; baseline -0.003 0"><span class='ocrx_word' id='word_1_425' title='bbox 369 5361 388 5392; x_wconf 75' lang='grc'>⁸</span> <span class='ocrx_word' id='word_1_426' title='bbox 426 5361 750 5409; x_wconf 85' lang='lat' dir='ltr'><strong>Lovanienses</strong></span> <span class='ocrx_word' id='word_1_427' title='bbox 771 5355 1115 5408; x_wconf 73' lang='lat' dir='ltr'><strong>nonnullorum</strong></span> <span class='ocrx_word' id='word_1_428' title='bbox 1151 5355 1587 5409; x_wconf 81' lang='lat' dir='ltr'><strong>manuscripwrum</strong></span> <span class='ocrx_word' id='word_1_429' title='bbox 1608 5356 1897 5405; x_wconf 85' lang='lat' dir='ltr'><strong>auctoritate</strong></span> 
     </span>
    </p>
   </div>
   <div class='ocr_carea' id='block_1_56' title="bbox 299 5415 1900 5484">
    <p class='ocr_par' dir='ltr' id='par_1_56' title="bbox 299 5415 1900 5484">
     <span class='ocr_line' id='line_1_56' title="bbox 299 5415 1900 5484; baseline -0.001 -15"><span class='ocrx_word' id='word_1_430' title='bbox 299 5420 384 5471; x_wconf 89' lang='lat' dir='ltr'><strong>hic</strong></span> <span class='ocrx_word' id='word_1_431' title='bbox 407 5422 714 5484; x_wconf 84' lang='lat' dir='ltr'><strong>addiderunt,</strong></span> <span class='ocrx_word' id='word_1_432' title='bbox 739 5418 1004 5484; x_wconf 81' lang='lat' dir='ltr'><strong>plectetur;</strong></span> <span class='ocrx_word' id='word_1_433' title='bbox 1025 5419 1154 5482; x_wconf 80' lang='lat' dir='ltr'><strong>quod</strong></span> <span class='ocrx_word' id='word_1_434' title='bbox 1175 5419 1350 5467; x_wconf 87' lang='lat' dir='ltr'><strong>merito</strong></span> <span class='ocrx_word' id='word_1_435' title='bbox 1364 5415 1505 5466; x_wconf 84' lang='lat' dir='ltr'><strong>abest</strong></span> <span class='ocrx_word' id='word_1_436' title='bbox 1541 5416 1605 5465; x_wconf 86' lang='lat' dir='ltr'><strong>ab</strong></span> <span class='ocrx_word' id='word_1_437' title='bbox 1791 5415 1900 5468; x_wconf 90' lang='lat' dir='ltr'><strong>aliis</strong></span> 
     </span>
    </p>
   </div>
   <div class='ocr_carea' id='block_1_57' title="bbox 299 5490 910 5535">
    <p class='ocr_par' dir='ltr' id='par_1_57' title="bbox 299 5490 910 5535">
     <span class='ocr_line' id='line_1_57' title="bbox 299 5490 910 5535; baseline 0.005 -3"><span class='ocrx_word' id='word_1_438' title='bbox 299 5490 355 5532; x_wconf 91' lang='lat' dir='ltr'><strong>et</strong></span> <span class='ocrx_word' id='word_1_439' title='bbox 378 5491 490 5534; x_wconf 70' lang='lat' dir='ltr'><strong>MSS.</strong></span> <span class='ocrx_word' id='word_1_440' title='bbox 907 5531 910 5535; x_wconf 93' lang='lat'><strong>.</strong></span> 
     </span>
    </p>
   </div>
   <div class='ocr_carea' id='block_1_58' title="bbox 367 5539 1898 5610">
    <p class='ocr_par' dir='ltr' id='par_1_58' title="bbox 367 5539 1898 5610">
     <span class='ocr_line' id='line_1_58' title="bbox 367 5539 1898 5610; baseline -0.003 -16"><span class='ocrx_word' id='word_1_441' title='bbox 367 5547 390 5577; x_wconf 80' lang='grc'>³</span> <span class='ocrx_word' id='word_1_442' title='bbox 424 5547 507 5596; x_wconf 84' lang='lat' dir='ltr'><strong>Hic</strong></span> <span class='ocrx_word' id='word_1_443' title='bbox 527 5557 721 5610; x_wconf 78' lang='lat' dir='ltr'><strong>rursum</strong></span> <span class='ocrx_word' id='word_1_444' title='bbox 741 5543 904 5610; x_wconf 80' lang='lat' dir='ltr'><strong>addito</strong></span> <span class='ocrx_word' id='word_1_445' title='bbox 924 5543 1095 5602; x_wconf 83' lang='lat' dir='ltr'><strong>verbo,</strong></span> <span class='ocrx_word' id='word_1_446' title='bbox 1121 5547 1210 5610; x_wconf 78' lang='lat' dir='ltr'><strong>est,</strong></span> <span class='ocrx_word' id='word_1_447' title='bbox 1234 5539 1360 5602; x_wconf 84' lang='lat' dir='ltr'><strong>apud</strong></span> <span class='ocrx_word' id='word_1_448' title='bbox 1381 5546 1490 5589; x_wconf 89' lang='lat' dir='ltr'><strong>Lov.</strong></span> <span class='ocrx_word' id='word_1_449' title='bbox 1520 5546 1571 5590; x_wconf 91' lang='lat' dir='ltr'><strong>et</strong></span> <span class='ocrx_word' id='word_1_450' title='bbox 1591 5545 1898 5610; x_wconf 69' lang='lat' dir='ltr'><strong>tf.r_._corrum-</strong></span> 
     </span>
    </p>
   </div>
   <div class='ocr_carea' id='block_1_59' title="bbox 298 5603 1896 5717">
    <p class='ocr_par' dir='ltr' id='par_1_59' title="bbox 298 5603 1896 5717">
     <span class='ocr_line' id='line_1_59' title="bbox 298 5603 1896 5717; baseline -0.003 -63"><span class='ocrx_word' id='word_1_451' title='bbox 298 5608 435 5717; x_wconf 55' lang='lat' dir='ltr'><strong>pitur</strong></span> <span class='ocrx_word' id='word_1_452' title='bbox 457 5619 638 5678; x_wconf 78' lang='lat' dir='ltr'><strong>sensus</strong></span> <span class='ocrx_word' id='word_1_453' title='bbox 657 5606 750 5656; x_wconf 90' lang='lat' dir='ltr'><strong>hoc</strong></span> <span class='ocrx_word' id='word_1_454' title='bbox 764 5605 906 5678; x_wconf 81' lang='lat' dir='ltr'><strong>modo</strong></span> <span class='ocrx_word' id='word_1_455' title='bbox 930 5619 942 5654; x_wconf 91' lang='lat'>:</span> <span class='ocrx_word' id='word_1_456' title='bbox 971 5616 1113 5669; x_wconf 85' lang='lat' dir='ltr'><strong>quem</strong></span> <span class='ocrx_word' id='word_1_457' title='bbox 1134 5603 1328 5674; x_wconf 78' lang='lat' dir='ltr'><strong>pigrum</strong></span> <span class='ocrx_word' id='word_1_458' title='bbox 1339 5614 1527 5674; x_wconf 77' lang='lat' dir='ltr'><strong>servum</strong></span> <span class='ocrx_word' id='word_1_459' title='bbox 1547 5603 1676 5651; x_wconf 84' lang='lat' dir='ltr'><strong>misit</strong></span> <span class='ocrx_word' id='word_1_460' title='bbox 1692 5603 1754 5674; x_wconf 85' lang='lat' dir='ltr'><strong>in_</strong></span> <span class='ocrx_word' id='word_1_461' title='bbox 1769 5607 1896 5673; x_wconf 77' lang='lat' dir='ltr'><strong>tene-</strong></span> 
     </span>
     <span class='ocr_line' id='line_1_60' title="bbox 335 5662 1894 5717; baseline -0.001 0"><span class='ocrx_word' id='word_1_462' title='bbox 335 5683 421 5717; x_wconf 87' lang='lat' dir='ltr'><strong>ras</strong></span> <span class='ocrx_word' id='word_1_463' title='bbox 443 5675 725 5717; x_wconf 74' lang='lat' dir='ltr'><strong>exteriores.</strong></span> <span class='ocrx_word' id='word_1_464' title='bbox 741 5673 968 5717; x_wconf 80' lang='lat' dir='ltr'><strong>severitas</strong></span> <span class='ocrx_word' id='word_1_465' title='bbox 982 5671 1052 5717; x_wconf 90' lang='lat' dir='ltr'><strong>est</strong></span> <span class='ocrx_word' id='word_1_466' title='bbox 1076 5674 1181 5716; x_wconf 80' lang='lat' dir='ltr'><strong>Det.</strong></span> <span class='ocrx_word' id='word_1_467' title='bbox 1197 5671 1319 5715; x_wconf 84' lang='lat' dir='ltr'><strong>Item</strong></span> <span class='ocrx_word' id='word_1_468' title='bbox 1341 5662 1465 5713; x_wconf 75' lang='lat' dir='ltr'><strong>infra</strong></span> <span class='ocrx_word' id='word_1_469' title='bbox 1483 5677 1531 5712; x_wconf 80' lang='lat' dir='ltr'><strong>in</strong></span> <span class='ocrx_word' id='word_1_470' title='bbox 1551 5663 1654 5714; x_wconf 87' lang='lat' dir='ltr'><strong>sola</strong></span> <span class='ocrx_word' id='word_1_471' title='bbox 1679 5663 1894 5715; x_wconf 76' lang='lat' dir='ltr'><strong>editione</strong></span> 
     </span>
    </p>
   </div>
   <div class='ocr_carea' id='block_1_60' title="bbox 335 5662 1894 5728">
    <p class='ocr_par' dir='ltr' id='par_1_60' title="bbox 335 5662 1894 5728">
     <span class='ocr_line' id='line_1_61' title="bbox 335 5662 1894 5728; baseline -0.001 -11"><span class='ocrx_word' id='word_1_472' title='bbox 335 5683 421 5719; x_wconf 87' lang='lat' dir='ltr'><strong>ras</strong></span> <span class='ocrx_word' id='word_1_473' title='bbox 443 5668 725 5728; x_wconf 75' lang='lat' dir='ltr'><strong>exteriores,</strong></span> <span class='ocrx_word' id='word_1_474' title='bbox 741 5668 968 5718; x_wconf 85' lang='lat' dir='ltr'><strong>severitas</strong></span> <span class='ocrx_word' id='word_1_475' title='bbox 982 5662 1052 5717; x_wconf 76' lang='lat' dir='ltr'><strong>est</strong></span> <span class='ocrx_word' id='word_1_476' title='bbox 1076 5662 1319 5716; x_wconf 58' lang='lat' dir='ltr'><strong>Deifltem</strong></span> <span class='ocrx_word' id='word_1_477' title='bbox 1341 5662 1465 5713; x_wconf 74' lang='lat' dir='ltr'><strong>infra</strong></span> <span class='ocrx_word' id='word_1_478' title='bbox 1483 5665 1531 5712; x_wconf 88' lang='lat' dir='ltr'><strong>in</strong></span> <span class='ocrx_word' id='word_1_479' title='bbox 1551 5663 1654 5714; x_wconf 88' lang='lat' dir='ltr'><strong>sola</strong></span> <span class='ocrx_word' id='word_1_480' title='bbox 1679 5663 1894 5715; x_wconf 85' lang='lat' dir='ltr'><strong>editione</strong></span> 
     </span>
    </p>
   </div>
   <div class='ocr_carea' id='block_1_61' title="bbox 297 5728 1136 5793">
    <p class='ocr_par' dir='ltr' id='par_1_61' title="bbox 297 5728 1136 5793">
     <span class='ocr_line' id='line_1_62' title="bbox 297 5728 1136 5793; baseline -0.006 -13"><span class='ocrx_word' id='word_1_481' title='bbox 297 5736 439 5790; x_wconf 82' lang='lat' dir='ltr'><strong>Lov.,</strong></span> <span class='ocrx_word' id='word_1_482' title='bbox 464 5730 578 5793; x_wconf 85' lang='lat' dir='ltr'><strong>quia</strong></span> <span class='ocrx_word' id='word_1_483' title='bbox 601 5743 741 5793; x_wconf 80' lang='lat' dir='ltr'><strong>quem</strong></span> <span class='ocrx_word' id='word_1_484' title='bbox 763 5737 813 5780; x_wconf 88' lang='lat' dir='ltr'><strong>ut</strong></span> <span class='ocrx_word' id='word_1_485' title='bbox 830 5728 944 5779; x_wconf 85' lang='lat' dir='ltr'><strong>bene</strong></span> <span class='ocrx_word' id='word_1_486' title='bbox 957 5733 1136 5793; x_wconf 84' lang='lat' dir='ltr'><strong>ageret.</strong></span> 
     </span>
    </p>
   </div>
   <div class='ocr_carea' id='block_1_62' title="bbox 369 5785 1521 5854">
    <p class='ocr_par' dir='ltr' id='par_1_62' title="bbox 369 5785 1521 5854">
     <span class='ocr_line' id='line_1_63' title="bbox 369 5785 1521 5854; baseline -0.003 -14"><span class='ocrx_word' id='word_1_487' title='bbox 369 5795 392 5824; x_wconf 83' lang='grc'>³</span> <span class='ocrx_word' id='word_1_488' title='bbox 427 5785 568 5854; x_wconf 65' lang='grc' dir='ltr'><strong>λιίειδ,</strong></span> <span class='ocrx_word' id='word_1_489' title='bbox 587 5785 674 5841; x_wconf 72' lang='lat' dir='ltr'><strong>n&#39;ec</strong></span> <span class='ocrx_word' id='word_1_490' title='bbox 694 5791 965 5854; x_wconf 82' lang='lat' dir='ltr'><strong>futurorum</strong></span> <span class='ocrx_word' id='word_1_491' title='bbox 982 5785 1307 5854; x_wconf 75' lang='lat' dir='ltr'><strong>beusnescius</strong></span> <span class='ocrx_word' id='word_1_492' title='bbox 1324 5785 1521 5854; x_wconf 67' lang='lat' dir='ltr'><strong>dicitur.</strong></span> 
     </span>
    </p>
   </div>
   <div class='ocr_carea' id='block_1_63' title="bbox 367 5848 1893 5915">
    <p class='ocr_par' dir='ltr' id='par_1_63' title="bbox 367 5848 1893 5915">
     <span class='ocr_line' id='line_1_64' title="bbox 367 5848 1893 5915; baseline 0.001 -15"><span class='ocrx_word' id='word_1_493' title='bbox 367 5856 392 5884; x_wconf 68' lang='grc' dir='ltr'><strong>ι</strong></span> <span class='ocrx_word' id='word_1_494' title='bbox 428 5848 564 5915; x_wconf 71' lang='lat' dir='ltr'><strong>Apud</strong></span> <span class='ocrx_word' id='word_1_495' title='bbox 583 5848 762 5903; x_wconf 73' lang='lat' dir='ltr'><strong>Am.&#39;et</strong></span> <span class='ocrx_word' id='word_1_496' title='bbox 781 5859 857 5902; x_wconf 85' lang='lat' dir='ltr'><strong>Er.</strong></span> <span class='ocrx_word' id='word_1_497' title='bbox 879 5855 1111 5903; x_wconf 87' lang='lat' dir='ltr'><strong>omissum</strong></span> <span class='ocrx_word' id='word_1_498' title='bbox 1137 5858 1261 5911; x_wconf 84' lang='lat' dir='ltr'><strong>erat,</strong></span> <span class='ocrx_word' id='word_1_499' title='bbox 1281 5849 1384 5914; x_wconf 86' lang='lat' dir='ltr'><strong>ipse</strong></span> <span class='ocrx_word' id='word_1_500' title='bbox 1415 5848 1582 5912; x_wconf 71' lang='lat' dir='ltr'><strong>rexit;</strong></span> <span class='ocrx_word' id='word_1_501' title='bbox 1613 5848 1704 5900; x_wconf 87' lang='lat' dir='ltr'><strong>sed</strong></span> <span class='ocrx_word' id='word_1_502' title='bbox 1728 5856 1893 5901; x_wconf 84' lang='lat' dir='ltr'><strong>tamen</strong></span> 
     </span>
    </p>
   </div>
   <div class='ocr_carea' id='block_1_64' title="bbox 302 5919 670 5966">
    <p class='ocr_par' dir='ltr' id='par_1_64' title="bbox 302 5919 670 5966">
     <span class='ocr_line' id='line_1_65' title="bbox 302 5919 670 5966; baseline -0.011 0"><span class='ocrx_word' id='word_1_503' title='bbox 302 5924 472 5966; x_wconf 83' lang='lat' dir='ltr'><strong>exstat</strong></span> <span class='ocrx_word' id='word_1_504' title='bbox 492 5919 541 5966; x_wconf 86' lang='lat' dir='ltr'><strong>in</strong></span> <span class='ocrx_word' id='word_1_505' title='bbox 563 5921 670 5964; x_wconf 75' lang='lat' dir='ltr'><strong>Mss.</strong></span> 
     </span>
    </p>
   </div>
   <div class='ocr_carea' id='block_1_65' title="bbox 515 5996 1291 6060">
    <p class='ocr_par' dir='ltr' id='par_1_65' title="bbox 515 5996 1291 6060">
     <span class='ocr_line' id='line_1_66' title="bbox 515 5996 1291 6060; baseline -0.003 -1"><span class='ocrx_word' id='word_1_506' title='bbox 515 5996 744 6060; x_wconf 72' lang='lat' dir='ltr'><strong>SANCT.</strong></span> <span class='ocrx_word' id='word_1_507' title='bbox 791 5998 1076 6060; x_wconf 74' lang='lat' dir='ltr'><strong>Ausus&#39;r.</strong></span> <span class='ocrx_word' id='word_1_508' title='bbox 1122 5998 1291 6060; x_wconf 84' lang='lat' dir='ltr'><strong>VllI.</strong></span> 
     </span>
    </p>
   </div>
   <div class='ocr_carea' id='block_1_66' title="bbox 1692 414 2200 474">
    <p class='ocr_par' dir='ltr' id='par_1_66' title="bbox 1692 414 2200 474">
     <span class='ocr_line' id='line_1_67' title="bbox 1692 414 2200 474; baseline 0 -3"><span class='ocrx_word' id='word_1_509' title='bbox 1692 414 1895 471; x_wconf 79' lang='lat' dir='ltr'><strong>LIBER</strong></span> <span class='ocrx_word' id='word_1_510' title='bbox 1933 414 2200 474; x_wconf 78' lang='lat' dir='ltr'><strong>PRIMUS.</strong></span> 
     </span>
    </p>
   </div>
   <div class='ocr_carea' id='block_1_67' title="bbox 3483 425 3587 482">
    <p class='ocr_par' dir='ltr' id='par_1_67' title="bbox 3483 425 3587 482">
     <span class='ocr_line' id='line_1_68' title="bbox 3483 425 3587 482; baseline 0 0"><span class='ocrx_word' id='word_1_511' title='bbox 3483 425 3587 482; x_wconf 69' lang='lat'><strong>618</strong></span> 
     </span>
    </p>
   </div>
   <div class='ocr_carea' id='block_1_68' title="bbox 2012 527 3590 607">
    <p class='ocr_par' dir='ltr' id='par_1_68' title="bbox 2012 527 3590 607">
     <span class='ocr_line' id='line_1_69' title="bbox 2012 527 3590 607; baseline 0.008 -26"><span class='ocrx_word' id='word_1_512' title='bbox 2012 527 2077 601; x_wconf 92' lang='lat' dir='ltr'><strong>(ll</strong></span> <span class='ocrx_word' id='word_1_513' title='bbox 2110 527 2284 584; x_wconf 84' lang='lat' dir='ltr'><strong>Thess.</strong></span> <span class='ocrx_word' id='word_1_514' title='bbox 2331 547 2389 598; x_wconf 86' lang='grc' dir='ltr'>ιι,</span> <span class='ocrx_word' id='word_1_515' title='bbox 2419 530 2506 596; x_wconf 78' lang='grc'><strong>10,</strong></span> <span class='ocrx_word' id='word_1_516' title='bbox 2540 531 2652 603; x_wconf 79' lang='lat' dir='ltr'><strong>ll).</strong></span> <span class='ocrx_word' id='word_1_517' title='bbox 2680 530 2795 587; x_wconf 86' lang='lat' dir='ltr'><strong>Hoc</strong></span> <span class='ocrx_word' id='word_1_518' title='bbox 2817 530 2886 588; x_wconf 91' lang='lat' dir='ltr'><strong>de</strong></span> <span class='ocrx_word' id='word_1_519' title='bbox 2916 531 3056 588; x_wconf 81' lang='lat' dir='ltr'><strong>facto</strong></span> <span class='ocrx_word' id='word_1_520' title='bbox 3105 548 3198 604; x_wconf 90' lang='lat' dir='ltr'><strong>per</strong></span> <span class='ocrx_word' id='word_1_521' title='bbox 3235 533 3473 607; x_wconf 78' lang='lat' dir='ltr'><strong>Moysen,</strong></span> <span class='ocrx_word' id='word_1_522' title='bbox 3504 541 3590 593; x_wconf 90' lang='lat' dir='ltr'><strong>cui</strong></span> 
     </span>
    </p>
   </div>
   <div class='ocr_carea' id='block_1_69' title="bbox 2009 620 3594 697">
    <p class='ocr_par' dir='ltr' id='par_1_69' title="bbox 2009 620 3594 697">
     <span class='ocr_line' id='line_1_70' title="bbox 2009 620 3594 697; baseline 0.008 -21"><span class='ocrx_word' id='word_1_523' title='bbox 2009 620 2148 677; x_wconf 88' lang='lat' dir='ltr'><strong>Deus</strong></span> <span class='ocrx_word' id='word_1_524' title='bbox 2176 623 2330 691; x_wconf 82' lang='lat' dir='ltr'><strong>dixit,</strong></span> <span class='ocrx_word' id='word_1_525' title='bbox 2371 625 2557 694; x_wconf 84' lang='lat' dir='ltr'><strong>Accipe</strong></span> <span class='ocrx_word' id='word_1_526' title='bbox 2579 643 2749 680; x_wconf 87' lang='lat' dir='ltr'><strong>omnes</strong></span> <span class='ocrx_word' id='word_1_527' title='bbox 2775 627 2925 681; x_wconf 88' lang='lat' dir='ltr'><strong>duces</strong></span> <span class='ocrx_word' id='word_1_528' title='bbox 2951 628 3143 697; x_wconf 89' lang='lat' dir='ltr'><strong>populi,</strong></span> <span class='ocrx_word' id='word_1_529' title='bbox 3173 637 3221 683; x_wconf 90' lang='lat' dir='ltr'><strong>et</strong></span> <span class='ocrx_word' id='word_1_530' title='bbox 3253 629 3452 685; x_wconf 81' lang='lat' dir='ltr'><strong>uictima</strong></span> <span class='ocrx_word' id='word_1_531' title='bbox 3475 632 3594 688; x_wconf 85' lang='lat' dir='ltr'><strong>illos</strong></span> 
     </span>
    </p>
   </div>
   <div class='ocr_carea' id='block_1_70' title="bbox 2010 711 3589 790">
    <p class='ocr_par' dir='ltr' id='par_1_70' title="bbox 2010 711 3589 790">
     <span class='ocr_line' id='line_1_71' title="bbox 2010 711 3589 790; baseline 0.008 -24"><span class='ocrx_word' id='word_1_532' title='bbox 2010 711 2225 768; x_wconf 90' lang='lat' dir='ltr'><strong>Domino</strong></span> <span class='ocrx_word' id='word_1_533' title='bbox 2251 725 2427 769; x_wconf 91' lang='lat' dir='ltr'><strong>contra</strong></span> <span class='ocrx_word' id='word_1_534' title='bbox 2451 717 2607 770; x_wconf 88' lang='lat' dir='ltr'><strong>solem</strong></span> <span class='ocrx_word' id='word_1_535' title='bbox 2637 717 2822 788; x_wconf 85' lang='lat' dir='ltr'><strong>(Num.</strong></span> <span class='ocrx_word' id='word_1_536' title='bbox 2851 734 2976 781; x_wconf 80' lang='lat' dir='ltr'><strong>xxv,</strong></span> <span class='ocrx_word' id='word_1_537' title='bbox 3009 720 3068 789; x_wconf 76' lang='lat'><strong>4)</strong></span> <span class='ocrx_word' id='word_1_538' title='bbox 3097 737 3108 772; x_wconf 92' lang='lat'><strong>:</strong></span> <span class='ocrx_word' id='word_1_539' title='bbox 3141 719 3242 776; x_wconf 87' lang='lat' dir='ltr'><strong>hoc</strong></span> <span class='ocrx_word' id='word_1_540' title='bbox 3265 730 3367 790; x_wconf 90' lang='lat' dir='ltr'><strong>est,</strong></span> <span class='ocrx_word' id='word_1_541' title='bbox 3393 723 3446 778; x_wconf 93' lang='lat' dir='ltr'><strong>in</strong></span> <span class='ocrx_word' id='word_1_542' title='bbox 3473 740 3589 778; x_wconf 89' lang='lat' dir='ltr'><strong>ma-</strong></span> 
     </span>
    </p>
   </div>
   <div class='ocr_carea' id='block_1_71' title="bbox 2009 807 3592 888">
    <p class='ocr_par' dir='ltr' id='par_1_71' title="bbox 2009 807 3592 888">
     <span class='ocr_line' id='line_1_72' title="bbox 2009 807 3592 888; baseline 0.008 -26"><span class='ocrx_word' id='word_1_543' title='bbox 2009 807 2201 864; x_wconf 78' lang='lat' dir='ltr'><strong>nifesto</strong></span> <span class='ocrx_word' id='word_1_544' title='bbox 2229 824 2324 878; x_wconf 89' lang='lat' dir='ltr'><strong>pcr</strong></span> <span class='ocrx_word' id='word_1_545' title='bbox 2352 809 2515 864; x_wconf 87' lang='lat' dir='ltr'><strong>diem.</strong></span> <span class='ocrx_word' id='word_1_546' title='bbox 2541 809 2634 865; x_wconf 86' lang='lat' dir='ltr'><strong>Vel</strong></span> <span class='ocrx_word' id='word_1_547' title='bbox 2663 811 2804 880; x_wconf 91' lang='lat' dir='ltr'><strong>quod</strong></span> <span class='ocrx_word' id='word_1_548' title='bbox 2825 810 3020 866; x_wconf 83' lang='lat' dir='ltr'><strong>factum</strong></span> <span class='ocrx_word' id='word_1_549' title='bbox 3049 813 3250 869; x_wconf 87' lang='lat' dir='ltr'><strong>idolum</strong></span> <span class='ocrx_word' id='word_1_550' title='bbox 3282 817 3493 888; x_wconf 88' lang='lat' dir='ltr'><strong>Moyses</strong></span> <span class='ocrx_word' id='word_1_551' title='bbox 3518 819 3592 874; x_wconf 89' lang='lat' dir='ltr'><strong>ita</strong></span> 
     </span>
    </p>
   </div>
   <div class='ocr_carea' id='block_1_72' title="bbox 2008 899 3588 978">
    <p class='ocr_par' dir='ltr' id='par_1_72' title="bbox 2008 899 3588 978">
     <span class='ocr_line' id='line_1_73' title="bbox 2008 899 3588 978; baseline 0.008 -25"><span class='ocrx_word' id='word_1_552' title='bbox 2008 899 2311 968; x_wconf 90' lang='lat' dir='ltr'><strong>vindicavit,</strong></span> <span class='ocrx_word' id='word_1_553' title='bbox 2366 909 2425 955; x_wconf 93' lang='lat' dir='ltr'><strong>ut</strong></span> <span class='ocrx_word' id='word_1_554' title='bbox 2468 916 2567 956; x_wconf 89' lang='lat' dir='ltr'><strong>nec</strong></span> <span class='ocrx_word' id='word_1_555' title='bbox 2619 903 2863 970; x_wconf 81' lang='lat' dir='ltr'><strong>proximo</strong></span> <span class='ocrx_word' id='word_1_556' title='bbox 2909 917 3006 958; x_wconf 88' lang='lat' dir='ltr'><strong>suo</strong></span> <span class='ocrx_word' id='word_1_557' title='bbox 3049 907 3273 977; x_wconf 85' lang='lat' dir='ltr'><strong>quisque</strong></span> <span class='ocrx_word' id='word_1_558' title='bbox 3324 920 3588 978; x_wconf 89' lang='lat' dir='ltr'><strong>parceret,</strong></span> 
     </span>
    </p>
   </div>
   <div class='ocr_carea' id='block_1_73' title="bbox 2008 992 3594 1069">
    <p class='ocr_par' dir='ltr' id='par_1_73' title="bbox 2008 992 3594 1069">
     <span class='ocr_line' id='line_1_74' title="bbox 2008 992 3594 1069; baseline 0.007 -23"><span class='ocrx_word' id='word_1_559' title='bbox 2008 993 2148 1047; x_wconf 79' lang='lat' dir='ltr'><strong>ferro</strong></span> <span class='ocrx_word' id='word_1_560' title='bbox 2179 992 2447 1062; x_wconf 92' lang='lat' dir='ltr'><strong>perimens</strong></span> <span class='ocrx_word' id='word_1_561' title='bbox 2491 993 2682 1064; x_wconf 90' lang='lat' dir='ltr'><strong>impios</strong></span> <span class='ocrx_word' id='word_1_562' title='bbox 2716 993 2912 1064; x_wconf 73' lang='lat' dir='ltr'><strong>(Exod.</strong></span> <span class='ocrx_word' id='word_1_563' title='bbox 2941 995 3133 1068; x_wconf 77' lang='lat' dir='ltr'><strong>xxxii).</strong></span> <span class='ocrx_word' id='word_1_564' title='bbox 3162 997 3344 1069; x_wconf 89' lang='lat' dir='ltr'><strong>Neque</strong></span> <span class='ocrx_word' id='word_1_565' title='bbox 3370 1001 3513 1055; x_wconf 89' lang='lat' dir='ltr'><strong>enim</strong></span> <span class='ocrx_word' id='word_1_566' title='bbox 3540 1012 3594 1057; x_wconf 89' lang='lat' dir='ltr'><strong>et</strong></span> 
     </span>
    </p>
   </div>
   <div class='ocr_carea' id='block_1_74' title="bbox 2010 1083 3598 1159">
    <p class='ocr_par' dir='ltr' id='par_1_74' title="bbox 2010 1083 3598 1159">
     <span class='ocr_line' id='line_1_75' title="bbox 2010 1083 3598 1159; baseline 0.006 -21"><span class='ocrx_word' id='word_1_567' title='bbox 2010 1083 2267 1139; x_wconf 82' lang='lat' dir='ltr'><strong>Dominus</strong></span> <span class='ocrx_word' id='word_1_568' title='bbox 2281 1084 2434 1140; x_wconf 82' lang='lat' dir='ltr'><strong>Jesus</strong></span> <span class='ocrx_word' id='word_1_569' title='bbox 2463 1101 2570 1140; x_wconf 91' lang='lat' dir='ltr'><strong>non</strong></span> <span class='ocrx_word' id='word_1_570' title='bbox 2590 1084 2723 1140; x_wconf 89' lang='lat' dir='ltr'><strong>dixit</strong></span> <span class='ocrx_word' id='word_1_571' title='bbox 2752 1103 2765 1138; x_wconf 88' lang='lat'><strong>:</strong></span> <span class='ocrx_word' id='word_1_572' title='bbox 2793 1084 2897 1140; x_wconf 86' lang='lat' dir='ltr'><strong>Eos</strong></span> <span class='ocrx_word' id='word_1_573' title='bbox 2920 1097 3086 1142; x_wconf 90' lang='lat' dir='ltr'><strong>autem</strong></span> <span class='ocrx_word' id='word_1_574' title='bbox 3111 1095 3196 1159; x_wconf 86' lang='lat' dir='ltr'><strong>qui</strong></span> <span class='ocrx_word' id='word_1_575' title='bbox 3220 1092 3489 1146; x_wconf 87' lang='lat' dir='ltr'><strong>noluerunt</strong></span> <span class='ocrx_word' id='word_1_576' title='bbox 3519 1111 3598 1147; x_wconf 89' lang='lat' dir='ltr'><strong>me</strong></span> 
     </span>
    </p>
   </div>
   <div class='ocr_carea' id='block_1_75' title="bbox 2007 1176 3590 1252">
    <p class='ocr_par' dir='ltr' id='par_1_75' title="bbox 2007 1176 3590 1252">
     <span class='ocr_line' id='line_1_76' title="bbox 2007 1176 3590 1252; baseline 0.004 -22"><span class='ocrx_word' id='word_1_577' title='bbox 2007 1193 2219 1246; x_wconf 86' lang='lat' dir='ltr'><strong>regnare</strong></span> <span class='ocrx_word' id='word_1_578' title='bbox 2239 1176 2353 1244; x_wconf 86' lang='lat' dir='ltr'><strong>sibi,</strong></span> <span class='ocrx_word' id='word_1_579' title='bbox 2373 1177 2623 1243; x_wconf 88' lang='lat' dir='ltr'><strong>adducite,</strong></span> <span class='ocrx_word' id='word_1_580' title='bbox 2650 1187 2696 1232; x_wconf 88' lang='lat' dir='ltr'><strong>et</strong></span> <span class='ocrx_word' id='word_1_581' title='bbox 2722 1178 2990 1248; x_wconf 83' lang='lat' dir='ltr'><strong>interﬁcite</strong></span> <span class='ocrx_word' id='word_1_582' title='bbox 3008 1196 3180 1233; x_wconf 87' lang='lat' dir='ltr'><strong>coram</strong></span> <span class='ocrx_word' id='word_1_583' title='bbox 3205 1198 3285 1236; x_wconf 89' lang='lat' dir='ltr'><strong>me</strong></span> <span class='ocrx_word' id='word_1_584' title='bbox 3304 1182 3456 1252; x_wconf 84' lang='lat' dir='ltr'><strong>(Luc.</strong></span> <span class='ocrx_word' id='word_1_585' title='bbox 3479 1199 3590 1248; x_wconf 67' lang='lat' dir='ltr'><strong>xix,</strong></span> 
     </span>
    </p>
   </div>
   <div class='ocr_carea' id='block_1_76' title="bbox 2007 1266 3592 1344">
    <p class='ocr_par' dir='ltr' id='par_1_76' title="bbox 2007 1266 3592 1344">
     <span class='ocr_line' id='line_1_77' title="bbox 2007 1266 3592 1344; baseline 0.006 -22"><span class='ocrx_word' id='word_1_586' title='bbox 2007 1266 2126 1337; x_wconf 90' lang='lat'><strong>27).</strong></span> <span class='ocrx_word' id='word_1_587' title='bbox 2155 1268 2256 1326; x_wconf 89' lang='lat' dir='ltr'><strong>Ubi</strong></span> <span class='ocrx_word' id='word_1_588' title='bbox 2282 1268 2539 1340; x_wconf 83' lang='lat' dir='ltr'><strong>profecto,</strong></span> <span class='ocrx_word' id='word_1_589' title='bbox 2566 1269 2689 1341; x_wconf 90' lang='lat' dir='ltr'><strong>quia</strong></span> <span class='ocrx_word' id='word_1_590' title='bbox 2729 1279 2954 1326; x_wconf 90' lang='lat' dir='ltr'><strong>mortem</strong></span> <span class='ocrx_word' id='word_1_591' title='bbox 2990 1273 3248 1340; x_wconf 81' lang='lat' dir='ltr'><strong>signiﬁcat</strong></span> <span class='ocrx_word' id='word_1_592' title='bbox 3273 1276 3592 1344; x_wconf 85' lang='lat' dir='ltr'><strong>animarum,</strong></span> 
     </span>
    </p>
   </div>
   <div class='ocr_carea' id='block_1_77' title="bbox 2008 1362 3594 1442">
    <p class='ocr_par' dir='ltr' id='par_1_77' title="bbox 2008 1362 3594 1442">
     <span class='ocr_line' id='line_1_78' title="bbox 2008 1362 3594 1442; baseline 0.006 -27"><span class='ocrx_word' id='word_1_593' title='bbox 2008 1362 2178 1433; x_wconf 84' lang='lat' dir='ltr'><strong>magis</strong></span> <span class='ocrx_word' id='word_1_594' title='bbox 2215 1371 2295 1418; x_wconf 87' lang='lat' dir='ltr'><strong>est</strong></span> <span class='ocrx_word' id='word_1_595' title='bbox 2321 1363 2504 1432; x_wconf 91' lang='lat' dir='ltr'><strong>utique</strong></span> <span class='ocrx_word' id='word_1_596' title='bbox 2532 1362 2621 1417; x_wconf 90' lang='lat' dir='ltr'><strong>illa</strong></span> <span class='ocrx_word' id='word_1_597' title='bbox 2650 1363 2896 1442; x_wconf 87' lang='lat' dir='ltr'><strong>ﬁdelibus</strong></span> <span class='ocrx_word' id='word_1_598' title='bbox 2925 1365 3190 1420; x_wconf 90' lang='lat' dir='ltr'><strong>horrenda</strong></span> <span class='ocrx_word' id='word_1_599' title='bbox 3231 1377 3286 1422; x_wconf 90' lang='lat' dir='ltr'><strong>et</strong></span> <span class='ocrx_word' id='word_1_600' title='bbox 3313 1370 3594 1424; x_wconf 87' lang='lat' dir='ltr'><strong>metuenda</strong></span> 
     </span>
    </p>
   </div>
   <div class='ocr_carea' id='block_1_78' title="bbox 2009 1453 3598 1524">
    <p class='ocr_par' dir='ltr' id='par_1_78' title="bbox 2009 1453 3598 1524">
     <span class='ocr_line' id='line_1_79' title="bbox 2009 1453 3598 1524; baseline 0.006 -18"><span class='ocrx_word' id='word_1_601' title='bbox 2009 1468 2166 1522; x_wconf 90' lang='lat' dir='ltr'><strong>quam</strong></span> <span class='ocrx_word' id='word_1_602' title='bbox 2214 1467 2518 1524; x_wconf 92' lang='lat' dir='ltr'><strong>corporum.</strong></span> <span class='ocrx_word' id='word_1_603' title='bbox 2566 1453 2719 1510; x_wconf 90' lang='lat' dir='ltr'><strong>Unde</strong></span> <span class='ocrx_word' id='word_1_604' title='bbox 2759 1455 2899 1511; x_wconf 89' lang='lat' dir='ltr'><strong>idem</strong></span> <span class='ocrx_word' id='word_1_605' title='bbox 2932 1455 3186 1514; x_wconf 91' lang='lat' dir='ltr'><strong>Dominus</strong></span> <span class='ocrx_word' id='word_1_606' title='bbox 3224 1458 3393 1514; x_wconf 90' lang='lat' dir='ltr'><strong>dicit:</strong></span> <span class='ocrx_word' id='word_1_607' title='bbox 3424 1460 3598 1516; x_wconf 88' lang='lat' dir='ltr'><strong>Nolite</strong></span> 
     </span>
    </p>
   </div>
   <div class='ocr_carea' id='block_1_79' title="bbox 2010 1546 3596 1625">
    <p class='ocr_par' dir='ltr' id='par_1_79' title="bbox 2010 1546 3596 1625">
     <span class='ocr_line' id='line_1_80' title="bbox 2010 1546 3596 1625; baseline 0.006 -27"><span class='ocrx_word' id='word_1_608' title='bbox 2010 1546 2183 1600; x_wconf 86' lang='lat' dir='ltr'><strong>timere</strong></span> <span class='ocrx_word' id='word_1_609' title='bbox 2207 1563 2290 1601; x_wconf 89' lang='lat' dir='ltr'><strong>eos</strong></span> <span class='ocrx_word' id='word_1_610' title='bbox 2309 1547 2396 1617; x_wconf 88' lang='lat' dir='ltr'><strong>qui</strong></span> <span class='ocrx_word' id='word_1_611' title='bbox 2425 1548 2656 1602; x_wconf 87' lang='lat' dir='ltr'><strong>occidunt</strong></span> <span class='ocrx_word' id='word_1_612' title='bbox 2681 1565 2884 1619; x_wconf 88' lang='lat' dir='ltr'><strong>corpus,</strong></span> <span class='ocrx_word' id='word_1_613' title='bbox 2919 1551 3139 1604; x_wconf 88' lang='lat' dir='ltr'><strong>animam</strong></span> <span class='ocrx_word' id='word_1_614' title='bbox 3163 1561 3329 1606; x_wconf 85' lang='lat' dir='ltr'><strong>autem</strong></span> <span class='ocrx_word' id='word_1_615' title='bbox 3349 1570 3448 1608; x_wconf 91' lang='lat' dir='ltr'><strong>non</strong></span> <span class='ocrx_word' id='word_1_616' title='bbox 3475 1571 3596 1625; x_wconf 78' lang='lat' dir='ltr'><strong>pos-</strong></span> 
     </span>
    </p>
   </div>
   <div class='ocr_carea' id='block_1_80' title="bbox 2008 1639 3598 1714">
    <p class='ocr_par' dir='ltr' id='par_1_80' title="bbox 2008 1639 3598 1714">
     <span class='ocr_line' id='line_1_81' title="bbox 2008 1639 3598 1714; baseline 0.005 -22"><span class='ocrx_word' id='word_1_617' title='bbox 2008 1647 2126 1692; x_wconf 81' lang='lat' dir='ltr'><strong>sunt</strong></span> <span class='ocrx_word' id='word_1_618' title='bbox 2150 1639 2407 1703; x_wconf 86' lang='lat' dir='ltr'><strong>occidere;</strong></span> <span class='ocrx_word' id='word_1_619' title='bbox 2431 1639 2520 1693; x_wconf 85' lang='lat' dir='ltr'><strong>sed</strong></span> <span class='ocrx_word' id='word_1_620' title='bbox 2540 1641 2706 1711; x_wconf 85' lang='lat' dir='ltr'><strong>potius</strong></span> <span class='ocrx_word' id='word_1_621' title='bbox 2729 1658 2842 1695; x_wconf 85' lang='lat' dir='ltr'><strong>eum</strong></span> <span class='ocrx_word' id='word_1_622' title='bbox 2864 1642 3048 1708; x_wconf 81' lang='lat' dir='ltr'><strong>timete,</strong></span> <span class='ocrx_word' id='word_1_623' title='bbox 3079 1644 3164 1713; x_wconf 86' lang='lat' dir='ltr'><strong>qui</strong></span> <span class='ocrx_word' id='word_1_624' title='bbox 3194 1653 3352 1714; x_wconf 87' lang='lat' dir='ltr'><strong>potest</strong></span> <span class='ocrx_word' id='word_1_625' title='bbox 3375 1647 3598 1700; x_wconf 85' lang='lat' dir='ltr'><strong>animam</strong></span> 
     </span>
    </p>
   </div>
   <div class='ocr_carea' id='block_1_81' title="bbox 2009 1731 3348 1806">
    <p class='ocr_par' dir='ltr' id='par_1_81' title="bbox 2009 1731 3348 1806">
     <span class='ocr_line' id='line_1_82' title="bbox 2009 1731 3348 1806; baseline 0.004 -24"><span class='ocrx_word' id='word_1_626' title='bbox 2009 1738 2058 1782; x_wconf 87' lang='lat' dir='ltr'><strong>et</strong></span> <span class='ocrx_word' id='word_1_627' title='bbox 2079 1746 2261 1800; x_wconf 89' lang='lat' dir='ltr'><strong>corpus</strong></span> <span class='ocrx_word' id='word_1_628' title='bbox 2287 1731 2494 1801; x_wconf 87' lang='lat' dir='ltr'><strong>perdere</strong></span> <span class='ocrx_word' id='word_1_629' title='bbox 2520 1731 2574 1785; x_wconf 90' lang='lat' dir='ltr'><strong>in</strong></span> <span class='ocrx_word' id='word_1_630' title='bbox 2601 1733 2881 1803; x_wconf 86' lang='lat' dir='ltr'><strong>gehennam</strong></span> <span class='ocrx_word' id='word_1_631' title='bbox 2907 1732 3118 1802; x_wconf 87' lang='lat' dir='ltr'><strong>(Matth.</strong></span> <span class='ocrx_word' id='word_1_632' title='bbox 3148 1751 3204 1802; x_wconf 70' lang='grc' dir='ltr'><strong>Χ,</strong></span> <span class='ocrx_word' id='word_1_633' title='bbox 3234 1734 3348 1806; x_wconf 86' lang='lat'><strong>28).</strong></span> 
     </span>
    </p>
   </div>
   <div class='ocr_carea' id='block_1_82' title="bbox 2046 1821 3600 1895">
    <p class='ocr_par' dir='ltr' id='par_1_82' title="bbox 2046 1821 3600 1895">
     <span class='ocr_line' id='line_1_83' title="bbox 2046 1821 3600 1895; baseline 0.008 -25"><span class='ocrx_word' id='word_1_634' title='bbox 2046 1867 2050 1870; x_wconf 83' lang='lat'><strong>.</strong></span> <span class='ocrx_word' id='word_1_635' title='bbox 2079 1821 2168 1878; x_wconf 87' lang='lat'><strong>29.</strong></span> <span class='ocrx_word' id='word_1_636' title='bbox 2211 1821 2379 1891; x_wconf 87' lang='lat' dir='ltr'><strong>Hujus</strong></span> <span class='ocrx_word' id='word_1_637' title='bbox 2402 1823 2616 1892; x_wconf 80' lang='lat' dir='ltr'><strong>generis</strong></span> <span class='ocrx_word' id='word_1_638' title='bbox 2638 1833 2860 1891; x_wconf 92' lang='lat' dir='ltr'><strong>mortes,</strong></span> <span class='ocrx_word' id='word_1_639' title='bbox 2896 1840 2991 1894; x_wconf 88' lang='lat' dir='ltr'><strong>per</strong></span> <span class='ocrx_word' id='word_1_640' title='bbox 3005 1839 3136 1895; x_wconf 89' lang='lat' dir='ltr'><strong>quas</strong></span> <span class='ocrx_word' id='word_1_641' title='bbox 3163 1825 3358 1881; x_wconf 85' lang='lat' dir='ltr'><strong>animae</strong></span> <span class='ocrx_word' id='word_1_642' title='bbox 3380 1827 3600 1882; x_wconf 90' lang='lat' dir='ltr'><strong>mittun-</strong></span> 
     </span>
    </p>
   </div>
   <div class='ocr_carea' id='block_1_83' title="bbox 2011 1913 3589 1989">
    <p class='ocr_par' dir='ltr' id='par_1_83' title="bbox 2011 1913 3589 1989">
     <span class='ocr_line' id='line_1_84' title="bbox 2011 1913 3589 1989; baseline 0.004 -21"><span class='ocrx_word' id='word_1_643' title='bbox 2011 1922 2096 1968; x_wconf 90' lang='lat' dir='ltr'><strong>tur</strong></span> <span class='ocrx_word' id='word_1_644' title='bbox 2120 1913 2172 1968; x_wconf 95' lang='lat' dir='ltr'><strong>in</strong></span> <span class='ocrx_word' id='word_1_645' title='bbox 2201 1913 2522 1985; x_wconf 79' lang='lat' dir='ltr'><strong>gehennam,</strong></span> <span class='ocrx_word' id='word_1_646' title='bbox 2553 1915 2596 1970; x_wconf 93' lang='lat' dir='ltr'><strong>si</strong></span> <span class='ocrx_word' id='word_1_647' title='bbox 2622 1915 2906 1986; x_wconf 81' lang='lat' dir='ltr'><strong>quisﬁdeli</strong></span> <span class='ocrx_word' id='word_1_648' title='bbox 2933 1926 3132 1982; x_wconf 89' lang='lat' dir='ltr'><strong>mente,</strong></span> <span class='ocrx_word' id='word_1_649' title='bbox 3162 1929 3221 1973; x_wconf 96' lang='lat' dir='ltr'><strong>ut</strong></span> <span class='ocrx_word' id='word_1_650' title='bbox 3245 1917 3463 1989; x_wconf 91' lang='lat' dir='ltr'><strong>dignum</strong></span> <span class='ocrx_word' id='word_1_651' title='bbox 3487 1929 3589 1986; x_wconf 88' lang='lat' dir='ltr'><strong>est,</strong></span> 
     </span>
    </p>
   </div>
   <div class='ocr_carea' id='block_1_84' title="bbox 2009 2005 3598 2083">
    <p class='ocr_par' dir='ltr' id='par_1_84' title="bbox 2009 2005 3598 2083">
     <span class='ocr_line' id='line_1_85' title="bbox 2009 2005 3598 2083; baseline 0.005 -23"><span class='ocrx_word' id='word_1_652' title='bbox 2009 2006 2341 2076; x_wconf 87' lang='lat' dir='ltr'><strong>cogitaverit,</strong></span> <span class='ocrx_word' id='word_1_653' title='bbox 2370 2005 2524 2062; x_wconf 86' lang='lat' dir='ltr'><strong>valde</strong></span> <span class='ocrx_word' id='word_1_654' title='bbox 2549 2007 2724 2062; x_wconf 87' lang='lat' dir='ltr'><strong>viliter</strong></span> <span class='ocrx_word' id='word_1_655' title='bbox 2747 2009 2764 2040; x_wconf 82' lang='grc'>¹</span> <span class='ocrx_word' id='word_1_656' title='bbox 2793 2009 3386 2081; x_wconf 76' lang='lat' dir='ltr'><strong>testimabitquamlibet</strong></span> <span class='ocrx_word' id='word_1_657' title='bbox 3410 2013 3598 2083; x_wconf 84' lang='lat' dir='ltr'><strong>ingen-</strong></span> 
     </span>
    </p>
   </div>
   <div class='ocr_carea' id='block_1_85' title="bbox 2012 2099 3597 2171">
    <p class='ocr_par' dir='ltr' id='par_1_85' title="bbox 2012 2099 3597 2171">
     <span class='ocr_line' id='line_1_86' title="bbox 2012 2099 3597 2171; baseline 0.004 -18"><span class='ocrx_word' id='word_1_658' title='bbox 2012 2099 2270 2154; x_wconf 89' lang='lat' dir='ltr'><strong>tissimam</strong></span> <span class='ocrx_word' id='word_1_659' title='bbox 2321 2108 2555 2171; x_wconf 81' lang='lat' dir='ltr'><strong>stragem</strong></span> <span class='ocrx_word' id='word_1_660' title='bbox 2607 2109 2663 2155; x_wconf 91' lang='lat' dir='ltr'><strong>et</strong></span> <span class='ocrx_word' id='word_1_661' title='bbox 2709 2102 2982 2170; x_wconf 75' lang='lat' dir='ltr'><strong>sanguinis</strong></span> <span class='ocrx_word' id='word_1_662' title='bbox 3045 2102 3236 2158; x_wconf 89' lang='lat' dir='ltr'><strong>ﬂuvios</strong></span> <span class='ocrx_word' id='word_1_663' title='bbox 3290 2105 3597 2160; x_wconf 85' lang='lat' dir='ltr'><strong>mortalium</strong></span> 
     </span>
    </p>
   </div>
   <div class='ocr_carea' id='block_1_86' title="bbox 2009 2193 3602 2267">
    <p class='ocr_par' dir='ltr' id='par_1_86' title="bbox 2009 2193 3602 2267">
     <span class='ocr_line' id='line_1_87' title="bbox 2009 2193 3602 2267; baseline 0.003 -19"><span class='ocrx_word' id='word_1_664' title='bbox 2009 2206 2293 2262; x_wconf 90' lang='lat' dir='ltr'><strong>corporum</strong></span> <span class='ocrx_word' id='word_1_665' title='bbox 2315 2234 2329 2259; x_wconf 96' lang='lat'><strong>,</strong></span> <span class='ocrx_word' id='word_1_666' title='bbox 2383 2193 2882 2264; x_wconf 86' lang='lat' dir='ltr'><strong>quomodocumque</strong></span> <span class='ocrx_word' id='word_1_667' title='bbox 2919 2195 3363 2267; x_wconf 91' lang='lat' dir='ltr'><strong>quandocumque</strong></span> <span class='ocrx_word' id='word_1_668' title='bbox 3386 2200 3602 2252; x_wconf 86' lang='lat' dir='ltr'><strong>moritu-</strong></span> 
     </span>
    </p>
   </div>
   <div class='ocr_carea' id='block_1_87' title="bbox 2009 2286 3600 2360">
    <p class='ocr_par' dir='ltr' id='par_1_87' title="bbox 2009 2286 3600 2360">
     <span class='ocr_line' id='line_1_88' title="bbox 2009 2286 3600 2360; baseline 0.003 -19"><span class='ocrx_word' id='word_1_669' title='bbox 2009 2301 2212 2341; x_wconf 90' lang='lat' dir='ltr'><strong>rorum.</strong></span> <span class='ocrx_word' id='word_1_670' title='bbox 2241 2287 2385 2354; x_wconf 86' lang='lat' dir='ltr'><strong>Quas</strong></span> <span class='ocrx_word' id='word_1_671' title='bbox 2425 2286 2600 2343; x_wconf 87' lang='lat' dir='ltr'><strong>caedes</strong></span> <span class='ocrx_word' id='word_1_672' title='bbox 2646 2288 2748 2344; x_wconf 88' lang='lat' dir='ltr'><strong>iste</strong></span> <span class='ocrx_word' id='word_1_673' title='bbox 2790 2303 3136 2360; x_wconf 84' lang='lat' dir='ltr'><strong>exaggerans,</strong></span> <span class='ocrx_word' id='word_1_674' title='bbox 3183 2298 3239 2344; x_wconf 93' lang='lat' dir='ltr'><strong>et</strong></span> <span class='ocrx_word' id='word_1_675' title='bbox 3283 2289 3600 2346; x_wconf 89' lang='lat' dir='ltr'><strong>scholastica</strong></span> 
     </span>
    </p>
   </div>
   <div class='ocr_carea' id='block_1_88' title="bbox 2009 2381 3601 2455">
    <p class='ocr_par' dir='ltr' id='par_1_88' title="bbox 2009 2381 3601 2455">
     <span class='ocr_line' id='line_1_89' title="bbox 2009 2381 3601 2455; baseline 0.004 -21"><span class='ocrx_word' id='word_1_676' title='bbox 2009 2381 2243 2437; x_wconf 86' lang='lat' dir='ltr'><strong>vanitate</strong></span> <span class='ocrx_word' id='word_1_677' title='bbox 2284 2381 2613 2451; x_wconf 90' lang='lat' dir='ltr'><strong>describens,</strong></span> <span class='ocrx_word' id='word_1_678' title='bbox 2659 2382 2728 2437; x_wconf 88' lang='lat' dir='ltr'><strong>ad</strong></span> <span class='ocrx_word' id='word_1_679' title='bbox 2773 2383 3249 2453; x_wconf 82' lang='lat' dir='ltr'><strong>blasphetnandum</strong></span> <span class='ocrx_word' id='word_1_680' title='bbox 3279 2384 3469 2453; x_wconf 87' lang='lat' dir='ltr'><strong>Deum,</strong></span> <span class='ocrx_word' id='word_1_681' title='bbox 3510 2387 3601 2455; x_wconf 91' lang='lat' dir='ltr'><strong>qui</strong></span> 
     </span>
    </p>
   </div>
   <div class='ocr_carea' id='block_1_89' title="bbox 2011 2471 3602 2544">
    <p class='ocr_par' dir='ltr' id='par_1_89' title="bbox 2011 2471 3602 2544">
     <span class='ocr_line' id='line_1_90' title="bbox 2011 2471 3602 2544; baseline 0.004 -19"><span class='ocrx_word' id='word_1_682' title='bbox 2011 2471 2206 2528; x_wconf 88' lang='lat' dir='ltr'><strong>talibus</strong></span> <span class='ocrx_word' id='word_1_683' title='bbox 2238 2473 2500 2529; x_wconf 86' lang='lat' dir='ltr'><strong>mortibus</strong></span> <span class='ocrx_word' id='word_1_684' title='bbox 2544 2488 2638 2529; x_wconf 89' lang='lat' dir='ltr'><strong>eos</strong></span> <span class='ocrx_word' id='word_1_685' title='bbox 2667 2474 2860 2544; x_wconf 89' lang='lat' dir='ltr'><strong>quibus</strong></span> <span class='ocrx_word' id='word_1_686' title='bbox 2900 2475 3206 2544; x_wconf 88' lang='lat' dir='ltr'><strong>hujusmodi</strong></span> <span class='ocrx_word' id='word_1_687' title='bbox 3255 2485 3429 2532; x_wconf 92' lang='lat' dir='ltr'><strong>terror</strong></span> <span class='ocrx_word' id='word_1_688' title='bbox 3459 2478 3602 2533; x_wconf 88' lang='lat' dir='ltr'><strong>utilis</strong></span> 
     </span>
    </p>
   </div>
   <div class='ocr_carea' id='block_1_90' title="bbox 2011 2564 3603 2636">
    <p class='ocr_par' dir='ltr' id='par_1_90' title="bbox 2011 2564 3603 2636">
     <span class='ocr_line' id='line_1_91' title="bbox 2011 2564 3603 2636; baseline 0.004 -18"><span class='ocrx_word' id='word_1_689' title='bbox 2011 2564 2202 2631; x_wconf 76' lang='lat' dir='ltr'><strong>fuerat,</strong></span> <span class='ocrx_word' id='word_1_690' title='bbox 2231 2565 2551 2636; x_wconf 90' lang='lat' dir='ltr'><strong>ﬂagellabat,</strong></span> <span class='ocrx_word' id='word_1_691' title='bbox 2579 2565 2857 2622; x_wconf 89' lang='lat' dir='ltr'><strong>horrorem</strong></span> <span class='ocrx_word' id='word_1_692' title='bbox 2882 2567 3072 2622; x_wconf 89' lang='lat' dir='ltr'><strong>incutit</strong></span> <span class='ocrx_word' id='word_1_693' title='bbox 3101 2569 3416 2625; x_wconf 90' lang='lat' dir='ltr'><strong>mortalibus</strong></span> <span class='ocrx_word' id='word_1_694' title='bbox 3438 2570 3603 2625; x_wconf 90' lang='lat' dir='ltr'><strong>sensi-</strong></span> 
     </span>
    </p>
   </div>
   <div class='ocr_carea' id='block_1_91' title="bbox 2010 2657 3602 2730">
    <p class='ocr_par' dir='ltr' id='par_1_91' title="bbox 2010 2657 3602 2730">
     <span class='ocr_line' id='line_1_92' title="bbox 2010 2657 3602 2730; baseline 0.003 -18"><span class='ocrx_word' id='word_1_695' title='bbox 2010 2657 2131 2726; x_wconf 92' lang='lat' dir='ltr'><strong>bus,</strong></span> <span class='ocrx_word' id='word_1_696' title='bbox 2161 2670 2215 2714; x_wconf 91' lang='lat' dir='ltr'><strong>et</strong></span> <span class='ocrx_word' id='word_1_697' title='bbox 2241 2659 2436 2729; x_wconf 87' lang='lat' dir='ltr'><strong>aliquid</strong></span> <span class='ocrx_word' id='word_1_698' title='bbox 2462 2674 2523 2715; x_wconf 89' lang='lat' dir='ltr'><strong>se</strong></span> <span class='ocrx_word' id='word_1_699' title='bbox 2547 2674 2708 2730; x_wconf 88' lang='lat' dir='ltr'><strong>agere</strong></span> <span class='ocrx_word' id='word_1_700' title='bbox 2731 2669 2902 2729; x_wconf 85' lang='lat' dir='ltr'><strong>putat,</strong></span> <span class='ocrx_word' id='word_1_701' title='bbox 2931 2660 3107 2716; x_wconf 89' lang='lat' dir='ltr'><strong>calces</strong></span> <span class='ocrx_word' id='word_1_702' title='bbox 3136 2661 3392 2717; x_wconf 88' lang='lat' dir='ltr'><strong>adversus</strong></span> <span class='ocrx_word' id='word_1_703' title='bbox 3411 2663 3602 2717; x_wconf 63' lang='lat' dir='ltr'><strong>stimu.</strong></span> 
     </span>
    </p>
   </div>
   <div class='ocr_carea' id='block_1_92' title="bbox 2011 2748 3600 2820">
    <p class='ocr_par' dir='ltr' id='par_1_92' title="bbox 2011 2748 3600 2820">
     <span class='ocr_line' id='line_1_93' title="bbox 2011 2748 3600 2820; baseline 0.003 -17"><span class='ocrx_word' id='word_1_704' title='bbox 2011 2748 2118 2803; x_wconf 93' lang='lat' dir='ltr'><strong>lum</strong></span> <span class='ocrx_word' id='word_1_705' title='bbox 2145 2751 2392 2820; x_wconf 90' lang='lat' dir='ltr'><strong>jaciendo</strong></span> <span class='ocrx_word' id='word_1_706' title='bbox 2422 2770 2436 2806; x_wconf 90' lang='lat'><strong>:</strong></span> <span class='ocrx_word' id='word_1_707' title='bbox 2469 2760 2525 2806; x_wconf 93' lang='lat' dir='ltr'><strong>ut</strong></span> <span class='ocrx_word' id='word_1_708' title='bbox 2559 2767 2680 2807; x_wconf 90' lang='lat' dir='ltr'><strong>cum</strong></span> <span class='ocrx_word' id='word_1_709' title='bbox 2713 2750 2780 2807; x_wconf 91' lang='lat' dir='ltr'><strong>de</strong></span> <span class='ocrx_word' id='word_1_710' title='bbox 2824 2761 2995 2806; x_wconf 89' lang='lat' dir='ltr'><strong>morte</strong></span> <span class='ocrx_word' id='word_1_711' title='bbox 3038 2754 3215 2807; x_wconf 87' lang='lat' dir='ltr'><strong>carnis</strong></span> <span class='ocrx_word' id='word_1_712' title='bbox 3253 2762 3466 2808; x_wconf 90' lang='lat' dir='ltr'><strong>accusat</strong></span> <span class='ocrx_word' id='word_1_713' title='bbox 3506 2754 3600 2809; x_wconf 89' lang='lat' dir='ltr'><strong>Dei</strong></span> 
     </span>
    </p>
   </div>
   <div class='ocr_carea' id='block_1_93' title="bbox 2011 2842 3599 2915">
    <p class='ocr_par' dir='ltr' id='par_1_93' title="bbox 2011 2842 3599 2915">
     <span class='ocr_line' id='line_1_94' title="bbox 2011 2842 3599 2915; baseline 0.003 -21"><span class='ocrx_word' id='word_1_714' title='bbox 2011 2842 2422 2910; x_wconf 89' lang='lat' dir='ltr'><strong>providentiam,</strong></span> <span class='ocrx_word' id='word_1_715' title='bbox 2468 2852 2642 2898; x_wconf 91' lang='lat' dir='ltr'><strong>morte</strong></span> <span class='ocrx_word' id='word_1_716' title='bbox 2688 2842 2868 2898; x_wconf 88' lang='lat' dir='ltr'><strong>cordis</strong></span> <span class='ocrx_word' id='word_1_717' title='bbox 2908 2843 3150 2899; x_wconf 90' lang='lat' dir='ltr'><strong>mittatur</strong></span> <span class='ocrx_word' id='word_1_718' title='bbox 3183 2844 3240 2899; x_wconf 89' lang='lat' dir='ltr'><strong>in</strong></span> <span class='ocrx_word' id='word_1_719' title='bbox 3277 2845 3599 2915; x_wconf 83' lang='lat' dir='ltr'><strong>gehennam.</strong></span> 
     </span>
    </p>
   </div>
   <div class='ocr_carea' id='block_1_94' title="bbox 2011 2931 3603 3007">
    <p class='ocr_par' dir='ltr' id='par_1_94' title="bbox 2011 2931 3603 3007">
     <span class='ocr_line' id='line_1_95' title="bbox 2011 2931 3603 3007; baseline 0.003 -20"><span class='ocrx_word' id='word_1_720' title='bbox 2011 2931 2142 2999; x_wconf 87' lang='lat' dir='ltr'><strong>Quis</strong></span> <span class='ocrx_word' id='word_1_721' title='bbox 2168 2945 2344 2990; x_wconf 89' lang='lat' dir='ltr'><strong>autem</strong></span> <span class='ocrx_word' id='word_1_722' title='bbox 2373 2936 2677 2990; x_wconf 89' lang='lat' dir='ltr'><strong>utriuslibet</strong></span> <span class='ocrx_word' id='word_1_723' title='bbox 2712 2950 2870 2990; x_wconf 83' lang='lat' dir='ltr'><strong>sexus</strong></span> <span class='ocrx_word' id='word_1_724' title='bbox 2898 2936 3058 2990; x_wconf 89' lang='lat' dir='ltr'><strong>homo</strong></span> <span class='ocrx_word' id='word_1_725' title='bbox 3083 2950 3189 2991; x_wconf 91' lang='lat' dir='ltr'><strong>non</strong></span> <span class='ocrx_word' id='word_1_726' title='bbox 3217 2937 3399 2992; x_wconf 88' lang='lat' dir='ltr'><strong>mallet</strong></span> <span class='ocrx_word' id='word_1_727' title='bbox 3423 2936 3603 3007; x_wconf 89' lang='lat' dir='ltr'><strong>gladio</strong></span> 
     </span>
    </p>
   </div>
   <div class='ocr_carea' id='block_1_95' title="bbox 2013 3025 3605 3098">
    <p class='ocr_par' dir='ltr' id='par_1_95' title="bbox 2013 3025 3605 3098">
     <span class='ocr_line' id='line_1_96' title="bbox 2013 3025 3605 3098; baseline 0.004 -20"><span class='ocrx_word' id='word_1_728' title='bbox 2013 3025 2286 3092; x_wconf 84' lang='lat' dir='ltr'><strong>trucidari,</strong></span> <span class='ocrx_word' id='word_1_729' title='bbox 2333 3027 2493 3081; x_wconf 89' lang='lat' dir='ltr'><strong>etiam</strong></span> <span class='ocrx_word' id='word_1_730' title='bbox 2541 3028 2634 3082; x_wconf 93' lang='lat' dir='ltr'><strong>illo</strong></span> <span class='ocrx_word' id='word_1_731' title='bbox 2681 3027 2840 3083; x_wconf 87' lang='lat' dir='ltr'><strong>modo</strong></span> <span class='ocrx_word' id='word_1_732' title='bbox 2881 3042 2987 3098; x_wconf 90' lang='lat' dir='ltr'><strong>quo</strong></span> <span class='ocrx_word' id='word_1_733' title='bbox 3030 3027 3312 3092; x_wconf 81' lang='lat' dir='ltr'><strong>trucidavit</strong></span> <span class='ocrx_word' id='word_1_734' title='bbox 3351 3029 3605 3084; x_wconf 83' lang='lat' dir='ltr'><strong>sacerdos</strong></span> 
     </span>
    </p>
   </div>
   <div class='ocr_carea' id='block_1_96' title="bbox 2011 3115 3605 3190">
    <p class='ocr_par' dir='ltr' id='par_1_96' title="bbox 2011 3115 3605 3190">
     <span class='ocr_line' id='line_1_97' title="bbox 2011 3115 3605 3190; baseline 0.004 -18"><span class='ocrx_word' id='word_1_735' title='bbox 2011 3115 2244 3173; x_wconf 87' lang='lat' dir='ltr'><strong>Phinecs</strong></span> <span class='ocrx_word' id='word_1_736' title='bbox 2273 3118 2606 3186; x_wconf 80' lang='lat' dir='ltr'><strong>fornicarios,</strong></span> <span class='ocrx_word' id='word_1_737' title='bbox 2642 3121 2694 3174; x_wconf 94' lang='lat' dir='ltr'><strong>in</strong></span> <span class='ocrx_word' id='word_1_738' title='bbox 2741 3121 2858 3190; x_wconf 90' lang='lat' dir='ltr'><strong>ipso</strong></span> <span class='ocrx_word' id='word_1_739' title='bbox 2893 3121 3174 3190; x_wconf 84' lang='lat' dir='ltr'><strong>complexu</strong></span> <span class='ocrx_word' id='word_1_740' title='bbox 3205 3121 3421 3178; x_wconf 79' lang='lat' dir='ltr'><strong>nefariae</strong></span> <span class='ocrx_word' id='word_1_741' title='bbox 3459 3123 3605 3178; x_wconf 80' lang='lat' dir='ltr'><strong>volu-</strong></span> 
     </span>
    </p>
   </div>
   <div class='ocr_carea' id='block_1_97' title="bbox 2010 3209 3602 3281">
    <p class='ocr_par' dir='ltr' id='par_1_97' title="bbox 2010 3209 3602 3281">
     <span class='ocr_line' id='line_1_98' title="bbox 2010 3209 3602 3281; baseline 0.004 -19"><span class='ocrx_word' id='word_1_742' title='bbox 2010 3209 2170 3279; x_wconf 91' lang='lat' dir='ltr'><strong>ptatis</strong></span> <span class='ocrx_word' id='word_1_743' title='bbox 2201 3209 2384 3280; x_wconf 87' lang='lat' dir='ltr'><strong>(Num.</strong></span> <span class='ocrx_word' id='word_1_744' title='bbox 2417 3227 2539 3276; x_wconf 80' lang='lat' dir='ltr'><strong>xxv,</strong></span> <span class='ocrx_word' id='word_1_745' title='bbox 2572 3210 2649 3281; x_wconf 91' lang='lat'><strong>8),</strong></span> <span class='ocrx_word' id='word_1_746' title='bbox 2692 3210 2932 3266; x_wconf 89' lang='lat' dir='ltr'><strong>terribile</strong></span> <span class='ocrx_word' id='word_1_747' title='bbox 2975 3212 3310 3268; x_wconf 89' lang='lat' dir='ltr'><strong>constituens</strong></span> <span class='ocrx_word' id='word_1_748' title='bbox 3339 3213 3602 3269; x_wconf 85' lang='lat' dir='ltr'><strong>adversus</strong></span> 
     </span>
    </p>
   </div>
   <div class='ocr_carea' id='block_1_98' title="bbox 2010 3299 3605 3376">
    <p class='ocr_par' dir='ltr' id='par_1_98' title="bbox 2010 3299 3605 3376">
     <span class='ocr_line' id='line_1_99' title="bbox 2010 3299 3605 3376; baseline 0.005 -23"><span class='ocrx_word' id='word_1_749' title='bbox 2010 3299 2368 3355; x_wconf 72' lang='lat' dir='ltr'><strong>exsecrandas</strong></span> <span class='ocrx_word' id='word_1_750' title='bbox 2425 3300 2672 3357; x_wconf 89' lang='lat' dir='ltr'><strong>libidines</strong></span> <span class='ocrx_word' id='word_1_751' title='bbox 2719 3301 2938 3356; x_wconf 88' lang='lat' dir='ltr'><strong>ultionis</strong></span> <span class='ocrx_word' id='word_1_752' title='bbox 2994 3303 3333 3374; x_wconf 88' lang='lat' dir='ltr'><strong>exemplum,</strong></span> <span class='ocrx_word' id='word_1_753' title='bbox 3381 3313 3605 3376; x_wconf 87' lang='lat' dir='ltr'><strong>propter</strong></span> 
     </span>
    </p>
   </div>
   <div class='ocr_carea' id='block_1_99' title="bbox 2009 3391 3603 3465">
    <p class='ocr_par' dir='ltr' id='par_1_99' title="bbox 2009 3391 3603 3465">
     <span class='ocr_line' id='line_1_100' title="bbox 2009 3391 3603 3465; baseline 0.005 -22"><span class='ocrx_word' id='word_1_754' title='bbox 2009 3391 2152 3460; x_wconf 89' lang='lat' dir='ltr'><strong>quod</strong></span> <span class='ocrx_word' id='word_1_755' title='bbox 2193 3393 2304 3448; x_wconf 92' lang='lat' dir='ltr'><strong>Deo</strong></span> <span class='ocrx_word' id='word_1_756' title='bbox 2328 3395 2559 3448; x_wconf 89' lang='lat' dir='ltr'><strong>maxime</strong></span> <span class='ocrx_word' id='word_1_757' title='bbox 2579 3394 2812 3464; x_wconf 91' lang='lat' dir='ltr'><strong>placuit:</strong></span> <span class='ocrx_word' id='word_1_758' title='bbox 2838 3395 2976 3464; x_wconf 90' lang='lat' dir='ltr'><strong>quis,</strong></span> <span class='ocrx_word' id='word_1_759' title='bbox 3009 3395 3247 3465; x_wconf 89' lang='lat' dir='ltr'><strong>inquam,</strong></span> <span class='ocrx_word' id='word_1_760' title='bbox 3281 3411 3386 3452; x_wconf 90' lang='lat' dir='ltr'><strong>non</strong></span> <span class='ocrx_word' id='word_1_761' title='bbox 3417 3397 3603 3452; x_wconf 91' lang='lat' dir='ltr'><strong>mallet</strong></span> 
     </span>
    </p>
   </div>
   <div class='ocr_carea' id='block_1_100' title="bbox 2009 3483 3602 3558">
    <p class='ocr_par' dir='ltr' id='par_1_100' title="bbox 2009 3483 3602 3558">
     <span class='ocr_line' id='line_1_101' title="bbox 2009 3483 3602 3558; baseline 0.004 -22"><span class='ocrx_word' id='word_1_762' title='bbox 2009 3483 2100 3536; x_wconf 90' lang='lat' dir='ltr'><strong>tali</strong></span> <span class='ocrx_word' id='word_1_763' title='bbox 2145 3498 2342 3552; x_wconf 81' lang='lat' dir='ltr'><strong>genere</strong></span> <span class='ocrx_word' id='word_1_764' title='bbox 2381 3484 2568 3538; x_wconf 89' lang='lat' dir='ltr'><strong>mortis</strong></span> <span class='ocrx_word' id='word_1_765' title='bbox 2594 3483 2841 3551; x_wconf 91' lang='lat' dir='ltr'><strong>interﬁci,</strong></span> <span class='ocrx_word' id='word_1_766' title='bbox 2873 3485 2992 3556; x_wconf 92' lang='lat' dir='ltr'><strong>quis</strong></span> <span class='ocrx_word' id='word_1_767' title='bbox 3031 3501 3139 3541; x_wconf 90' lang='lat' dir='ltr'><strong>non</strong></span> <span class='ocrx_word' id='word_1_768' title='bbox 3175 3495 3450 3557; x_wconf 89' lang='lat' dir='ltr'><strong>postremo</strong></span> <span class='ocrx_word' id='word_1_769' title='bbox 3480 3488 3602 3558; x_wconf 88' lang='lat' dir='ltr'><strong>igne</strong></span> 
     </span>
    </p>
   </div>
   <div class='ocr_carea' id='block_1_101' title="bbox 2007 3574 3599 3649">
    <p class='ocr_par' dir='ltr' id='par_1_101' title="bbox 2007 3574 3599 3649">
     <span class='ocr_line' id='line_1_102' title="bbox 2007 3574 3599 3649; baseline 0.006 -23"><span class='ocrx_word' id='word_1_770' title='bbox 2007 3574 2271 3638; x_wconf 90' lang='lat' dir='ltr'><strong>consumi,</strong></span> <span class='ocrx_word' id='word_1_771' title='bbox 2311 3574 2395 3629; x_wconf 91' lang='lat' dir='ltr'><strong>vel</strong></span> <span class='ocrx_word' id='word_1_772' title='bbox 2432 3575 2618 3630; x_wconf 82' lang='lat' dir='ltr'><strong>ferinis</strong></span> <span class='ocrx_word' id='word_1_773' title='bbox 2655 3577 2923 3631; x_wconf 91' lang='lat' dir='ltr'><strong>morsibus</strong></span> <span class='ocrx_word' id='word_1_774' title='bbox 2964 3593 3062 3647; x_wconf 91' lang='lat' dir='ltr'><strong>per</strong></span> <span class='ocrx_word' id='word_1_775' title='bbox 3091 3577 3205 3649; x_wconf 91' lang='lat' dir='ltr'><strong>ipsa</strong></span> <span class='ocrx_word' id='word_1_776' title='bbox 3236 3577 3484 3649; x_wconf 88' lang='lat' dir='ltr'><strong>pudenda</strong></span> <span class='ocrx_word' id='word_1_777' title='bbox 3517 3580 3599 3634; x_wconf 91' lang='lat' dir='ltr'><strong>la-</strong></span> 
     </span>
    </p>
   </div>
   <div class='ocr_carea' id='block_1_102' title="bbox 2008 3664 3602 3739">
    <p class='ocr_par' dir='ltr' id='par_1_102' title="bbox 2008 3664 3602 3739">
     <span class='ocr_line' id='line_1_103' title="bbox 2008 3664 3602 3739; baseline 0.005 -23"><span class='ocrx_word' id='word_1_778' title='bbox 2008 3664 2163 3730; x_wconf 84' lang='lat' dir='ltr'><strong>niari,</strong></span> <span class='ocrx_word' id='word_1_779' title='bbox 2217 3680 2375 3734; x_wconf 87' lang='lat' dir='ltr'><strong>quam</strong></span> <span class='ocrx_word' id='word_1_780' title='bbox 2431 3665 2570 3720; x_wconf 90' lang='lat' dir='ltr'><strong>mitti</strong></span> <span class='ocrx_word' id='word_1_781' title='bbox 2606 3665 2659 3720; x_wconf 91' lang='lat' dir='ltr'><strong>in</strong></span> <span class='ocrx_word' id='word_1_782' title='bbox 2709 3665 3009 3737; x_wconf 89' lang='lat' dir='ltr'><strong>gehennam</strong></span> <span class='ocrx_word' id='word_1_783' title='bbox 3051 3668 3190 3739; x_wconf 84' lang='lat' dir='ltr'><strong>ignis</strong></span> <span class='ocrx_word' id='word_1_784' title='bbox 3229 3668 3454 3724; x_wconf 80' lang='lat' dir='ltr'><strong>aeterni?</strong></span> <span class='ocrx_word' id='word_1_785' title='bbox 3493 3667 3602 3724; x_wconf 91' lang='lat' dir='ltr'><strong>Cur</strong></span> 
     </span>
    </p>
   </div>
   <div class='ocr_carea' id='block_1_103' title="bbox 2009 3755 3601 3828">
    <p class='ocr_par' dir='ltr' id='par_1_103' title="bbox 2009 3755 3601 3828">
     <span class='ocr_line' id='line_1_104' title="bbox 2009 3755 3601 3828; baseline 0.004 -20"><span class='ocrx_word' id='word_1_786' title='bbox 2009 3755 2170 3824; x_wconf 87' lang='lat' dir='ltr'><strong>igitur</strong></span> <span class='ocrx_word' id='word_1_787' title='bbox 2196 3755 2334 3810; x_wconf 89' lang='lat' dir='ltr'><strong>Deus</strong></span> <span class='ocrx_word' id='word_1_788' title='bbox 2357 3755 2782 3812; x_wconf 87' lang='lat' dir='ltr'><strong>Christianorum</strong></span> <span class='ocrx_word' id='word_1_789' title='bbox 2812 3765 3097 3828; x_wconf 91' lang='lat' dir='ltr'><strong>peccantes</strong></span> <span class='ocrx_word' id='word_1_790' title='bbox 3127 3757 3320 3814; x_wconf 91' lang='lat' dir='ltr'><strong>talibus</strong></span> <span class='ocrx_word' id='word_1_791' title='bbox 3339 3759 3601 3816; x_wconf 85' lang='lat' dir='ltr'><strong>mortibus</strong></span> 
     </span>
    </p>
   </div>
   <div class='ocr_carea' id='block_1_104' title="bbox 2008 3847 3600 3918">
    <p class='ocr_par' dir='ltr' id='par_1_104' title="bbox 2008 3847 3600 3918">
     <span class='ocr_line' id='line_1_105' title="bbox 2008 3847 3600 3918; baseline 0.004 -17"><span class='ocrx_word' id='word_1_792' title='bbox 2008 3847 2212 3918; x_wconf 91' lang='lat' dir='ltr'><strong>puniat,</strong></span> <span class='ocrx_word' id='word_1_793' title='bbox 2249 3855 2307 3901; x_wconf 94' lang='lat' dir='ltr'><strong>ut</strong></span> <span class='ocrx_word' id='word_1_794' title='bbox 2334 3856 2453 3918; x_wconf 91' lang='lat' dir='ltr'><strong>post</strong></span> <span class='ocrx_word' id='word_1_795' title='bbox 2484 3848 2726 3918; x_wconf 90' lang='lat' dir='ltr'><strong>corporis</strong></span> <span class='ocrx_word' id='word_1_796' title='bbox 2751 3849 3027 3904; x_wconf 90' lang='lat' dir='ltr'><strong>interitum</strong></span> <span class='ocrx_word' id='word_1_797' title='bbox 3059 3848 3426 3905; x_wconf 90' lang='lat' dir='ltr'><strong>transitorium</strong></span> <span class='ocrx_word' id='word_1_798' title='bbox 3443 3852 3486 3916; x_wconf 81' lang='grc'><em>³,</em></span> <span class='ocrx_word' id='word_1_799' title='bbox 3511 3864 3600 3907; x_wconf 84' lang='lat' dir='ltr'><strong>se-</strong></span> 
     </span>
    </p>
   </div>
   <div class='ocr_carea' id='block_1_105' title="bbox 2006 3937 3600 4012">
    <p class='ocr_par' dir='ltr' id='par_1_105' title="bbox 2006 3937 3600 4012">
     <span class='ocr_line' id='line_1_106' title="bbox 2006 3937 3600 4012; baseline 0.004 -21"><span class='ocrx_word' id='word_1_800' title='bbox 2006 3946 2200 4008; x_wconf 88' lang='lat' dir='ltr'><strong>quatur</strong></span> <span class='ocrx_word' id='word_1_801' title='bbox 2236 3937 2290 3991; x_wconf 91' lang='lat' dir='ltr'><strong>in</strong></span> <span class='ocrx_word' id='word_1_802' title='bbox 2336 3937 2580 4008; x_wconf 87' lang='lat' dir='ltr'><strong>gehenna</strong></span> <span class='ocrx_word' id='word_1_803' title='bbox 2617 3940 2734 3995; x_wconf 90' lang='lat' dir='ltr'><strong>sine</strong></span> <span class='ocrx_word' id='word_1_804' title='bbox 2778 3938 2886 3995; x_wconf 85' lang='lat' dir='ltr'><strong>ﬁne</strong></span> <span class='ocrx_word' id='word_1_805' title='bbox 2937 3940 3278 4011; x_wconf 89' lang='lat' dir='ltr'><strong>supplicium,</strong></span> <span class='ocrx_word' id='word_1_806' title='bbox 3329 3941 3434 3997; x_wconf 92' lang='lat' dir='ltr'><strong>nisi</strong></span> <span class='ocrx_word' id='word_1_807' title='bbox 3475 3943 3600 4012; x_wconf 89' lang='lat' dir='ltr'><strong>quia</strong></span> 
     </span>
    </p>
   </div>
   <div class='ocr_carea' id='block_1_106' title="bbox 2006 4029 3602 4104">
    <p class='ocr_par' dir='ltr' id='par_1_106' title="bbox 2006 4029 3602 4104">
     <span class='ocr_line' id='line_1_107' title="bbox 2006 4029 3602 4104; baseline 0.003 -20"><span class='ocrx_word' id='word_1_808' title='bbox 2006 4029 2336 4085; x_wconf 87' lang='lat' dir='ltr'><strong>Testameuti</strong></span> <span class='ocrx_word' id='word_1_809' title='bbox 2380 4030 2654 4101; x_wconf 90' lang='lat' dir='ltr'><strong>utriusque</strong></span> <span class='ocrx_word' id='word_1_810' title='bbox 2695 4046 2831 4086; x_wconf 92' lang='lat' dir='ltr'><strong>unus</strong></span> <span class='ocrx_word' id='word_1_811' title='bbox 2874 4039 2958 4087; x_wconf 89' lang='lat' dir='ltr'><strong>est</strong></span> <span class='ocrx_word' id='word_1_812' title='bbox 2991 4031 3168 4087; x_wconf 86' lang='lat' dir='ltr'><strong>Deus?</strong></span> <span class='ocrx_word' id='word_1_813' title='bbox 3204 4031 3340 4088; x_wconf 91' lang='lat' dir='ltr'><strong>Nam</strong></span> <span class='ocrx_word' id='word_1_814' title='bbox 3380 4042 3602 4104; x_wconf 90' lang='lat' dir='ltr'><strong>possent</strong></span> 
     </span>
    </p>
   </div>
   <div class='ocr_carea' id='block_1_107' title="bbox 2005 4120 3602 4195">
    <p class='ocr_par' dir='ltr' id='par_1_107' title="bbox 2005 4120 3602 4195">
     <span class='ocr_line' id='line_1_108' title="bbox 2005 4120 3602 4195; baseline 0.001 -17"><span class='ocrx_word' id='word_1_815' title='bbox 2005 4120 2176 4178; x_wconf 81' lang='lat' dir='ltr'><strong>Judaei</strong></span> <span class='ocrx_word' id='word_1_816' title='bbox 2215 4120 2394 4176; x_wconf 89' lang='lat' dir='ltr'><strong>dicere</strong></span> <span class='ocrx_word' id='word_1_817' title='bbox 2427 4121 2687 4177; x_wconf 89' lang='lat' dir='ltr'><strong>adversus</strong></span> <span class='ocrx_word' id='word_1_818' title='bbox 2739 4121 2896 4192; x_wconf 90' lang='lat' dir='ltr'><strong>hujus</strong></span> <span class='ocrx_word' id='word_1_819' title='bbox 2936 4122 3285 4193; x_wconf 84' lang='lat' dir='ltr'><strong>impietatem,</strong></span> <span class='ocrx_word' id='word_1_820' title='bbox 3316 4132 3602 4195; x_wconf 92' lang='lat' dir='ltr'><strong>quantum-</strong></span> 
     </span>
    </p>
   </div>
   <div class='ocr_carea' id='block_1_108' title="bbox 2009 4213 3601 4284">
    <p class='ocr_par' dir='ltr' id='par_1_108' title="bbox 2009 4213 3601 4284">
     <span class='ocr_line' id='line_1_109' title="bbox 2009 4213 3601 4284; baseline 0.001 -16"><span class='ocrx_word' id='word_1_821' title='bbox 2009 4213 2138 4269; x_wconf 92' lang='lat' dir='ltr'><strong>libet</strong></span> <span class='ocrx_word' id='word_1_822' title='bbox 2181 4223 2466 4284; x_wconf 82' lang='lat' dir='ltr'><strong>exaggeret</strong></span> <span class='ocrx_word' id='word_1_823' title='bbox 2493 4213 2655 4279; x_wconf 90' lang='lat' dir='ltr'><strong>bella,</strong></span> <span class='ocrx_word' id='word_1_824' title='bbox 2705 4213 2902 4281; x_wconf 71' lang='lat' dir='ltr'><strong>caedes,</strong></span> <span class='ocrx_word' id='word_1_825' title='bbox 2935 4214 3177 4282; x_wconf 82' lang='lat' dir='ltr'><strong>vulnera,</strong></span> <span class='ocrx_word' id='word_1_826' title='bbox 3223 4213 3432 4281; x_wconf 86' lang='lat' dir='ltr'><strong>funera,</strong></span> <span class='ocrx_word' id='word_1_827' title='bbox 3477 4230 3601 4270; x_wconf 91' lang='lat' dir='ltr'><strong>san-</strong></span> 
     </span>
    </p>
   </div>
   <div class='ocr_carea' id='block_1_109' title="bbox 2005 4305 3600 4376">
    <p class='ocr_par' dir='ltr' id='par_1_109' title="bbox 2005 4305 3600 4376">
     <span class='ocr_line' id='line_1_110' title="bbox 2005 4305 3600 4376; baseline 0.002 -16"><span class='ocrx_word' id='word_1_828' title='bbox 2005 4306 2242 4376; x_wconf 88' lang='lat' dir='ltr'><strong>guinem,</strong></span> <span class='ocrx_word' id='word_1_829' title='bbox 2273 4305 2431 4376; x_wconf 85' lang='lat' dir='ltr'><strong>longe</strong></span> <span class='ocrx_word' id='word_1_830' title='bbox 2467 4305 2952 4375; x_wconf 89' lang='lat' dir='ltr'><strong>incomparabiliter</strong></span> <span class='ocrx_word' id='word_1_831' title='bbox 2979 4305 3092 4362; x_wconf 91' lang='lat' dir='ltr'><strong>Deo</strong></span> <span class='ocrx_word' id='word_1_832' title='bbox 3124 4312 3312 4363; x_wconf 90' lang='lat' dir='ltr'><strong>nostro</strong></span> <span class='ocrx_word' id='word_1_833' title='bbox 3336 4306 3503 4362; x_wconf 91' lang='lat' dir='ltr'><strong>Deum</strong></span> <span class='ocrx_word' id='word_1_834' title='bbox 3539 4321 3600 4363; x_wconf 89' lang='lat' dir='ltr'><strong>se</strong></span> 
     </span>
    </p>
   </div>
   <div class='ocr_carea' id='block_1_110' title="bbox 2007 4397 3598 4472">
    <p class='ocr_par' dir='ltr' id='par_1_110' title="bbox 2007 4397 3598 4472">
     <span class='ocr_line' id='line_1_111' title="bbox 2007 4397 3598 4472; baseline 0.003 -20"><span class='ocrx_word' id='word_1_835' title='bbox 2007 4397 2206 4454; x_wconf 91' lang='lat' dir='ltr'><strong>habere</strong></span> <span class='ocrx_word' id='word_1_836' title='bbox 2256 4399 2546 4464; x_wconf 89' lang='lat' dir='ltr'><strong>mitiorem,</strong></span> <span class='ocrx_word' id='word_1_837' title='bbox 2595 4399 2751 4468; x_wconf 88' lang='lat' dir='ltr'><strong>longe</strong></span> <span class='ocrx_word' id='word_1_838' title='bbox 2801 4399 3004 4454; x_wconf 90' lang='lat' dir='ltr'><strong>scilicet</strong></span> <span class='ocrx_word' id='word_1_839' title='bbox 3060 4399 3598 4472; x_wconf 88' lang='lat' dir='ltr'><strong>mitius-punientem</strong></span> 
     </span>
    </p>
   </div>
   <div class='ocr_carea' id='block_1_111' title="bbox 2007 4489 3603 4563">
    <p class='ocr_par' dir='ltr' id='par_1_111' title="bbox 2007 4489 3603 4563">
     <span class='ocr_line' id='line_1_112' title="bbox 2007 4489 3603 4563; baseline 0.003 -20"><span class='ocrx_word' id='word_1_840' title='bbox 2007 4489 2327 4544; x_wconf 89' lang='lat' dir='ltr'><strong>transitoriis</strong></span> <span class='ocrx_word' id='word_1_841' title='bbox 2365 4489 2626 4544; x_wconf 91' lang='lat' dir='ltr'><strong>mortibus</strong></span> <span class='ocrx_word' id='word_1_842' title='bbox 2663 4504 2967 4560; x_wconf 90' lang='lat' dir='ltr'><strong>corporum,</strong></span> <span class='ocrx_word' id='word_1_843' title='bbox 3014 4505 3173 4561; x_wconf 93' lang='lat' dir='ltr'><strong>quam</strong></span> <span class='ocrx_word' id='word_1_844' title='bbox 3221 4490 3450 4548; x_wconf 90' lang='lat' dir='ltr'><strong>ﬂammis</strong></span> <span class='ocrx_word' id='word_1_845' title='bbox 3484 4507 3603 4563; x_wconf 91' lang='lat' dir='ltr'><strong>per-</strong></span> 
     </span>
    </p>
   </div>
   <div class='ocr_carea' id='block_1_112' title="bbox 2008 4579 2586 4650">
    <p class='ocr_par' dir='ltr' id='par_1_112' title="bbox 2008 4579 2586 4650">
     <span class='ocr_line' id='line_1_113' title="bbox 2008 4579 2586 4650; baseline -0.003 -16"><span class='ocrx_word' id='word_1_846' title='bbox 2008 4580 2181 4650; x_wconf 91' lang='lat' dir='ltr'><strong>petuis</strong></span> <span class='ocrx_word' id='word_1_847' title='bbox 2200 4579 2586 4650; x_wconf 84' lang='lat' dir='ltr'><strong>gehennarum.</strong></span> 
     </span>
    </p>
   </div>
   <div class='ocr_carea' id='block_1_113' title="bbox 2077 4669 3602 4746">
    <p class='ocr_par' dir='ltr' id='par_1_113' title="bbox 2077 4669 3602 4746">
     <span class='ocr_line' id='line_1_114' title="bbox 2077 4669 3602 4746; baseline 0.005 -21"><span class='ocrx_word' id='word_1_848' title='bbox 2077 4669 2167 4725; x_wconf 79' lang='lat'><strong>30.</strong></span> <span class='ocrx_word' id='word_1_849' title='bbox 2205 4670 2276 4725; x_wconf 87' lang='lat' dir='ltr'><strong>At</strong></span> <span class='ocrx_word' id='word_1_850' title='bbox 2301 4670 2441 4725; x_wconf 91' lang='lat' dir='ltr'><strong>enim</strong></span> <span class='ocrx_word' id='word_1_851' title='bbox 2470 4678 2749 4740; x_wconf 90' lang='lat' dir='ltr'><strong>propterea</strong></span> <span class='ocrx_word' id='word_1_852' title='bbox 2780 4672 2988 4728; x_wconf 89' lang='lat' dir='ltr'><strong>videtur</strong></span> <span class='ocrx_word' id='word_1_853' title='bbox 3021 4672 3147 4730; x_wconf 91' lang='lat' dir='ltr'><strong>huic</strong></span> <span class='ocrx_word' id='word_1_854' title='bbox 3175 4675 3318 4730; x_wconf 90' lang='lat' dir='ltr'><strong>Deus</strong></span> <span class='ocrx_word' id='word_1_855' title='bbox 3345 4675 3503 4746; x_wconf 84' lang='lat' dir='ltr'><strong>Legis</strong></span> <span class='ocrx_word' id='word_1_856' title='bbox 3546 4685 3602 4732; x_wconf 91' lang='lat' dir='ltr'><strong>et</strong></span> 
     </span>
    </p>
   </div>
   <div class='ocr_carea' id='block_1_114' title="bbox 2005 4763 3598 4835">
    <p class='ocr_par' dir='ltr' id='par_1_114' title="bbox 2005 4763 3598 4835">
     <span class='ocr_line' id='line_1_115' title="bbox 2005 4763 3598 4835; baseline 0.002 -15"><span class='ocrx_word' id='word_1_857' title='bbox 2005 4763 2412 4835; x_wconf 89' lang='lat' dir='ltr'><strong>Prophetarum,</strong></span> <span class='ocrx_word' id='word_1_858' title='bbox 2453 4764 2543 4834; x_wconf 90' lang='lat' dir='ltr'><strong>qui</strong></span> <span class='ocrx_word' id='word_1_859' title='bbox 2584 4780 2723 4820; x_wconf 91' lang='lat' dir='ltr'><strong>unus</strong></span> <span class='ocrx_word' id='word_1_860' title='bbox 2765 4774 2820 4820; x_wconf 91' lang='lat' dir='ltr'><strong>ct</strong></span> <span class='ocrx_word' id='word_1_861' title='bbox 2855 4780 3014 4821; x_wconf 86' lang='lat' dir='ltr'><strong>verus</strong></span> <span class='ocrx_word' id='word_1_862' title='bbox 3051 4775 3132 4822; x_wconf 90' lang='lat' dir='ltr'><strong>est</strong></span> <span class='ocrx_word' id='word_1_863' title='bbox 3173 4767 3334 4832; x_wconf 87' lang='lat' dir='ltr'><strong>Deus,</strong></span> <span class='ocrx_word' id='word_1_864' title='bbox 3374 4768 3598 4823; x_wconf 89' lang='lat' dir='ltr'><strong>crimine</strong></span> 
     </span>
    </p>
   </div>
   <div class='ocr_carea' id='block_1_115' title="bbox 2005 4855 3596 4928">
    <p class='ocr_par' dir='ltr' id='par_1_115' title="bbox 2005 4855 3596 4928">
     <span class='ocr_line' id='line_1_116' title="bbox 2005 4855 3596 4928; baseline 0.003 -18"><span class='ocrx_word' id='word_1_865' title='bbox 2005 4855 2330 4920; x_wconf 81' lang='lat' dir='ltr'><strong>crudelitatis</strong></span> <span class='ocrx_word' id='word_1_866' title='bbox 2358 4855 2678 4925; x_wconf 83' lang='lat' dir='ltr'><strong>arguendus,</strong></span> <span class='ocrx_word' id='word_1_867' title='bbox 2723 4857 2847 4927; x_wconf 92' lang='lat' dir='ltr'><strong>quia</strong></span> <span class='ocrx_word' id='word_1_868' title='bbox 2875 4865 3093 4928; x_wconf 90' lang='lat' dir='ltr'><strong>propter</strong></span> <span class='ocrx_word' id='word_1_869' title='bbox 3129 4859 3427 4914; x_wconf 89' lang='lat' dir='ltr'><strong>levissimas</strong></span> <span class='ocrx_word' id='word_1_870' title='bbox 3463 4873 3596 4914; x_wconf 84' lang='lat' dir='ltr'><strong>cau-</strong></span> 
     </span>
    </p>
   </div>
   <div class='ocr_carea' id='block_1_116' title="bbox 2006 4937 3592 5020">
    <p class='ocr_par' dir='ltr' id='par_1_116' title="bbox 2006 4937 3592 5020">
     <span class='ocr_line' id='line_1_117' title="bbox 2006 4937 3592 5020; baseline -0.001 -15"><span class='ocrx_word' id='word_1_871' title='bbox 2006 4964 2094 5005; x_wconf 91' lang='lat' dir='ltr'><strong>sas</strong></span> <span class='ocrx_word' id='word_1_872' title='bbox 2121 4949 2209 5006; x_wconf 84' lang='lat' dir='ltr'><strong>vel</strong></span> <span class='ocrx_word' id='word_1_873' title='bbox 2246 4949 2407 5004; x_wconf 91' lang='lat' dir='ltr'><strong>etiam</strong></span> <span class='ocrx_word' id='word_1_874' title='bbox 2441 4949 2854 5016; x_wconf 90' lang='lat' dir='ltr'><strong>erubescendas,</strong></span> <span class='ocrx_word' id='word_1_875' title='bbox 2897 4937 3110 5020; x_wconf 88' lang='lat' dir='ltr'><strong>poenam</strong></span> <span class='ocrx_word' id='word_1_876' title='bbox 3137 4950 3328 5006; x_wconf 90' lang='lat' dir='ltr'><strong>mortis</strong></span> <span class='ocrx_word' id='word_1_877' title='bbox 3361 4950 3444 5005; x_wconf 90' lang='lat' dir='ltr'><strong>vel</strong></span> <span class='ocrx_word' id='word_1_878' title='bbox 3470 4964 3592 5005; x_wconf 91' lang='lat' dir='ltr'><strong>cor-</strong></span> 
     </span>
    </p>
   </div>
   <div class='ocr_carea' id='block_1_117' title="bbox 2005 5040 3595 5114">
    <p class='ocr_par' dir='ltr' id='par_1_117' title="bbox 2005 5040 3595 5114">
     <span class='ocr_line' id='line_1_118' title="bbox 2005 5040 3595 5114; baseline 0 -16"><span class='ocrx_word' id='word_1_879' title='bbox 2005 5043 2203 5112; x_wconf 90' lang='lat' dir='ltr'><strong>poralis</strong></span> <span class='ocrx_word' id='word_1_880' title='bbox 2247 5040 2470 5108; x_wconf 86' lang='lat' dir='ltr'><strong>inﬂixit;</strong></span> <span class='ocrx_word' id='word_1_881' title='bbox 2521 5043 2662 5112; x_wconf 90' lang='lat' dir='ltr'><strong>quod</strong></span> <span class='ocrx_word' id='word_1_882' title='bbox 2727 5043 2891 5098; x_wconf 90' lang='lat' dir='ltr'><strong>David</strong></span> <span class='ocrx_word' id='word_1_883' title='bbox 2922 5103 2925 5105; x_wconf 97' lang='lat'><em>_</em></span> <span class='ocrx_word' id='word_1_884' title='bbox 2953 5044 3207 5114; x_wconf 91' lang='lat' dir='ltr'><strong>populum</strong></span> <span class='ocrx_word' id='word_1_885' title='bbox 3259 5053 3595 5099; x_wconf 90' lang='lat' dir='ltr'><strong>numerasset</strong></span> 
     </span>
    </p>
   </div>
   <div class='ocr_carea' id='block_1_118' title="bbox 2009 5130 3594 5204">
    <p class='ocr_par' dir='ltr' id='par_1_118' title="bbox 2009 5130 3594 5204">
     <span class='ocr_line' id='line_1_119' title="bbox 2009 5130 3594 5204; baseline 0.002 -18"><span class='ocrx_word' id='word_1_886' title='bbox 2009 5132 2076 5204; x_wconf 90' lang='lat' dir='ltr'><strong>(ll</strong></span> <span class='ocrx_word' id='word_1_887' title='bbox 2116 5133 2245 5203; x_wconf 83' lang='lat' dir='ltr'><strong>Reg.</strong></span> <span class='ocrx_word' id='word_1_888' title='bbox 2293 5130 2477 5204; x_wconf 80' lang='lat' dir='ltr'><strong>xxw);</strong></span> <span class='ocrx_word' id='word_1_889' title='bbox 2518 5131 2660 5202; x_wconf 91' lang='lat' dir='ltr'><strong>quod</strong></span> <span class='ocrx_word' id='word_1_890' title='bbox 2699 5132 2949 5196; x_wconf 83' lang='lat' dir='ltr'><strong>infantes,</strong></span> <span class='ocrx_word' id='word_1_891' title='bbox 2989 5133 3129 5188; x_wconf 91' lang='lat' dir='ltr'><strong>sicut</strong></span> <span class='ocrx_word' id='word_1_892' title='bbox 3168 5133 3268 5188; x_wconf 89' lang='lat' dir='ltr'><strong>iste</strong></span> <span class='ocrx_word' id='word_1_893' title='bbox 3310 5133 3460 5200; x_wconf 89' lang='lat' dir='ltr'><strong>dicit,</strong></span> <span class='ocrx_word' id='word_1_894' title='bbox 3499 5133 3594 5189; x_wconf 90' lang='lat' dir='ltr'><strong>ﬁlii</strong></span> 
     </span>
    </p>
   </div>
   <div class='ocr_carea' id='block_1_119' title="bbox 2006 5223 3592 5294">
    <p class='ocr_par' dir='ltr' id='par_1_119' title="bbox 2006 5223 3592 5294">
     <span class='ocr_line' id='line_1_120' title="bbox 2006 5223 3592 5294; baseline 0.001 -16"><span class='ocrx_word' id='word_1_895' title='bbox 2006 5223 2121 5278; x_wconf 90' lang='lat' dir='ltr'><strong>Heli</strong></span> <span class='ocrx_word' id='word_1_896' title='bbox 2165 5223 2479 5291; x_wconf 90' lang='lat' dir='ltr'><strong>sacerdotis,</strong></span> <span class='ocrx_word' id='word_1_897' title='bbox 2526 5223 2593 5278; x_wconf 92' lang='lat' dir='ltr'><strong>de</strong></span> <span class='ocrx_word' id='word_1_898' title='bbox 2633 5223 2753 5277; x_wconf 89' lang='lat' dir='ltr'><strong>ollis</strong></span> <span class='ocrx_word' id='word_1_899' title='bbox 2791 5223 2872 5278; x_wconf 92' lang='lat' dir='ltr'><strong>vel</strong></span> <span class='ocrx_word' id='word_1_900' title='bbox 2903 5223 3113 5279; x_wconf 90' lang='lat' dir='ltr'><strong>cacabis</strong></span> <span class='ocrx_word' id='word_1_901' title='bbox 3143 5224 3253 5278; x_wconf 88' lang='lat' dir='ltr'><strong>Deo</strong></span> <span class='ocrx_word' id='word_1_902' title='bbox 3279 5225 3592 5294; x_wconf 73' lang='lat' dir='ltr'><strong>praeparatis</strong></span> 
     </span>
    </p>
   </div>
   <div class='ocr_carea' id='block_1_120' title="bbox 2004 5316 3588 5390">
    <p class='ocr_par' dir='ltr' id='par_1_120' title="bbox 2004 5316 3588 5390">
     <span class='ocr_line' id='line_1_121' title="bbox 2004 5316 3588 5390; baseline 0.003 -20"><span class='ocrx_word' id='word_1_903' title='bbox 2004 5316 2203 5388; x_wconf 88' lang='lat' dir='ltr'><strong>aliquid</strong></span> <span class='ocrx_word' id='word_1_904' title='bbox 2233 5317 2626 5388; x_wconf 89' lang='lat' dir='ltr'><strong>degustassent.</strong></span> <span class='ocrx_word' id='word_1_905' title='bbox 2651 5317 2765 5386; x_wconf 85' lang='lat' dir='ltr'><strong>Qua</strong></span> <span class='ocrx_word' id='word_1_906' title='bbox 2795 5318 2848 5372; x_wconf 92' lang='lat' dir='ltr'><strong>in</strong></span> <span class='ocrx_word' id='word_1_907' title='bbox 2873 5333 2932 5373; x_wconf 92' lang='lat' dir='ltr'><strong>re</strong></span> <span class='ocrx_word' id='word_1_908' title='bbox 2960 5333 3067 5373; x_wconf 91' lang='lat' dir='ltr'><strong>non</strong></span> <span class='ocrx_word' id='word_1_909' title='bbox 3093 5317 3305 5389; x_wconf 90' lang='lat' dir='ltr'><strong>disputo</strong></span> <span class='ocrx_word' id='word_1_910' title='bbox 3329 5329 3588 5390; x_wconf 92' lang='lat' dir='ltr'><strong>quantum</strong></span> 
     </span>
    </p>
   </div>
   <div class='ocr_carea' id='block_1_121' title="bbox 2003 5410 3589 5480">
    <p class='ocr_par' dir='ltr' id='par_1_121' title="bbox 2003 5410 3589 5480">
     <span class='ocr_line' id='line_1_122' title="bbox 2003 5410 3589 5480; baseline 0.002 -15"><span class='ocrx_word' id='word_1_911' title='bbox 2003 5419 2057 5465; x_wconf 93' lang='lat' dir='ltr'><strong>et</strong></span> <span class='ocrx_word' id='word_1_912' title='bbox 2104 5425 2262 5480; x_wconf 92' lang='lat' dir='ltr'><strong>quam</strong></span> <span class='ocrx_word' id='word_1_913' title='bbox 2320 5410 2674 5480; x_wconf 90' lang='lat' dir='ltr'><strong>perniciosum</strong></span> <span class='ocrx_word' id='word_1_914' title='bbox 2722 5410 2964 5466; x_wconf 87' lang='lat' dir='ltr'><strong>elationis</strong></span> <span class='ocrx_word' id='word_1_915' title='bbox 3013 5410 3200 5466; x_wconf 91' lang='lat' dir='ltr'><strong>vitium</strong></span> <span class='ocrx_word' id='word_1_916' title='bbox 3254 5419 3362 5467; x_wconf 89' lang='lat' dir='ltr'><strong>tam</strong></span> <span class='ocrx_word' id='word_1_917' title='bbox 3405 5421 3589 5468; x_wconf 88' lang='lat' dir='ltr'><strong>sancto</strong></span> 
     </span>
    </p>
   </div>
   <div class='ocr_carea' id='block_1_122' title="bbox 2002 5503 3592 5576">
    <p class='ocr_par' dir='ltr' id='par_1_122' title="bbox 2002 5503 3592 5576">
     <span class='ocr_line' id='line_1_123' title="bbox 2002 5503 3592 5576; baseline 0.002 -19"><span class='ocrx_word' id='word_1_918' title='bbox 2002 5503 2138 5571; x_wconf 91' lang='lat' dir='ltr'><strong>viro,</strong></span> <span class='ocrx_word' id='word_1_919' title='bbox 2170 5512 2228 5558; x_wconf 94' lang='lat' dir='ltr'><strong>ut</strong></span> <span class='ocrx_word' id='word_1_920' title='bbox 2258 5503 2420 5559; x_wconf 88' lang='lat' dir='ltr'><strong>vellet</strong></span> <span class='ocrx_word' id='word_1_921' title='bbox 2462 5504 2555 5558; x_wconf 91' lang='lat' dir='ltr'><strong>Dei</strong></span> <span class='ocrx_word' id='word_1_922' title='bbox 2601 5504 2852 5573; x_wconf 89' lang='lat' dir='ltr'><strong>populum</strong></span> <span class='ocrx_word' id='word_1_923' title='bbox 2891 5518 3192 5568; x_wconf 90' lang='lat' dir='ltr'><strong>numerare,</strong></span> <span class='ocrx_word' id='word_1_924' title='bbox 3237 5505 3592 5576; x_wconf 77' lang='lat' dir='ltr'><strong>subrepserit,</strong></span> 
     </span>
    </p>
   </div>
   <div class='ocr_carea' id='block_1_123' title="bbox 2003 5595 3590 5668">
    <p class='ocr_par' dir='ltr' id='par_1_123' title="bbox 2003 5595 3590 5668">
     <span class='ocr_line' id='line_1_124' title="bbox 2003 5595 3590 5668; baseline 0 -18"><span class='ocrx_word' id='word_1_925' title='bbox 2003 5609 2296 5665; x_wconf 89' lang='lat' dir='ltr'><strong>eorumque</strong></span> <span class='ocrx_word' id='word_1_926' title='bbox 2321 5595 2580 5650; x_wconf 88' lang='lat' dir='ltr'><strong>mortibus</strong></span> <span class='ocrx_word' id='word_1_927' title='bbox 2608 5611 2711 5648; x_wconf 87' lang='lat' dir='ltr'><strong>non</strong></span> <span class='ocrx_word' id='word_1_928' title='bbox 2741 5595 2973 5660; x_wconf 82' lang='lat' dir='ltr'><strong>aeternis,</strong></span> <span class='ocrx_word' id='word_1_929' title='bbox 3005 5595 3098 5650; x_wconf 85' lang='lat' dir='ltr'><strong>sed</strong></span> <span class='ocrx_word' id='word_1_930' title='bbox 3115 5595 3225 5666; x_wconf 90' lang='lat' dir='ltr'><strong>jam</strong></span> <span class='ocrx_word' id='word_1_931' title='bbox 3244 5596 3461 5668; x_wconf 87' lang='lat' dir='ltr'><strong>jamque</strong></span> <span class='ocrx_word' id='word_1_932' title='bbox 3485 5596 3590 5651; x_wconf 89' lang='lat' dir='ltr'><strong>hu-</strong></span> 
     </span>
    </p>
   </div>
   <div class='ocr_carea' id='block_1_124' title="bbox 2002 5685 3585 5755">
    <p class='ocr_par' dir='ltr' id='par_1_124' title="bbox 2002 5685 3585 5755">
     <span class='ocr_line' id='line_1_125' title="bbox 2002 5685 3585 5755; baseline 0.002 -15"><span class='ocrx_word' id='word_1_933' title='bbox 2002 5702 2157 5742; x_wconf 91' lang='lat' dir='ltr'><strong>mana</strong></span> <span class='ocrx_word' id='word_1_934' title='bbox 2216 5685 2520 5741; x_wconf 90' lang='lat' dir='ltr'><strong>conditione</strong></span> <span class='ocrx_word' id='word_1_935' title='bbox 2567 5687 2825 5755; x_wconf 88' lang='lat' dir='ltr'><strong>venturis,</strong></span> <span class='ocrx_word' id='word_1_936' title='bbox 2875 5698 2930 5742; x_wconf 92' lang='lat' dir='ltr'><strong>et</strong></span> <span class='ocrx_word' id='word_1_937' title='bbox 2967 5687 3213 5744; x_wconf 86' lang='lat' dir='ltr'><strong>celeriter</strong></span> <span class='ocrx_word' id='word_1_938' title='bbox 3263 5690 3585 5755; x_wconf 89' lang='lat' dir='ltr'><strong>transituris,</strong></span> 
     </span>
    </p>
   </div>
   <div class='ocr_carea' id='block_1_125' title="bbox 2065 5841 3089 5916">
    <p class='ocr_par' dir='ltr' id='par_1_125' title="bbox 2065 5841 3089 5916">
     <span class='ocr_line' id='line_1_126' title="bbox 2065 5841 3089 5916; baseline -0.002 -21"><span class='ocrx_word' id='word_1_939' title='bbox 2065 5841 2859 5916; x_wconf 48' lang='grc' dir='ltr'><strong>ειειιίιίηρίιι.Αιιιςιςηηήιειιεν.Δ</strong></span> <span class='ocrx_word' id='word_1_940' title='bbox 2984 5905 3011 5916; x_wconf 17' lang='grc' dir='ltr'><strong>,Α</strong></span> <span class='ocrx_word' id='word_1_941' title='bbox 3078 5905 3089 5916; x_wconf 36' lang='grc' dir='ltr'><strong><em>ο</em></strong></span> 
     </span>
    </p>
   </div>
   <div class='ocr_carea' id='block_1_126' title="bbox 2066 5911 3184 5972">
    <p class='ocr_par' dir='ltr' id='par_1_126' title="bbox 2066 5911 3184 5972">
     <span class='ocr_line' id='line_1_127' title="bbox 2066 5911 3184 5972; baseline 0 -16"><span class='ocrx_word' id='word_1_942' title='bbox 2066 5911 2089 5941; x_wconf 76' lang='grc'><em>³</em></span> <span class='ocrx_word' id='word_1_943' title='bbox 2123 5917 2247 5968; x_wconf 66' lang='lat' dir='ltr'><strong>Mss,</strong></span> <span class='ocrx_word' id='word_1_944' title='bbox 2270 5913 2372 5972; x_wconf 84' lang='lat' dir='ltr'><strong>post</strong></span> <span class='ocrx_word' id='word_1_945' title='bbox 2391 5911 2607 5970; x_wconf 84' lang='lat' dir='ltr'><strong>corporis</strong></span> <span class='ocrx_word' id='word_1_946' title='bbox 2621 5914 2820 5957; x_wconf 88' lang='lat' dir='ltr'><strong>mortem</strong></span> <span class='ocrx_word' id='word_1_947' title='bbox 2842 5911 3184 5957; x_wconf 84' lang='lat' dir='ltr'><strong>transitoriam.</strong></span> 
     </span>
    </p>
   </div>
   <div class='ocr_carea' id='block_1_127' title="bbox 2891 5990 3169 6069">
    <p class='ocr_par' dir='ltr' id='par_1_127' title="bbox 2891 5990 3169 6069">
     <span class='ocr_line' id='line_1_128' title="bbox 2891 5990 3169 6069; baseline -0.011 -17"><span class='ocrx_word' id='word_1_948' title='bbox 2891 5990 3169 6069; x_wconf 81' lang='lat' dir='ltr'><strong>(Vingt.)</strong></span> 
     </span>
    </p>
   </div>
  </div>
