4094 6436
529 397 646 458 619

530 513 691 579 fuerit
715 507 1030 583 ﬁagellatus,
1059 521 1284 578 quorum
1313 505 1487 569 fuerat
1514 500 1854 567 multitudine
1880 497 2114 562 inﬂatus.

529 607 642 670 Nec
679 604 800 668 dico
841 601 978 660 ﬁlios
1003 599 1120 656 Heli
1149 613 1253 653 non
1298 595 1460 652 fuisse
1494 592 1728 658 infames
1753 593 1792 657 ⁸,
1825 599 1885 646 ut
1912 590 2013 656 iste
2036 589 2121 646 lo-

528 701 728 771 quitur,
770 695 1016 757 nesciens
1049 690 1174 761 quid
1205 690 1489 758 loquatur;
1523 685 1618 742 scd
1653 685 1770 755 ejus
1793 683 1988 750 aetatis,
2015 694 2118 752 qua

529 798 749 860 possent
775 795 831 843 et
870 785 1147 846 deberent,
1195 795 1291 850 pro
1325 778 1587 848 sacrilego
1625 791 1756 832 ausu
1792 789 1898 845 quo
1927 788 1986 845 se
2014 773 2121 838 Do-

529 883 678 938 mino
721 881 832 935 Deo
879 877 932 932 in
977 872 1252 938 sacriﬁciis
1290 868 1665 941 praeferebant,
1710 867 1868 936 digna
1912 863 2120 934 coerci-

531 977 676 1032 tione
704 968 943 1034 cohiberi
971 985 986 1022 :
1017 963 1157 1038 quod
1186 963 1492 1034 neglectum
1529 960 1692 1038 Deus,
1724 974 1830 1029 non
1857 956 1958 1014 sibi
1987 970 2120 1012 con-

531 1070 736 1133 sulens,
777 1064 872 1122 sed
905 1061 1102 1132 populo
1131 1060 1213 1116 cui
1246 1058 1432 1128 religio
1464 1057 1743 1128 pietasque
1770 1051 2118 1140 profuisse”,

529 1163 671 1218 bello
714 1160 874 1216 etiam
925 1154 1246 1212 vindicavit:
1273 1151 1364 1228 ubi
1401 1151 1494 1212 Dei
1537 1150 1786 1212 timorem
1835 1149 2122 1216 potuerunt

526 1270 726 1324 augere
765 1251 975 1313 victuri,
1018 1264 1114 1319 per
1144 1261 1329 1307 eorum
1354 1250 1578 1314 morteii,
1621 1240 1712 1311 qui.
1755 1238 1988 1312 fuerant,
2020 1235 2121 1298 etsi

463 1333 474 1390 ἶ
525 1351 887 1408 senescerent,
918 1348 1036 1412 post
1065 1355 1170 1396 non
1214 1338 1370 1407 longa
1415 1344 1713 1404 temporum
1754 1330 1925 1400 spatia
1954 1326 2121 1396 mori-

526 1439 654 1495 turi.
685 1435 945 1492 Mortibus
973 1433 1168 1503 quippe
1212 1443 1497 1498 corporum
1528 1427 1757 1494 legimus
1786 1422 1918 1498 alios
1961 1420 2122 1486 etiam

528 1539 792 1595 mortuos,
813 1533 1030 1597 pronter
1049 1538 1155 1579 non
1175 1535 1292 1587 sua,
1313 1519 1408 1575 sed
1428 1518 1598 1583 aliena
1617 1522 1835 1587 peccata
1853 1511 1899 1582 (l
1915 1511 2043 1582 Reg.
2061 1525 2126 1566 ιι-

533 1624 612 1695 tv)
642 1641 655 1678 :
685 1621 778 1678 ubi
802 1619 972 1690 magis
997 1624 1080 1683 est
1107 1617 1159 1680 in
1191 1613 1379 1676 dolore
1416 1611 1598 1674 cordis
1627 1610 1781 1680 plaga
1807 1605 2121 1695 viventium,

529 1729 690 1786 quam
729 1713 782 1767 in
819 1709 1148 1774 resolutione
1193 1705 1370 1764 carnis
1415 1717 1572 1774 pmua
1615 1699 1990 1768 ttiorientium;
2034 1695 2124 1750 ubi

525 1807 720 1862 animae
760 1804 828 1859 de
863 1801 1178 1872 corporibus
1215 1803 1496 1866 exeuntes,
1536 1792 1734 1860 habent
1771 1803 1960 1870 causas
1999 1802 2123 1856 suas

525 1900 612 1960 vel
655 1898 824 1957 bonas
866 1894 949 1956 vel
991 1892 1177 1956 malas,
1231 1903 1336 1944 non
1379 1895 1664 1959 propterea
1705 1890 1960 1954 gravatae,
1999 1880 2124 1950 quia

527 1998 702 2046 exutae
731 2007 746 2043 :
769 1987 1064 2044 animarum
1086 1995 1214 2044 vero
1245 1988 1421 2035 morte
1447 1979 1582 2034 alius
1623 1992 1718 2046 pro
1737 1975 1848 2036 alio
1871 1973 2125 2044 plectitur

525 2099 707 2142 nemo.
747 2081 855 2143 Sed
895 2079 996 2137 hoc
1037 2076 1180 2144 dico,
1213 2086 1468 2146 quantum
1505 2072 1774 2136 existimet
1819 2070 1922 2126 iste
1958 2067 2126 2132 fuisse

443 2195 450 2203 '
526 2185 824 2248 peccatum,
879 2170 1028 2243 quod
1080 2170 1134 2226 in
1182 2166 1430 2232 convivio
1477 2164 1699 2235 nuptiali
1740 2163 1988 2224 inventus
2041 2166 2127 2226 est

527 2268 692 2326 homo
709 2274 914 2330 vestem
935 2277 1041 2330 non
1069 2260 1276 2317 habens
1302 2257 1594 2328 nuptialem
1627 2275 1639 2312 :
1667 2265 1797 2328 puto
1821 2255 1865 2313 si
1892 2253 2126 2316 humana

527 2357 957 2430 consideratione
983 2356 1083 2410 ista
1112 2353 1418 2418 metiamur,
1447 2348 1578 2419 huic
1601 2345 1984 2419 aliquantulum
2009 2342 2124 2408 suf-

528 2454 691 2511 ﬁcere
710 2451 893 2514 debuit
907 2448 1258 2521 erubescere;
1283 2453 1340 2502 et
1359 2452 1415 2502 ut
1434 2442 1722 2515 plurimum
1743 2438 2016 2508 invitantis
2033 2437 2124 2492 in-

529 2545 767 2618 dignatio
791 2540 1224 2615 proteuderetur,
1259 2545 1465 2596 vestem
1506 2544 1718 2602 mutare
1744 2530 1994 2602 compelli
2026 2546 2040 2582 :
2071 2534 2130 2590 et

528 2648 711 2696 tamen
752 2637 954 2696 dictum
982 2642 1085 2702 est,
1119 2631 1299 2704 Ligate
1332 2629 1412 2685 illi
1440 2644 1619 2695 manus
1653 2636 1701 2698 et
1731 2625 1904 2697 pedes,
1937 2631 1983 2679 et
2017 2637 2130 2695 pro-

527 2731 668 2803 iicit:
705 2745 820 2790 cum
855 2727 912 2782 in
941 2725 1168 2784 tenebras
1196 2721 1465 2790 exteriores
1489 2735 1506 2783 ;
1530 2718 1598 2772 ibi
1628 2717 1722 2786 erit
1756 2717 1907 2787 ﬂetus
1933 2721 1978 2768 et
2003 2712 2127 2766 stri-

529 2823 625 2885 dor
657 2823 886 2894 dentatus
917 2815 1132 2890 (Matth.
1178 2829 1289 2870 xxu
1320 2853 1338 2880 ,
1386 2811 1602 2878 iis-i5).
1651 2808 1761 2866 Sed
1802 2807 1965 2874 dicet,
2010 2803 2128 2868 Non

527 2915 704 2982 levem
729 2912 942 2981 culpam
967 2906 1254 2976 signiﬁcat,
1279 2911 1483 2962 vestem
1507 2915 1615 2956 non
1636 2899 1889 2964 habuisse
1915 2895 2128 2969 nuptia-

530 3008 657 3075 lem,
687 3004 940 3078 quoniam
981 3005 1085 3064 ista
1123 3016 1290 3073 parva
1327 3011 1639 3068 magnarum
1680 2995 1832 3065 signa
1875 3000 2001 3052 sunt
2039 3005 2127 3046 re-

530 3116 669 3162 rum.
699 3099 790 3156 Sic
830 3112 959 3170 ergo
993 3105 1050 3152 et
1073 3092 1335 3158 sacriﬁcia
1355 3089 1607 3155 visibilia,
1634 3100 1758 3142 cum
1796 3083 1903 3140 sint
1929 3083 1985 3146 in
2017 3091 2128 3148 ter-

530 3194 678 3253 renis
717 3192 882 3252 rebus
923 3189 1134 3260 exigua,
1182 3197 1496 3256 magnarum
1533 3189 1589 3250 et
1630 3178 1930 3244 divinarum
1977 3175 2130 3246 signa

530 3294 658 3346 sunt
694 3298 915 3346 rerum:
947 3283 1004 3340 in
1041 3280 1236 3352 quibus
1283 3277 1377 3334 ﬁlii
1421 3272 1716 3334 sacerdotis
1762 3286 1822 3328 se
1855 3268 1959 3340 ipsi
1995 3269 2127 3336 Deo,

505 3380 686 3451 cujus
724 3378 901 3436 honor
953 3375 1010 3432 in
1054 3371 1328 3448 sacriﬁciis
1373 3366 1688 3433 attenditur,
1744 3361 2127 3434 praeferebant.

530 3471 651 3529 Non
678 3478 857 3526 autem
883 3467 980 3526 ille
1003 3465 1233 3523 conviva
1261 3477 1321 3522 se
1350 3457 1582 3530 prmtulit
1609 3470 1841 3526 sponso;
1888 3453 1984 3510 sed
2011 3461 2129 3508 tan-

533 3573 645 3620 tum
673 3578 781 3619 non
807 3561 1074 3632 congruit,
1105 3556 1230 3629 quia
1254 3552 1541 3624 nuptialem
1565 3550 1800 3608 tunicam
1826 3563 1934 3604 non
1961 3546 2130 3603 habe-

531 3657 644 3714 bat.
689 3655 1070 3723 Verumtamen
1103 3651 1242 3706 inter
1268 3648 1412 3717 ipsas
1435 3657 1651 3715 plenas,
1699 3641 1892 3713 quibus
1921 3648 2134 3696 utrum-

534 3765 639 3822 que
665 3748 990 3805 vindicatum
1031 3752 1132 3809 est,
1177 3741 1271 3797 ille
1306 3739 1436 3812 quid
1461 3737 1630 3794 distet
1663 3735 1912 3800 advertit,
1942 3748 2131 3805 quam-

535 3857 640 3914 que
667 3837 1151 3912 incomparabiliter
1179 3835 1280 3890 ista
1329 3832 1472 3887 illam
1513 3831 1692 3900 vincat
1739 3825 2011 3898 intelligit,
2039 3823 2133 3896 qui

535 3935 902 4009 corporalibus
944 3940 1002 3989 et
1040 3926 1426 4001 temporalibus
1473 3921 1769 3996 spiritualia
1819 3929 1874 3977 et
1925 3919 2127 3990 sempi-

540 4037 689 4087 terna
713 4025 1000 4098 praeponit.
1140 4083 1146 4088 ,

569 4146 574 4149 η
606 4121 702 4178 ﬂ.
723 4119 921 4179 illarum
949 4114 1078 4188 quid
1113 4127 1249 4185 opus
1277 4120 1360 4170 est
1386 4109 1456 4166 de
1493 4108 1732 4182 mysticis
1765 4104 2122 4180 signiﬁcatio-

541 4215 699 4272 nibus
726 4211 1110 4270 sacriﬁciorum
1136 4203 1409 4278 vestisque
1449 4203 1705 4274 nuptialis
1737 4199 2132 4258 inconvenien-

544 4318 654 4365 tem
674 4305 979 4363 carnalibus
1027 4301 1275 4359 sensibus
1306 4298 1449 4355 velle
1495 4296 1764 4354 inculcare
1789 4290 2134 4350 sermonem?

542 4405 684 4462 Ecce
708 4399 853 4474 quod
877 4406 961 4455 est
1005 4395 1344 4453 manifestius
1380 4391 1712 4464 proferamus
1743 4384 2134 4457 :Evangelium

541 4500 670 4569 Legi
696 4495 864 4552 veteri
892 4506 1209 4562 comparans
1240 4487 1519 4553 Dominus,
1549 4493 1604 4541 et
1646 4499 1751 4537 non
1782 4479 1912 4536 illud
1935 4479 2135 4534 malum

448 4645 453 4650 .
543 4590 689 4664 quod
716 4587 964 4644 homines
991 4591 1116 4640 ante
1155 4581 1472 4645 didicerant,
1504 4577 1598 4634 sed
1628 4574 1771 4648 quod
1813 4575 1930 4646 ipse
1970 4571 2134 4664 doce—

541 4662 655 4750 liat,
700 4677 991 4752 perfectius
1054 4688 1176 4730 esse
1236 4679 1594 4728 contestans:
1629 4665 1890 4730 Audistis,
1934 4662 2132 4731 inquit,

541 4775 660 4846 quia
687 4757 877 4825 dictum
904 4776 976 4822 est
1006 4764 1224 4835 antiquis
1255 4779 1275 4818 :
1306 4761 1428 4817 Non
1473 4759 1709 4824 occides;
1732 4757 1818 4828 qui
1859 4765 2026 4809 autem
2051 4769 2140 4808 oc-

543 4865 743 4932 ciderit,
769 4877 884 4917 reus
929 4859 1022 4915 erit
1063 4855 1286 4930 judicio.
1338 4853 1448 4925 Ego
1473 4861 1640 4906 autem
1667 4851 1782 4905 dico
1808 4849 1945 4903 vobis
1969 4863 1988 4902 :
2010 4847 2139 4916 Qui-

544 4975 755 5032 cumque
781 4958 943 5010 iratus
969 4952 1120 5026 fuerit
1151 4950 1300 5024 fratri
1323 4963 1436 5014 suo,
1495 4961 1610 5000 reus
1649 4945 1742 4998 erit
1777 4941 1976 5014 judicio
2005 4957 2025 5006 ;
2053 4941 2139 5010 qui

546 5062 714 5108 autem
741 5049 943 5116 dixerit,
974 5044 1173 5110 Recita,
1195 5057 1311 5097 reus
1343 5040 1437 5094 erit
1463 5037 1709 5100 concilio;
1749 5035 1838 5106 qui
1861 5045 2028 5088 autem
2054 5034 2138 5086 cti-

545 5146 698 5212 xerit,
731 5141 916 5206 Fatue,
961 5153 1078 5193 reus
1106 5136 1200 5190 erit
1224 5133 1464 5206 gehenua:
1499 5129 1632 5201 ignis
1676 5125 1784 5197 (Id.
1812 5142 1868 5194 v,
1899 5126 1991 5193 21,
2021 5123 2137 5194 92).

547 5238 686 5308 Quid
716 5246 824 5292 tam
865 5245 1088 5304 parvum
1133 5230 1188 5283 in
1237 5225 1491 5297 peccatis,
1534 5237 1694 5294 quam
1745 5219 1899 5276 fratri
1937 5219 2137 5284 dicere,

547 5327 916 5398 Fatue‘iQuid
967 5333 1076 5380 tam
1105 5335 1356 5393 magnum
1410 5320 1467 5374 in
1514 5315 1809 5386 suppliciis,
1852 5328 2010 5384 quam
2043 5327 2139 5383 ge-

548 5427 725 5482 henna
754 5421 926 5495 ignis?
945 5417 1002 5476 Si
1030 5418 1084 5473 in
1112 5415 1254 5487 Lege
1277 5413 1362 5469 vel
1393 5411 1672 5480 Prophetis
1721 5409 1820 5464 iste
1850 5406 2143 5462 invenisset

549 5519 806 5590 aliquem,
835 5512 1089 5584 quoniam
1115 5509 1345 5565 dixisset
1374 5503 1525 5560 fratri
1553 5517 1673 5567 suo,
1706 5501 1890 5565 Fatue,
1918 5499 2142 5569 lapidari

547 5612 753 5683 jussum
805 5606 970 5661 fuisse
1017 5600 1289 5666 divinitus,
1343 5603 1554 5665 quantae
1601 5594 1766 5649 Deum
1812 5590 2142 5647 crudelitatis

546 5701 830 5777 argueret?
859 5697 989 5765 Quis
1018 5713 1123 5752 non
1149 5703 1346 5754 autem,
1379 5705 1484 5743 non
1513 5685 1892 5757 dicolapidari,
1926 5683 2018 5739 sed
2047 5699 2143 5754 per

613 5774 632 5830 ἶ
667 5796 819 5854 Editi,
857 5788 980 5855 ﬁlios
1022 5784 1130 5838 Heli
1161 5785 1309 5849 fuisse
1332 5785 1572 5846 infantes;
1595 5781 1842 5838 detracto,
1864 5789 1987 5840 non,
2012 5774 2142 5841 quod

548 5861 646 5911 huc
666 5865 953 5907 revocamus
977 5863 1041 5901 ex
1063 5855 1170 5917 uss.
1235 5905 1266 5917 η
1305 5907 1316 5917 ,
1520 5911 1533 5917 _

614 5901 646 5954 ῖ
668 5901 898 5981 statim
918 5922 1048 5977 uss,
1071 5907 1151 5963 cui
1173 5905 1420 5975 religionis
1436 5911 1588 5971 ριειαε
1614 5901 1886 5969 mutasset.

1046 390 1321 450 CONTRA
1360 383 1856 446 ADVERSARIUM
1894 378 2091 452 LEGIS
2128 375 2217 442 ET
2254 377 2792 452 PROPHETARUM,
2836 383 2894 440 S.
2936 383 3305 444 AUGUSTINI

2231 496 2465 566 singulos
2491 508 2659 567 artus,
2691 501 2799 562 imo
2829 516 2926 571 per
2949 502 3154 572 singula
3178 503 3420 574 corporis
3451 503 3642 580 frusta,
3687 521 3830 578 pau-

2229 590 2375 648 latim
2430 602 2589 664 atque
2631 595 2966 670 minutatim,
2996 597 3179 658 vivens
3221 606 3277 652 et
3302 583 3540 662 sentiens
3573 599 3831 662 dilaniari

2229 688 2577 758 consumique
2615 689 2946 758 maluisseti,
2991 706 3148 760 quam
3165 692 3424 761 gehennae
3446 693 3654 764 ignibus
3673 712 3836 752 man-

2228 780 2431 851 cipari?
2456 782 2610 840 Absit
2639 791 2812 846 tamen
2855 792 2913 845 ut
2955 783 3312 841 crudeliorem
3361 787 3645 856 quisquam
3684 790 3834 846 dicat

2233 873 2500 945 Evangelii
2519 877 2682 935 Deum
2715 892 2872 948 quam
2900 878 3054 948 Legis
3075 878 3266 944 Deum,
3291 879 3600 951 intelligens
3629 884 3838 938 utrius-

2228 981 2332 1038 que
2357 982 2478 1024 esse
2503 985 2667 1025 unum
2717 979 2772 1026 et
2793 971 3041 1026 eumdem
3071 971 3266 1040 Deum,
3329 973 3382 1027 in
3429 974 3572 1044 Lege
3623 987 3834 1032 terren-

2233 1069 2338 1114 tem
2367 1061 2690 1128 carnalibus,
2720 1061 2771 1116 in
2812 1063 3102 1133 Evangelio
3127 1063 3496 1133 spiritualibus
3531 1067 3740 1136 pinnis;
3771 1075 3829 1124 et

2230 1149 2301 1207 ibi
2330 1160 2384 1218 et
2415 1151 2502 1210 hic
2527 1152 2761 1218 ﬁdelem,
2793 1169 3052 1224 nusquam
3082 1155 3375 1212 crudelem.

2299 1241 2389 1298 52.
2415 1243 2558 1308 Quid
2575 1243 2754 1304 illud?
2785 1260 2966 1300 nonne
3008 1247 3113 1301 sia
3137 1246 3354 1303 Christo
3395 1248 3629 1320 linguam
3671 1263 3835 1320 repe-

2229 1333 2363 1401 riret
2387 1334 2619 1392 alienam
2643 1337 2696 1392 in
2731 1353 2962 1408 eumque
3005 1338 3398 1410 blasphemam,
3456 1351 3512 1398 et
3551 1343 3836 1414 qualisest

2230 1423 2410 1495 hujus,
2459 1425 2620 1497 impia
2665 1428 2977 1502 garrulitate
3023 1429 3415 1500 damnabilem,
3468 1433 3713 1496 acerbius
3773 1443 3840 1490 et

2229 1516 2464 1573 amarius
2487 1517 2867 1590 exagitaretur,
2897 1535 3056 1591 quam
3087 1523 3230 1592 quod
3251 1525 3353 1580 iste
3381 1525 3449 1581 de
3475 1525 3702 1581 obsonio
3743 1540 3836 1581 sa-

2229 1611 2415 1666 criﬁcii
2434 1620 2780 1683 prmgustato,
2828 1616 3162 1684 corporalem
3215 1619 3676 1691 temporalemque
3715 1633 3837 1689 ptes-

2229 1719 2352 1776 nam
2378 1720 2476 1774 pro
2500 1705 2780 1778 sacrilegio
2810 1707 2888 1763 sic
2917 1707 3222 1779 indignatur
3239 1711 3540 1781 ingestam;
3573 1714 3666 1768 ubi
3686 1729 3828 1768 ven-

2229 1805 2407 1862 turum
2433 1815 2496 1856 se
2525 1800 2817 1869 Dominus,
2832 1811 2887 1858 et
2904 1802 2972 1858 ad
2992 1805 3261 1859 sinistram
3288 1807 3476 1876 positis
3493 1807 3836 1879 gentibus(a)

2229 1893 2462 1949 minatur
2480 1908 2602 1948 esse
2626 1893 2914 1959 dicturum,
2942 1894 2973 1949 1
2981 1905 3026 1950 te
3050 1897 3103 1952 in
3129 1897 3296 1969 ignem
3318 1905 3584 1965 attentum,
3618 1900 3704 1969 qui
3733 1917 3834 1970 pa-

2230 1995 2371 2040 ratus
2394 1995 2468 2040 est
2495 1986 2697 2042 diabolo
2721 1996 2769 2042 et
2787 1988 2980 2060 augetis
3019 1989 3168 2060 ejus?
3192 1989 3366 2060 Hujus
3406 1992 3537 2046 tanti
3579 1992 3836 2062 supplicii

2230 2076 2427 2150 quaeris
2451 2080 2705 2135 causam?
2755 2079 2973 2147 Esuriri,
3008 2081 3202 2152 inquit,
3251 2091 3302 2136 et
3345 2098 3446 2137 non
3472 2081 3682 2138 dedistis
3706 2081 3839 2137 mihi

2231 2173 2540 2256 manducare
2566 2173 2678 2246 (Id.
2707 2189 2832 2241 xxv,
2860 2175 2952 2241 il,
2985 2174 3100 2245 η).
3131 2174 3272 2232 Ecce
3298 2191 3398 2247 pro
3441 2191 3565 2232 esca
3610 2185 3837 2246 tempo-

2231 2264 2352 2331 rali,
2374 2280 2480 2321 non
2507 2266 2704 2333 ablata,
2729 2266 2824 2323 sed
2871 2282 2976 2324 non
3006 2267 3152 2336 data,
3202 2278 3463 2330 aeternum
3511 2277 3567 2324 et
3595 2269 3838 2324 horren-

2233 2356 2358 2412 dum
2389 2359 2715 2429 supplicium
2776 2361 3156 2418 comminatur.
3184 2360 3255 2415 Et
3296 2370 3464 2427 recte,
3491 2361 3543 2416 si
3581 2360 3840 2418 consulas

2231 2447 2531 2506 veritatem.
2555 2451 2881 2522 Perparvam
2903 2460 2989 2507 est
3015 2452 3159 2507 enim
3201 2453 3344 2524 quod
3369 2454 3432 2508 in
3473 2453 3841 2526 eleemosynis

2233 2544 2422 2611 datur;
2450 2543 2544 2600 sed
2587 2551 2709 2600 cum
2756 2545 2843 2614 pie
2892 2545 3071 2614 datur,
3113 2554 3375 2601 teternum
3408 2545 3539 2604 inde
3577 2547 3838 2602 meritum

2233 2646 2594 2710 comparatur.
2626 2639 2693 2692 Et
2717 2637 2840 2693 ideo
2861 2639 3036 2708 potius
3062 2639 3185 2710 quia
3213 2654 3438 2709 parvum
3458 2647 3541 2695 est
3558 2639 3705 2710 quod
3737 2639 3838 2694 da-

2235 2726 2340 2796 tur,
2364 2744 2553 2800 magna
2573 2729 2852 2800 impietate
2875 2745 2981 2786 non
3007 2727 3184 2786 datur.
3217 2727 3374 2788 Unde
3395 2749 3498 2788 non
3524 2733 3723 2788 mirum
3751 2741 3837 2788 est

2233 2820 2375 2893 quod
2408 2829 2570 2877 tantae
2591 2822 2857 2878 sterilita‘ti
2887 2823 3035 2878 velut
3061 2818 3517 2880 infructuosarum
3535 2825 3798 2880 arborum
3817 2865 3835 2894 ,

2233 2913 2373 2987 ignis
2397 2909 2586 2970 aeterni
2611 2915 2935 2984 supplicium
2959 2924 3312 2986 praeparatur.
3363 2917 3420 2973 Si
3479 2926 3660 2972 autem
3697 2909 3838 2972 eoné

2234 3006 2378 3062 eulas
2427 3006 2720 3074 hominem,
2763 3015 2822 3061 ut
2869 3005 2938 3062 de
2983 3002 3084 3063 suo
3118 3007 3442 3078 respondeat
3485 3007 3603 3076 tibi,
3659 3009 3839 3065 omnis

2235 3099 2398 3155 homo
2438 3099 2665 3155 mendax
2723 3098 2896 3171 (Psal.
2922 3114 3045 3166 cxv,
3094 3100 3220 3170 li),
3252 3095 3549 3155 contemnit
3595 3100 3834 3170 culpam,

2235 3201 2524 3262 exaggerat
2574 3205 2786 3262 poenam
2819 3206 2834 3244 :
2864 3191 3007 3246 illam
3056 3191 3254 3261 quippe
3309 3205 3417 3246 non
3465 3190 3613 3247 videt
3650 3200 3838 3248 mente

2235 3284 2458 3350 carnali,
2484 3283 2623 3339 hanc
2652 3283 2907 3339 exhorret
2949 3277 3112 3340 carne
3141 3284 3375 3339 mortali.
3405 3285 3551 3339 Talis
3597 3293 3683 3341 est
3735 3285 3840 3342 iste

2236 3376 2290 3432 in
2319 3376 2560 3431 omnium
2585 3376 2895 3442 hominum,
2928 3375 3018 3446 qui
3046 3376 3344 3447 puniuntur
3362 3377 3447 3431 vel
3471 3376 3842 3448 corripiuntur

2237 3469 2291 3525 in
2317 3469 2514 3525 Vetere
2539 3469 2905 3536 Testamento,
2937 3469 3095 3540 longe
3125 3469 3429 3526 mitioribus
3453 3485 3612 3541 quam
3645 3461 3840 3542 legun-

2239 3569 2326 3617 tur
2352 3560 2406 3616 in
2455 3560 2784 3631 Evangelia,
2829 3560 3199 3630 corporalibus
3257 3562 3454 3632 ptenis.
3489 3562 3643 3628 Quod
3687 3564 3840 3619 enim

2237 3643 2493 3700 diluvium
2519 3644 2820 3714 comparari
2857 3645 3077 3700 aeternis
3106 3643 3318 3715 ignibus
3343 3645 3558 3717 potest?
3581 3661 3702 3716 quae
3731 3645 3840 3702 cae-'-

2237 3735 2334 3791 des
2353 3777 2368 3800 ,
2397 3751 2520 3806 qua:
2547 3736 2790 3800 vulnera,
2819 3749 2940 3805 qua:
2968 3749 3258 3805 corporum
3277 3745 3481 3792 mortes
3506 3736 3840 3792 cruciatibus

2237 3825 2619 3898 sempiternis?
2651 3825 2848 3896 Viginti
2892 3834 3122 3896 quatuor
3144 3826 3309 3882 millia
3335 3827 3660 3893 cadentium,
3685 3837 3842 3883 tanto

2237 3921 2526 3977 buccarum
2552 3919 2782 3989 strepitu
2811 3917 2976 3974 inﬁat
3002 3918 3242 3987 insanus,
3266 3920 3421 3992 quasi
3447 3937 3557 3984 non
3588 3922 3841 3977 innume-

2236 4011 2426 4069 rabilia
2456 4011 2624 4066 millia
2675 4009 2918 4082 quotidie
2966 4011 3267 4067 moriantur
3313 4019 3429 4068 toto
3478 4012 3610 4070 orbe
3660 4021 3840 4070 terra-

2238 4102 2540 4160 rumv‘tSed
2589 4103 2897 4158 transitoria
2950 4103 3050 4157 ista
3096 4104 3341 4173 corporis
3381 4119 3527 4160 mors
3567 4113 3690 4162 est:
3715 4105 3840 4175 quis

2238 4211 2372 4252 vero
2396 4192 2686 4252 aestimare
2721 4189 2910 4264 possit,
2937 4202 3072 4265 quot
3107 4195 3273 4251 millia
3321 4195 3542 4252 stabunt
3589 4196 3659 4252 ad
3707 4195 3844 4252 sini-

2238 4299 2404 4345 stram
2456 4304 2521 4344 ex
2568 4287 2816 4344 omnibus
2840 4287 3109 4358 gentibus,
3141 4303 3260 4360 quae
3289 4289 3632 4360 sempiternis
3673 4289 3840 4346 dam-

2241 4383 2416 4440 nanda
2444 4389 2569 4437 sunt
2594 4381 2840 4453 ignibus?

2311 4477 2403 4533 35.
2436 4476 2533 4531 Eat
2559 4476 2657 4530 iste
2685 4483 2741 4530 et
2769 4474 2966 4529 clamet
2990 4487 3090 4530 ore
3111 4481 3300 4543 aperto
3324 4480 3380 4528 et
3407 4473 3578 4530 oculis
3606 4473 3831 4544 clausis,

2240 4568 2392 4640 quasi
2418 4566 2698 4623 confessus
2720 4566 2792 4621 sit
2827 4568 2967 4622 Deus
3000 4580 3154 4621 suam
3180 4565 3575 4634 crudelitatem,
3599 4568 3724 4636 quia
3751 4567 3838 4622 di-

2241 4663 2316 4718 cit
2344 4677 2441 4733 per
2493 4661 2811 4732 prophetam
2844 4679 2858 4716 :
2888 4659 3154 4715 Exacuam
3201 4660 3330 4714 sicut
3379 4659 3557 4732 fulgur
3607 4661 3840 4732 gladium

2241 4771 2429 4821 nicum,
2472 4753 2728 4807 inebriabo
2776 4746 3000 4823 sagittas
3032 4768 3170 4806 meas
3219 4753 3484 4822 sanguine,
3540 4761 3586 4806 et
3635 4753 3842 4824 gladius
3883 4786 3897 4800 ρ

2243 4863 2384 4900 meus
2431 4845 2756 4899 manducabit
2800 4859 2977 4898 carnes
3045 4844 3127 4897 de
3167 4845 3414 4916 sanguine
3460 4835 3840 4899 vulneratorum

2245 4937 2424 5010 (Deut.
2459 4953 2623 5004 xxxu,
2655 4936 2746 5003 il,
2779 4935 2892 5008 49).
2927 4937 3003 4992 De
3030 4936 3220 5007 quibus
3250 4936 3430 4992 verbis
3473 4937 3550 4992 sic
3595 4937 3698 4992 iste
3751 4951 3838 4991 ac-

2244 5039 2396 5085 cusat
2449 5029 2636 5093 Deum,
2695 5029 2844 5084 velut
2895 5043 3112 5099 semper
3175 5027 3468 5084 humanum
3520 5031 3839 5101 sanguinem

2244 5125 2595 5189 esurientem,
2629 5123 2779 5192 quasi
2811 5121 3029 5189 dixerit,
3076 5121 3360 5178 inebriabo
3411 5115 3498 5178 me
3539 5125 3827 5194 sanguine;

2244 5225 2356 5282 aut,
2390 5214 2718 5270 Iianducabo
2743 5229 2934 5270 carnes
2977 5214 3045 5270 de
3095 5214 3358 5286 sanguine
3409 5214 3832 5276 vulneratorum.

2245 5311 2352 5385 Sed
2379 5309 2770 5383 quantumlibet
2817 5307 2959 5382 hanc
2987 5294 3188 5382 utilem,
3225 5308 3322 5384 Dei
3367 5303 3836 5385 comminationcm

2249 5376 2773 5474 tanquamfacinoris
2799 5376 3034 5468 avidam,
3057 5376 3144 5463 et,
3161 5409 3224 5456 ut
3248 5376 3400 5468 dicit,
3428 5377 3618 5456 inse-la
3651 5376 3848 5453 εῖναι-³

2248 5497 2387 5566 litate
2413 5496 2560 5552 malis
2585 5493 2929 5568 tantuutqug
2953 5492 3279 5569 gini-iamet»,
3329 5507 3500 5570 vanus
3528 5499 3584 5558 et
3605 5502 3841 5566 vesanus

2248 5591 2534 5645 exhorreat
2559 5606 2573 5655 ;
2598 5589 2726 5660 quid
2769 5595 2861 5641 aut
2888 5594 3144 5655 quantum
3184 5585 3345 5652 valet,
3402 5584 3582 5638 verbis
3625 5595 3844 5651 compa-

2247 5692 2365 5740 rata
2391 5682 2637 5748 dicentis,
2656 5679 2912 5735 Discedite
2939 5695 2969 5731 a
2995 5695 3091 5746 me,
3125 5677 3400 5745 maledicti,
3429 5694 3480 5730 in
3505 5678 3672 5748 ignem
3695 5683 3843 5729 (eter-

2314 5835 2330 5866 ι
2366 5839 2441 5881 Er.
2467 5829 2613 5893 Lugd.
2641 5835 2855 5893 ct_ven.,
2874 5827 3228 5893 quisgmttem...
3252 5838 3346 5876 non
3368 5824 3634 5880 maluisset.
3692 5819 3760 5872 tu.

2315 5894 2389 5959 (α)
2414 5889 2794 5957 Voxfgentibus,
2818 5891 3100 5942 redundare
3120 5889 3332 5941 videtur.
