4094 6440
233 385 329 454 sui

233 515 372 564 num,
418 513 506 568 qui
555 503 762 567 paratus
793 499 866 547 est
905 488 1107 546 diabolo
1127 493 1175 543 et
1200 483 1393 558 angelis
1419 481 1568 554 ejus?
1609 478 1684 534 lbi
1717 490 1826 542 non

234 592 493 662 sanguine
515 587 917 652 inebriabuntur
945 583 1180 654 sagittis;
1212 578 1306 635 sed
1333 592 1436 634 non
1479 573 1823 630 satiabuntur

237 686 496 744 membris
565 682 814 746 euntibus
885 678 1115 742 llanuna:
1145 694 1157 730 :
1189 688 1292 738 nec
1359 683 1549 736 carnes
1619 665 1824 740 gladius

238 777 605 841 manducabit,
650 787 866 836 sensum
916 771 1118 840 doloris
1182 768 1357 828 citius.
1391 765 1641 822 auferens
1683 774 1826 824 mor-

244 875 372 940 tuis,
400 888 563 942 quam
595 869 826 930 inferens
855 865 1166 934 vulneratis;
1195 861 1289 918 sed
1322 875 1480 930 nemo
1499 855 1823 912 cruciatibus

241 966 432 1020 saltem
459 960 741 1022 moriendo
785 957 1135 1027 subtrahitur,
1163 969 1230 1024 ne
1273 954 1324 1008 in
1365 950 1627 1018 moriente
1671 944 1831 1016 simul

241 1058 404 1116 etiam
434 1055 551 1125 ipsa
580 1066 739 1123 poena
769 1050 1054 1115 moriatur.
1101 1047 1209 1114 Cur
1255 1059 1362 1114 non
1402 1044 1488 1102 hic
1535 1041 1699 1098 dicit:
1737 1039 1838 1095 Co-

241 1147 518 1202 lendumne
544 1145 698 1199 istum
721 1160 788 1210 an
838 1143 1002 1213 potius
1043 1138 1406 1197 exsecrandum
1443 1133 1837 1210 fugiendumque

240 1255 346 1294 esse
376 1234 647 1300 dicemus?
685 1235 767 1288 An
824 1233 974 1287 timet
1017 1230 1084 1286 de
1132 1229 1344 1296 Christo
1374 1228 1475 1284 ista
1523 1226 1720 1290 dicere,
1768 1237 1836 1278 ne

243 1330 414 1398 ipsius
443 1328 582 1397 ignis
599 1325 784 1390 aeterm
811 1322 1133 1396 supplicium
1179 1335 1284 1379 non
1329 1319 1543 1386 evadat,
1601 1329 1706 1388 quo
1744 1314 1838 1372 ille

243 1423 440 1491 intpios
477 1427 745 1492 praeparat
770 1417 1010 1486 mittere;
1039 1425 1095 1488 et
1129 1415 1342 1488 ignorat
1369 1411 1534 1470 miser
1587 1408 1704 1463 huic
1750 1405 1835 1464 di-

244 1514 419 1578 cendo
443 1512 516 1570 de
547 1513 654 1568 Deo
683 1509 1095 1584 Prophetarum,
1123 1506 1192 1577 de
1214 1506 1332 1574 ipso
1360 1518 1420 1559 se
1445 1503 1644 1568 dicere,
1687 1498 1838 1567 cujus

247 1617 357 1665 tam
413 1603 749 1664 tremendam
793 1601 1128 1668 severitatem
1159 1599 1214 1655 in
1263 1595 1550 1666 Evangelio
1592 1591 1843 1662 formidat

245 1695 524 1762 oﬂ'endere
538 1695 563 1750 2

315 1787 554 1846 CAPUT
591 1785 845 1844 XVll.—
879 1786 968 1846 54.
1023 1780 1386 1856 Reprehendit
1442 1779 1626 1852 etiam,
1699 1776 1842 1848 quod

247 1897 440 1954 ptenas
467 1882 755 1952 impiorum
791 1878 1116 1950 signiﬁcans
1155 1891 1249 1946 per
1278 1889 1432 1938 uvam
1458 1872 1604 1938 fellis
1649 1878 1704 1940 et
1757 1871 1845 1926 b0-

251 1983 394 2040 trum
424 1971 906 2040 amaritudiniset
930 1969 1168 2040 furerem
1196 1968 1490 2036 draconum
1517 1973 1679 2033 atque
1699 1963 1842 2032 aspi-

254 2069 404 2136 dum,
433 2068 692 2130 collectas
719 2065 848 2132 dicit
868 2079 994 2135 esse
1043 2064 1183 2120 Deus
1205 2060 1344 2132 apud
1385 2075 1464 2126 se,
1509 2067 1566 2124 et
1613 2057 1847 2127 signatas

255 2161 306 2218 in
339 2159 610 2228 thesauris
631 2158 768 2222 suis,
799 2154 1102 2224 reddendas
1128 2155 1181 2214 in
1214 2162 1473 2222 tempore,
1502 2164 1624 2208 cum
1666 2149 1848 2218 lapsus

256 2252 412 2323 fuerit
443 2265 543 2321 pes
565 2264 752 2314 eorum
785 2247 963 2322 (Deut.
994 2261 1159 2314 χχιιι,
1189 2242 1376 2317 52-55)
1403 2241 1692 2313 {ignorans
1733 2238 1849 2294 the.

256 2359 443 2414 sauros
467 2343 556 2412 hic
587 2341 881 2416 appellatas
906 2340 1144 2412 occultas
1178 2335 1558 2408 dispositiones
1608 2333 1724 2412 Dei,
1755 2330 1845 2401 qui

256 2435 492 2508 disponit
539 2433 768 2502 reddere
831 2431 1115 2504 unicuique
1151 2427 1447 2498 secundum
1498 2440 1660 2495 opera
1710 2422 1846 2496 ejus.

257 2528 407 2586 Unde
436 2527 730 2597 Apostolus
769 2524 902 2595 dicit
933 2542 949 2580 :
978 2523 1055 2584 Tu
1081 2531 1247 2594 autem
1293 2519 1568 2582 secundum
1609 2516 1852 2570 duritiam

257 2621 423 2683 cordis
453 2620 529 2674 tui
551 2628 600 2688 et
620 2634 707 2688 cor
731 2616 1065 2687 impmnitens,
1089 2613 1400 2672 tltesaurizas
1431 2611 1518 2678 tibi
1541 2610 1671 2676 iram
1691 2607 1744 2662 in
1769 2605 1852 2670 die

257 2715 347 2772 itte
369 2724 413 2768 et
431 2711 756 2780 reuelationi!
769 2710 899 2781 justi
915 2708 1103 2778 judicii
1133 2706 1248 2774 Dei,
1274 2705 1362 2776 qui
1387 2703 1561 2760 reddet
1582 2701 1852 2773 unicuique

257 2805 534 2868 secundum
559 2817 713 2874 apem
733 2802 842 2873 eius
873 2797 1050 2871 (liam.
1075 2813 1137 2868 ιι,
1159 2798 1214 2861 5,
1246 2796 1322 2868 6).
1348 2793 1503 2866 Apud
1529 2809 1687 2864 quem
1703 2792 1850 2864 enim

256 2896 356 2964 sibi
379 2894 710 2962 thesaurizat
746 2892 881 2960 iram
915 2906 1010 2962 cor
1039 2888 1403 2962 impmnitens,
1432 2886 1532 2944 nisi
1565 2884 1706 2957 apud
1726 2898 1850 2942 cum

257 2989 345 3060 qui
366 2988 522 3042 viros
545 2974 630 3050 est
652 2985 987 3055 iudicauit-us
1009 2991 1069 3050 et
1093 2979 1372 3053 mortuos?
1392 2977 1576 3050 Neque
1594 2975 1738 3032 enim
1754 2989 1851 3031 ne-

257 3081 435 3145 sciunt
464 3080 624 3142 etiam
651 3078 728 3132 illi
760 3085 970 3142 veteres
1010 3073 1154 3142 Libri
1176 3073 1486 3140 thesaurum
1511 3066 1850 3138 desiderabie

259 3173 385 3240 lem,
408 3170 480 3232 de
504 3185 609 3241 quo
634 3169 708 3232 ibi
737 3168 995 3238 scriptum
1023 3173 1108 3230 est
1150 3162 1294 3234 quod
1314 3161 1615 3232 requiescat
1659 3159 1714 3232 in
1744 3172 1852 3216 ore

258 3264 517 3334 sapientis
540 3262 724 3333 (Prov.
749 3277 865 3329 χιιι,
897 3260 990 3328 20,
1017 3275 1118 3322 sec.
1141 3254 1330 3329 LXX).
1361 3256 1429 3311 Et
1457 3256 1512 3310 in
1545 3253 1853 3316 Proverbiis

257 3355 474 3430 legitur,
507 3352 631 3424 quia
658 3351 797 3420 Deus
822 3350 1127 3420 dissentiant
1170 3345 1490 3419 diligentibus
1543 3362 1598 3414 se
1633 3345 1852 3400 salutem

259 3449 369 3519 (ια.
401 3464 516 3514 vui,
546 3446 640 3518 21)
671 3463 687 3513 ;
713 3453 770 3508 et
790 3445 952 3513 Isaias
976 3441 1235 3515 propheta
1257 3441 1408 3510 dicit,
1452 3439 1522 3510 In
1555 3439 1803 3497 thesauris
1828 3438 1848 3471 ί

259 3543 399 3600 salus
423 3549 601 3604 nostra
624 3555 644 3594 :
667 3539 738 3594 ibi
761 3537 1012 3609 sapientia
1039 3545 1085 3591 et
1109 3535 1378 3606 disciplina
1400 3542 1448 3592 et
1467 3534 1626 3606 pietas
1645 3531 1713 3600 ad
1738 3530 1849 3596 Do-

261 3634 480 3696 minum.
505 3631 577 3692 Hi
595 3640 712 3692 sunt
731 3631 954 3690 thesauri
962 3628 1180 3701 justitiat
1211 3625 1371 3700 (Isai.
1400 3641 1587 3694 χχχιιι,
1611 3625 1690 3697 6).
1742 3625 1850 3681 Sed

263 3725 533 3794 vaniloqui
575 3732 628 3779 et
653 3721 848 3782 mentis
888 3720 1200 3786 seductores
1248 3717 1612 3785 adversantes.
1635 3716 1852 3776 Litteris

262 3818 452 3882 sacris,
479 3831 613 3887 quas
644 3815 935 3885 intelligere
963 3814 1170 3878 nolunt,
1198 3812 1402 3884 elisum
1424 3827 1494 3876 .ex
1537 3811 1618 3867 eis
1651 3826 1846 3881 aspera

261 3925 383 3980 «me
405 3908 479 3964 ibi
504 3908 748 3978 lesumur
775 3907 842 3968 ad
867 3903 1349 3972 commendandam
1364 3903 1706 3968 Severitatem
1735 3903 1850 3970 Dei;

261 4010 320 4065 et
337 4000 410 4055 de
432 3999 646 4062 Litteris
674 3997 995 4068 evangelicis
1028 4005 1195 4066 atque
1231 3995 1541 4065 apostolicis
1570 3993 1710 4062 lenia
1732 4008 1852 4063 quae

259 4094 335 4154 ibi
363 4095 608 4163 leguntur
646 4092 716 4148 ad
757 4089 1235 4154 commendandam
1291 4089 1586 4153 bonitatem
1635 4087 1728 4143 Dei
1759 4104 1773 4141 :
1799 4093 1856 4152 et

259 4185 405 4256 apud
427 4185 672 4240 homines
693 4183 964 4252 imperitos
990 4181 1115 4244 hinc
1139 4181 1390 4250 ingerunt
1411 4179 1712 4245 horrorem,
1729 4177 1855 4244 inde

261 4286 516 4347 quaerunt
541 4276 776 4340 favorem
809 4291 823 4328 :
857 4273 1009 4344 quasi
1057 4271 1360 4339 diflicilcsit
1387 4279 1444 4326 ut
1472 4270 1754 4340 quisquam
1781 4269 1857 4324 si-

263 4371 464 4426 militer
489 4369 830 4439 blasphemus
849 4375 1008 4436 atque
1038 4365 1231 4433 impius
1258 4379 1324 4420 eo
1349 4363 1511 4429 modo
1545 4363 1855 4429 adversetur

265 4462 414 4518 Novo
443 4461 810 4526 Testamento,
842 4474 946 4530 quo
965 4459 1063 4520 iste
1090 4457 1292 4523 Veteri,
1315 4471 1540 4527 carpens
1567 4456 1636 4512 de
1659 4455 1856 4512 Vetere

264 4556 465 4627 quibus.
493 4554 563 4610 ibi
593 4551 994 4619 commendatur
1032 4549 1129 4614 Dei
1163 4549 1393 4615 bonitas,
1435 4555 1490 4602 et
1525 4561 1559 4601 e
1587 4547 1856 4602 contrario

255 4645 336 4704 de
382 4645 536 4708 Now
557 4645 764 4718 auibus
797 4644 872 4706 ibi
905 4639 1309 4712 commendatur
1349 4638 1443 4706 Dei
1481 4639 1772 4709 severitas;
1800 4647 1858 4706 et

259 4738 466 4800 clamet
502 4737 798 4808 invidiosus
838 4743 998 4805 atque
1032 4746 1332 4799 venenpsus
1357 4748 1372 4787 :
1401 4731 1538 4798 Ecce
1583 4731 1670 4801 qui
1715 4731 1855 4800 Deus

265 4826 532 4896 colendus
576 4834 676 4892 est,
744 4825 1024 4888 misericors
1065 4831 1111 4882 et
1150 4821 1434 4892 ntiserator,
1472 4820 1778 4892 lpuganimis
1813 4827 1859 4876 et

269 4918 450 4986 multa:
478 4915 835 4988 misericordia
851 4931 870 4981 ;
899 4914 990 4984 qui
1017 4929 1119 4976 non
1143 4912 1198 4967 in
1225 4913 1378 4988 ﬁnem
1404 4912 1668 4978 irascetur,
1700 4926 1858 4980 neque

267 5012 320 5068 in
368 5021 612 5076 retentum
656 5006 1033 5078 indignabitur;
1069 5003 1164 5074 qui
1208 5019 1310 5058 non
1345 5003 1618 5070 secundum
1653 5011 1860 5073 peccata

267 5098 445 5168 nostra
478 5102 596 5173 fecit
629 5099 792 5164 nobis,
836 5113 991 5167 neque
1027 5095 1304 5156 secundum
1340 5095 1621 5164 iniquitates
1663 5103 1858 5148 nostras

264 5196 499 5264 retribuit
519 5194 700 5260 nobis;
728 5190 823 5258 sed
847 5198 1092 5261 quantum
1113 5188 1267 5244 distat
1301 5187 1465 5241 oriens
1489 5185 1552 5250 ab
1581 5186 1854 5262 occidente,

267 5291 422 5360 longe
443 5290 560 5361 fecit
598 5305 630 5342 a
668 5286 811 5340 nobis
841 5291 1046 5356 peccata
1070 5291 1282 5348 nostra;
1307 5281 1395 5351 qui
1436 5281 1562 5334 sicut
1592 5279 1860 5348 miseratur

268 5390 416 5452 pater
446 5381 601 5448 ﬁlios,
633 5379 705 5432 sic
731 5378 997 5432 miseratur
1024 5376 1250 5444 timentes
1276 5389 1327 5429 se
1358 5370 1525 5444 (Psal.
1555 5387 1644 5439 cu,
1669 5371 1855 5443 8-15);

268 5472 360 5542 qui
387 5470 535 5538 dicit,
561 5468 698 5524 Nolo
727 5476 938 5522 mortem
965 5464 1259 5535 peccatoris,
1290 5469 1529 5534 quantum
1559 5471 1610 5526 ut
1637 5471 1852 5520 reverta-

271 5574 358 5628 tur
394 5573 442 5618 et
474 5564 604 5632 uiuat
633 5560 843 5634 (Ezech.
869 5575 1014 5632 xvtu,
1043 5558 1134 5630 25,
1165 5565 1212 5626 et
1253 5571 1440 5628 xxxm,
1475 5555 1585 5626 ll).
1616 5554 1730 5609 Non
1772 5555 1861 5617 ille

341 5741 360 5771 ι
393 5738 543 5800 mliti,
585 5747 640 5790 tn
674 5736 909 5790 thesauris
954 5742 1040 5787 est.
1082 5743 1186 5783 Mss.
1214 5747 1332 5800 vero
1360 5738 1528 5782 carent
1559 5732 1731 5800 verbo,
1756 5735 1861 5800 est;

274 5801 409 5866 quod
429 5795 668 5866 nec'apud
689 5808 798 5850 Lxx
835 5800 1102 5862 reperitur.
1131 5806 1177 5845 tn
1201 5796 1372 5866 iisdem
1400 5803 1502 5865 διεδ.
1534 5795 1791 5866 (λιιιιῑιὶῐιιῑ,
1815 5798 1861 5844 et

274 5854 432 5927 pietas
445 5875 464 5924 ;
484 5865 564 5914 cui
574 5854 748 5916 tamen
765 5866 814 5916 in
835 5854 1014 5936 graeco,
1037 5860 1316 5923 respondet,
1343 5856 1420 5908 [sai
1443 5854 1673 5912 eusébeia.

1586 359 1790 420 LIBER
1826 353 2102 434 rutilus.

3417 362 3523 428 633

1938 472 2028 543 qui
2059 480 2276 545 propter
2302 475 2571 534 lucrorum
2613 476 2911 546 avaritiam,
2940 477 3100 536 etiam
3140 492 3262 544 eum
3310 495 3523 542 servum

1940 567 2029 637 qui
2068 582 2172 624 non
2219 569 2449 637 perdidit
2496 571 2748 626 talentum
2794 573 2934 640 quod
2981 582 3282 644 acceperat,
3322 583 3526 646 tantum

1939 662 2062 733 quia
2089 678 2196 718 non
2234 665 2460 733 amplius
2490 665 2791 738 acquisivit,
2821 665 2996 736 ligatis
3022 647 3273 736 manibus
3297 678 3349 724 et
3376 669 3528 739 pedi-

1941 756 2040 810 bus
2073 755 2261 827 projici
2291 756 2450 830 jussit
2491 758 2542 810 in
2572 758 2818 813 tenebras
2847 741 3161 826 exteriores,
3190 761 3280 824 ubi
3309 739 3453 822 esset
3476 762 3532 828 .ei

1945 847 2102 904 ﬂetus
2146 858 2197 904 et
2251 848 2447 904 stridor
2480 848 2716 904 dentium
2760 850 2975 920 (Manli.
3024 867 3163 919 xxv,
3212 855 3408 928 14-50)
3440 829 3536 920 :et

1945 940 2038 1011 qui
2089 939 2362 996 hominem
2405 955 2509 996 non
2547 939 2830 997 habentem
2881 951 3081 1010 vestem
3132 946 3421 1020 nuptialem
3465 949 3537 1018 de

1946 1031 2190 1090 convivio
2217 1046 2316 1088 suo
2355 1030 2520 1098 tollit,
2555 1039 2610 1088 et
2647 1031 2895 1096 similiter
2923 1033 3194 1106 alligatum
3219 1037 3379 1092 simili
3408 1053 3541 1109 sup»

1947 1124 2106 1195 plicio
2142 1126 2291 1198 punit
2330 1124 2439 1198 (Id.
2472 1141 2606 1202 xxn,
2639 1125 2829 1193 11-15)
2857 1145 2868 1181 :
2898 1135 2954 1184 et
2985 1128 3076 1200 qui
3103 1131 3441 1196 venientibus
3469 1132 3542 1202 ad

1949 1231 2028 1284 se,
2056 1225 2109 1272 et
2135 1217 2486 1288 pulsantibus,
2519 1226 2572 1274 et
2592 1216 2911 1288 dicentibus,
2937 1218 3169 1290 Domine,
3191 1223 3337 1293 aperi
3363 1224 3505 1294 nobis
3516 1241 3538 1294 ;

1950 1308 2257 1379 respondet,
2288 1307 2412 1364 Non
2437 1324 2523 1376 vos
2547 1309 2696 1389 novi;
2725 1316 2927 1370 tantum
2953 1312 3076 1379 quia
3111 1313 3288 1368 oleum
3323 1330 3535 1394 secum,

1950 1401 2092 1474 quod
2145 1400 2488 1464 infunderent
2551 1401 2661 1460 suis
2715 1401 3080 1472 lampadibus,
3140 1419 3245 1470 non
3307 1407 3540 1464 tulerunt

1952 1492 2065 1565 (Id.
2096 1508 2228 1560 xxv,
2257 1492 2371 1564 1-2)
2403 1510 2416 1546 :
2451 1501 2504 1548 et
2534 1494 2622 1564 qui
2653 1503 2872 1570 propter
2895 1509 3056 1556 unum
3095 1477 3541 1568 contumeliosum

1953 1586 2176 1646 verbum
2207 1585 2365 1642 mittit
2405 1585 2460 1640 in
2504 1585 2801 1656 gehennam
2825 1583 2938 1660 (1d.
2969 1601 3026 1662 γ,
3072 1587 3163 1656 22)
3192 1606 3206 1641 :
3234 1599 3288 1652 et
3315 1592 3405 1662 qui
3446 1607 3543 1662 pro

1954 1682 2235 1752 temporali
2287 1682 2408 1738 cibo
2462 1686 2572 1738 non
2616 1689 2857 1752 accepto,
2911 1681 3031 1754 igne
3075 1682 3294 1740 damnat
3338 1694 3544 1748 aeterno

1955 1772 2104 1846 (xxv,
2131 1774 2225 1837 41,
2254 1773 2369 1844 42).
2409 1772 2536 1838 Haec
2572 1782 2731 1843 atque
2763 1773 3070 1844 huiusmodi
3116 1775 3160 1830 si
3194 1776 3312 1844 quis
3351 1793 3546 1834 vesana

1953 1873 2136 1920 mente
2180 1865 2494 1940 sacrilegus,
2537 1865 2663 1931 inde
2686 1865 2854 1933 lenia,
2885 1866 3012 1936 hinc
3058 1881 3250 1937 aspera
3295 1868 3557 1944 colligat;

1957 1973 2020 2024 ξιρ
2055 1958 2135 2018 sic
2163 1956 2407 2022 homines
2449 1967 2798 2030 utrarumque
2829 1957 3151 2027 Litterarum
3197 1959 3472 2031 imperitos
3514 1977 3546 2017 a

1956 2047 2171 2104 Christo
2197 2059 2448 2122 tanquam
2475 2064 2618 2122 smvo
2649 2060 2702 2107 et
2729 2051 2932 2118 crudeli
2960 2063 3185 2120 canetur
3203 2063 3464 2128 avertere,
3489 2064 3550 2128 et

1958 2139 2024 2208 ad
2049 2140 2215 2204 Deum
2250 2141 2641 2213 Prophetarum
2669 2143 3071 2216 misericprtlem
3097 2145 3390 2218 mitemque
3410 2127 3548 2204 con-

1956 2241 2204 2299 vertere;
2254 2249 2432 2302 nonne
2478 2244 2537 2294 et
2585 2235 2711 2304 huic
2758 2236 2861 2310 ipsi
2905 2238 3000 2314 qui
3053 2239 3156 2302 hoc
3197 2238 3328 2308 facit
3369 2240 3551 2313 Veteri

1961 2324 2323 2396 Testamento,
2351 2328 2496 2398 quod
2519 2328 2587 2383 ah
2613 2328 2834 2390 homine
2861 2330 3109 2400 similiter
3131 2334 3393 2405 sacrilego
3419 2349 3551 2406 ροετ-

1961 2426 2043 2490 set
2067 2418 2185 2488 ﬁeri
2215 2418 2383 2490 Novo,
2409 2419 2653 2491 impurus
2691 2430 2853 2494 atque
2881 2423 3076 2494 impius
3101 2428 3417 2498 apparebit?
3445 2429 3549 2500 Qui

1959 2520 2138 2584 autem
2165 2521 2310 2584 recte
2334 2513 2462 2584 colit
2492 2515 2684 2582 Deum,
2715 2523 2770 2580 et
2792 2516 3036 2588 proiecto
3057 2519 3338 2591 utriusque
3364 2521 3554 2588 Testa-

1960 2603 2130 2678 menti
2158 2605 2360 2674 invenit
2398 2621 2564 2676 unum
2591 2607 2781 2676 Deum,
2813 2618 2870 2666 et
2899 2609 3140 2680 ejusdem
3185 2613 3344 2681 unius
3369 2614 3466 2672 Dei
3493 2616 3554 2682 in

1963 2706 2186 2774 utroque
2216 2699 2386 2770 diligit
2426 2700 2742 2774 bonitatem,
2781 2703 2836 2760 in
2862 2711 3090 2774 utroque
3128 2708 3322 2774 metuit
3346 2710 3552 2767 severi-

1963 2791 2249 2848 tatemzin
2303 2791 2397 2849 illo
2445 2792 2748 2864 intelligens
2789 2795 3111 2868 promissum
3154 2795 3444 2869 Christum,
3495 2800 3556 2872 in

1960 2881 2066 2952 isto
2088 2883 2357 2956 accipiens
2383 2884 2650 2941 redditum
2678 2885 2974 2956 Christum.

2031 2977 2123 3040 55.
2153 2975 2340 3046 Nonne
2367 2978 2513 3050 prius
2538 2978 2590 3046 in
2619 2979 2722 3042 illis
2746 2981 3018 3038 veteribus
3038 2980 3214 3053 Libris
3233 2982 3428 3053 lectum
3448 2994 3554 3054 est,

1959 3083 2070 3172 llo?
2106 3070 2433 3172 reddendum
2471 3072 2670 3172 ιξιεξιιιιιξ
2707 3088 2806 3143 pro
2839 3074 3012 3143 malo,
3044 3075 3133 3140 ubi
3162 3078 3470 3149 praecipitur
3497 3088 3560 3144 nt

1962 3162 2010 3232 si
2031 3162 2331 3234 jumentum
2355 3162 2556 3230 inimici
2583 3164 2665 3232 sui
2695 3179 2880 3220 errare
2906 3166 3130 3240 quisque
3156 3168 3439 3238 inuenerit,
3461 3187 3556 3238 me

1962 3261 2121 3324 vocet
2149 3253 2367 3326 domino
2395 3255 2545 3326 ejus;
2585 3265 2640 3314 et
2675 3257 2720 3312 si
2757 3258 3018 3326 cecidisse
3049 3261 3110 3328 in
3147 3263 3266 3330 via,
3299 3280 3404 3323 non
3432 3281 3558 3336 per-

1960 3355 2220 3416 transeat,
2239 3348 2336 3414 sed
2357 3348 2503 3416 levet
2520 3365 2642 3408 cum
2665 3350 2758 3422 illo
2788 3350 2981 3424 (and.
3003 3369 3154 3422 mu,
3177 3357 3232 3424 ι,
3257 3356 3350 3429 5)?
3367 3357 3559 3424 Nouus

1961 3442 2033 3507 ibi
2063 3442 2214 3512 prius
2236 3442 2492 3514 Scriptum
2521 3451 2626 3511 est,
2655 3445 2797 3515 quod
2823 3447 3111 3517 Apostolus
3130 3451 3286 3520 ponit
3309 3470 3322 3505 :
3347 3450 3414 3514 Si
3435 3469 3557 3513 εεαη

1961 3537 2030 3602 rit
2055 3535 2288 3600 immicus
2327 3546 2474 3605 tuus,
2519 3536 2630 3598 ciba
2671 3539 2852 3605 illum;
2895 3542 2940 3608 si
2981 3541 3118 3610 sitit,
3161 3553 3337 3614 potum
3371 3544 3441 3606 da
3477 3547 3558 3614 illi

1961 3629 2148 3702 (Prop.
2177 3645 2310 3696 xxv,
2334 3629 2401 3693 21
2425 3648 2441 3698 ;
2470 3629 2623 3690 Rom.
2652 3648 2755 3699 xu,
2781 3633 2914 3703 20)?
2950 3633 3142 3694 Nonne
3177 3636 3253 3696 ibi
3282 3637 3428 3708 prius
3456 3639 3554 3700 ho:

1958 3737 2052 3786 mo
2077 3721 2173 3782 Dei
2201 3723 2313 3784 Deo
2337 3737 2438 3785 suo
2457 3765 2474 3792 ,
2500 3725 2643 3795 quod
2671 3725 2719 3782 ei
2747 3726 2930 3796 utique
2973 3727 3075 3789 scit
3111 3729 3320 3798 placere
3337 3771 3353 3797 ,
3379 3731 3557 3798 dicit:

1961 3812 2183 3887 Domine
2208 3812 2350 3872 Deus
2377 3832 2538 3882 meus,
2561 3817 2613 3874 si
2635 3818 2733 3888 feci
2757 3817 2914 3883 istud,
2943 3819 2990 3876 si
3017 3827 3089 3878 est
3113 3820 3352 3891 iniquitas
3375 3823 3428 3884 in
3447 3840 3559 3880 ma-

1962 3906 2111 3964 nibus
2138 3907 2262 3964 meis
2279 3949 2294 3973 ,
2320 3908 2364 3963 si
2401 3908 2600 3964 reddidi
2640 3909 3022 3976 retribmtibus
3060 3913 3189 3969 mihi
3217 3915 3354 3970 mala
3381 3915 3558 3988 (Paul,

1961 4003 2064 4063 vu',
2092 3999 2148 4066 4,
2174 3998 2270 4070 5)?
2297 3998 2487 4056 Nonne
2510 3999 2583 4056 ibi
2612 4001 2757 4070 prius
2780 4001 3040 4069 Ieremias
3067 4003 3328 4074 propheta
3349 4006 3558 4064 deseri-

1959 4092 2042 4154 bit
2067 4092 2240 4150 sancti
2264 4093 2593 4163 patientiam,
2625 4094 2912 4164 praebentis
2941 4097 3256 4164 percutienti
3285 4112 3345 4154 se
3366 4099 3559 4154 maxil-

1963 4185 2068 4241 lam
2097 4185 2309 4257 (Thren.
2337 4202 2430 4253 ιιι,
2459 4186 2589 4259 30)?
2627 4186 2815 4244 Nonne
2841 4189 2911 4244 ibi
2935 4190 3085 4260 prius
3122 4205 3220 4262 per
3241 4193 3402 4249 alium
3425 4209 3557 4263 pro-

1962 4277 2176 4350 phetam
2207 4278 2545 4348 praccipitur,
2576 4286 2636 4333 ut
2673 4279 2928 4335 malitiam
2977 4283 3337 4354 unusquisque
3379 4284 3557 4342 fratris

1963 4371 2046 4426 sni
2084 4384 2192 4425 non
2226 4371 2600 4426 reminiscatur
2637 4369 2822 4443 (Leuit.
2851 4389 2971 4441 xu,
3002 4373 3132 4446 48)?
3159 4376 3294 4444 Quid
3320 4385 3404 4433 est
3429 4391 3558 4449 ergo

1961 4460 2107 4531 quod
2134 4461 2234 4516 iste
2264 4461 2607 4533 blasphemus
2645 4462 2761 4518 haec
2796 4472 3049 4535 tanquam
3086 4467 3352 4524 contraria
3376 4468 3560 4526 Veteri

1966 4552 2310 4610 Testamento
2346 4554 2414 4607 de
2440 4552 2589 4608 Novo
2628 4556 2863 4626 colligit,
2907 4565 3002 4611 aut
3039 4568 3293 4631 almaque
3328 4559 3559 4618 Litteras

1957 4645 2231 4710 nesciens,
2261 4653 2355 4714 aut
2381 4652 2436 4699 ut
2465 4645 2698 4716 decipiat
2724 4647 2998 4717 imperitos
3016 4691 3031 4716 ,
3058 4665 3120 4705 se
3137 4651 3283 4708 scire
3301 4652 3557 4708 dissimu-

1965 4738 2120 4794 lans?
2148 4739 2194 4792 A
2224 4753 2330 4807 quo
2372 4747 2548 4795 tamen
2596 4740 2640 4794 si
2682 4750 2985 4810 quaeratur,
3026 4751 3201 4797 utrum
3233 4758 3338 4798 non
3367 4744 3559 4799 reddat

1957 4829 2164 4884 malum
2197 4845 2296 4901 pro
2324 4831 2465 4886 malo
2483 4873 2498 4897 ,
2526 4833 2614 4901 qui
2648 4847 2744 4902 pro
2771 4833 2890 4888 cibo
2917 4848 3022 4888 non
3048 4842 3267 4902 accepto
3295 4835 3347 4889 in
3378 4835 3556 4906 ignem

1961 4923 2130 4977 mittit
2155 4931 2447 4992 teternum;
2476 4923 2720 4995 profecto
2747 4924 3074 4991 turbabitur,
3104 4933 3157 4981 et
3182 4925 3559 4984 admonebitur

1969 5015 2457 5085 incomparabiliter
2485 5032 2606 5073 esse
2631 5019 2812 5072 mitius
2836 5018 3046 5076 oculum
3076 5034 3174 5088 pro
3200 5021 3384 5088 oculo,
3419 5021 3558 5076 den.-

1971 5114 2074 5161 tem
2116 5121 2212 5175 pro
2249 5106 2410 5162 dente
2448 5106 2649 5168 homini
2691 5106 2902 5162 auferre
2940 5103 3135 5180 (Exod.
3163 5125 3284 5176 xxi,
3311 5107 3440 5181 26),
3469 5110 3560 5166 ubi

1969 5215 2218 5255 mensura
2249 5199 2496 5255 vindicta:
2524 5199 2740 5256 modum
2770 5215 2874 5254 non
2910 5201 3098 5255 transit
3124 5200 3367 5270 injurire,
3398 5217 3560 5271 quam

1969 5305 2187 5365 propter
2209 5309 2316 5348 non
2346 5293 2639 5349 exbibitam
2678 5293 3060 5348 humanitatem
3081 5334 3097 5361 ,
3128 5301 3328 5360 tantam
3363 5310 3557 5366 repen-

1969 5386 2097 5440 dere
2123 5385 2460 5440 severitatem
2484 5425 2497 5450 ,
2526 5384 2615 5438 ubi
2653 5383 2956 5438 transitoria
2987 5391 3074 5439 est
3097 5385 3253 5454 culpa
3273 5425 3289 5449 ,
3317 5392 3371 5440 et
3397 5385 3560 5443 ﬁnem

1969 5494 2076 5532 non
2103 5477 2260 5531 habet
2284 5491 2440 5548 pinna
2465 5495 2477 5529 ε
2502 5486 2660 5546 atque
2683 5476 2754 5530 ita
2776 5475 2962 5541 discet,
2989 5477 3032 5530 si
3060 5477 3308 5547 pervicax
3329 5493 3432 5536 non
3454 5489 3557 5547 est,

1963 5571 2022 5624 in
2053 5580 2279 5640 utroque
2308 5569 2404 5623 Dei
2447 5569 2602 5623 unius
2629 5567 2974 5623 Testamento
2997 5578 3056 5636 et
3084 5570 3364 5626 amandam
3402 5573 3558 5626 boni-

1971 5752 2166 5806 Vetere
2217 5750 2556 5805 Testamento
2609 5759 2823 5820 propter
2877 5751 3248 5824 temporalium
3298 5751 3561 5806 bonorum

1973 5843 2380 5917 promissionem
2420 5843 2788 5918 malorumque
2831 5844 3332 5928 comminationan
3370 5853 3560 5916 servos

1954 5669 2134 5722 tatem
2179 5669 2231 5715 et
2279 5659 2565 5727 timendam
2613 5659 2970 5728 severitatem.
3015 5660 3269 5727 Quamvis
3315 5663 3456 5718 enim
3501 5662 3558 5718 in
3594 5711 3606 5728 h.

3589 5721 3628 5769 (τ’
