4028 6438
529 391 633 449 625

528 507 701 579 pariat
729 505 1033 576 temporalis
1053 503 1346 560 Jerusalem
1370 518 1383 567 ;
1413 501 1467 554 in
1486 498 1632 554 Novo
1657 508 1858 563 autem,
1881 495 1973 551 ubi
1995 496 2126 551 ﬁdes

528 602 783 669 impetrat
809 598 1120 654 charitatem
1140 637 1155 661 ,
1188 609 1289 664 qua
1318 595 1401 649 lex
1432 594 1599 663 possit
1626 591 1836 663 impleri
1865 605 1972 646 non
2015 604 2127 644 ma-

529 694 611 765 gis
642 682 835 747 timore
877 705 1050 761 pinnae
1095 703 1254 759 quam
1290 685 1575 741 dilectione
1609 684 1830 755 justitire
1858 684 1899 748 ¹,
1930 681 2127 737 liberos

527 785 703 855 pariat
730 793 929 840 aeterna
958 780 1253 837 Jerusalem
1283 777 1473 849 (Calai.
1500 794 1573 846 tv,
1600 778 1791 848 22-31)
1822 794 1835 831 :
1869 785 2044 830 tamen
2074 782 2126 829 et

528 875 636 930 illis
668 866 1011 944 temporibus
1036 870 1252 924 fuerunt
1288 868 1418 937 justi
1462 869 1798 939 spirituales,
1841 881 1976 937 quos
2019 880 2125 919 non

528 966 805 1023 occidebat
828 965 1000 1019 littera
1022 962 1238 1032 jubens,
1261 960 1355 1016 sed
1381 959 1677 1015 vivilicahat
1697 959 1913 1029 spiritus
1932 960 2128 1027 juvans

529 1057 599 1127 (Il
620 1055 740 1113 Cor.
766 1072 822 1110 III
840 1097 855 1121 ,
883 1053 958 1127 6).
991 1052 1141 1109 Unde
1163 1062 1221 1108 et
1250 1052 1380 1107 ﬁdes
1403 1051 1609 1107 venturi
1632 1050 1830 1106 Christi
1858 1048 2129 1104 habitabat

494 923 503 988 l

528 1152 709 1223 utique
742 1151 797 1205 in
822 1149 1122 1219 Prophetis,
1154 1157 1435 1204 venturum
1467 1147 1948 1220 praenuntiantibus
1975 1138 2135 1200 Chri-‘

527 1254 706 1307 stum;
735 1250 789 1298 et
815 1256 955 1297 nunc
982 1250 1108 1296 sunt
1133 1242 1346 1313 plurimi
1378 1241 1640 1305 carnales,
1668 1240 1756 1311 qui
1788 1239 1870 1295 vel
1895 1239 2128 1293 hmreses

485 1321 500 1341 ’
527 1335 729 1390 iaciunt
755 1330 861 1389 nOn
886 1333 1229 1404 intelligendo
1249 1332 1570 1403 Scripturas,
1602 1332 1688 1387 vel
1717 1332 1771 1386 in
1799 1331 1910 1401 ipsa
1932 1329 2129 1384 Catho-

529 1426 631 1482 lica
661 1435 751 1481 aut
778 1425 951 1480 adhuc
976 1424 1180 1496 parvuli
1212 1425 1347 1479 lacte
1378 1424 1684 1478 nutriuntur
1703 1464 1717 1489 ,
1748 1432 1840 1477 aut
1876 1430 2128 1492 tanquam

530 1518 680 1589 palea
710 1531 1060 1587 perseverans
1089 1514 1279 1570 futuris
1323 1514 1529 1585 ignibus
1568 1522 1955 1584 prmparantur.
1983 1512 2132 1567 Sicut

529 1619 706 1665 autem
754 1611 892 1665 Deus
941 1623 1079 1664 unus
1123 1616 1176 1665 et
1221 1621 1380 1662 verus
1424 1614 1633 1662 creator
1677 1605 1936 1660 bonorum
1968 1613 2050 1659 est
2076 1612 2132 1660 et

530 1701 905 1771 temporalium
933 1710 985 1755 ct
1009 1708 1330 1754 teternorum
1353 1740 1367 1765 ,
1398 1697 1469 1751 ita
1508 1696 1649 1751 idem
1688 1696 1803 1767 ipse
1836 1704 2020 1751 auctor
2047 1704 2131 1750 est

530 1794 809 1850 amborum
837 1794 1335 1859 'I‘cstamentorum;
1364 1790 1486 1862 quia
1529 1799 1583 1845 et
1618 1788 1824 1845 Novum
1856 1790 1908 1845 in
1940 1789 2131 1845 Vetere

532 1896 613 1941 est
642 1889 922 1957 ﬁguratum
946 1927 961 1953 ,
991 1896 1044 1940 et
1072 1884 1240 1941 Vetus
1269 1885 1321 1939 in
1349 1882 1499 1939 Novo
1527 1892 1610 1938 est
1635 1882 1951 1939 revelatum.

605 1978 690 2033 36.
728 1976 1038 2047 Ignoscendi
1066 1986 1245 2031 autem
1276 1975 1582 2031 misericors
1607 1974 1980 2040 mansuetudo,
2009 1988 2131 2046 pro-

531 2081 650 2143 pter
669 2087 827 2142 quam
848 2071 1048 2125 dictum
1068 2079 1171 2137 est,
1196 2084 1303 2124 non
1326 2068 1498 2124 solum
1521 2068 1740 2138 septies,
1765 2082 1949 2122 verum
1970 2066 2129 2122 etiam

530 2163 834 2234 septuagies
857 2164 1057 2233 septies
1082 2159 1236 2215 fratri
1267 2158 1585 2215 remittenda
1614 2173 1734 2214 esse
1759 2166 1995 2229 peccata,
2021 2171 2129 2211 non

530 2257 598 2313 ad
629 2257 732 2312 hoc
758 2256 900 2311 valet
930 2263 985 2310 ut
1013 2255 1085 2309 sit
1116 2255 1368 2325 iniquitas
1397 2254 1653 2325 impunita
1674 2293 1689 2318 ,
1719 2248 2053 2322 auttorpens
2078 2260 2133 2308 et

531 2347 804 2403 dormiens
828 2345 1106 2416 disciplina
1127 2387 1142 2413 ,
1171 2345 1311 2415 quod
1342 2345 1519 2415 potius
1548 2344 1688 2399 obsit
1724 2359 1883 2414 quam
1909 2342 2132 2412 diligens

532 2439 861 2509 vigilansque
884 2437 1136 2492 vindicta.
1160 2436 1350 2491 Claves
1374 2436 1571 2506 quippe
1597 2435 1747 2507 regni
1771 2434 2028 2490 caelorum
2055 2435 2132 2491 sic

532 2532 679 2587 dedit
706 2531 952 2587 Christus
980 2530 1265 2595 Ecclesiae,
1298 2538 1355 2583 ut
1382 2543 1489 2583 non
1520 2524 1689 2583 solum
1733 2528 1970 2595 diceret,
2006 2528 2134 2593 Qua:

532 2625 777 2679 solveritis
804 2640 958 2695 super
988 2633 1204 2690 terram,
1250 2630 1395 2677 erunt
1442 2623 1608 2676 soluta
1652 2632 1699 2675 ct
1742 2622 2012 2685 in‘cwlis;
2042 2621 2132 2676 ubi

532 2718 869 2789 apertissime
896 2717 1127 2783 bonum,
1156 2732 1263 2770 non
1293 2715 1491 2770 malum
1523 2730 1618 2784 pro
1650 2715 1790 2768 malo
1823 2714 1998 2769 reddit
2024 2713 2131 2769 Ec—

531 2811 696 2866 clesia
722 2830 737 2865 :
764 2826 947 2866 verum
979 2820 1033 2865 et
1059 2809 1405 2879 adjungeret,
1440 2807 1566 2872 Qua:
1600 2808 1871 2878 ligaveritis
1896 2808 1949 2861 in
1974 2817 2127 2874 terra,

532 2913 678 2957 erunt
705 2904 862 2972 ligata
887 2912 933 2956 et
956 2903 1009 2956 in
1034 2903 1159 2957 creto
1176 2920 1195 2969 ;
1226 2902 1348 2971 quia
1372 2902 1511 2955 bona
1539 2910 1621 2955 est
1644 2910 1699 2955 et
1723 2900 2026 2955 vindicandi
2048 2901 2135 2970 ju-

533 2994 699 3049 stitia.
728 2994 861 3049 Illud
892 2977 1041 3049 enim
1064 2992 1203 3063 quod
1233 2993 1340 3059 ait,
1373 2991 1434 3047 Si
1463 3008 1553 3045 nec
1586 2988 1866 3046 Ecclesium
1894 2992 2130 3059 audierit,

532 3086 599 3140 sit
644 3085 729 3139 tibi
777 3094 1016 3155 tanquam
1058 3083 1280 3137 ethnicus
1325 3093 1372 3136 et
1418 3080 1753 3149 publicanus;
1796 3081 2010 3151 gravius
2050 3089 2136 3137 est

534 3194 693 3250 quam
725 3178 769 3231 si
794 3177 971 3247 gladio
1008 3176 1290 3241 feriretur,
1321 3174 1365 3229 si
1398 3173 1626 3227 ﬁammis
1655 3173 2056 3239 absumeretur,
2089 3173 2133 3227 si

535 3269 664 3325 feris
690 3270 1050 3340 subrigeretur
1078 3269 1120 3319 ².
1151 3266 1283 3321 Nam
1315 3266 1387 3321 ibi
1420 3281 1631 3335 quoque
1658 3265 1947 3334 subjuuxit,
1975 3264 2135 3320 Amen

538 3363 653 3417 dico
678 3362 836 3429 vobis,
865 3377 979 3431 qua
1008 3358 1282 3431 ligaveritis
1307 3373 1460 3428 super
1490 3366 1671 3410 terram
1693 3396 1707 3421 ,
1735 3366 1881 3411 erunt
1905 3356 2063 3426 ligata
2090 3364 2137 3410 et

536 3455 589 3507 in
611 3454 751 3507 ccelis
779 3451 991 3525 (Matth.
1016 3467 1175 3517 xvm,
1206 3449 1396 3521 17-22)
1424 3466 1437 3501 :
1466 3455 1525 3503 ut
1550 3447 1952 3517 intelligeretur,
1978 3462 2135 3518 quam

537 3548 751 3619 gravius
778 3546 845 3600 sit
876 3544 1125 3616 punitus,
1156 3544 1246 3614 qui
1274 3543 1419 3596 velut
1448 3541 1667 3597 relictus
1706 3550 1790 3595 est
1824 3540 2134 3611 impunitus.

538 3640 638 3697 Hic
666 3640 808 3695 dicat
838 3639 935 3694 iste
958 3680 973 3705 ,
1004 3639 1049 3691 si
1081 3638 1285 3707 placet,
1314 3634 1522 3691 Siccine
1561 3635 1809 3689 mandata
1849 3634 2138 3689 Salvatoris

539 3734 843 3802 accepimus
882 3730 1155 3800 jubentis,
1200 3727 1407 3781 Nemini
1445 3727 1766 3780 reddideritis
1813 3728 2003 3780 malum
2044 3743 2137 3794 pro

538 3823 715 3886 malo;
745 3821 832 3876 sed
877 3823 919 3876 si
962 3822 1073 3891 quis
1116 3836 1201 3873 vos
1244 3818 1542 3889 percusserit
1580 3819 1634 3870 in
1668 3834 1823 3870 unam
1852 3816 2134 3886 maxillam,

543 3912 755 3983 prtebete
780 3921 825 3964 et
841 3912 1052 3964 alteram
1071 3925 1090 3974 ,°
1112 3919 1184 3973 et,
1204 3908 1451 3962 Dimittite
1470 3908 1685 3976 injurias
1707 3909 1949 3980 fratribus
1965 3909 2139 3963 vestris

545 4000 723 4074 (ΜΝ,
738 4001 904 4056 39-44
924 4042 938 4066 ,
954 4011 997 4053 et
1014 4017 1160 4065 xvtn,
1177 3999 1310 4070 35)?
1342 3999 1481 4053 Ecce
1494 3999 1560 4051 ab
1574 3999 1876 4053 hominibus
1889 4014 1994 4053 non
2011 3999 2137 4054 red-

543 4091 793 4146 dentibus
823 4094 1022 4145 malum
1055 4106 1151 4159 pro
1177 4090 1347 4154 malo,
1376 4089 1623 4159 alligatur
1644 4089 1803 4143 homo
1828 4089 2061 4144 amarius
2083 4098 2139 4145 et

545 4185 811 4241 infelicius
837 4183 1089 4239 Ecclesia:
1116 4182 1374 4246 clavibus,
1405 4198 1562 4251 quam
1593 4180 1911 4251 quibuslibet
1938 4183 2140 4251 gravis-

548 4278 697 4338 simis
727 4289 781 4332 et
809 4275 1109 4330 durissimis
1147 4273 1335 4328 ferreis
1373 4272 1457 4327 vel
1498 4271 1849 4326 adamantinis
1894 4271 2134 4326 nexibus.

547 4370 723 4434 Absit,
749 4368 936 4438 inquit,
967 4376 1024 4420 ut
1046 4366 1149 4420 hoc
1169 4365 1361 4430 dicam,
1384 4364 1630 4433 quoniam
1658 4362 1977 4417 Christianus
1996 4376 2135 4416 sum.

546 4461 662 4515 Iloc
702 4461 746 4514 si
784 4474 911 4514 vere
939 4468 1114 4520 esset,
1147 4470 1247 4510 nec
1292 4455 1381 4508 illa
1425 4454 1663 4508 dixisset.
1695 4454 1956 4521 Queniam
1998 4452 2139 4507 Deus

548 4552 936 4620 Prophetarum
979 4564 1201 4619 quorum
1250 4547 1445 4617 scripta
1495 4544 1855 4615 blaSphemat,
1901 4546 2015 4616 ipse
2059 4556 2138 4600 est

549 4644 694 4699 Deus
721 4643 1098 4713 Apostolorum
1137 4655 1361 4711 quorum
1393 4639 1587 4707 scripta
1630 4637 2000 4708 blasphemare
2028 4637 2139 4694 for-

545 4734 733 4790 midat.

542 4858 545 4863 <
622 4825 847 4883 CAPUT
876 4825 1062 4880 XVIII.
1084 4854 1157 4865 —-
1175 4824 1263 4879 '57.
1294 4823 1398 4878 Sed
1424 4822 1620 4889 David,
1648 4823 1844 4893 inquit,
1872 4821 2036 4874 Deum
2059 4839 2144 4877 r0-

551 4922 705 4992 gauit,
739 4929 783 4973 et
809 4937 910 4974 non
936 4929 1008 4973 est
1033 4918 1323 4983 exauditus,
1349 4918 1446 4971 nisi
1471 4918 1638 4970 oblato
1663 4918 1942 4985 sacriﬁcio,
1968 4926 2021 4969 ut
2046 4916 2137 4970 ho-

551 5014 769 5067 minibus
797 5012 882 5081 qui
908 5028 1005 5064 non
1034 5019 1373 5081 peccaverant,
1403 5018 1687 5080 parceretur
1714 5008 1780 5079 (II
1805 5007 1930 5080 Reg.
1958 5014 2101 5078 xxxv)
2127 5027 2140 5062 :

540 5108 599 5160 et
629 5106 741 5159 ideo
770 5121 871 5158 non
899 5116 967 5157 est
995 5101 1273 5155 credendus
1302 5100 1436 5154 Deus
1464 5116 1629 5167 uerus,
1657 5100 1739 5169 qui
1765 5100 2028 5168 sacriﬁciis
2058 5100 2144 5152 de-

554 5198 785 5250 lectatur.
816 5195 935 5249 Jam
974 5194 1041 5246 de
1081 5207 1235 5261 paena
1275 5192 1572 5246 occisorum
1612 5192 1920 5255 hominum,
1953 5190 2144 5261 quibus

554 5288 875 5357 quandoque
917 5284 1189 5339 morituris
1224 5298 1369 5337 mors
1396 5283 1485 5337 illa
1512 5299 1615 5338 non
1642 5282 1842 5348 obfuit,
1874 5292 1930 5337 et
1957 5298 2142 5337 eorum

559 5392 734 5434 tannm
775 5380 1037 5432 mortibus
1065 5393 1159 5432 eor
1189 5377 1328 5446 regis
1362 5390 1480 5431 sese
1505 5377 1807 5431 cxtollentis
1836 5377 2027 5430 merito
2054 5390 2144 5428 va-

561 5473 792 5542 puiavit,
824 5470 1069 5539 superius
1103 5468 1497 5538 respondimus.
1546 5469 1619 5522 Dc
1664 5466 1923 5521 sacriﬁcio
1968 5475 2145 5521 autem

557 5566 711 5620 valde
736 5566 838 5620 iste
866 5564 999 5617 nihil
1025 5563 1162 5632 sapit
1188 5582 1201 5617 :
1230 5572 1283 5617 et
1309 5562 1428 5617 ideo
1455 5562 1673 5630 fallitur,
1702 5561 1824 5632 quia
1846 5560 1956 5631 jam
1984 5561 2146 5616 sacri-

557 5659 676 5715 ﬁcia
707 5655 830 5712 talia
874 5669 983 5709 non
1023 5652 1183 5709 odert
1221 5654 1313 5709 Dei
1358 5654 1584 5724 populus
1627 5654 1772 5720 Deo,
1802 5661 2147 5723 posteaquam

626 5818 643 5845 ι
676 5809 905 5869 Plerique
925 5814 1055 5865 Mssa,
1078 5805 1387 5869 delectatione
1396 5803 1620 5869 justitia.

624 5876 646 5915 ⁸
678 5882 729 5925 tn
744 5866 1033 5936 quibusdam
1055 5876 1183 5930 Mss,
1210 5866 1541 5931 subjiceretur.

1046 389 1315 446 CONTRA
1357 383 1845 445 ADVERSARIUM
1885 382 2081 439 LEGIS
2121 382 2205 438 ET
2245 382 2784 465 PRQPIIETARUM,
2824 386 2881 443 S.
2915 386 3276 443 AUGUSTINI

3715 391 3820 448 624

2236 497 2380 553 venit
2408 499 2616 554 unicum
2648 500 2998 569 sacriﬁcium,
3040 503 3193 572 cujus
3236 503 3436 558 umbrre
3481 508 3695 561 luerunt
3735 508 3823 563 illa

2232 591 2441 659 omnia,
2475 607 2578 647 non
2626 593 2727 648 hoc
2773 595 3153 664 improbantia,
3185 596 3281 652 sed
3316 597 3416 651 hoc
3447 598 3823 668 signiﬁcantia.

2232 683 2381 739 Sicut
2409 686 2549 740 enim
2579 702 2667 742 res
2695 702 2799 742 una
2832 689 3019 744 multis
3046 690 3402 746 locationibus
3430 700 3483 746 et
3512 693 3692 747 multis
3719 693 3825 748 lin-

2230 780 2348 848 guis
2376 780 2664 851 signiﬁcari
2702 792 2907 853 potest;
2944 784 3021 839 sic
3049 800 3212 839 unum
3244 800 3425 841 verum
3465 795 3519 841 et
3556 787 3829 857 singulare

2231 872 2547 927 sacriﬁcium
2574 874 2754 929 multis
2770 884 2855 930 est
2881 884 3038 931 antea
3056 876 3439 931 sacriﬁciorum
3468 876 3827 949 signiﬁcatum

2232 962 2432 1035 ﬁguris.
2463 966 2539 1022 De
2563 966 2756 1037 quibus
2776 968 2998 1039 singulis
3025 968 3111 1025 hic
3132 969 3406 1039 disputare
3425 985 3583 1040 quam
3609 972 3679 1025 sit
3705 972 3827 1026 Ion-

2230 1072 2391 1128 gum,
2421 1058 2628 1113 videtis.
2662 1059 2838 1116 Unum
2879 1068 3059 1116 tamen
3098 1062 3270 1117 sciant
3312 1061 3655 1132 insipientes,
3688 1064 3829 1117 tardi

2232 1150 2297 1206 ad
2327 1152 2752 1223 intelligendum,
2787 1163 2842 1208 et
2878 1155 3174 1225 praecipites
3202 1155 3269 1209 ad
3304 1155 3827 1225 reprehendendum,

2232 1242 2374 1313 quod
2413 1242 2622 1298 daemon
2665 1245 2764 1299 sibi
2803 1245 3122 1301 sacriﬁcium
3151 1261 3257 1299 non
3288 1246 3553 1316 exigeret,
3585 1247 3688 1301 nisi
3722 1248 3833 1303 Deo

2230 1351 2360 1391 vero
2388 1334 2570 1391 deberi
2612 1338 2789 1392 sciret.
2832 1337 3021 1393 Falsus
3051 1337 3193 1392 enim
3222 1338 3364 1393 Dens
3391 1338 3468 1393 sic
3494 1354 3553 1394 se
3578 1342 3691 1394 vult
3731 1341 3831 1394 ho-

2232 1428 2408 1483 norari
2453 1427 2521 1483 ah
2550 1428 2627 1483 eis
2669 1444 2801 1499 quos
2829 1428 3057 1500 decipit,
3084 1428 3354 1499 quomodo
3381 1445 3542 1486 verus
3579 1432 3724 1487 Deus
3764 1433 3834 1487 ab

2233 1522 2311 1577 eis
2338 1521 2532 1592 quibus
2558 1523 2827 1576 consulit:
2858 1531 2912 1577 et
2938 1523 3167 1577 maxime
3207 1523 3525 1578 sacriﬁcium
3564 1534 3647 1579 est
3683 1525 3832 1595 quod

2236 1614 2500 1682 praecipue
2524 1612 2749 1668 debetur
2776 1614 2905 1668 Deo.
2936 1613 3069 1667 Nam
3098 1612 3353 1683 obsequia
3383 1623 3575 1669 caetera
3604 1631 3728 1685 qua:
3752 1616 3835 1671 di-

2232 1704 2439 1760 vinitati
2461 1704 2802 1770 exhibentur,
2822 1706 2936 1760 ausi
2958 1715 3081 1761 sunt
3101 1706 3199 1762 sibi
3221 1708 3380 1761 etiam
3403 1708 3667 1779 superbim
3690 1708 3834 1765 fastu

2234 1801 2482 1855 homines
2507 1814 2780 1871 arrogare.
2806 1798 3081 1854 Rarissimi
3108 1811 3285 1854 autem
3313 1812 3829 1870 commemorantur,

2233 1892 2324 1963 qui
2346 1892 2444 1947 sibi
2467 1901 2525 1947 ut
2546 1891 2957 1958 sacriﬁcaretur,
2979 1906 3101 1945 cum
3128 1892 3270 1961 regia
3297 1900 3558 1960 potestate
3585 1903 3831 1961 possent,

2233 1984 2347 2038 ausi
2376 1982 2576 2038 iuerint
2606 1983 2891 2055 imperare.
2929 1982 3262 2052 Quicumque
3300 1991 3476 2038 tamen
3524 1985 3638 2038 ausi
3683 1993 3833 2052 sunt,

2236 2090 2331 2145 per
2369 2075 2471 2129 hoc
2508 2090 2568 2130 se
2604 2075 2735 2129 deos
2780 2074 2965 2130 haberi
3009 2076 3306 2130 voluerunt.
3338 2075 3624 2131 Sacriﬁciis
3649 2087 3833 2133 autem

2235 2167 2401 2222 Deum
2425 2184 2532 2221 non
2554 2182 2729 2237 egere,
2754 2167 2873 2237 quis
2894 2167 3100 2223 nescit?
3122 2168 3227 2224 Sed
3248 2183 3349 2224 nec
3368 2168 3610 2224 laudibus
3630 2171 3835 2226 nostris

2234 2268 2373 2330 eget.
2406 2259 2599 2314 Verum
2648 2260 2786 2315 sicut
2830 2261 3018 2326 nobis,
3051 2275 3156 2315 non
3186 2261 3293 2328 illi,
3328 2261 3455 2317 utile
3491 2271 3574 2317 est
3612 2262 3837 2318 laudare

2236 2353 2438 2417 Deum;
2471 2354 2549 2407 sic
2576 2352 2749 2420 nobis,
2776 2369 2882 2407 non
2909 2353 3008 2418 illi,
3036 2354 3169 2408 utile
3192 2362 3273 2408 est
3291 2352 3488 2409 oﬁ'erre
3511 2353 3837 2409 sacriﬁcium

2237 2443 2367 2499 Deo.
2396 2443 2656 2510 Quoniam
2702 2445 2955 2515 singulari
2998 2453 3053 2498 et
3094 2444 3209 2500 solo
3236 2460 3366 2500 vero
3396 2447 3412 2476 ³
3440 2446 3702 2501 sacriﬁcio
3733 2461 3838 2517 pro

2238 2534 2390 2589 nobis
2411 2535 2612 2591 Christi
2637 2536 2853 2607 sanguis
2878 2534 3078 2591 effusus
3103 2545 3187 2591 est
3214 2552 3227 2588 :
3258 2534 3379 2591 ideo
3405 2536 3591 2605 primis
3620 2546 3838 2607 tempo~

2236 2629 2383 2683 ribus
2410 2628 2475 2683 ad
2505 2628 2606 2683 hoc
2632 2629 2951 2683 sacriﬁcium
2982 2628 3179 2683 talibus
3204 2627 3683 2698 signiﬁcationibus
3710 2644 3836 2698 pro-

2238 2720 2585 2790 phetandum,
2611 2720 3071 2774 immaculatorum
3088 2718 3398 2773 animalium
3414 2718 3677 2773 sacriﬁcia
3697 2719 3839 2773 Deus

2237 2811 2338 2866 sibi
2368 2811 2528 2881 jussit
2565 2809 2782 2876 oﬁerri;
2818 2821 2873 2863 ut
2901 2808 3351 2879 quemadmodum
3379 2808 3467 2863 illa
3494 2808 3838 2864 immaculata

2237 2913 2386 2957 erant
2418 2919 2447 2955 a
2477 2918 2760 2971 corporum
2790 2901 2932 2957 vitiis
2953 2945 2967 2967 ,
3014 2902 3083 2955 ita
3129 2910 3438 2970 speraretur
3476 2900 3841 2956 immolandus

2238 3008 2359 3047 esse
2390 3007 2484 3061 pro
2516 2992 2669 3046 nobis
2690 3034 2703 3057 ,
2736 2994 2823 3060 qui
2860 2991 3006 3046 solus
3049 2991 3420 3044 immaculatus
3448 2989 3621 3044 fuerat
3648 3006 3680 3043 a
3712 3006 3837 3060 pec-

2238 3084 2389 3138 catis.
2415 3082 2544 3151 Quze
2570 3091 2805 3151 tempora
2830 3097 2923 3152 per
2945 3082 3257 3151 prophetam
3280 3081 3358 3136 sic
3380 3082 3836 3151 prmnuntiantur:

2239 3175 2379 3229 Deus
2422 3176 2632 3228 deorum
2662 3172 2909 3227 Dominus
2950 3173 3144 3227 locutus
3182 3182 3255 3227 est
3275 3214 3289 3237 ,
3322 3183 3368 3226 et
3397 3173 3589 3226 vocavit
3619 3182 3835 3241 terram,

2239 3285 2271 3321 a
2295 3268 2417 3322 solis
2446 3276 2557 3320 ortu
2591 3282 2746 3336 usque
2782 3267 2849 3319 ad
2874 3282 3144 3330 occasum;
3172 3282 3236 3320 ea:
3262 3265 3391 3321 Sion
3416 3266 3605 3336 species
3632 3267 3837 3321 decoris

2240 3365 2368 3431 ejus.
2402 3359 2469 3413 Et
2500 3360 2658 3429 paqu
2688 3368 2807 3429 post
2837 3361 2888 3414 in
2921 3357 3111 3415 eodem
3144 3358 3348 3429 psalmo
3378 3377 3392 3412 :
3421 3358 3585 3423 Audi,
3614 3361 3843 3431 papulas

2242 3469 2399 3515 meus,
2426 3461 2470 3505 et
2497 3451 2674 3522 loquar
2695 3451 2817 3517 tibi;
2846 3449 3027 3517 Israel,
3053 3460 3098 3505 et
3121 3450 3429 3519 testiﬁcabor
3449 3451 3536 3504 tibi
3558 3467 3576 3503 :
3593 3453 3844 3521 quoniam

2243 3542 2382 3597 Deus
2410 3541 2549 3597 Deus
2576 3552 2689 3596 tuus
2715 3559 2806 3614 ego
2835 3559 2967 3595 sum.
2996 3540 3119 3595 Non
3156 3558 3308 3611 super
3345 3542 3593 3608 sacriﬁcia
3627 3551 3721 3595 tua
3747 3560 3843 3596 ar-

2242 3652 2395 3706 guam
2423 3646 2505 3699 te;
2536 3634 2831 3688 holocausta
2862 3643 3029 3687 autem
3069 3644 3155 3686 tua
3196 3634 3249 3686 in
3287 3644 3553 3702 conspectu
3582 3650 3693 3687 meo
3722 3644 3845 3688 sunt

2240 3744 2457 3798 semper.
2505 3726 2626 3780 Non
2665 3727 2915 3796 accipiam
2949 3726 3011 3778 de
3039 3726 3189 3779 domo
3219 3735 3305 3779 tua
3334 3726 3547 3793 vitulos,
3590 3743 3757 3796 neque
3784 3728 3847 3782 de

2242 3818 2473 3889 gregibus
2502 3819 2600 3871 tuis
2625 3817 2811 3871 hircos.
2842 3816 3094 3881 Quoniam
3136 3832 3260 3870 mea:
3301 3827 3418 3870 sunt
3458 3833 3631 3871 omnes
3671 3819 3848 3872 bestiw

2241 3910 2401 3975 silvas,
2431 3925 2614 3979 pecora
2640 3909 2693 3962 in
2720 3908 2970 3962 montibus
2997 3916 3042 3961 et
3066 3908 3230 3961 boves.
3262 3907 3482 3978 Cognovi
3507 3908 3682 3961 omnia
3702 3910 3848 3963 vola-

2243 4002 2353 4055 tilia
2382 4002 2521 4067 cceli,
2551 4012 2597 4054 et
2621 4002 2813 4069 species
2844 4001 2956 4071 agri
2990 4018 3182 4054 mecum
3214 4011 3308 4054 est.
3353 4001 3415 4055 Si
3454 4002 3679 4055 esuriem
3700 4044 3717 4069 ,
3746 4019 3849 4056 non

2243 4094 2411 4147 dicam
2436 4091 2524 4146 tibi
2546 4108 2565 4145 :
2590 4109 2730 4145 meus
2753 4101 2827 4146 est
2852 4093 2985 4146 enim
3012 4092 3146 4146 orbis
3170 4101 3318 4145 terra:
3344 4102 3390 4145 et
3418 4092 3683 4162 plenitudo
3711 4094 3848 4166 ejus.

2244 4185 2513 4256 Numquid
2542 4187 2857 4239 manducabo
2883 4202 3057 4239 carnes
3086 4196 3381 4254 taurorum,
3426 4195 3514 4239 aut
3542 4189 3852 4257 sanguinem

2244 4279 2498 4331 hircorum
2538 4276 2761 4347 putabo?
2789 4276 3011 4331 Immola
3052 4276 3161 4331 Deo
3201 4279 3513 4346 sacriﬁcium
3556 4280 3761 4347 laudis,
3804 4290 3856 4337 et

2242 4370 2396 4422 redde
2417 4370 2675 4423 Altissimo
2699 4379 2815 4423 vota
2840 4379 2945 4422 tua.
2980 4370 3043 4423 Et
3068 4370 3257 4424 iterum
3287 4371 3338 4424 in
3364 4372 3469 4425 ﬁne
3491 4370 3678 4440 psalmi
3701 4373 3856 4441 ejus-

2244 4462 2366 4517 dem
2398 4480 2408 4513 :
2440 4461 2796 4531 Sacriﬁcium,
2838 4462 3043 4532 inquit,
3074 4464 3241 4517 laudis
3268 4464 3619 4533 honoriﬁcabit
3656 4482 3778 4533 me,
3810 4477 3856 4520 et

2244 4554 2310 4607 ibi
2337 4554 2417 4606 via
2442 4570 2540 4623 qua
2566 4554 2827 4607 ostendam
2852 4554 2929 4607 illi
2955 4555 3178 4609 salutare
3202 4554 3298 4608 Dei
3329 4554 3500 4628 (Psal.
3526 4556 3703 4627 ειη).
3733 4556 3857 4613 Jam

2246 4649 2312 4704 de
2335 4647 2437 4703 hoc
2456 4648 2678 4703 salutari
2704 4647 2818 4716 Dei,
2842 4647 2985 4718 quod
3006 4647 3119 4717 ipse
3138 4648 3205 4702 sit
3224 4648 3488 4717 Christus,
3516 4665 3681 4719 supra
3703 4665 3859 4706 com-

2247 4739 2542 4794 memoravi
2569 4749 2728 4809 atque
2768 4740 3060 4794 monstravi
3095 4738 3322 4811 (Supra,
3352 4758 3404 4793 τι.
3435 4738 3545 4813 15).
3579 4741 3745 4807 Quod
3772 4749 3860 4796 est

2248 4844 2424 4889 autem
2454 4834 2714 4889 sacratius
2741 4833 2914 4889 laudis
2943 4832 3300 4900 sacriﬁcium,
3340 4848 3498 4902 quam
3535 4833 3588 4887 in
3627 4835 3861 4891 actione

2247 4927 2581 4999 gratiarum?
2607 4928 2669 4981 Et
2690 4926 2834 4982 unde
2852 4927 3084 4996 majores
3107 4927 3326 4997 agendae
3354 4936 3478 4982 sunt
3500 4927 3609 4983 Deo
3628 4930 3859 4998 gratia,

2248 5034 2406 5088 quam
2436 5034 2533 5087 pro
2558 5017 2725 5088 ipsius
2748 5018 2917 5088 gratia
2943 5034 3039 5089 per
3060 5018 3241 5074 Jesum
3262 5017 3529 5073 Christum
3554 5018 3862 5077 Dominum

2249 5112 2534 5165 nostrum?
2579 5110 2730 5178 Quod
2763 5119 2933 5165 totum
2964 5110 3148 5165 ﬁdeles
3186 5110 3239 5164 in
3280 5110 3538 5165 Ecclesia:
3576 5112 3864 5168 sacriﬁcio

2248 5204 2454 5270 sciunt,
2488 5203 2639 5271 cujus
2668 5203 2869 5258 umbrae
2908 5203 3123 5256 fuerunt
3161 5202 3337 5257 omnia
3378 5202 3616 5271 priorum
3641 5218 3866 5273 genera

2250 5294 2654 5349 sacriﬁciorum.
2686 5294 2774 5347 Isti
2801 5290 2979 5348 autem
3006 5294 3275 5364 vaniloqui
3300 5293 3733 5362 reprehensores
3754 5294 3871 5350 Ve-

2251 5388 2379 5442 teris
2406 5387 2753 5452 Testamenti,
2784 5386 2942 5441 etiam
2969 5386 3015 5439 si
3041 5394 3234 5441 cmtera
3274 5402 3393 5455 quae
3423 5388 3870 5442 commemoravi

2251 5480 2319 5537 de
2346 5481 2449 5536 hoc
2478 5481 2680 5550 psalmo
2718 5481 2893 5535 minus
2932 5480 3265 5551 intelligunt,
3294 5479 3521 5536 suiﬁciat
3555 5480 3637 5536 eis
3682 5500 3873 5554 quan-

2254 5583 2363 5627 tum
2408 5572 2475 5626 ad
2521 5581 2836 5641 przesentem
2878 5570 3229 5643 quaestionem
3270 5573 3487 5641 attinet,
3532 5573 3658 5644 quia
3712 5576 3873 5633 Deus

2255 5664 2640 5734 Pr0phetarum
2662 5706 2677 5731 ,
2709 5666 2799 5735 qui
2826 5664 2966 5720 Deus
2988 5674 3073 5721 est
3109 5665 3269 5721 etiam
3300 5666 3681 5736 Apostolorum
3704 5709 3722 5733 ,
3752 5685 3875 5725 non

2255 5755 2539 5811 manducat
2566 5766 2836 5813 taurorum
2862 5772 3071 5825 carnes,
3101 5772 3203 5813 nec
3222 5757 3532 5830 sanguinem
3558 5767 3722 5830 potat
3749 5759 3875 5817 hir-

2321 5872 2342 5905 ί
2376 5879 2505 5926 ηδε..
2527 5882 2654 5920 vere.
