4094 6452
250 435 460 476 eorum.
489 417 674 474 Talem
704 417 901 490 quippe
929 430 1052 472 eum
1084 422 1341 470 noverant
1369 413 1560 479 sancti,
1589 414 1676 484 qui
1703 411 1848 484 pleni

251 515 370 585 ejus
393 513 602 584 Spiritu
631 513 732 568 ista
760 511 1027 568 dicebant.
1063 509 1216 568 Unde
1240 507 1370 564 illud
1397 506 1538 580 quod
1567 507 1731 562 David
1757 506 1854 562 ob.

251 609 406 674 tulit,
433 617 494 664 ut
529 607 728 678 pepulo
757 613 1100 677 parceretur,
1131 603 1320 658 umbra
1361 609 1477 658 erat
1516 601 1706 667 futuri,
1749 613 1854 670 qua

251 701 614 774 signiﬁcatum
641 709 762 766 est,
786 698 930 770 quod
965 713 1063 770 per
1088 712 1253 752 unum
1282 693 1598 750 sacriﬁcium
1623 694 1663 759 ί,
1703 690 1856 762 cujus

253 797 342 850 illa
373 795 548 866 ﬁgura
579 802 698 850 erat
717 794 762 862 ‘,
791 791 950 847 saluti
988 789 1172 861 populi
1211 786 1560 858 spiritualiter
1595 785 1854 854 parcitur.

253 889 370 960 Ipse
399 893 488 944 est
515 887 658 942 enim
685 883 932 941 Christus
954 881 1140 948 Iesus,
1181 881 1266 952 qui
1313 879 1526 933 traditus
1565 887 1638 932 est
1659 917 1675 944 ,
1718 876 1858 932 sicut

251 979 548 1051 Apostolus
578 977 738 1041 dicit,
773 985 978 1048 propter
1019 973 1207 1029 delicta
1249 982 1423 1028 nostra
1443 1013 1458 1036 ,
1501 981 1549 1026 et
1586 969 1859 1026 resurrexit

253 1081 461 1143 propter
475 1069 903 1142 justiﬁcationem
929 1077 1154 1121 nostram
1185 1064 1359 1135 (Rom.
1385 1080 1458 1129 IV,
1481 1061 1574 1134 25)
1602 1079 1615 1116 :
1642 1069 1857 1132 propter

251 1164 398 1236 quod
427 1165 594 1220 etiam
622 1162 782 1230 dicit,
812 1160 1018 1216 Pascha
1041 1171 1270 1214 nostrum
1291 1157 1584 1212 immolatus
1609 1165 1680 1211 est
1703 1154 1855 1212 Chri-

250 1267 362 1312 stus
397 1255 441 1328 (l
469 1253 590 1312 Cor.
621 1271 674 1322 ν,
705 1254 784 1324 7).

323 1347 558 1403 CAPUT
601 1345 740 1402 XIX.
771 1373 846 1386 —-
874 1345 963 1400 58.
989 1343 1144 1400 Unde
1168 1351 1346 1398 autem
1380 1342 1478 1396 iste
1512 1341 1737 1411 probare
1761 1351 1858 1394 co-

255 1449 412 1494 natus
437 1447 544 1506 est,
575 1437 852 1492 evidenter
877 1435 1108 1492 servisse
1137 1433 1436 1501 daemoniis,
1465 1432 1555 1502 qui
1584 1430 1859 1486 sacriﬁciis

255 1548 314 1588 ea
343 1532 678 1602 promeruit,
709 1529 895 1586 volens
944 1529 1046 1584 hoc
1093 1526 1312 1596 intelligi
1353 1525 1421 1580 de
1463 1533 1646 1582 sancto
1673 1522 1858 1590 David,

257 1627 322 1681 ibi
351 1626 660 1681 evidentius
687 1632 886 1696 quanta
915 1621 1098 1678 fraude
1136 1619 1506 1690 imperitorum
1542 1617 1736 1672 animis
1773 1615 1858 1670 iu-

254 1718 482 1773 sidietur
501 1716 754 1773 ostendit.
779 1715 1036 1770 Adhibuit
1059 1713 1200 1768 enim
1225 1711 1537 1781 Apostolum
1561 1717 1772 1775 testem,
1794 1723 1861 1764 eo

253 1811 394 1881 quod
417 1811 635 1875 dixerit,
677 1808 848 1864 Videte
871 1807 1035 1862 Israel
1060 1805 1332 1860 carnaliter
1359 1820 1377 1857 :
1405 1820 1570 1858 nonne
1597 1802 1683 1874 qui
1707 1802 1862 1856 edunt

256 1901 478 1968 hostias,
512 1901 783 1971 participes
825 1908 939 1954 sunt
982 1897 1198 1952 altaris?
1228 1895 1364 1963 Quid
1391 1894 1549 1966 ergo?
1578 1894 1692 1948 dico
1729 1891 1863 1965 quod

257 1991 450 2046 idolum
505 1998 570 2047 sit
617 1991 850 2062 aliquid?
897 1989 1003 2044 Sed
1047 1989 1132 2058 qui
1178 1988 1502 2057 sacriﬁcant,
1551 1985 1862 2040 daemonibus

257 2085 574 2152 sacriﬁcant.
603 2082 755 2150 Quod
783 2097 888 2136 non
914 2080 988 2136 ita
1017 2079 1272 2150 scriptum
1297 2086 1382 2134 est
1405 2097 1417 2132 :
1445 2077 1539 2133 sed
1567 2079 1656 2143 ita,
1688 2074 1866 2131 Videte

260 2174 424 2230 Israel
451 2177 732 2231 secundum
757 2191 958 2228 carnem
987 2190 1004 2227 :
1031 2189 1202 2227 nonne
1221 2173 1305 2242 qui
1335 2173 1398 2226 de
1423 2171 1685 2240 sacriﬁciis
1719 2187 1865 2224 man-

261 2271 484 2335 ducant,
516 2267 642 2322 socii
671 2276 785 2320 sunt
815 2264 1031 2320 altaris?
1062 2263 1196 2332 Quid
1223 2263 1382 2334 ergo?
1408 2263 1520 2316 dico
1559 2261 1677 2331 quia
1713 2261 1864 2316 idolis

261 2361 578 2416 immolatum
603 2369 672 2414 est
696 2359 910 2431 aliquid,
942 2367 1029 2412 aut
1053 2358 1248 2412 idolum
1271 2367 1340 2412 est
1361 2356 1596 2426 aliquid?
1621 2355 1727 2412 Scd
1745 2357 1865 2426 quia

261 2471 372 2526 qua:
391 2455 662 2510 immolant
683 2454 724 2520 ³,
747 2453 1030 2514 dcemoniis,
1058 2462 1106 2506 et
1131 2469 1230 2506 non
1253 2449 1381 2516 Deo,
1409 2449 1692 2504 immolant.
1724 2448 1864 2504 Nola

261 2564 346 2602 eos
367 2549 532 2604 socios
559 2546 922 2602 daemoniorum
947 2543 1076 2614 ﬁeri.
1109 2543 1286 2600 Potuit
1311 2551 1488 2598 autem
1517 2540 1780 2603 accidere,
1807 2548 1866 2596 ut

261 2640 556 2697 secundum
583 2637 1080 2709 interpretationum
1117 2635 1426 2690 varietatem
1463 2647 1570 2688 non
1597 2633 1651 2687 in
1679 2632 1862 2699 rebus,

261 2734 354 2791 sed
381 2735 436 2788 in
459 2731 641 2788 verbis
659 2772 674 2798 ,
701 2729 844 2801 quod
873 2743 972 2800 ego
997 2727 1146 2794 dixi,
1191 2727 1465 2782 secundum
1505 2741 1745 2790 carnem;
1771 2723 1863 2780 alii

261 2825 476 2882 codices
507 2823 768 2888 habeant,
797 2820 1071 2876 carnaliter
1092 2836 1110 2876 :
1135 2828 1190 2874 et
1215 2817 1360 2889 quod
1386 2813 1486 2888 ego
1511 2815 1651 2884 dixi,
1688 2815 1776 2886 qui
1803 2816 1866 2871 de

261 2912 1104 2986 sacriﬁciismanducant;aliqui
1146 2910 1407 2973 habeant,
1449 2907 1604 2962 edunt
1637 2909 1864 2975 hostias;

262 3011 402 3084 quod
431 3013 550 3082 ipse
579 3009 755 3080 posuit
783 3025 797 3062 :
829 3016 883 3064 et
907 3006 1050 3077 quod
1075 3020 1196 3076 ego,
1226 3003 1351 3058 socii
1377 3011 1493 3059 sunt
1517 3002 1732 3068 altaris;
1763 3000 1862 3074 ha-

263 3105 422 3160 beant
445 3104 634 3174 aliqui,
659 3101 929 3172 participes
947 3108 1063 3154 sunt
1085 3099 1264 3153 altaris
1287 3113 1306 3152 :
1326 3105 1380 3153 et
1399 3095 1543 3167 quod
1564 3110 1662 3168 ego
1687 3094 1860 3166 posui,

265 3197 399 3264 Quid
440 3196 606 3268 ergo?
643 3195 754 3249 dico
798 3195 916 3266 quia
963 3192 1114 3246 idolis
1155 3189 1474 3244 immolatum
1515 3197 1587 3244 est
1629 3187 1865 3258 aliquid?

263 3291 440 3346 minus
465 3289 558 3346 ille
587 3288 858 3359 posuerit,
903 3293 996 3340 aut
1024 3283 1198 3338 minus
1236 3281 1406 3337 codex
1435 3281 1550 3352 ejus
1579 3278 1860 3346 habuerit;

261 3393 320 3441 et
358 3384 484 3440 ideo
523 3379 892 3438 tantummodo
925 3379 1137 3450 posuit,
1167 3377 1288 3448 quia
1323 3376 1518 3431 idolum
1550 3373 1863 3446 estaliquid.
1945 3421 1950 3428 .

263 3477 416 3547 Quod
445 3491 578 3532 vero
607 3475 848 3546 sequitur
873 3472 1101 3527 multant
1129 3471 1197 3526 ad
1227 3486 1341 3526 rem
1369 3470 1630 3541 pertinet,
1661 3468 1782 3540 quia
1811 3466 1867 3524 id

263 3570 418 3624 aliter
444 3568 648 3640 posuit.
679 3566 768 3622 Ait
805 3567 950 3622 enim
981 3563 1266 3633 Apostolus
1297 3579 1310 3615 :
1345 3562 1450 3617 Sed
1477 3562 1596 3632 quia
1624 3576 1736 3632 quae
1765 3561 1866 3614 im-

261 3663 490 3727 molant,
521 3659 784 3715 daemoniis
803 3699 818 3724 ,
847 3667 895 3712 et
931 3673 1033 3711 non
1071 3655 1180 3709 Deo
1199 3695 1214 3720 ,
1243 3653 1526 3708 immolant.
1559 3653 1664 3708 Iste
1687 3660 1865 3707 autem

261 3754 416 3818 dixit,
449 3753 556 3808 Sed
579 3753 662 3822 qui
688 3751 1000 3819 sacriﬁcant,
1027 3746 1340 3802 daemonibus
1361 3745 1691 3814 sacriﬁcant:
1715 3742 1866 3814 quasi

263 3860 452 3900 omnes
479 3845 569 3914 qui
593 3842 911 3906 sacriﬁcant,
937 3855 1044 3895 non
1067 3838 1368 3894 sacriﬁcent
1391 3837 1494 3892 nisi
1511 3835 1863 3892 daemonibus.

261 3941 378 3998 Non
406 3941 550 3996 enim
579 3940 654 3996 ait
677 3936 986 4008 Apostolus,
1014 3933 1115 4003 Qui
1141 3933 1476 3996 sacriﬁcant;
1507 3931 1622 3996 sed,
1649 3945 1762 4002 quae
1780 3945 1868 3985 sa-

259 4035 537 4102 criﬁcant;
567 4033 680 4096 vel,
707 4031 848 4087 sicut
874 4044 904 4082 a
932 4043 1020 4083 me
1046 4026 1276 4098 positum
1307 4033 1417 4092 est,
1447 4023 1714 4078 immolant
1740 4039 1760 4078 :
1789 4023 1866 4080 illi

261 4128 476 4184 scilicet
501 4127 586 4197 qui
615 4125 754 4181 idola
783 4123 1002 4188 colunt;
1031 4135 1146 4192 qua:
1167 4118 1476 4188 sacriﬁcant,
1507 4116 1789 4182 daemoniis,
1818 4124 1866 4170 et

264 4237 367 4275 non
395 4219 539 4284 Deo,
573 4216 896 4285 sacriﬁcant,
925 4213 1057 4276 sive,
1088 4210 1372 4266 immolant.
1407 4208 1476 4263 Et
1500 4207 1621 4264 ideo
1641 4207 1865 4277 subjun-

263 4314 372 4376 xit,
403 4309 546 4365 Nolo
571 4325 658 4364 vos
683 4309 844 4362 socios
870 4305 1234 4360 dcemoniorum
1261 4303 1374 4372 ﬁeri
1402 4317 1422 4355 :
1447 4309 1544 4356 eos
1578 4301 1773 4370 quippe
1799 4299 1867 4356 ab

265 4401 568 4460 idololatria
617 4398 952 4470 prohibebat.
1001 4395 1224 4464 Propter
1268 4393 1409 4463 quod
1457 4392 1536 4447 eis
1582 4391 1868 4447 ostendere

265 4495 454 4561 voluit,
483 4495 555 4548 ita
581 4493 700 4547 illos
725 4491 842 4546 ﬁeri
867 4488 1041 4544 socios
1067 4486 1475 4549 daemoniorum,
1501 4483 1546 4538 si
1573 4483 1866 4554 idolothyta

263 4588 530 4646 sacriﬁcia
555 4583 1010 4650 manducaverint,
1041 4577 1308 4651 quomodo
1337 4576 1500 4632 Israel
1527 4576 1754 4630 carnalis
1781 4589 1869 4630 so-

265 4683 384 4738 cius
409 4689 526 4736 erat
557 4677 738 4734 altaris
777 4677 829 4731 in
872 4673 1101 4742 templo,
1131 4671 1218 4741 qui
1249 4669 1316 4724 de
1343 4666 1616 4724 sacriﬁciis
1641 4666 1867 4722 mandu-

265 4775 444 4829 cabat.
473 4770 600 4827 Ideo
628 4769 823 4840 quippe
853 4765 1084 4832 addidit,
1115 4761 1387 4816 carnaliter
1404 4803 1419 4827 ,
1445 4759 1566 4826 vel,
1593 4758 1869 4814 secundum

263 4883 508 4930 carnem;
551 4863 675 4935 quia
723 4869 806 4918 est
846 4857 1010 4914 Israel
1055 4855 1434 4927 spiritualitcr,
1461 4852 1545 4908 vel
1575 4853 1867 4908 secundum

263 4959 516 5030 spiritum
534 4998 552 5026 ,
581 4954 672 5026 qui
699 4961 910 5009 veteres
949 4949 1163 5004 umbras
1197 4949 1308 5016 jam
1335 4961 1442 5001 non
1467 4945 1742 5015 sequitur,
1773 4943 1870 5000 sed

263 5065 388 5106 eam
411 5056 830 5118 consequentcm
852 5057 970 5114 quae
997 5040 1102 5096 illis
1126 5038 1326 5093 umbris
1347 5037 1768 5108 praecedentibus
1791 5035 1870 5092 si-

261 5143 516 5213 gniﬁcata
542 5148 628 5196 est
651 5141 952 5194 veritatem.
986 5133 1120 5188 Ilinc
1144 5132 1286 5187 enim
1314 5131 1496 5199 coepit,
1521 5139 1578 5185 ut
1605 5130 1708 5186 hoc
1726 5129 1868 5186 dice-

261 5247 354 5292 ret
379 5234 648 5306 :-Propter
669 5231 824 5304 quod,
854 5225 1166 5284 dilectissimi
1187 5225 1329 5290 mihi,
1358 5224 1515 5293 fugite
1537 5224 1598 5278 ab
1617 5223 1870 5278 idolorum

261 5329 492 5383 cultura.
523 5325 724 5382 Deinde
750 5332 962 5380 secutus
990 5317 1256 5382 ostendit,
1289 5316 1356 5370 ad
1383 5315 1524 5386 quod
1553 5315 1869 5371 sacriﬁcium

259 5420 378 5490 jam
403 5419 638 5475 debeant
663 5417 958 5488 pertinere,
987 5413 1172 5468 dicens
1199 5427 1214 5464 :
1247 5407 1408 5476 Quasi
1435 5407 1764 5479 prudentibus
1786 5407 1870 5462 di-

263 5529 328 5568 co
349 5553 366 5577 ,
402 5510 634 5582 judicate
661 5525 750 5564 uos
789 5507 924 5580 quod
961 5507 1096 5562 dico.
1139 5501 1290 5560 Catia:
1335 5501 1688 5558 benedictionis
1723 5519 1872 5574 quem

343 5639 354 5662 ‘
391 5645 546 5694 Nostri
571 5633 744 5693 omnes
758 5649 887 5702 Mss,
901 5653 997 5704 per
1206 5631 1519 5704 sacriﬁcium.

333 5707 360 5738 ²
391 5711 458 5756 ιω
479 5708 532 5756 in
555 5711 662 5755 lss.
689 5713 746 5755 At
776 5706 826 5752 in
851 5699 1012 5760 editis,
1037 5700 1124 5753 illa
1140 5699 1301 5765 ﬁgura
1317 5702 1472 5748 eram.

223 5768 230 5778 '
337 5769 360 5801 ³
393 5769 514 5828 aditi
529 5767 620 5817 hoc
641 5775 826 5817 tantum
850 5765 954 5815 loco
973 5759 1390 5828 addunt,"gentes;
1412 5759 1543 5824 quod
1568 5760 1774 5811 verbum
1789 5760 1871 5814 hic

185 5845 212 5874 ι
267 5837 326 5884 et
347 5827 474 5880 infra
493 5841 692 5893 semper
716 5831 944 5880 omittunt
963 5833 1070 5876 Mss.

1587 345 1590 348 .
1674 293 1879 353 LIBER
1917 294 2188 358 PRIMUS.

1959 414 2315 486 benedicimus,
2344 435 2512 476 nonne
2533 423 2920 480 cammunicatio
2944 433 3018 480 est
3043 425 3304 498 sanguinis
3325 425 3513 486 Christi
3526 433 3555 488 .9

1961 506 2120 563 Panis
2139 525 2286 578 quem
2311 507 2618 585 frangimus,
2642 503 3218 575 nonne'communicatio
3238 530 3308 577 est
3328 525 3556 595 corporis

1959 597 2208 656 Domini?
2239 601 2370 668 Quia
2393 621 2522 661 unus
2547 609 2695 679 panis
2719 617 2767 664 et
2790 625 2951 665 unum
2974 627 3158 682 corpus
3181 612 3326 667 multi
3347 629 3557 681 sumus;

1961 707 2132 748 omnes
2159 699 2290 749 enim
2311 697 2376 751 de
2392 714 2491 752 uno
2514 717 2644 770 pane
2669 704 3030 776 participamus
3055 702 3098 780 (I
3119 705 3238 762 Cor.
3257 695 3315 774 ἰ,
3341 707 3554 782 ίι-Ξο).

1962 783 2030 838 Et
2057 795 2276 856 propter
2302 787 2404 845 hoc
2430 791 2721 862 subiunxit,
2753 795 2928 851 Videte
2950 795 3118 854 Israel
3141 800 3418 854 secundum
3438 817 3557 855 car-

1961 893 2077 932 nem
2103 894 2123 932 :
2146 895 2312 934 nonne
2337 883 2424 945 qui
2451 883 2516 938 de
2535 886 2800 956 sacriﬁciis
2825 885 3153 960 manducant,
3180 894 3305 948 socii
3328 903 3450 949 sunt
3474 896 3556 950 al-

1961 967 2127 1024 taris?
2151 967 2224 1026 Ut
2249 971 2604 1045 intelligerent
2633 977 2702 1032 ita
2731 992 2791 1034 se
2825 979 2935 1050 jam
2964 981 3140 1038 socios
3169 997 3290 1039 esse
3315 985 3560 1055 corporis

1961 1060 2177 1132 Christi,
2209 1067 2658 1136 quemadmodum
2689 1070 2762 1126 illi
2793 1074 2922 1131 socii
2951 1085 3074 1132 sunt
3102 1077 3304 1132 altaris.
3339 1078 3406 1133 Et
3433 1078 3558 1149 quia

1929 1189 1934 1194 -
1961 1161 2022 1210 ut
2047 1155 2150 1212 hoc
2175 1157 2413 1227 diceret,
2441 1161 2508 1218 ab
2535 1159 2829 1219 idololatria
2863 1167 3206 1236 prohibebat;
3238 1170 3380 1226 unde
3409 1171 3559 1226 locus

1961 1247 2062 1304 iste
2085 1253 2349 1308 sermonis
2370 1253 2505 1324 ejus,
2529 1257 2667 1312 sicut
2687 1263 3124 1330 commemoravi,
3147 1266 3374 1333 sumpsit
3399 1279 3559 1320 exor-

1961 1342 2152 1398 dium:
2195 1361 2263 1402 ne
2307 1355 2556 1418 putarent
2596 1350 2717 1406 ideo
2757 1369 2863 1408 non
2893 1369 3011 1411 esse
3039 1357 3364 1424 curandum,
3407 1361 3452 1413 si
3491 1358 3559 1414 de

1963 1436 2238 1493 sacriﬁciis
2281 1439 2504 1496 ederent
2551 1441 2848 1512 idolorum,
2881 1447 3002 1516 quia
3047 1447 3245 1504 idolum
3286 1449 3418 1504 nihil
3452 1459 3554 1516 est,

1964 1529 2330 1586 existimantes
2349 1532 2448 1588 sibi
2470 1531 2586 1589 haec
2607 1534 2754 1590 velut
2777 1537 3040 1608 superﬂua
3063 1555 3168 1594 non
3191 1556 3408 1610 nocere,
3430 1558 3559 1598 cou-

1966 1617 2196 1676 ﬁrmavit
2223 1621 2436 1693 quidem
2470 1633 2526 1680 et
2565 1625 2679 1696 ipse
2715 1627 2848 1682 nihil
2887 1643 3006 1685 esse
3039 1630 3236 1686 idolum
3267 1650 3280 1686 :
3311 1649 3410 1688 nec
3439 1633 3560 1690 ideo

1966 1729 2026 1770 se
2050 1717 2148 1769 ista
2172 1717 2477 1786 prohibere,
2503 1719 2625 1789 quia
2649 1719 2808 1776 idolis
2828 1722 3168 1779 immolantur
3190 1743 3308 1796 qua:
3331 1741 3439 1781 non
3467 1728 3562 1782 ha-

1968 1807 2096 1863 bent
2121 1823 2374 1878 scnsum;
2407 1811 2500 1867 sed
2529 1814 2652 1884 quia
2681 1831 2794 1886 qua:
2817 1816 3112 1883 immolant,
3143 1819 3311 1891 inquit
3331 1863 3346 1887 ,
3380 1821 3428 1876 id
3455 1831 3558 1889 est,

1967 1901 2232 1958 idolorum
2269 1904 2535 1974 cultores,
2564 1907 2828 1964 dannoniis
2849 1952 2861 1974 ,
2893 1920 2940 1965 et
2967 1929 3068 1966 non
3092 1911 3205 1967 Deo
3225 1956 3237 1978 ,
3277 1915 3559 1970 immolant.

1969 1995 2110 2052 Nolo
2137 2013 2223 2052 vos
2248 1999 2412 2054 socios
2440 1999 2805 2056 daemoniorum
2834 2003 2966 2073 ﬁeri.
2999 2004 3160 2060 Istum
3185 2021 3398 2062 sensum
3422 2009 3566 2064 veri-

1968 2096 2048 2143 tas
2074 2089 2186 2159 ipsa
2213 2089 2452 2146 declarat
2477 2108 2492 2145 :
2521 2093 2642 2162 quia
2670 2093 2722 2148 in
2751 2095 2952 2166 templo
2975 2097 3060 2152 cui
3087 2099 3353 2154 serviebat
3376 2115 3563 2156 carna~

1966 2180 2090 2236 liter
2115 2181 2274 2236 Israel
2294 2224 2308 2248 ,
2336 2198 2442 2238 non
2473 2185 2656 2255 utique
2685 2186 2884 2242 idolum
2911 2189 3202 2246 colebatur.
3233 2190 3365 2246 Nam
3397 2193 3442 2247 si
3472 2207 3562 2249 sa-

1967 2273 2165 2330 criﬁcia
2195 2290 2316 2346 quae
2345 2276 2399 2330 in
2428 2277 2520 2332 illo
2551 2280 2750 2350 templo
2779 2280 3069 2338 secundum
3101 2291 3333 2339 veterem
3365 2283 3561 2356 Legem

1969 2365 2328 2422 oll'erebautur
2351 2369 2481 2436 Deo,
2512 2378 2762 2441 tanquam
2784 2373 3044 2430 idolorum
3066 2375 3322 2432 sacriﬁcia
3345 2376 3565 2432 damna-

1969 2469 2176 2528 rentur,
2207 2461 2289 2516 vel
2319 2469 2568 2534 tanquam
2597 2464 2877 2522 daemoniis
2903 2467 3205 2538 immolata,
3234 2469 3378 2524 nullo
3404 2471 3565 2527 modo

1969 2549 2084 2619 ipse
2113 2551 2368 2609 Dominus
2392 2553 2638 2618 Christus
2667 2559 2875 2628 leproso
2901 2576 3057 2631 quem
3087 2563 3453 2632 mandaverat,
3484 2563 3563 2620 di-

1969 2653 2117 2700 ceret
2143 2663 2156 2700 :
2192 2644 2361 2715 Vade,
2393 2650 2598 2705 ostende
2622 2660 2670 2706 te
2693 2654 2971 2723 sacerdoti,
2999 2665 3046 2710 et
3070 2655 3200 2724 o/fer
3221 2675 3404 2714 munus
3430 2659 3566 2728 quod

1971 2738 2209 2808 praecepit
2239 2738 2441 2814 Moyses
2469 2742 2524 2796 in
2554 2745 2893 2801 testimonium
2930 2747 3035 2802 illis
3077 2747 3292 2820 (Matth.
3321 2767 3414 2806 vui
3435 2793 3448 2817 ,
3484 2749 3563 2826 4).

1969 2827 2212 2885 Nondum
2239 2831 2380 2887 enim
2411 2833 2632 2890 dederat
2655 2851 2756 2908 pro
2783 2839 3056 2895 sacriﬁciis
3081 2841 3189 2896 illis
3213 2842 3459 2898 omnibus
3483 2843 3566 2898 sui

1967 2922 2210 2992 corporis
2232 2924 2570 2998 sacriﬁcium,
2593 2929 2830 2984 nondum
2853 2933 3201 2988 suscitaverat
3223 2934 3303 2988 sui
3323 2935 3567 3004 corporis

1969 3016 2245 3088 templum.
2276 3017 2386 3076 Nec
2413 3019 2482 3076 de
2520 3021 2610 3076 illo
2652 3023 2851 3094 templo
2891 3023 3113 3095 ejiciens
3151 3042 3244 3083 eos
3278 3027 3369 3098 qui
3402 3029 3568 3086 boves

1969 3119 2023 3166 et
2045 3112 2320 3168 columbas
2349 3113 2687 3184 vendebant,
2718 3115 2960 3173 diceret‘
2985 3137 3001 3175 :
3034 3119 3231 3176 Domus
3255 3138 3367 3176 mea
3387 3121 3568 3178 domus

1967 3203 2213 3258 orationis
2249 3205 2546 3273 vocabitur;
2572 3222 2658 3262 vos
2684 3217 2852 3264 autem
2885 3211 3077 3283 fecistis
3101 3213 3244 3268 illam
3269 3213 3566 3286 speluncam

1969 3293 2224 3350 latronum
2253 3295 2365 3370 (Id.
2399 3314 2529 3370 ιιι,
2563 3299 2676 3372 l3).

2039 3385 2268 3446 CAPUT
2306 3388 2426 3444 XX.
2465 3419 2540 3431 —
2574 3390 2664 3448 59.
2704 3389 2845 3450 Sane
2873 3393 2941 3450 de
2965 3397 3287 3468 apocryphis
3323 3399 3422 3454 iste
3463 3413 3560 3470 po-

1969 3478 2078 3533 suit
2131 3479 2432 3536 testimonia
2459 3523 2475 3551 ,
2517 3497 2639 3552 quae
2695 3483 2800 3540 sub
2847 3487 3150 3544 nominibus
3200 3489 3564 3560 apostolorum

1970 3568 2201 3625 Andreae
2229 3569 2557 3643 .Ioannisque
2582 3575 2885 3646 conscripta
2912 3586 3057 3634 sunt.
3083 3579 3212 3646 Quae
3260 3581 3304 3635 si
3351 3581 3564 3638 illorum

1971 3671 2174 3730 essent,
2204 3672 2417 3735 recepta
2462 3675 2643 3722 essent
2687 3667 2757 3723 ab
2799 3668 3061 3739 Ecclesia,
3090 3688 3210 3744 qua:
3238 3673 3305 3729 ab
3353 3673 3564 3730 illorum

1971 3755 2302 3825 temporibus
2349 3771 2448 3827 per
2494 3758 2867 3829 episcoporum
2917 3763 3284 3818 successiones
3329 3763 3566 3820 certissi-

1969 3861 2108 3915 mas,
2135 3861 2304 3918 usque
2345 3849 2412 3902 ad
2461 3859 2641 3905 nostra
2677 3857 2734 3907 et
2758 3851 3012 3923 deinceps
3039 3861 3278 3925 tempora
3309 3871 3565 3928 perseve-

1971 3947 2074 4006 rat,
2105 3949 2158 3996 et
2185 3941 2429 3996 immolat
2475 3942 2587 3998 Deo
2631 3943 2686 3998 in
2728 3959 2953 4014 corpore
2996 3943 3194 4001 Christi
3243 3946 3565 4003 sacriﬁcium

1971 4035 2163 4102 laudis,
2195 4051 2266 4091 ex
2296 4051 2402 4108 quo
2429 4035 2572 4093 Deus
2598 4038 2806 4093 deorum
2837 4040 3037 4094 locutus
3067 4041 3257 4094 vocavit
3286 4051 3492 4109 terram,
3533 4059 3566 4096 a

1971 4129 2093 4184 solis
2115 4139 2230 4184 ortu
2256 4147 2414 4203 usque
2438 4131 2506 4185 ad
2541 4148 2795 4187 occasum.
2825 4132 2952 4189 Haec
2985 4133 3179 4206 quippe
3217 4134 3452 4191 Ecclesia
3482 4146 3567 4194 est

1973 4221 2132 4278 Israel
2185 4223 2477 4279 secundum
2529 4226 2813 4294 spiritum;
2863 4241 2894 4284 a
2937 4241 3043 4296 quo
3089 4227 3431 4300 distinguitur
3477 4229 3566 4285 ille

1971 4314 2134 4370 Israel
2159 4316 2452 4372 secundum
2482 4333 2722 4384 carnem,
2751 4318 2842 4390 qui
2867 4319 3135 4375 serviebat
3160 4321 3212 4375 in
3250 4321 3454 4376 umbris
3479 4337 3566 4376 sa-

1971 4407 2324 4476 criﬁciorum,
2371 4410 2562 4480 quibus
2605 4410 3002 4480 signiﬁcabatur
3047 4412 3315 4482 singulare
3361 4413 3566 4468 sacriﬁ-

1974 4501 2118 4555 cium
2143 4500 2286 4570 quod
2317 4516 2459 4556 nunc
2483 4501 2640 4556 oll‘crt
2679 4501 2842 4556 Israel
2868 4503 3160 4558 secundum
3188 4505 3451 4573 spiritum,
3480 4507 3566 4561 cui

1973 4591 2172 4648 dictum
2211 4603 2370 4664 atque
2413 4593 2724 4664 praedictum
2765 4604 2868 4661 est,
2897 4595 3050 4663 Audi,
3080 4597 3302 4668 populus
3330 4615 3491 4662 meus,
3519 4608 3566 4654 et

1973 4687 2154 4756 loquar
2183 4685 2303 4750 tibi;
2331 4684 2516 4750 Israel,
2537 4695 2583 4740 et
2613 4685 2916 4756 testiﬁcabor
2939 4687 3027 4741 tibi
3052 4687 3219 4760 (Psal.
3240 4688 3456 4755 xuxﬁ,
3473 4689 3527 4758 7)
3550 4707 3564 4740 :

1971 4785 2026 4834 et
2052 4787 2266 4845 cratera,
2294 4793 2412 4848 qua:
2453 4777 2564 4847 jam
2613 4793 2774 4848 supra
2819 4781 3254 4836 commemoravi.
3289 4781 3362 4835 De
3405 4780 3565 4850 hujus

1972 4871 2114 4925 enim
2165 4869 2326 4925 domo
2368 4885 2474 4924 non
2522 4870 2714 4940 accipit
2757 4871 2970 4936 vitulos,
3003 4887 3176 4942 neque
3221 4871 3286 4926 de
3315 4870 3568 4942 gregibus

1973 4963 2090 5031 ejus
2115 4962 2312 5017 hircos.
2355 4961 2460 5017 Iste
2485 4963 2725 5018 immolat
2754 4963 2864 5020 Deo
2886 4963 3202 5020 sacriﬁcium
3235 4963 3423 5029 laudis,
3454 4979 3564 5018 non

1975 5055 2268 5111 secundum
2313 5054 2555 5109 ordinem
2610 5057 2809 5122 Aaron,
2848 5056 2940 5111 sed
2981 5055 3268 5110 secundum
3320 5055 3566 5111 ordinem

1974 5145 2345 5200 Melchisedec.
2377 5144 2530 5213 Quod
2571 5145 2622 5200 in
2663 5160 2729 5200 eo
2771 5146 2978 5216 psalmo
3013 5145 3239 5216 positum
3271 5154 3374 5210 est,
3403 5161 3566 5215 quem

1977 5239 2234 5295 Dominus
2257 5239 2414 5294 Iesus
2447 5240 2499 5294 in
2529 5238 2818 5308 Evangelio
2847 5239 2912 5292 dc
2949 5253 3008 5293 sc
3046 5238 3404 5307 conscriptum
3444 5252 3566 5294 esse

1978 5339 2220 5398 testatur,
2257 5347 2503 5403 quaerens
2533 5347 2564 5386 a
2597 5329 2793 5386 Judznis
2833 5332 3278 5401 reSpondcntihus
3292 5333 3566 5389 Christum

1977 5423 2141 5478 ﬁlium
2165 5437 2285 5478 esse
2314 5423 2496 5490 David,
2520 5422 2661 5493 quod
2691 5422 2863 5477 solum
2887 5422 2953 5477 de
2983 5423 3073 5476 illo
3099 5424 3382 5479 carnaliter
3401 5440 3568 5482 nove-

1975 5526 2116 5584 rant,
2130 5517 2399 5588 quomodo
2423 5531 2542 5571 eum
2567 5514 2730 5570 David
2749 5515 2802 5570 in
2819 5513 3016 5584 Spiritu
3033 5515 3236 5571 dixerit
3259 5517 3562 5575 Dominum.

1976 5611 2128 5667 Tunc
2165 5610 2306 5667 enim
2357 5609 2515 5680 hujus
2565 5609 2755 5678 psalmi
2784 5608 3214 5663 commemoravit
3238 5613 3520 5668 exordium
3551 5631 3566 5667 :

1977 5703 2120 5760 Dixit
2173 5702 2424 5760 Dominus
2473 5699 2695 5754 Domino
2745 5717 2876 5766 meo,
2931 5697 3066 5756 Sede
3104 5714 3138 5752 a
3182 5699 3370 5754 dextris
3419 5697 3562 5768 meis,

2044 5823 2062 5854 ι
2097 5818 2324 5883 Plerique
2345 5823 2474 5880 Mss,
2499 5813 2713 5868 dixerat.

3565 5859 3585 5902 ἦ

3583 5907 3617 5957 Κ.
