4028 6428
538 375 643 434 697

536 487 696 545 donec
739 507 925 562 ponam
952 492 1181 547 inimicos
1210 502 1322 545 tuos
1358 488 1628 544 scabellam
1674 486 1860 556 pedum
1902 493 2120 539 tuorum.

538 577 616 637 Ibi
639 580 835 654 quippe
860 582 1038 638 ethoc
1060 583 1258 638 dictum
1285 590 1367 636 est
1392 599 1404 634 :
1434 579 1633 634 Iuravit
1660 577 1927 640 Dominus,
1947 585 1995 630 et
2024 592 2125 630 non

538 675 792 746 pwnitebit
820 693 960 742 eum,
985 676 1062 729 Tu
1087 691 1140 730 es
1186 673 1420 730 sacerdos
1465 675 1520 726 in
1567 681 1808 726 (sternam
1854 668 2128 724 secundum

540 766 768 821 ordinem
799 766 1132 822 Melchisedec
1172 765 1382 837 (Matth.
1411 781 1543 832 χχιι,
1573 763 1776 827 62-4ὃς
1827 760 1975 816 Psal.
2016 774 2125 826 cu,

541 858 595 925 1,
623 858 702 930 4).
748 843 1022 914 Noverunt
1045 858 1136 928 qui
1165 859 1368 928 legunt,
1413 857 1542 928 quid
1585 854 1868 928 protulerit
1908 852 2126 908 Melchi-

538 951 722 1018 sedec,
743 951 958 1022 quando
982 951 1254 1007 benedixit
1273 951 1540 1008 Abraham
1573 948 1722 1022 (Gen.
1749 964 1860 1015 xiv,
1883 947 1978 1014 18,
1998 944 2088 1017 i9)
2114 963 2128 1000 :

539 1052 594 1099 et
621 1045 665 1098 si
697 1044 806 1113 jam
834 1054 956 1099 sunt
997 1045 1282 1115 participes
1309 1045 1446 1114 ejus,
1478 1043 1660 1099 vident
1685 1042 1788 1096 tale
1809 1041 2130 1096 sacriﬁcium

536 1150 683 1190 nunc
707 1134 887 1190 offerri
920 1137 1030 1191 Deo
1073 1146 1186 1192 toto
1211 1136 1343 1192 orbe
1370 1145 1654 1191 terrarum.
1685 1134 1777 1188 Dei
1819 1141 2000 1188 autem
2039 1131 2128 1202 ﬁ-

538 1227 676 1284 ratio
722 1228 1115 1284 incredulorum
1168 1238 1252 1284 est
1299 1228 1612 1298 increpatio.
1665 1227 1728 1281 Et
1773 1225 1914 1296 quod
1967 1225 2130 1279 Deum

541 1336 651 1376 non
681 1323 978 1391 paenitebit,
1010 1323 1326 1394 signiﬁcatio
1353 1333 1434 1377 est
1465 1321 1584 1391 quia
1633 1321 1736 1374 hoc
1773 1316 2130 1374 sacerdotium

540 1430 649 1468 non
681 1416 926 1470 mutabit.
969 1416 1188 1470 Mutavit
1229 1416 1426 1485 quippe
1454 1414 1809 1470 sacerdotium
1838 1411 2130 1467 secundum

541 1506 785 1562 ordinem
842 1509 1039 1562 Aaron.
1073 1507 1229 1563 Unde
1272 1507 1409 1561 alius
1440 1506 1696 1576 propheta
1743 1504 1872 1558 dicit
1917 1503 1982 1557 ad
2010 1518 2134 1558 eum

541 1599 631 1669 qui
675 1601 961 1655 carnaliter
1003 1611 1085 1656 est
1126 1601 1286 1656 Israel
1315 1617 1333 1655 :
1366 1599 1490 1654 Non
1531 1609 1602 1653 est
1644 1599 1766 1651 mihi
1808 1598 2037 1652 voluntas
2084 1599 2136 1650 in

541 1692 698 1756 vobis,
717 1692 836 1745 dicit
853 1692 1103 1747 Dominus
1115 1693 1452 1764 omnipotens,
1469 1701 1517 1747 et
1538 1691 1754 1746 hostium
1777 1707 1876 1743 non
1891 1690 2136 1760 accipiam

542 1784 607 1838 de
639 1783 868 1838 manibus
898 1784 1092 1838 vestris.
1125 1785 1260 1840 Ecce
1285 1784 1425 1854 quod
1451 1793 1534 1840 est
1577 1782 1867 1838 secundum
1896 1780 2138 1836 ordinem

544 1871 742 1928 Aaron.
782 1873 890 1928 Cur
932 1884 1107 1930 autem
1147 1874 1250 1929 hoc
1291 1890 1395 1928 non
1425 1873 1670 1944 accipiat,
1706 1873 1872 1938 addit,
1893 1880 1946 1926 et
1973 1871 2133 1927 dicit:

551 1965 686 2034 Quia
712 1966 774 2021 ab
800 1977 914 2022 orla
957 1968 1078 2022 solis
1116 1985 1273 2040 usque
1309 1968 1378 2021 ad
1415 1985 1648 2023 occasum
1684 1968 2022 2038 glori/iculum
2068 1973 2141 2020 est

549 2072 731 2110 nomen
778 2074 940 2111 meum
978 2059 1031 2110 in
1073 2057 1322 2130 gentibus,
1355 2068 1402 2112 et
1451 2059 1504 2112 in
1547 2058 1683 2111 omni
1725 2056 1835 2110 loco
1881 2057 2140 2110 incensum

507 2215 509 2218 q
551 2143 763 2213 o/fertur
788 2149 981 2201 nomini
1018 2165 1148 2211 meo,
1181 2158 1225 2202 et
1260 2149 1423 2202 hostia
1451 2167 1614 2220 para;
1661 2149 1780 2216 quia
1806 2163 2045 2218 magnum
2071 2155 2142 2202 est

546 2256 726 2293 nomen
764 2257 929 2294 meum
978 2242 1030 2294 in
1077 2241 1324 2309 gentibus,
1355 2241 1476 2295 dicit
1528 2240 1774 2293 Dominus
1825 2239 2142 2308 omnipotens

549 2329 804 2401 (Malach.
835 2347 873 2398 ι,
898 2331 983 2396 10,
1010 2331 1123 2401 ll).
1145 2333 1284 2386 Ecce
1304 2333 1446 2402 quod
1468 2340 1551 2386 est
1579 2331 1869 2386 secundum
1900 2331 2142 2386 ordinem

546 2415 918 2478 Melcliiscdec.
967 2422 1248 2479 lncensum
1271 2425 1412 2479 enim
1446 2422 1587 2492 quod
1605 2433 1687 2478 est
1705 2438 1878 2492 graece
1902 2431 2138 2490 θυμίαμα,

551 2517 690 2571 sicut
726 2517 945 2587 exponit
972 2517 1206 2573 Joannes
1242 2518 1295 2571 in
1322 2517 1675 2588 Apocalypsi,
1707 2517 1978 2572 orationes
2021 2525 2145 2570 sunt

549 2616 852 2663 sanctorum
880 2609 1064 2680 (Apoc.
1099 2626 1151 2675 v,
1184 2610 1261 2677 8).
1295 2609 1433 2663 Deus
1459 2608 1653 2678 quippe
1688 2607 1799 2673 ille,
1828 2607 1963 2661 sicut
1992 2608 2142 2662 cani-

549 2697 638 2751 tur
673 2697 726 2752 in
772 2693 1005 2767 Psalnto,
1039 2701 1127 2770 qui
1168 2701 1358 2754 vocavit
1388 2709 1598 2763 terram,
1628 2716 1659 2751 a
1698 2699 1820 2752 solis
1849 2709 1964 2752 orta
1989 2704 2157 2769 usque

551 2788 621 2840 ad
649 2804 921 2855 occasum;
962 2792 1046 2845 cui
1076 2803 1251 2858 terra),
1294 2791 1346 2846 id
1389 2800 1489 2855 cst,
1531 2791 1614 2845 cui
1659 2790 1856 2860 populo
1895 2789 2088 2846 dill‘uso
2114 2807 2151 2845 ειν

552 2883 681 2938 solis
707 2894 823 2938 ortu
863 2900 1032 2955 usque
1057 2886 1122 2940 ad
1168 2901 1439 2951 occasum,
1479 2884 1698 2949 diceret,
1730 2883 1850 2937 Non
1897 2885 2145 2956 accipiam

551 2975 615 3028 de
659 2975 808 3030 domo
854 2987 941 3030 tua
987 2979 1206 3045 vitulos;
1257 2980 1464 3033 immola
1493 2977 1602 3032 Deo
1630 2979 1935 3047 sacri/icium
1979 2978 2144 3034 laudis

553 3065 723 3140 (Psal.
742 3068 962 3136 παλ,
989 3071 1043 3138 9,
1069 3069 1157 3144 14)
1185 3090 1197 3126 :
1231 3073 1345 3141 ipse
1371 3087 1464 3141 per
1494 3070 1633 3125 hunc
1663 3070 1975 3141 prophetam
2005 3071 2144 3141 quod

553 3161 857 3217 certissime
884 3160 1118 3218 futurum
1157 3174 1270 3218 erat
1297 3165 1406 3235 jam
1434 3164 1578 3220 velut
1616 3164 1811 3218 factum
1851 3165 2144 3233 praedicans

552 3252 647 3338 ait,
681 3249 757 3308 Ab
800 3268 914 3310 ortu
947 3256 1070 3312 solis
1117 3274 1274 3327 usque
1302 3258 1371 3311 ad
1413 3274 1644 3312 occasum
1696 3258 2033 3328 gloriﬁcatum
2073 3269 2146 3314 est

551 3363 733 3402 nomen
777 3366 944 3404 meum
982 3351 1032 3404 in
1081 3350 1328 3422 gentibus,
1361 3360 1407 3404 et
1449 3352 1503 3405 in
1551 3351 1688 3404 omni
1735 3351 1848 3405 loco
1885 3352 2146 3406 incensum

553 3432 768 3505 olferlur
793 3441 983 3495 nomini
1011 3459 1140 3508 meo,
1171 3452 1218 3496 et
1247 3442 1414 3496 hostia
1452 3457 1621 3514 pura;
1663 3443 1782 3513 quia
1809 3457 2049 3515 magnunt
2075 3451 2146 3498 est

552 3547 733 3586 nomen
762 3550 930 3588 meum
960 3541 1014 3588 in
1042 3537 1289 3606 gentibus.

624 3624 715 3681 40.
757 3625 874 3682 Νοιι
902 3628 1045 3683 enim
1071 3629 1209 3683 sicut
1252 3629 1523 3685 hominem
1561 3630 1784 3700 paenitet
1811 3628 2016 3692 Deum;
2049 3627 2144 3684 sed

551 3715 688 3771 sicut
716 3715 880 3773 Deum
911 3735 926 3773 :
963 3718 1413 3790 quemadmodum
1440 3735 1546 3776 non
1571 3720 1712 3776 sicut
1754 3721 1917 3774 homo
1960 3720 2144 3774 irasci-

551 3815 657 3873 tur,
682 3825 785 3865 nec
809 3811 946 3867 sicut
977 3810 1138 3868 homo
1169 3812 1473 3882 miseretur,
1501 3829 1602 3869 nec
1625 3813 1763 3868 sicut
1790 3811 1952 3868 homo
1978 3811 2141 3876 zelat;

455 3976 457 3980 ι
552 3900 646 3955 sed
674 3903 850 3957 omnia
895 3903 1031 3960 sicut
1072 3905 1230 3960 Deus.
1271 3906 1588 3962 Pmniteutia
1634 3905 1726 3960 Dei
1767 3915 1988 3959 nonest
2028 3914 2148 3972 post

555 4007 794 4048 errorem
827 4013 838 4047 :
877 3997 950 4050 ira
980 3997 1073 4051 Dei
1104 4015 1207 4052 non
1239 3998 1400 4052 habet
1443 3998 1737 4068 perturbati
1777 3997 1940 4052 animi
1980 3995 2143 4051 ardo-

554 4100 670 4141 rem
697 4104 710 4140 :
740 4087 1103 4144 misericordia
1137 4091 1230 4144 Dei
1260 4106 1365 4144 non
1394 4089 1556 4146 habet
1583 4089 1955 4159 compatientis
1980 4087 2144 4143 mise-

553 4192 672 4232 rum
696 4193 810 4245 cor,
845 4179 985 4233 unde
1015 4180 1068 4234 in
1099 4180 1261 4235 latina
1292 4180 1469 4250 lingua
1495 4197 1690 4234 nomen
1723 4179 1925 4248 accepit
1955 4196 1969 4232 :
2000 4180 2146 4234 zelus

554 4269 654 4325 Dei
681 4286 786 4326 non
823 4270 986 4328 habet
1028 4273 1223 4328 mentis
1266 4273 1511 4329 livorem.
1543 4272 1647 4329 Sed
1693 4273 2001 4343 poenitentia
2051 4273 2144 4328 Dei

553 4360 770 4431 dicitur,
804 4379 981 4420 rerum
1015 4365 1066 4420 in
1098 4366 1212 4434 ejus
1245 4373 1508 4434 potestate
1537 4366 1943 4420 constitutorum
1975 4364 2147 4419 homi-

554 4456 717 4512 nibus
761 4456 1030 4528 inopinata
1084 4459 1345 4512 mutatio:
1380 4459 1456 4511 ira
1505 4458 1596 4512 Dei
1629 4467 1711 4512 est
1740 4458 1972 4514 vindicta
2016 4473 2143 4528 pcc-

553 4550 696 4605 cati:
730 4551 1092 4607 misericordia
1122 4552 1216 4608 Dei
1248 4561 1330 4607 est
1353 4551 1562 4606 bonitas
1599 4551 1964 4621 epitulandih
1999 4551 2144 4607 zelus

555 4639 652 4695 Dei
695 4651 778 4698 est
806 4643 1159 4713 providentia,
1187 4660 1290 4716 qua
1320 4662 1424 4699 non
1470 4645 1598 4699 sinit
1627 4661 1718 4698 cos
1745 4660 1877 4712 quos
1903 4644 2144 4699 subditos

556 4730 738 4796 habet,
775 4734 988 4805 impune
1031 4732 1378 4807 amarequod
1424 4734 1691 4806 prohibet.
1737 4735 1888 4790 Unde
1925 4735 2026 4790 iste
2054 4735 2144 4804 qui

554 4833 660 4882 tam
713 4830 1005 4898 loquaciter
1060 4830 1345 4900 exagitavit
1384 4829 1478 4884 Dei
1529 4827 1926 4898 paenitentiam,
1977 4828 2146 4884 discat

553 4921 749 4990 primo,
780 4921 869 4975 vix
914 4922 1143 4976 inveniri
1190 4921 1391 4991 aliquid
1435 4921 1574 4991 quod
1621 4920 1777 4990 digne
1805 4919 1872 4975 de
1901 4921 2011 4974 Deo
2037 4918 2144 4974 dici

552 5012 752 5081 possit;
787 5013 880 5068 sed
910 5014 1133 5084 plurima
1163 5023 1219 5068 et
1246 5028 1381 5084 pene
1411 5013 1590 5066 omnia
1634 5027 1730 5065 nos
1755 5011 1821 5064 de
1853 5012 1941 5066 illo
1965 5011 2144 5066 dicere

548 5104 803 5174 loquendi
829 5106 1169 5169 necessitate,
1201 5121 1320 5175 quae
1364 5104 1533 5174 magis
1576 5103 1822 5157 homines
1850 5119 1916 5156 ex
1968 5103 2141 5157 homi-

551 5199 709 5253 nibus
732 5201 1042 5266 metiuntur,
1072 5198 1210 5253 sicut
1239 5209 1414 5252 autem
1442 5195 1783 5266 intelligenda
1809 5195 1878 5251 de
1907 5195 1999 5250 illo
2021 5204 2145 5250 sunt

554 5291 646 5343 vix
691 5306 720 5343 a
768 5291 947 5360 paucis
978 5300 1033 5347 et
1078 5289 1441 5360 spiritualibus
1485 5289 1874 5358 intelliguntur.
1918 5288 2144 5358 Propter

552 5381 692 5449 quod
722 5382 1190 5450 providentissime
1217 5381 1489 5451 Scriptura
1517 5381 1692 5435 divina
1723 5381 1790 5434 de
1831 5381 1920 5435 illo
1951 5380 2140 5435 ineffa-

555 5471 643 5524 bili
683 5472 906 5541 loquens
933 5473 999 5528 ad
1029 5473 1272 5544 qumdam
1301 5473 1460 5528 etiam
1489 5472 1649 5527 verba
1679 5471 1977 5537 descendit,
2023 5487 2142 5541 quae

546 5560 656 5631 jam
688 5561 991 5619 hominibus
1015 5571 1070 5619 et
1099 5564 1226 5632 ipsis
1253 5563 1573 5630 carnalibus,
1593 5578 1716 5617 cum
1737 5563 1803 5617 de
1831 5563 1938 5616 Deo
1959 5577 2140 5617 sermo

547 5662 650 5721 est,
683 5641 928 5710 videntur
965 5656 1198 5712 absurda
1244 5666 1296 5711 et
1350 5656 1605 5726 indigna:
1641 5665 1698 5710 ut
1735 5671 1854 5709 cum
1889 5655 2142 5709 timentur

551 5739 650 5803 ista
695 5747 773 5802 sic
809 5747 1000 5816 accipi,
1029 5748 1365 5816 quomodoin
1413 5747 1717 5812 hominibus
1757 5747 1914 5816 solet,
1946 5755 2000 5802 ct
2027 5745 2140 5802 dis-

612 5863 627 5895 ι
661 5864 734 5911 Sic.
754 5860 805 5926 in
827 5869 932 5914 Mss.
958 5867 1016 5914 At
1035 5862 1086 5912 in
1111 5861 1271 5924 editis,
1293 5856 1473 5912 bonitas
1494 5856 1787 5924 opitulantis.

1041 378 1310 436 CONTRA
1351 371 1843 433 ADVERSARIUM
1883 367 2083 427 LEGIS
2121 369 2139 426 1

2247 367 2784 436 ΡΒΟΡΗΕΤΑΚΗΜ,
2825 369 2885 426 S.
2925 366 3295 428 AUGUSTIN!

3711 367 3822 428 638

2232 483 2504 538 cutiuntur
2549 481 2998 553 quemadmodum
3021 481 3088 538 de
3106 483 3224 538 Deo
3238 481 3375 538 bene
3399 480 3568 552 acc‘rpi
3590 481 3821 552 possint,

2231 573 2303 628 ibi
2328 573 2566 628 discatur
2589 575 2754 629 etiam
2789 573 2880 629 illa
2908 588 3028 646 qua:
3063 573 3309 628 humanis
3350 573 3604 628 sensibus
3627 573 3684 627 in
3712 573 3822 628 eis-

2232 663 2358 720 dem
2387 665 2675 735 Scripturis
2702 666 2820 720 Deo
2841 666 2996 736 digna
3026 666 3361 730 videbantur,
3390 679 3500 720 non
3525 665 3828 720 secundum

2232 756 2506 811 hominum
2531 769 2710 812 mores
2734 757 2956 828 intelligi
2979 758 3060 812 vel
3080 756 3227 812 credi
3253 764 3522 826 oportere.
3539 757 3664 812 Cito
3683 757 3826 812 enim

2233 851 2443 906 videtur
2487 852 2820 921 paenitentia,
2854 852 2992 906 sicut
3029 851 3097 906 ab
3142 851 3446 905 hominibus
3490 851 3685 922 agitur,
3721 864 3826 906 non

2234 944 2432 998 cadere
2456 944 2509 998 in
2539 944 2708 1000 Deum
2740 962 2754 998 :
2784 943 2884 999 sed
2908 957 3012 998 non
3037 945 3146 999 cito
3171 944 3381 999 videtur
3409 945 3574 998 etiam
3613 943 3831 998 miseri-

2234 1034 2450 1102 cordia,
2502 1037 2640 1090 sicut
2689 1034 2933 1090 homines
2979 1035 3318 1102 miserentur,
3369 1049 3474 1089 non
3529 1034 3732 1089 cadere
3777 1034 3828 1088 in

2236 1128 2425 1182 Deum.
2457 1129 2530 1182 Ex
2564 1129 2664 1183 illo
2679 1143 2808 1199 ergo
2831 1129 2972 1199 quod
3001 1128 3380 1198 requirendum
3426 1127 3640 1193 fatetur,
3675 1127 3832 1182 discit

2238 1222 2399 1275 homo
2419 1223 2593 1276 ethoc
2615 1230 2908 1292 requirere,
2935 1223 3076 1293 quod
3102 1223 3211 1292 jam
3253 1219 3503 1277 sufﬁcere
3527 1220 3832 1275 arbitraba-

2237 1324 2346 1369 tur.
2373 1315 2462 1370 Sic
2503 1331 2632 1385 ergo
2661 1316 2872 1385 quando
2910 1329 3031 1370 eum
3072 1315 3316 1385 paenitet,
3349 1329 3455 1368 non
3488 1322 3750 1378 mutatur,
3779 1319 3837 1367 et

2239 1418 2446 1474 mutat;
2495 1409 2632 1464 sicut
2661 1409 2876 1478 quando
2901 1408 3170 1473 irascitur,
3204 1421 3308 1462 nou
3343 1417 3604 1469 movetur,
3633 1415 3690 1460 et
3720 1405 3837 1459 vin-

2237 1500 2419 1567 dicat;
2449 1512 2504 1556 et
2527 1503 2741 1571 quando
2772 1503 3072 1567 miseretur,
3102 1515 3208 1554 non
3241 1499 3407 1565 dolet,
3440 1507 3495 1553 et
3525 1499 3750 1562 liberat;
3783 1505 3836 1551 et

2239 1593 2453 1663 quando
2473 1594 2634 1661 zelat,
2661 1605 2769 1648 non
2798 1594 3086 1658 cruciatur,
3115 1601 3170 1647 et
3193 1593 3416 1646 cruciat.

2310 1685 2399 1739 41.
2439 1684 2705 1754 Numquid
2731 1689 2909 1740 autem
2939 1683 3167 1739 inlibris
3207 1683 3535 1738 Testamenti
3565 1682 3697 1736 novi
3737 1681 3837 1736 dc-

2243 1787 2366 1830 sunt
2399 1775 2514 1831 haec
2549 1777 2731 1841 verba,
2771 1792 2890 1845 qua:
2932 1776 2977 1830 si
3009 1775 3335 1844 accipiantur
3375 1775 3511 1829 sicut
3558 1775 3612 1828 in
3658 1772 3838 1827 homi-

2243 1868 2397 1923 nibus
2441 1868 2662 1939 intclligi
2708 1869 2902 1936 solent,
2935 1867 3084 1922 nullo
3112 1868 3273 1923 modo
3299 1875 3602 1938 congruunt
3637 1865 3838 1920 divini-

2246 1963 2358 2027 tati,
2400 1971 2454 2016 et
2497 1978 2713 2032 gravem
2757 1963 2974 2035 pariunt
3003 1961 3394 2017 oliensionem?
3423 1961 3554 2014 Cum
3596 1960 3743 2014 enim
3775 1958 3842 2012 de

2243 2053 2461 2108 Christo
2485 2056 2765 2110 verissime
2805 2055 2952 2110 dicat
2995 2055 3338 2123 evangelista,
3379 2051 3520 2122 quod
3567 2063 3668 2106 non
3711 2067 3842 2121 opus

2246 2145 2458 2199 habebat
2498 2157 2551 2199 ut
2575 2147 2620 2200 ei
2643 2148 2908 2217 quisquam
2937 2148 3276 2201 testimonium
3318 2146 3601 2216 perhiberet
3633 2145 3700 2197 de
3744 2144 3842 2197 ho-

2244 2238 2418 2304 mine;
2448 2238 2556 2308 ipse
2583 2239 2714 2294 enim
2742 2241 2929 2293 sciebat
2957 2239 3079 2309 quid
3107 2249 3236 2294 esset
3261 2241 3314 2294 in
3349 2240 3551 2293 homine
3575 2237 3756 2305 (Jomr.
3785 2252 3844 2303 ιι,

2245 2329 2368 2402 25);
2410 2345 2506 2385 cur
2549 2331 2664 2400 ipse
2704 2332 3019 2402 quibusdam
3069 2333 3218 2398 dicit,
3265 2329 3454 2386 Nescio
3501 2347 3584 2385 vos
3618 2330 3843 2402 (Matth.

2246 2437 2372 2487 xxv,
2404 2420 2537 2495 19)?
2567 2423 2713 2493 Ipsos
2743 2423 2972 2493 denique
2998 2431 3212 2479 sanctos
3238 2439 3366 2479 suos
3392 2439 3512 2479 cum
3543 2425 3845 2494 praescierit

2247 2524 2301 2569 et
2321 2515 2543 2585 elegerit
2569 2525 2694 2572 ante
2719 2517 2901 2570 mundi
2929 2517 3362 2572 constitutionem
3389 2535 3402 2572 :
3430 2516 3556 2587 quid
3587 2527 3674 2571 est
3701 2515 3843 2586 quod

2247 2605 2377 2660 dicit
2412 2608 2716 2677 Apostolus,
2762 2609 2916 2663 Nunc
2935 2618 3104 2664 autem
3132 2618 3486 2680 cognoscentes
3525 2608 3717 2676 Deam,
3748 2609 3844 2663 imo

2248 2698 2434 2768 cogniti
2479 2715 2510 2752 a
2545 2698 2650 2753 Deo
2679 2699 2875 2771 (Galat.
2907 2717 2977 2767 IV,
3010 2695 3100 2773 9);
3133 2703 3282 2771 quasi
3326 2716 3466 2756 nunc
3505 2715 3599 2756 cos
3637 2713 3844 2771 cogno-

2248 2791 2404 2855 verit,
2436 2807 2570 2861 quos
2598 2802 2752 2848 antea
2783 2793 3098 2849 nesciebat?
3125 2793 3278 2862 Quod
3309 2810 3434 2848 vero
3459 2795 3552 2860 ait,
3586 2794 3845 2864 Spiritum

2250 2883 2405 2936 nolite
2442 2884 2759 2955 exstinguere
2789 2885 2841 2955 (Ι
2871 2885 3046 2941 Thess.
3071 2901 3126 2954 ν,
3156 2887 3268 2952 i9),
3303 2897 3548 2957 tanquam
3578 2887 3846 2958 exstingui

2251 2975 2480 3044 Spiritus
2505 2978 2688 3046 possit,
2718 2979 2838 3048 quis
2866 2979 3053 3042 ferali,
3089 2979 3188 3034 nisi
3224 2981 3312 3050 qui
3339 2995 3410 3033 ea
3433 2980 3730 3049 prudenter
3764 2980 3846 3034 in-

2251 3067 2479 3135 telligit?
2509 3067 2694 3122 Nonne
2732 3069 2782 3122 in
2827 3069 3118 3139 Evangelio
3143 3071 3396 3143 scriptum
3419 3079 3532 3125 est:
3561 3070 3664 3135 Qui
3688 3071 3846 3124 credit

2249 3157 2301 3210 in
2325 3156 2539 3226 Filium,
2569 3159 2712 3215 habet
2742 3162 2893 3214 vitam
2918 3171 3194 3228 wternmn;
3221 3164 3308 3233 qui
3345 3173 3511 3216 mitem
3551 3163 3847 3216 incredulus

2251 3260 2322 3305 est
2362 3250 2522 3319 Filio,
2568 3269 2667 3308 non
2695 3255 2875 3308 videbit
2898 3255 3068 3320 vitam,
3113 3257 3200 3310 sed
3229 3257 3310 3309 ira
3341 3255 3434 3310 Dei
3481 3265 3652 3310 manet
3694 3273 3848 3326 super

2250 3362 2363 3399 eum
2401 3343 2580 3419 (Joan.
2607 3363 2684 3412 Ill,
2708 3347 2843 3419 56)?
2880 3349 3247 3405 Calumnietur
3272 3365 3402 3420 ergo
3429 3360 3483 3405 et
3525 3351 3649 3405 huic
3681 3350 3848 3405 verbo

2251 3439 2352 3495 iste
2383 3441 2749 3509 blasphemus,
2777 3451 2833 3497 et
2875 3443 3052 3500 dicat:
3086 3441 3267 3513 Qualis
3309 3454 3393 3499 est
3434 3444 3521 3514 qui
3571 3445 3846 3511 irascitur,

2251 3548 2372 3588 cum
2416 3536 2672 3605 scriptum
2713 3537 2802 3603 sit,
2849 3535 3133 3590 Iracundia
3174 3537 3288 3602 viri,
3328 3537 3580 3606 justitiam
3612 3535 3710 3589 Dei
3742 3552 3848 3590 non

2251 3638 2494 3697 oneratur
2539 3627 2742 3698 (Jacobi
2790 3645 2822 3694 ι,
2871 3629 3005 3698 20)?
3050 3631 3413 3684 (ialumnietur
3441 3631 3545 3684 isto
3574 3630 3742 3683 modo
3789 3638 3842 3683 et

2251 3721 2509 3786 Apostolo
2558 3717 2775 3786 dicenti,
2828 3719 3092 3792 Numquid
3142 3723 3342 3791 iniquus
3398 3720 3534 3775 Deus
3572 3722 3659 3790 qui
3693 3722 3847 3791 infert

2251 3813 2380 3866 iram
2425 3812 2597 3883 (Rom.
2632 3827 2706 3880 ιιι,
2737 3814 2834 3882 5)?
2872 3813 2988 3869 Jam
3035 3829 3195 3884 porro
3223 3817 3266 3869 si
3298 3820 3575 3885 quisquam
3616 3815 3844 3880 diceret,

2251 3903 2620 3960 Confundetur
2657 3906 2921 3973 Christus,
2954 3917 3008 3962 et
3048 3909 3149 3962 hoc
3184 3921 3252 3963 eo
3280 3918 3517 3977 tempore
3546 3923 3656 3978 quo
3700 3905 3845 3977 judi-

2251 4006 2467 4051 eaturus
2507 4005 2589 4052 est
2621 3997 2770 4052 vivos
2797 4006 2850 4052 et
2895 4006 3165 4062 mortuos;
3213 3999 3330 4068 quis
3371 4013 3492 4052 eum
3523 3998 3849 4053 Christianus

2250 4089 2515 4158 patienter
2543 4089 2788 4146 audiret?
2833 4091 3030 4146 Tamen
3064 4093 3114 4146 in
3147 4091 3456 4161 Evangelio,
3491 4091 3593 4157 Qui
3636 4110 3741 4160 me,
3773 4094 3852 4146 in-

2251 4183 2384 4251 quit,
2414 4183 2657 4252 confusus
2702 4183 2873 4254 fuerit,
2905 4194 2954 4238 et
2979 4185 3126 4238 verba
3149 4201 3281 4252 mea,
3309 4185 3361 4238 in
3403 4187 3733 4255 generatione
3756 4187 3852 4238 ista

2251 4274 2485 4329 adultera
2524 4285 2572 4330 et
2619 4276 2913 4343 peccatrice,
2943 4287 2990 4330 et
3031 4275 3198 4331 Filius
3244 4277 3462 4330 hominis
3507 4277 3853 4344 confundetur

2251 4383 2361 4420 eum
2406 4383 2521 4420 cum
2565 4369 2755 4422 venerit
2796 4369 2849 4422 in
2892 4370 3090 4439 gloria‘I
3142 4368 3316 4423 Patris
3359 4371 3439 4424 sui
3477 4383 3590 4423 cum
3640 4371 3854 4441 Angelis

2251 4462 2438 4515 sanctis
2469 4461 2656 4532 (Marc.
2689 4477 2800 4527 vui,
2833 4461 2945 4531 58).
2973 4459 3085 4517 Cur
3125 4471 3304 4516 autem
3348 4471 3561 4517 orantes
3589 4461 3850 4525 dicimus,

2252 4554 2613 4623 Sancti/icetur
2659 4571 2838 4609 nomen
2885 4566 3025 4608 tuum
3077 4553 3288 4626 (Matth.
3321 4571 3392 4618 vr,
3426 4555 3506 4625 9),
3554 4554 3600 4609 si
3631 4569 3854 4623 semper

2249 4656 2332 4699 est
2375 4657 2651 4712 sanctum;
2694 4647 2794 4701 nisi
2839 4647 2962 4716 quia
2989 4661 3170 4701 verum
3211 4656 3292 4701 est
3332 4655 3384 4702 et
3415 4646 3554 4716 quod
3584 4648 3853 4717 scriptum

2251 4747 2331 4792 est
2356 4738 2422 4791 de
2447 4738 2782 4807 quibusdam,
2815 4739 2937 4809 quia
2971 4740 3258 4809 polluerunt
3287 4755 3468 4792 nomen
3517 4739 3734 4793 Domini
3763 4738 3855 4791 Dei

2249 4831 2328 4884 sui
2355 4829 2563 4901 (Επειδὴ.
2589 4847 2735 4896 xuu,
2761 4832 2861 4901 8)?
2908 4834 2971 4888 Et
3001 4845 3097 4888 ettr
3119 4833 3318 4888 dictum
3344 4844 3425 4888 est
3451 4834 3704 4896 Domino,
3744 4833 3856 4888 Me-

2249 4934 2416 4977 mento
2440 4927 2536 4978 inci
2560 4942 2673 4978 cum
2693 4927 2884 4981 veneris
2903 4927 2955 4980 in
2976 4935 3183 4997 regnum
3212 4936 3354 4979 tuum
3385 4925 3531 4997 (Luc.
3562 4939 3720 4991 mn,
3741 4923 3852 4995 42),

2249 5019 2296 5072 si
2340 5017 2470 5071 nihil
2504 5019 2872 5084 obliviscitur;
2927 5019 3026 5072 nisi
3069 5019 3328 5089 quianon
3378 5017 3722 5088 insipienter,
3758 5017 3855 5072 sed

2250 5110 2606 5181 iutelligenter
2635 5111 2683 5165 ei
2709 5110 2920 5172 dicitur,
2945 5109 3516 5178 Oblivisceris‘inopium
3544 5118 3783 5163 nostram
3811 5117 3858 5163 et

2250 5203 2624 5258 tribulationem
2650 5212 2872 5256 nostram
2899 5199 3074 5269 (Psal.
3096 5217 3244 5266 xun,
3271 5199 3399 5274 ~24)?
3429 5201 3567 5270 Ergo
3587 5207 3650 5255 et'
3669 5202 3860 5256 scien-

2249 5306 2331 5351 ter
2361 5299 2558 5354 nesci‘t:
2607 5304 2661 5350 et
2685 5295 2827 5365 quod
2868 5302 3082 5365 semper
3111 5295 3284 5359 scivit,
3314 5293 3597 5364 aliquando
3639 5305 3858 5364 cognm

2249 5387 2381 5450 scit;
2428 5394 2629 5440 etcum
2657 5386 3014 5456 exstinguitur
3049 5401 3078 5438 a
3117 5386 3449 5454 negantibus,
3489 5385 3856 5455 incx‘stingui-

2249 5481 2376 5536 bilis
2410 5489 2720 5550 permanet;
2753 5489 2806 5534 et
2853 5479 3137 5549 tranquille
3181 5480 3458 5544 irascitur;
3503 5486 3555 5533 et
3585 5479 3856 5534 confundi

2311 5666 2328 5697 ί
2364 5672 2572 5713 Veteres
2619 5662 2842 5721 codices,
2896 5658 3004 5724 quis
3054 5663 3210 5710 eruat.
3247 5664 3389 5707 Forte
3428 5669 3548 5720 pro,
3583 5655 3695 5719 quis
3743 5669 3856 5707 ser-

2246 5735 2337 5820 vat;
2364 5795 2411 5837 tn
2437 5795 2502 5846 8.,
2526 5788 2576 5838 in
2595 5786 2814 5851 gloriam.
2842 5784 3012 5851 melius
3033 5796 3141 5833 cum
3165 5789 3238 5831 Er.
3268 5780 3559 5851 ct_\'tilgata,
3576 5780 3628 5831 in
3649 5780 3857 5846 gloria;

2248 5867 2326 5905 cui
2351 5842 2548 5903 lectioni
2564 5842 2776 5915 graecum
2801 5847 3130 5911 adstipulatur,
3159 5858 3217 5895 en
3240 5844 3284 5895 te
3303 5842 3444 5894 doxé.
3546 5851 3602 5892 tt.
