4094 6442
241 415 352 488 non
379 434 576 501 potest,
594 425 754 482 etiam
779 399 992 495 quando
1016 395 1357 496 confunditur
1375 432 1400 501 ;>
1418 389 1474 474 ei
1501 395 1694 501 nomen
1722 389 1838 486 eius

243 495 410 596 p'ollul
455 525 563 575 non
607 513 804 590 potest,
835 516 994 571 etiam
1025 495 1574 596 quando‘l'polluitui';
1617 495 1670 562 el
1699 499 1839 596 obli'f

243 585 378 670 visci
404 627 512 667 non
540 615 735 681 petest,
758 605 917 663 etiam
944 595 1158 678 quando
1184 585 1542 668 obliviscitur;
1573 607 1627 654 et
1653 591 1842 678 hiemi;

245 707 360 774 nit,
392 675 558 760 etiam
595 699 808 773 quando
855 675 1193 754 admonetur.
1269 693 1359 750 Sic
1407 705 1490 749 est
1537 675 1840 774 ineffabilis.

247 765 374 856 Ilaec
401 798 544 854 enim
576 765 644 851 de
687 793 779 850 illo
817 792 1086 856 dicuntur,
1115 789 1182 846 de
1223 787 1330 860 quo
1357 785 1490 841 nihil
1528 765 1597 840 ab
1627 777 1844 866 homine

247 891 334 948 vel
365 885 599 945 hominis
638 885 769 942 satis
797 885 958 957 digne
984 893 1038 940 et
1065 883 1194 938 satis
1231 869 1598 952 cdmpetenter
1626 875 1840 957 dicitur.

249 985 378 1051 Qua:
415 997 537 1036 cum
565 977 636 1034 ita
664 980 791 1043 sint,
815 978 933 1048 quis
965 971 1242 1045 religiosus
1271 969 1376 1026 non
1412 971 1570 1024 istum
1596 953 1847 1023 exsufflet

249 1085 306 1130 ut
354 1075 664 1144 pulverem,
708 1067 864 1142 quem
930 1067 1143 1138 projicit
1190 1061 1376 1120 ventus
1431 1078 1461 1117 a
1506 1059 1640 1116 facie
1692 1068 1848 1144 terra:

251 1169 422 1243 (Psal.
468 1183 507 1234 ι,
550 1137 654 1236 4);ί
690 1137 779 1235 qui
811 1137 1018 1217 tuiiiens
1045 1169 1099 1217 et
1142 1155 1310 1214 elatus
1351 1166 1510 1227 atque
1555 1145 1762 1210 irruens
1793 1137 1846 1206 in

251 1262 436 1317 oculos
483 1247 841 1322 infirmorum,
871 1269 1070 1324 eosque
1110 1250 1453 1324 perturbans,
1495 1245 1705 1302 videtur
1748 1243 1848 1300 sibi

253 1353 455 1424 aliquid
507 1347 721 1420 dicere,
775 1347 1048 1420 arguendo
1093 1331 1258 1402 verba
1317 1343 1372 1400 in
1419 1341 1615 1398 Vetere
1657 1325 1850 1426 Testa-

255 1421 437 1502 mento
463 1460 584 1516 qua:
611 1459 722 1500 non
759 1435 1026 1511 intelligit,
1055 1453 1157 1496 nec
1185 1433 1438 1494 intuendo
1463 1449 1583 1508 qua:
1623 1427 1676 1488 in
1701 1421 1850 1486 Novb

255 1535 548 1609 intelligit?
669 1609 672 1612 _
819 1603 822 1608 ι

323 1633 414 1688 42.
457 1627 574 1687 Hoc
597 1609 772 1686 autem
799 1627 865 1685 de
889 1617 1198 1699 paenitentia
1231 1625 1344 1692 Dei,
1377 1621 1518 1679 unde
1547 1619 1742 1676 factum
1771 1609 1852 1673 cst

253 1725 312 1779 ut
341 1719 726 1794 loqueremur,
772 1711 892 1778 eum
934 1729 1478 1776 commemoraremus
1519 1701 1850 1784 prophetiam

257 1803 324 1873 de
357 1791 606 1882 Christo,
641 1815 732 1871 ubi
759 1799 956 1870 dicium
988 1823 1104 1880 est,
1146 1803 1346 1866 Iuravit
1385 1809 1634 1864 Dominus
1675 1791 1720 1862 et
1751 1822 1853 1860 non

255 1909 514 1982 pmnitebit
537 1925 648 1962 cum
671 1949 685 1972 ,
717 1905 798 1961 Tu
827 1923 878 1960 es
901 1903 1136 1960 sacerdos
1168 1905 1224 1958 in
1259 1914 1502 1958 internum
1521 1943 1538 1968 ,
1581 1898 1854 1956 secundum

257 1991 491 2055 ordinem
545 1995 921 2063 Melcltisedec,
969 1995 1034 2051 ad
1110 1993 1590 2051 commendandutn
1645 1988 1854 2046 sacrifi-

258 2089 396 2150 ciuiu
429 2093 684 2167 salutare,
715 2087 766 2146 in
796 2108 901 2162 qun
931 2106 1028 2161 pro
1058 2085 1211 2144 nobis
1237 2103 1388 2142 sacer
1411 2085 1626 2156 sanguis
1655 2081 1856 2139 effusus

257 2197 380 2252 est,
427 2187 582 2256 cujus
627 2185 832 2240 umbra;
880 2169 1092 2238 fuerant
1137 2179 1425 2246 sacrificia,
1458 2193 1576 2249 quae
1600 2175 1668 2232 de
1694 2188 1856 2246 peco-

258 2275 406 2334 ribus
438 2269 796 2332 immaculatis
819 2276 966 2348 jussa
996 2269 1120 2329 Sunt
1148 2272 1410 2328 immolari
1443 2289 1456 2326 :
1490 2269 1591 2325 hoc
1619 2283 1746 2338 ergo
1789 2265 1858 2322 de

261 2369 586 2442 poenitentia
611 2351 706 2424 Dei
733 2411 748 2436 ,
775 2383 844 2424 ne
870 2367 947 2424 sic
972 2383 1090 2422 eam
1133 2373 1344 2438 putaret
1377 2359 1770 2432 accipiendam,
1801 2367 1859 2413 ut

259 2479 326 2519 ex
355 2479 422 2519 eo
452 2459 596 2536 quod
627 2477 728 2517 non
757 2459 1034 2531 intelligit,
1069 2457 1122 2514 in
1148 2455 1598 2528 blasphemiarum
1637 2453 1860 2507 latratus

261 2545 486 2609 rabidus
535 2541 832 2620 insaniret,
881 2551 1110 2606 habebat
1153 2549 1294 2604 unde
1339 2553 1769 2602 con‘unuueretur
1807 2543 1860 2596 in

262 2647 532 2718 proximo.
585 2645 698 2717 Ipse
729 2641 924 2716 quippe
953 2641 1392 2699 Commemoravit
1420 2637 1588 2694 Deum
1617 2635 1816 2691 dixisse
1843 2651 1856 2690 :

263 2737 488 2794 Pwnitet
527 2755 605 2794 me
635 2739 842 2793 unxisse
865 2733 995 2793 Saitl
1033 2735 1084 2790 in
1119 2751 1286 2806 regem
1307 2734 1348 2788 ¹.
1379 2731 1492 2786 Hoc
1515 2739 1693 2784 autem
1725 2721 1861 2782 scri-

263 2841 413 2904 ptum
465 2839 548 2886 est
594 2829 825 2886 Samueli
869 2835 1052 2883 sancto
1091 2825 1290 2882 dictum
1331 2821 1531 2892 fuisse,
1587 2835 1680 2890 per
1703 2833 1862 2888 quem

267 2927 412 2981 Deus
441 2925 616 2996 arguit
645 2923 856 2978 Saﬁlem
879 2965 893 2990 ,
922 2917 1061 2992 quod
1092 2919 1294 2974 homini
1320 2933 1476 2989 quem
1509 2911 1651 2970 Deus
1694 2909 1864 2967 occidi

263 3019 542 3091 iusserat,
593 3017 958 3088 pepercisset,
990 3013 1248 3069 exhibens
1272 3003 1418 3066 velut
1446 3001 1866 3063 misericordiam

267 3113 576 3179 contempta
605 3105 904 3163 obedientia
937 3125 950 3160 :
983 3105 1132 3176 quasi
1163 3119 1292 3159 vero
1321 3099 1512 3156 melius
1535 3107 1716 3152 nosset
1740 3095 1866 3168 quid

267 3204 334 3260 de
367 3203 589 3258 homine
619 3193 735 3257 ﬁeri
763 3200 1042 3263 debuerit,
1072 3212 1231 3269 quam
1260 3195 1348 3250 ille
1377 3195 1464 3264 qui
1489 3191 1758 3254 hominem
1787 3191 1864 3244 fe-

269 3297 362 3350 cit.
399 3293 502 3350 Ubi
525 3289 668 3365 quod
693 3283 1104 3347 saluberrimum
1135 3297 1218 3344 est
1241 3285 1494 3341 discimus
1515 3325 1530 3350 ,
1573 3291 1630 3337 ut
1655 3289 1867 3350 semper

271 3385 514 3442 divinum
543 3375 866 3456 praeceptum
892 3425 908 3450 ,
936 3383 1226 3436 bu'mauum
1267 3380 1319 3434 in
1347 3377 1501 3432 nobis
1537 3377 1713 3440 vincat
1741 3372 1868 3428 affe-

269 3483 438 3534 ctum.
473 3477 618 3534 Idem
649 3471 826 3532 tamen
857 3471 1073 3530 Samuel
1103 3471 1188 3528 cui
1217 3471 1428 3526 dixerat
1457 3470 1628 3534 Deus,
1651 3463 1868 3522 Paenitet

271 3588 350 3624 me
369 3570 579 3625 auxisse
603 3567 736 3624 Sail
757 3568 810 3621 in
831 3583 1031 3638 regem;
1062 3563 1190 3619 dicit
1215 3561 1496 3617 evidenter
1514 3601 1528 3626 ,
1567 3560 1732 3613 Deum
1762 3572 1868 3611 non

255 3663 559 3732 'pt'znilcre.
591 3659 722 3714 Nam
751 3659 819 3712 ita
847 3649 1102 3726 scriptilfit
1129 3641 1247 3710 est:
1275 3651 1346 3706 Et
1366 3655 1555 3723 factum
1575 3657 1644 3704 est
1666 3648 1869 3702 uerbum

273 3753 488 3808 Domini
533 3751 602 3805 ad
649 3737 898 3814 Samuel,
926 3743 1140 3812 dicens,-
1181 3743 1396 3799 Pam'itet
1425 3757 1504 3795 me
1523 3739 1656 3810 quod
1683 3735 1870 3794 consti-

277 3847 464 3901 tuerim
492 3843 622 3900 sua:
648 3829 702 3897 in
727 3841 930 3913 regem,
972 3837 1212 3910 quoniam
1246 3833 1450 3890 aversus
1491 3841 1564 3888 est
1601 3833 1634 3885 ά
1673 3847 1783 3895 me,
1824 3839 1870 3886 et

271 3941 432 3996 uerba
477 3937 588 3992 med
629 3941 731 3990 non
774 3927 1040 4008 custodiuit
1067 3949 1086 3986 :
1127 3913 1198 3986 Et
1222 3927 1381 4000 paulo
1409 3933 1532 3998 post
1566 3921 1710 3980 Sauli
1738 3923 1872 3978 dixit

269 4033 398 4105 ipse
416 4029 628 4087 Samuel
655 4027 922 4098 :Disrupit
951 4021 1196 4080 Dominus
1221 4023 1430 4093 regnum
1452 4017 1618 4074 Israel
1635 4017 1697 4070 de
1717 4031 1872 4070 manu

273 4137 370 4181 tua
397 4125 572 4188 hodie,
603 4133 652 4178 et
677 4119 816 4176 dabit
839 4121 970 4175 illud
997 4119 1226 4191 proximo
1268 4111 1352 4170 tuo
1391 4114 1519 4168 bono
1551 4129 1704 4183 super
1724 4121 1804 4180 te,
1827 4119 1873 4166 et

273 4219 534 4273 diridetiir
559 4213 726 4271 Israel
749 4213 802 4270 in
828 4216 930 4270 duo
955 4231 972 4268 :
1008 4215 1052 4268 et
1079 4211 1180 4268 itan
1208 4209 1517 4266 c'oiw'erwtu'r
1535 4250 1551 4274 ,
1580 4217 1737 4278 neque
1764 4197 1871 4277 pa:-

275 4309 454 4366 nitebit
477 4325 631 4375 eum;
661 4307 898 4378 quoniam
927 4303 1027 4360 rion
1066 4303 1138 4359 est
1173 4303 1300 4358 Sicut
1342 4293 1491 4356 flante
1513 4343 1527 4367 ,
1554 4305 1609 4355 ut
1637 4301 1874 4370 paeniteat

277 4407 396 4460 eum
422 4407 440 4474 (
465 4403 486 4458 ι
509 4403 638 4474 Reg.
663 4417 756 4466 xv,
789 4393 848 4456 li
870 4443 884 4467 ,
911 4397 1012 4463 28,
1043 4399 1114 4454 29
1135 4397 1176 4468 ).
1208 4389 1346 4453 Ecce
1375 4391 1462 4465 qui
1499 4381 1724 4449 noverat
1743 4394 1764 4424 ¹
1790 4393 1873 4446 in-

279 4499 522 4570 telligere
569 4493 736 4552 Deum
789 4495 904 4550 sine
949 4491 1204 4547 miSeria'
1247 4485 1626 4552 miserantem,
1655 4487 1770 4541 sine
1797 4485 1874 4539 ira

277 4594 626 4656 irascentem,
659 4587 774 4644 sine
799 4585 914 4642 zelo
938 4585 1220 4649 zelantem,
1248 4581 1362 4637 sine
1389 4579 1654 4636 oblivione
1681 4575 1872 4631 oblivi-

279 4687 546 4746 secutam,
581 4683 696 4737 sine
721 4671 1016 4752 ignorantia
1047 4663 1394 4741 nescientem,
1424 4673 1540 4728 sine
1564 4669 1882 4742 poenitentia

279 4765 638 4848 paenitentem
667 4789 682 4827 :
713 4775 819 4826 non
847 4767 948 4826 iste
973 4769 1062 4839 qui
1088 4763 1377 4823 Secundum
1405 4763 1626 4820 Verbum
1655 4759 1744 4816 Dei
1771 4757 1874 4815 non

283 4867 579 4939 quucndo,
610 4861 664 4921 et
691 4859 919 4919 Littéras
945 4853 1059 4932 ejits
1083 4861 1190 4916 non
1211 4853 1618 4924 considerando,
1642 4863 1695 4909 et
1721 4851 1878 4908 voces

285 4957 471 5018 carum
521 4973 628 5012 non
677 4949 1004 5034 adverterido
1028 4994 1041 5016 ,
1092 4950 1260 5006 Iactus
1299 4955 1381 5005 cst
1417 4949 1596 5004 mutus
1632 4943 1875 5012 latrator,

283 5053 462 5107 cretus
489 5051 678 5115 lectOr,
709 5041 902 5102 surdus
925 5035 1155 5100 auditor.

359 5141 448 5199 45.
493 5111 780 5196 Oblivios'us
804 5180 818 5204 ,
849 5137 1058 5208 inquit,
1101 5119 1238 5188 Deus
1281 5141 1328 5187 et
1365 5127 1592 5186 emortua
1637 5111 1882 5182 memorid

285 5247 466 5294 arcum
495 5229 662 5310 posuit
691 5229 744 5290 in
768 5231 982 5288 nubibus
1005 5273 1020 5297 ,
1047 5229 1135 5302 qui
1155 5227 1246 5283 iris
1275 5215 1479 5310 dicitur,
1502 5215 1634 5310 tiride
1654 5235 1882 5278 commo-

287 5305 631 5386 neatur'non
690 5325 910 5399 amplius
962 5323 1240 5377 humanum
1287 5307 1444 5390 genus
1493 5305 1656 5372 delere
1694 5311 1882 5399 diluvio

287 5423 444 5496 (ent.
469 5437 544 5486 lx,
575 5397 792 5492 ιιι-ης
819 5415 940 5486 quid
964 5415 1080 5487 dgat
1105 5405 1308 5467 oiitnin'o
1339 5401 1583 5496 nei’ciens,
1607 5407 1688 5463 cui
1707 5397 1884 5496 inermi

291 5485 421 5582 opus
447 5513 510 5566 sit
539 5485 1032 5566 assiduo'me'ttitbre.
1065 5503 1168 5560 Isle
1189 5503 1315 5558 vero
1335 5491 1442 5557 illm
1469 5497 1726 5557 memdria
1747 5542 1762 5566 ,
1791 5485 1886 5555 sed

290 5606 472 5662 anima
515 5611 725 5659 mortua
768 5599 896 5672 quid
941 5587 1187 5671 loquatur
1229 5593 1515 5666 nesciens,
1555 5593 1603 5652 si
1644 5589 1699 5649 in
1727 5591 1888 5649 rebus

362 5741 380 5772 ί
415 5746 546 5800 Mss...
563 5736 616 5789 in
632 5749 852 5802 regnum.

361 5803 383 5864 ε
417 5805 470 5852 1n
493 5803 622 5862 uss,
645 5801 892 5864 noverant.

299 5936 326 5950 ἰ
363 5855 1425 5923 ιιιιωίωιινεῐομέηεπιίωῆωταω.

1603 297 1806 360 LIBER
1841 294 2110 354 PRIMUS.

3429 299 3532 356 630

1949 411 2305 496 apertioribus
2338 413 2694 470 calumniatur
2717 457 2732 484 ,
2762 423 2965 496 quanto
3005 417 3173 496 magis
3216 415 3444 488 caligat’
3481 417 3532 472 in

1951 491 2180 563 nnbibiis
2203 549 2218 576 ,
2249 489 2302 564 et
2327 503 2555 592 delirare
2590 489 2973 584 compellitur?
3005 507 3100 568 Cui
3141 489 3314 569 tamen
3339 521 3405 584 ut
3429 515 3536 572 cito

1951 593 2304 682 reSpondeam
2331 646 2348 671 ,
2391 603 2460 658 ita
2491 603 2612 661 dico
2654 605 2820 661 Deum
2867 605 3140 662 admoneri
3171 621 3229 662 se
3265 607 3534 674 voluisse,

1951 689 2192 764 quamvis
2220 711 2322 750 non
2354 691 2422 750 Sit
2448 697 2664 764 oblitus,
2697 698 2832 754 sicut
2853 697 3098 754 Christus
3122 698 3304 756 doceri
3345 714 3406 756 se
3437 714 3537 754 vo-

1950 783 2047 868 luit
2079 787 2166 842 ubi
2209 781 2441 858 Lazarus
2486 791 2689 862 positus
2731 790 2930 858 fuerit,
2958 775 3202 864 quamvis
3245 775 3540 858 nonesset

1951 873 2188 949 ignarus.
2211 879 2348 936 Nolo
2367 881 2510 936 enim
2533 881 2732 950 dicere,
2756 898 2892 954 quos
2911 899 3067 939 arcus
3095 877 3186 939 ille
3207 881 3474 956 significet
3495 885 3538 950 ³,

1951 973 2300 1062 resplendens
2326 990 2358 1032 e
2384 976 2612 1034 nubibus
2639 975 2843 1050 fulgore
2865 1019 2882 1046 ,
2910 987 2965 1034 et
2993 979 3156 1034 radiis
3185 978 3404 1033 luminis
3432 992 3540 1048 quo

1953 1065 2164 1120 roscida
2211 1065 2504 1123 illustratur
2561 1068 2858 1124 obscuritas
2881 1111 2898 1138 ,
2941 1080 3090 1140 grata
3121 1070 3349 1142 quodam
3381 1069 3542 1124 modo

1954 1157 2292 1218 confessione
2321 1163 2692 1232 respondens;
2724 1173 2776 1220 et
2805 1164 3074 1234 quomodo
3104 1165 3243 1220 Deus
3283 1181 3388 1220 non
3416 1178 3542 1234 per-

1955 1251 2045 1306 dat
2073 1253 2255 1308 orbem
2285 1254 2482 1311 diluvio
2511 1257 2770 1327 spirituali
2792 1299 2806 1320 .
2837 1257 2965 1312 dum
2995 1265 3077 1314 est
3101 1273 3286 1313 eorum
3311 1273 3539 1326 memor,

1956 1361 2182 1436 quorum
2229 1347 2535 1403 illuminataz
2581 1349 2751 1406 nubes
2795 1349 3016 1420 figuram
3059 1359 3252 1422 gerunt
3294 1368 3308 1406 :
3351 1349 3542 1406 horum

1957 1438 2097 1524 enim
2131 1439 2343 1524 nomina
2374 1440 2571 1524 scripta
2601 1449 2724 1495 sunt
2750 1440 2803 1495 in
2829 1440 2980 1497 caelis
3005 1483 3018 1506 ,
3046 1450 3108 1497 ut
3132 1457 3338 1497 memor
3361 1443 3432 1496 sit
3451 1457 3544 1498 eo-

1956 1523 2076 1606 rtlm
2120 1523 2275 1585 Pater
2315 1531 2404 1602 qui
2452 1523 2534 1587 est
2577 1531 2628 1588 in
2673 1533 2860 1598 caelis;
2905 1533 3156 1606 quoniam
3197 1549 3302 1588 non
3341 1533 3410 1589 de
3447 1548 3546 1590 suo

1957 1611 2138 1676 lucere
2161 1636 2219 1676 se
2243 1621 2448 1690 sciunt,
2467 1622 2570 1702 sed
2600 1623 2668 1678 de
2696 1624 2808 1698 sole
2829 1623 3222 1693 justitiat,sicut
3247 1624 3350 1679 ilhc
3377 1625 3546 1680 nubes

1959 1709 2026 1768 de
2055 1713 2168 1766 sole
2194 1712 2411 1798 visibili.
2458 1699 2563 1770 Sed
2590 1730 2658 1770 ex
2695 1714 2784 1768 illo
2811 1715 2952 1786 quod
2981 1715 3430 1782 commemoravi,
3461 1731 3548 1772 ur-

1958 1797 2163 1882 gendus
2190 1793 2292 1872 est,
2326 1807 2593 1878 quomodo
2617 1793 2842 1878 accipiat
2872 1809 3156 1863 Dominum
3188 1807 3456 1864 dicentem
3482 1807 3550 1864 de

1960 1897 2184 1984 Lazaro,
2203 1899 2266 1978 ‘U
2273 1901 2316 1953 bi
2349 1901 2586 1970 posuistis
2609 1918 2720 1955 eum
2752 1899 2932 1972 (Joau.
2963 1917 3040 1970 xt,
3069 1898 3160 1974 54)
3184 1918 3199 1966 ;
3227 1909 3281 1968 et
3307 1901 3456 1956 locus
3477 1901 3550 1969 ei,

1963 2001 2213 2063 tanquam
2241 1993 2484 2064 ignoret,
2516 1993 2834 2068 ostenditur.
2875 1993 2986 2048 Nisi
3023 1995 3164 2048 enim
3203 1993 3402 2064 aliquid
3427 2008 3552 2048 eum

1962 2083 2062 2138 ista
2090 2126 2102 2146 ,
2136 2099 2237 2154 qua
2267 2085 2510 2140 nesciens
2537 2086 2834 2154 videbatur,
2859 2085 3198 2154 inquisitione
3222 2085 3554 2156 significasse

1963 2175 2243 2242 fateamur,
2275 2177 2544 2247 quomodo
2575 2178 2926 2248 prmdicamus
2945 2177 3214 2232 Christum
3244 2193 3350 2234 non
3377 2179 3551 2236 solum

1963 2269 2128 2324 scisse
2150 2269 2456 2338 praesentia,
2479 2286 2666 2327 verum
2685 2271 2844 2326 etiam
2863 2269 3034 2326 futura
3055 2271 3370 2340 praescisse?
3391 2271 3556 2328 Maxi-

1967 2378 2052 2418 me
2079 2363 2200 2434 quia
2227 2365 2325 2419 iste
2350 2363 2402 2418 in
2434 2379 2554 2420 eam
2586 2379 2646 2422 se
2683 2365 3036 2436 pracipitavit
3059 2365 3286 2440 mirabili
3313 2367 3556 2424 caecitate

1965 2457 2310 2542 sententiam,
2343 2465 2402 2512 ut
2425 2458 2660 2528 diceret,
2693 2458 2858 2514 Nemo
2885 2459 2983 2514 nisi
3008 2459 3215 2532 ignarus
3239 2459 3514 2532 interrogat
3533 2460 3560 2516 Ρ

1969 2547 2068 2603 Ubi
2096 2550 2328 2632 cogitare
2359 2567 2464 2622 non
2491 2552 2701 2623 potuit,
2743 2555 2952 2623 quoties
2988 2551 3233 2608 Christus
3259 2553 3556 2623 interroga-

1969 2639 2126 2695 νει-ὴ.
2156 2643 2351 2698 Annon
2380 2643 2674 2714 interrogat
2697 2645 2784 2715 qui
2814 2644 2942 2700 dicit
2971 2663 2984 2698 :
3017 2643 3154 2710 Quid
3189 2643 3326 2700 vobis
3362 2645 3558 2700 videtur

1969 2733 2033 2788 de
2053 2735 2251 2790 Cltrislo
2273 2736 2298 2790 ?
2325 2737 2470 2802 cuius
2495 2746 2565 2792 est
2594 2737 2731 2810 ﬁlius
2754 2736 2964 2810 (Matth.
2989 2753 3122 2802 xxn,
3145 2737 3238 2808 42)
3255 2739 3278 2794 ?
3297 2737 3436 2805 Quid
3457 2737 3561 2794 hoc

1972 2826 2278 2904 testimonio
2309 2826 2677 2883 manifestius?
2705 2828 2858 2894 Quod
2891 2829 2936 2884 si
2982 2828 3204 2883 nimium
3242 2828 3410 2884 durus
3438 2837 3558 2896 est,

1972 2919 2229 2990 numquid
2258 2919 2416 2974 etiam
2445 2920 2516 2975 ibi
2537 2911 2750 2992 negabit
2773 2921 3131 2992 interrogasse
3151 2920 3448 2988 Christum,
3469 2921 3562 2977 ubi

1969 3026 2030 3068 se
2055 3012 2168 3084 ipse
2199 3013 2532 3084 interrogare
2557 3023 2781 3070 testatur
2804 3057 2820 3082 ,
2861 3015 3047 3070 dicens
3075 3033 3090 3070 :
3123 3014 3454 3086 Interrogata)
3477 3030 3564 3070 eos

1973 3115 2020 3160 et
2047 3123 2139 3178 ego
2167 3123 2323 3162 unum
2346 3123 2662 3174 sermonem;
2689 3125 2832 3177 quem
2861 3109 2905 3162 si
2933 3107 3164 3164 dixeritis
3201 3107 3326 3162 mihi
3351 3147 3365 3173 ,
3399 3115 3444 3162 et
3468 3123 3559 3179 ego

1973 3197 2110 3254 vobis
2139 3199 2308 3252 dicam
2333 3200 2386 3254 in
2411 3216 2510 3272 qua
2531 3208 2774 3272 potestate
2794 3201 2900 3256 hiet:
2922 3201 3055 3272 facio
3078 3199 3380 3268 :Baptisma
3396 3199 3564 3255 Joan-

1973 3289 2054 3344 nis
2081 3289 2216 3344 unde
2242 3290 2395 3345 erat?
2419 3308 2448 3346 e
2469 3291 2593 3346 atrio
2611 3332 2628 3360 ,
2659 3307 2726 3344 an
2755 3307 2818 3346 ea:
2845 3290 3130 3346 hominibus
3158 3291 3278 3362 (Id.
3307 3307 3395 3346 xxi
3414 3333 3430 3359 ,
3459 3291 3562 3358 94.,

1972 3379 2127 3458 $5)?
2177 3381 2272 3438 Ubi
2317 3398 2458 3440 nunc
2499 3399 2558 3440 se
2600 3383 2894 3440 abscondet
2935 3384 3338 3453 loquacissimus
3379 3393 3568 3440 contra

1976 3470 2185 3550 Deum,
2218 3483 2272 3528 et
2297 3474 2758 3548 desperatissimus
2781 3475 3119 3547 disputator?
3161 3475 3262 3532 Ubi
3304 3485 3386 3532 est
3423 3476 3566 3548 quod

1975 3564 2070 3631 ait,
2108 3563 2274 3620 Nemo
2298 3567 2398 3621 nisi
2421 3567 2630 3640 ignarus
2656 3567 2976 3640 interrogat?
2998 3568 3136 3622 Ecce
3155 3567 3396 3622 Christus
3414 3569 3566 3638 igna-

1975 3671 2068 3736 rus
2096 3672 2204 3712 non
2231 3667 2352 3727 est,
2393 3667 2448 3715 et
2485 3668 2660 3716 tamen
2693 3661 3004 3732 interrogat.
3051 3660 3146 3716 His
3172 3675 3366 3732 nempe
3397 3661 3568 3718 oculis

1975 3748 2322 3820 reprehendit
2368 3750 2754 3821 Pr0pbetarum
2804 3753 3012 3818 Deum,
3055 3753 3244 3822 quibus
3283 3765 3388 3808 non
3425 3755 3570 3810 videt

1975 3841 2266 3926 Christum.
2293 3843 2400 3898 Sed
2422 3844 2474 3899 in
2497 3845 2688 3900 talibus
2709 3845 3208 3916 interregationibus
3233 3845 3570 3917 apertissime

1977 3933 2164 4018 doctor
2189 3943 2272 3992 est
2297 3935 2558 3992 Christus.
2589 3935 2644 3991 In
2667 3936 2750 3991 his
2776 3945 2954 3992 autem
2977 3937 3190 4008 quando
3211 3938 3318 4005 ait,
3355 3937 3454 3994 Ubi
3471 3951 3570 4012 po-

1977 4028 2148 4104 suistis
2173 4021 2324 4084 eum?
2349 4037 2438 4093 et,
2471 4029 2596 4098 Quis
2623 4045 2703 4086 me
2733 4030 2894 4101 tetigit
2917 4027 3088 4102 (Luc.
3117 4045 3212 4085 vni
3231 4073 3246 4096 ,
3269 4029 3372 4102 45)
3397 4030 3422 4085 ?
3445 4041 3499 4086 et
3525 4032 3570 4087 si

1978 4121 2104 4192 quid
2148 4121 2347 4178 dixisse
2390 4122 2694 4193 huiusmodi
2737 4123 2962 4194 legitur,
2997 4123 3206 4179 videtur
3227 4123 3408 4180 doceri
3432 4119 3572 4182 velle

1978 4212 2120 4292 quod
2149 4213 2358 4282 nescit,
2385 4223 2438 4268 et
2465 4224 2640 4270 tamen
2665 4214 2782 4270 scit.
2824 4214 2912 4270 Sic
2941 4229 3070 4286 ergo
3095 4225 3150 4272 et
3175 4215 3226 4270 in
3255 4215 3360 4272 illis
3397 4216 3572 4272 Libris

1981 4301 2122 4364 Deus
2149 4317 2402 4380 tanquam
2429 4308 2626 4364 oblitus
2651 4308 2986 4373 admonetur,
3016 4309 3112 4364 sed
3141 4317 3320 4364 tamen
3347 4309 3486 4366 absit
3515 4317 3572 4366 ut

1955 4403 2268 4474 'quidquam
2299 4417 2530 4472 unquam
2555 4401 2916 4458 obliviscatur.

1989 4563 1998 4570 η
2051 4498 2142 4555 44.
2182 4497 2320 4566 Quid
2363 4497 2492 4552 illud
2529 4497 2700 4567 ipsum
2727 4496 2870 4568 quod
2897 4496 3030 4552 dixit
3057 4497 3314 4554 Dominus
3339 4499 3566 4570 discipu-

1983 4587 2050 4644 lis
2075 4589 2186 4644 suis
2209 4630 2224 4655 ,
2259 4587 2522 4656 Gaudete,
2547 4589 2662 4654 quia
2693 4589 2896 4642 nomina
2933 4597 3098 4644 uestra
3139 4583 3328 4662 scripta
3363 4601 3480 4646 sunt
3521 4591 3575 4646 in

1983 4683 2120 4736 caelis
2151 4681 2262 4754 (Id.
2292 4696 2349 4747 x,
2375 4679 2492 4750 20),
2517 4695 2695 4736 nonne
2723 4680 2932 4736 videtur
2959 4689 3208 4752 tanquam
3237 4697 3302 4737 ex
3332 4675 3420 4736 ille
3447 4693 3574 4738 arcu

1983 4775 2072 4846 qui
2095 4773 2322 4844 refulget
2342 4789 2408 4828 ex
2435 4772 2682 4836 nubibus,
2705 4773 2848 4827 veldt
2867 4773 3182 4843 qnibusdam'
3204 4771 3254 4827 iit
3278 4773 3414 4828 cmlo
3438 4773 3575 4828 Deus

1985 4867 2178 4924 litteris
2215 4866 2534 4922 admoneri?
2577 4865 2688 4922 Nisi
2735 4866 2850 4921 haec
2895 4867 2980 4936 pie
3021 4865 3366 4936 accipiantur,
3405 4863 3577 4922 donec

1985 4958 2122 5042 fides
2145 4958 2394 5029 impetret
2433 4965 2490 5012 ut
2515 4957 2910 5028 intelligantur,
2944 4961 3122 5012 nonne
3145 4963 3203 5012 ut
3229 4949 3468 5012 fabulosa
3497 4958 3574 5014 ri-

1987 5050 2225 5108 dentur?
2253 5048 2455 5118 Quibus
2493 5049 2792 5118 ridentibus
2813 5091 2828 5116 ,
2865 5049 2965 5104 nisi
2995 5047 3364 5120 insipientibus
3385 5091 3401 5116 ,
3430 5057 3484 5105 et
3511 5049 3578 5106 cxi

1987 5144 2108 5216 ipso
2129 5159 2236 5215 quo
2261 5142 2528 5211 sapientes
2551 5142 2650 5198 sibi
2681 5141 2928 5196 videntur
2945 5183 2960 5208 ,
2989 5141 3156 5211 magis
3181 5133 3455 5212 m'aglsque
3483 5141 3580 5198 de-

1988 5233 2304 5293 mentibus?
2327 5232 2458 5304 Quis
2482 5233 2624 5290 enim
2651 5233 2856 5302 cogitat
2877 5231 3146 5302 quomodo
3172 5232 3238 5287 ad
3263 5229 3576 5290 memeriam'

1991 5328 2089 5386 Dei
2115 5327 2414 5384 scribantur
2439 5327 2490 5382 in
2515 5326 2667 5382 caelis
2691 5333 2974 5396 sequentes
3001 5323 3282 5380 Dominum
3303 5369 3317 5392 ,
3341 5327 3580 5382 derelliié

1992 5433 2218 5498 quentes
2243 5435 2421 5480 autem
2453 5423 2734 5478 Dominum
2760 5421 3060 5476 scribantur
3083 5420 3135 5474 in
3165 5427 3306 5476 terra
3327 5463 3341 5487 ,
3366 5420 3435 5478 de
3459 5423 3578 5493 qui-

1993 5519 2096 5576 bus
2116 5519 2372 5588 prepheta
2397 5514 2656 5571 Jeremias
2677 5513 2805 5568 dicit
2830 5530 2844 5567 :
2876 5512 3108 5568 Universi
3126 5514 3214 5585 qui
3231 5513 3584 5586 derelinquunt

1995 5619 2046 5668 te
2066 5653 2081 5680 ,
2108 5609 2524 5684 confundantur;
2553 5606 2834 5661 recedentes
2853 5605 2896 5672 ³,
2933 5621 3086 5675 super
3133 5611 3318 5660 terram
3362 5605 3586 5661 scribané

2061 5725 2080 5758 ί
2111 5729 2241 5782 Mss,
2263 5719 2566 5784 caliginatur.
2591 5723 2710 5778 Am.,
2733 5715 2984 5784 caligatur.

2059 5787 2092 5846 '_
2113 5787 2186 5836 sic
2205 5775 2315 5846 Mss.
2337 5775 2456 5846 ἑόίή
2475 5787 2660 5840 autem,
2817 5775 2962 5830 iretis
2979 5777 3064 5846 ille
3083 5775 3338 5845 signiﬁcet.

2064 5843 2092 5883 ⁵
2117 5847 2240 5898 aliti
2260 5843 2460 5908 addunt,
2481 5857 2514 5894 a
2535 5847 2610 5906 te;
2631 5842 2758 5906 quod
2781 5855 2810 5892 a
2827 5851 2934 5894 Mss.
2959 5843 3104 5894 abest
3127 5842 3180 5894 et
3199 5842 3229 5893 ἁ
3249 5848 3380 5892 LXX.

1961 5955 2020 5985 ..ηΑ
