  <div class='ocr_page' id='page_1' title='image "/cluster/home/n/w/nwhite01/storage/ocr_20150623/42/hvd.32044015471493/321.png"; bbox 0 0 4094 6440; ppageno 0'>
   <div class='ocr_carea' id='block_1_1' title="bbox 507 346 608 404">
    <p class='ocr_par' dir='ltr' id='par_1_1' title="bbox 507 346 608 404">
     <span class='ocr_line' id='line_1_1' title="bbox 507 346 608 404; baseline 0.02 -2"><span class='ocrx_word' id='word_1_1' title='bbox 507 346 608 404; x_wconf 76' lang='lat'><strong>63!</strong></span> 
     </span>
    </p>
   </div>
   <div class='ocr_carea' id='block_1_2' title="bbox 509 452 2098 532">
    <p class='ocr_par' dir='ltr' id='par_1_2' title="bbox 509 452 2098 532">
     <span class='ocr_line' id='line_1_2' title="bbox 509 452 2098 532; baseline -0.003 -20"><span class='ocrx_word' id='word_1_2' title='bbox 509 468 594 513; x_wconf 88' lang='lat' dir='ltr'><strong>tur</strong></span> <span class='ocrx_word' id='word_1_3' title='bbox 622 457 846 532; x_wconf 83' lang='lat' dir='ltr'><strong>(Jerem.</strong></span> <span class='ocrx_word' id='word_1_4' title='bbox 875 475 982 516; x_wconf 78' lang='lat' dir='ltr'><strong>xvu</strong></span> <span class='ocrx_word' id='word_1_5' title='bbox 999 502 1015 528; x_wconf 93' lang='lat'><strong>,</strong></span> <span class='ocrx_word' id='word_1_6' title='bbox 1042 461 1109 516; x_wconf 79' lang='grc'>15</span> <span class='ocrx_word' id='word_1_7' title='bbox 1131 462 1148 531; x_wconf 96' lang='grc'>)</span> <span class='ocrx_word' id='word_1_8' title='bbox 1174 462 1198 515; x_wconf 87' lang='lat'><strong>?</strong></span> <span class='ocrx_word' id='word_1_9' title='bbox 1221 461 1366 530; x_wconf 83' lang='lat' dir='ltr'><strong>Quos</strong></span> <span class='ocrx_word' id='word_1_10' title='bbox 1388 460 1524 515; x_wconf 83' lang='lat' dir='ltr'><strong>bene</strong></span> <span class='ocrx_word' id='word_1_11' title='bbox 1553 457 1865 529; x_wconf 76' lang='lat' dir='ltr'><strong>intelligitur</strong></span> <span class='ocrx_word' id='word_1_12' title='bbox 1891 452 2098 526; x_wconf 82' lang='lat' dir='ltr'><strong>signifi-</strong></span> 
     </span>
    </p>
   </div>
   <div class='ocr_carea' id='block_1_3' title="bbox 507 546 2100 622">
    <p class='ocr_par' dir='ltr' id='par_1_3' title="bbox 507 546 2100 622">
     <span class='ocr_line' id='line_1_3' title="bbox 507 546 2100 622; baseline -0.004 -17"><span class='ocrx_word' id='word_1_13' title='bbox 507 564 662 606; x_wconf 84' lang='lat' dir='ltr'><strong>casse</strong></span> <span class='ocrx_word' id='word_1_14' title='bbox 689 550 844 608; x_wconf 81' lang='lat' dir='ltr'><strong>Jesus</strong></span> <span class='ocrx_word' id='word_1_15' title='bbox 871 595 888 620; x_wconf 94' lang='lat'><strong>,</strong></span> <span class='ocrx_word' id='word_1_16' title='bbox 915 552 1126 622; x_wconf 86' lang='lat' dir='ltr'><strong>quando</strong></span> <span class='ocrx_word' id='word_1_17' title='bbox 1150 551 1316 606; x_wconf 78' lang='lat' dir='ltr'><strong>Judaei</strong></span> <span class='ocrx_word' id='word_1_18' title='bbox 1343 549 1468 605; x_wconf 93' lang='lat' dir='ltr'><strong>victi</strong></span> <span class='ocrx_word' id='word_1_19' title='bbox 1497 556 1657 619; x_wconf 82' lang='lat' dir='ltr'><strong>atque</strong></span> <span class='ocrx_word' id='word_1_20' title='bbox 1699 546 1906 604; x_wconf 80' lang='lat' dir='ltr'><strong>confusi</strong></span> <span class='ocrx_word' id='word_1_21' title='bbox 1931 587 1946 612; x_wconf 89' lang='lat'><strong>,</strong></span> <span class='ocrx_word' id='word_1_22' title='bbox 1977 559 2100 600; x_wconf 90' lang='lat' dir='ltr'><strong>cum</strong></span> 
     </span>
    </p>
   </div>
   <div class='ocr_carea' id='block_1_4' title="bbox 510 641 2099 714">
    <p class='ocr_par' dir='ltr' id='par_1_4' title="bbox 510 641 2099 714">
     <span class='ocr_line' id='line_1_4' title="bbox 510 641 2099 714; baseline -0.003 -17"><span class='ocrx_word' id='word_1_23' title='bbox 510 643 802 710; x_wconf 84' lang='lat' dir='ltr'><strong>audissent,</strong></span> <span class='ocrx_word' id='word_1_24' title='bbox 841 645 941 712; x_wconf 86' lang='lat' dir='ltr'><strong>Qui</strong></span> <span class='ocrx_word' id='word_1_25' title='bbox 963 647 1071 700; x_wconf 89' lang='lat' dir='ltr'><strong>sine</strong></span> <span class='ocrx_word' id='word_1_26' title='bbox 1093 654 1292 714; x_wconf 88' lang='lat' dir='ltr'><strong>peccato</strong></span> <span class='ocrx_word' id='word_1_27' title='bbox 1319 654 1389 698; x_wconf 88' lang='lat' dir='ltr'><strong>est</strong></span> <span class='ocrx_word' id='word_1_28' title='bbox 1410 686 1423 708; x_wconf 95' lang='lat'><strong>,</strong></span> <span class='ocrx_word' id='word_1_29' title='bbox 1455 645 1594 714; x_wconf 88' lang='lat' dir='ltr'><strong>prior</strong></span> <span class='ocrx_word' id='word_1_30' title='bbox 1628 643 1682 696; x_wconf 93' lang='lat' dir='ltr'><strong>in</strong></span> <span class='ocrx_word' id='word_1_31' title='bbox 1704 642 1847 697; x_wconf 88' lang='lat' dir='ltr'><strong>illam</strong></span> <span class='ocrx_word' id='word_1_32' title='bbox 1879 641 2099 712; x_wconf 86' lang='lat' dir='ltr'><strong>lapidem</strong></span> 
     </span>
    </p>
   </div>
   <div class='ocr_carea' id='block_1_5' title="bbox 507 732 2101 807">
    <p class='ocr_par' dir='ltr' id='par_1_5' title="bbox 507 732 2101 807">
     <span class='ocr_line' id='line_1_5' title="bbox 507 732 2101 807; baseline -0.002 -17"><span class='ocrx_word' id='word_1_33' title='bbox 507 736 683 805; x_wconf 84' lang='lat' dir='ltr'><strong>iaciat,</strong></span> <span class='ocrx_word' id='word_1_34' title='bbox 715 751 852 792; x_wconf 91' lang='lat' dir='ltr'><strong>unus</strong></span> <span class='ocrx_word' id='word_1_35' title='bbox 879 747 997 807; x_wconf 86' lang='lat' dir='ltr'><strong>post</strong></span> <span class='ocrx_word' id='word_1_36' title='bbox 1017 738 1240 792; x_wconf 90' lang='lat' dir='ltr'><strong>alterum</strong></span> <span class='ocrx_word' id='word_1_37' title='bbox 1265 743 1619 792; x_wconf 89' lang='lat' dir='ltr'><strong>recesserunt.</strong></span> <span class='ocrx_word' id='word_1_38' title='bbox 1644 735 1791 790; x_wconf 88' lang='lat' dir='ltr'><strong>Tunc</strong></span> <span class='ocrx_word' id='word_1_39' title='bbox 1811 742 1990 788; x_wconf 88' lang='lat' dir='ltr'><strong>autem</strong></span> <span class='ocrx_word' id='word_1_40' title='bbox 2011 732 2101 787; x_wconf 89' lang='lat' dir='ltr'><strong>ille</strong></span> 
     </span>
    </p>
   </div>
   <div class='ocr_carea' id='block_1_6' title="bbox 510 825 2097 899">
    <p class='ocr_par' dir='ltr' id='par_1_6' title="bbox 510 825 2097 899">
     <span class='ocr_line' id='line_1_6' title="bbox 510 825 2097 899; baseline -0.003 -16"><span class='ocrx_word' id='word_1_41' title='bbox 510 829 798 884; x_wconf 88' lang='lat' dir='ltr'><strong>ostendens</strong></span> <span class='ocrx_word' id='word_1_42' title='bbox 824 829 890 884; x_wconf 92' lang='lat' dir='ltr'><strong>de</strong></span> <span class='ocrx_word' id='word_1_43' title='bbox 915 844 1018 899; x_wconf 91' lang='lat' dir='ltr'><strong>quo</strong></span> <span class='ocrx_word' id='word_1_44' title='bbox 1048 844 1271 884; x_wconf 91' lang='lat' dir='ltr'><strong>numero</strong></span> <span class='ocrx_word' id='word_1_45' title='bbox 1296 837 1476 884; x_wconf 88' lang='lat' dir='ltr'><strong>essent</strong></span> <span class='ocrx_word' id='word_1_46' title='bbox 1499 870 1513 895; x_wconf 93' lang='lat'><strong>,</strong></span> <span class='ocrx_word' id='word_1_47' title='bbox 1544 828 1708 898; x_wconf 79' lang='lat' dir='ltr'><strong>digito</strong></span> <span class='ocrx_word' id='word_1_48' title='bbox 1747 825 2012 882; x_wconf 85' lang='lat' dir='ltr'><strong>scribebat</strong></span> <span class='ocrx_word' id='word_1_49' title='bbox 2042 825 2097 878; x_wconf 90' lang='lat' dir='ltr'><strong>in</strong></span> 
     </span>
    </p>
   </div>
   <div class='ocr_carea' id='block_1_7' title="bbox 511 920 1174 991">
    <p class='ocr_par' dir='ltr' id='par_1_7' title="bbox 511 920 1174 991">
     <span class='ocr_line' id='line_1_7' title="bbox 511 920 1174 991; baseline -0.003 -15"><span class='ocrx_word' id='word_1_50' title='bbox 511 929 656 976; x_wconf 84' lang='lat' dir='ltr'><strong>terra</strong></span> <span class='ocrx_word' id='word_1_51' title='bbox 683 920 863 990; x_wconf 83' lang='lat' dir='ltr'><strong>(Joan.</strong></span> <span class='ocrx_word' id='word_1_52' title='bbox 892 937 1003 988; x_wconf 81' lang='grc' dir='ltr'>νιιι,</span> <span class='ocrx_word' id='word_1_53' title='bbox 1038 921 1174 991; x_wconf 87' lang='lat'><strong>7-9).</strong></span> 
     </span>
    </p>
   </div>
   <div class='ocr_carea' id='block_1_8' title="bbox 583 1011 2103 1083">
    <p class='ocr_par' dir='ltr' id='par_1_8' title="bbox 583 1011 2103 1083">
     <span class='ocr_line' id='line_1_8' title="bbox 583 1011 2103 1083; baseline -0.003 -17"><span class='ocrx_word' id='word_1_54' title='bbox 583 1011 810 1068; x_wconf 83' lang='lat' dir='ltr'><strong>CAPUT</strong></span> <span class='ocrx_word' id='word_1_55' title='bbox 836 1011 977 1066; x_wconf 84' lang='lat' dir='ltr'><strong>XXI.</strong></span> <span class='ocrx_word' id='word_1_56' title='bbox 996 1044 1067 1052; x_wconf 92' lang='lat'><strong><em>—</em></strong></span> <span class='ocrx_word' id='word_1_57' title='bbox 1090 1013 1179 1068; x_wconf 73' lang='grc'><strong>45.</strong></span> <span class='ocrx_word' id='word_1_58' title='bbox 1211 1012 1272 1068; x_wconf 93' lang='lat' dir='ltr'><strong>Si</strong></span> <span class='ocrx_word' id='word_1_59' title='bbox 1298 1022 1554 1083; x_wconf 89' lang='lat' dir='ltr'><strong>putamus,</strong></span> <span class='ocrx_word' id='word_1_60' title='bbox 1579 1011 1765 1082; x_wconf 84' lang='lat' dir='ltr'><strong>inquit,</strong></span> <span class='ocrx_word' id='word_1_61' title='bbox 1789 1011 1963 1064; x_wconf 89' lang='lat' dir='ltr'><strong>merito</strong></span> <span class='ocrx_word' id='word_1_62' title='bbox 1983 1025 2103 1063; x_wconf 88' lang='lat' dir='ltr'><strong>con-</strong></span> 
     </span>
    </p>
   </div>
   <div class='ocr_carea' id='block_1_9' title="bbox 511 1104 2101 1175">
    <p class='ocr_par' dir='ltr' id='par_1_9' title="bbox 511 1104 2101 1175">
     <span class='ocr_line' id='line_1_9' title="bbox 511 1104 2101 1175; baseline -0.003 -17"><span class='ocrx_word' id='word_1_63' title='bbox 511 1105 808 1159; x_wconf 87' lang='lat' dir='ltr'><strong>versationis</strong></span> <span class='ocrx_word' id='word_1_64' title='bbox 835 1121 940 1158; x_wconf 73' lang='lat' dir='ltr'><strong>sua:</strong></span> <span class='ocrx_word' id='word_1_65' title='bbox 966 1105 1192 1160; x_wconf 77' lang='lat' dir='ltr'><strong>homines</strong></span> <span class='ocrx_word' id='word_1_66' title='bbox 1221 1105 1398 1159; x_wconf 83' lang='lat' dir='ltr'><strong>diluvii</strong></span> <span class='ocrx_word' id='word_1_67' title='bbox 1427 1105 1678 1175; x_wconf 70' lang='lat' dir='ltr'><strong>excepisse</strong></span> <span class='ocrx_word' id='word_1_68' title='bbox 1704 1104 2020 1168; x_wconf 88' lang='lat' dir='ltr'><strong>sententiam,</strong></span> <span class='ocrx_word' id='word_1_69' title='bbox 2050 1109 2101 1155; x_wconf 90' lang='lat' dir='ltr'><strong>et</strong></span> 
     </span>
    </p>
   </div>
   <div class='ocr_carea' id='block_1_10' title="bbox 515 1195 2102 1270">
    <p class='ocr_par' dir='ltr' id='par_1_10' title="bbox 515 1195 2102 1270">
     <span class='ocr_line' id='line_1_10' title="bbox 515 1195 2102 1270; baseline -0.001 -20"><span class='ocrx_word' id='word_1_70' title='bbox 515 1195 628 1251; x_wconf 87' lang='lat' dir='ltr'><strong>Noe</strong></span> <span class='ocrx_word' id='word_1_71' title='bbox 647 1197 848 1268; x_wconf 86' lang='lat' dir='ltr'><strong>justum</strong></span> <span class='ocrx_word' id='word_1_72' title='bbox 871 1198 939 1250; x_wconf 92' lang='lat' dir='ltr'><strong>ad</strong></span> <span class='ocrx_word' id='word_1_73' title='bbox 961 1199 1334 1270; x_wconf 73' lang='lat' dir='ltr'><strong>reparationem</strong></span> <span class='ocrx_word' id='word_1_74' title='bbox 1363 1208 1609 1252; x_wconf 74' lang='lat' dir='ltr'><strong>creatura:</strong></span> <span class='ocrx_word' id='word_1_75' title='bbox 1629 1197 1849 1251; x_wconf 83' lang='lat' dir='ltr'><strong>melioris</strong></span> <span class='ocrx_word' id='word_1_76' title='bbox 1870 1212 1975 1250; x_wconf 85' lang='lat' dir='ltr'><strong>esse</strong></span> <span class='ocrx_word' id='word_1_77' title='bbox 1993 1211 2102 1248; x_wconf 87' lang='lat' dir='ltr'><strong>ser-</strong></span> 
     </span>
    </p>
   </div>
   <div class='ocr_carea' id='block_1_11' title="bbox 510 1287 2105 1362">
    <p class='ocr_par' dir='ltr' id='par_1_11' title="bbox 510 1287 2105 1362">
     <span class='ocr_line' id='line_1_11' title="bbox 510 1287 2105 1362; baseline -0.002 -20"><span class='ocrx_word' id='word_1_78' title='bbox 510 1298 719 1354; x_wconf 85' lang='lat' dir='ltr'><strong>vatum;</strong></span> <span class='ocrx_word' id='word_1_79' title='bbox 749 1306 839 1344; x_wconf 89' lang='lat' dir='ltr'><strong>cur</strong></span> <span class='ocrx_word' id='word_1_80' title='bbox 864 1290 1046 1345; x_wconf 80' lang='lat' dir='ltr'><strong>exinde</strong></span> <span class='ocrx_word' id='word_1_81' title='bbox 1075 1293 1269 1362; x_wconf 83' lang='lat' dir='ltr'><strong>pejores</strong></span> <span class='ocrx_word' id='word_1_82' title='bbox 1296 1292 1528 1345; x_wconf 87' lang='lat' dir='ltr'><strong>oriuntur</strong></span> <span class='ocrx_word' id='word_1_83' title='bbox 1546 1333 1558 1355; x_wconf 93' lang='lat'><strong>,</strong></span> <span class='ocrx_word' id='word_1_84' title='bbox 1582 1299 1628 1344; x_wconf 91' lang='lat' dir='ltr'><strong>et</strong></span> <span class='ocrx_word' id='word_1_85' title='bbox 1653 1292 1706 1343; x_wconf 89' lang='lat' dir='ltr'><strong>in</strong></span> <span class='ocrx_word' id='word_1_86' title='bbox 1735 1287 1932 1343; x_wconf 88' lang='lat' dir='ltr'><strong>eosdem</strong></span> <span class='ocrx_word' id='word_1_87' title='bbox 1961 1295 2105 1340; x_wconf 90' lang='lat' dir='ltr'><strong>actus</strong></span> 
     </span>
    </p>
   </div>
   <div class='ocr_carea' id='block_1_12' title="bbox 511 1379 2106 1454">
    <p class='ocr_par' dir='ltr' id='par_1_12' title="bbox 511 1379 2106 1454">
     <span class='ocr_line' id='line_1_12' title="bbox 511 1379 2106 1454; baseline -0.002 -20"><span class='ocrx_word' id='word_1_88' title='bbox 511 1381 626 1435; x_wconf 83' lang='lat' dir='ltr'><strong>vitte</strong></span> <span class='ocrx_word' id='word_1_89' title='bbox 651 1383 930 1449; x_wconf 88' lang='lat' dir='ltr'><strong>sordentis,</strong></span> <span class='ocrx_word' id='word_1_90' title='bbox 957 1382 1166 1436; x_wconf 84' lang='lat' dir='ltr'><strong>humani</strong></span> <span class='ocrx_word' id='word_1_91' title='bbox 1190 1383 1387 1454; x_wconf 80' lang='lat' dir='ltr'><strong>generis</strong></span> <span class='ocrx_word' id='word_1_92' title='bbox 1421 1384 1571 1438; x_wconf 90' lang='lat' dir='ltr'><strong>etiam</strong></span> <span class='ocrx_word' id='word_1_93' title='bbox 1606 1398 1738 1436; x_wconf 90' lang='lat' dir='ltr'><strong>nunc</strong></span> <span class='ocrx_word' id='word_1_94' title='bbox 1762 1379 1998 1435; x_wconf 88' lang='lat' dir='ltr'><strong>nativitas</strong></span> <span class='ocrx_word' id='word_1_95' title='bbox 2025 1394 2106 1432; x_wconf 91' lang='lat' dir='ltr'><strong>re-</strong></span> 
     </span>
    </p>
   </div>
   <div class='ocr_carea' id='block_1_13' title="bbox 510 1469 2106 1545">
    <p class='ocr_par' dir='ltr' id='par_1_13' title="bbox 510 1469 2106 1545">
     <span class='ocr_line' id='line_1_13' title="bbox 510 1469 2106 1545; baseline -0.001 -19"><span class='ocrx_word' id='word_1_96' title='bbox 510 1471 772 1526; x_wconf 77' lang='lat' dir='ltr'><strong>volvitur?</strong></span> <span class='ocrx_word' id='word_1_97' title='bbox 802 1471 874 1528; x_wconf 88' lang='lat' dir='ltr'><strong>lta</strong></span> <span class='ocrx_word' id='word_1_98' title='bbox 902 1473 1001 1530; x_wconf 92' lang='lat' dir='ltr'><strong>hoc</strong></span> <span class='ocrx_word' id='word_1_99' title='bbox 1030 1474 1193 1540; x_wconf 84' lang='lat' dir='ltr'><strong>dicit,</strong></span> <span class='ocrx_word' id='word_1_100' title='bbox 1232 1484 1481 1545; x_wconf 84' lang='lat' dir='ltr'><strong>tanquam</strong></span> <span class='ocrx_word' id='word_1_101' title='bbox 1510 1474 1700 1529; x_wconf 80' lang='lat' dir='ltr'><strong>vixerit</strong></span> <span class='ocrx_word' id='word_1_102' title='bbox 1737 1487 1858 1527; x_wconf 93' lang='lat' dir='ltr'><strong>cum</strong></span> <span class='ocrx_word' id='word_1_103' title='bbox 1897 1471 1976 1526; x_wconf 92' lang='lat' dir='ltr'><strong>eis</strong></span> <span class='ocrx_word' id='word_1_104' title='bbox 2014 1469 2106 1540; x_wconf 89' lang='lat' dir='ltr'><strong>qui</strong></span> 
     </span>
    </p>
   </div>
   <div class='ocr_carea' id='block_1_14' title="bbox 516 1562 2108 1634">
    <p class='ocr_par' dir='ltr' id='par_1_14' title="bbox 516 1562 2108 1634">
     <span class='ocr_line' id='line_1_14' title="bbox 516 1562 2108 1634; baseline 0.001 -17"><span class='ocrx_word' id='word_1_105' title='bbox 516 1562 716 1618; x_wconf 90' lang='lat' dir='ltr'><strong>diluvio</strong></span> <span class='ocrx_word' id='word_1_106' title='bbox 745 1564 1051 1633; x_wconf 86' lang='lat' dir='ltr'><strong>perierunt,</strong></span> <span class='ocrx_word' id='word_1_107' title='bbox 1084 1574 1139 1620; x_wconf 88' lang='lat' dir='ltr'><strong>et</strong></span> <span class='ocrx_word' id='word_1_108' title='bbox 1173 1565 1294 1620; x_wconf 89' lang='lat' dir='ltr'><strong>inde</strong></span> <span class='ocrx_word' id='word_1_109' title='bbox 1323 1565 1533 1621; x_wconf 90' lang='lat' dir='ltr'><strong>noverit</strong></span> <span class='ocrx_word' id='word_1_110' title='bbox 1560 1564 1700 1634; x_wconf 90' lang='lat' dir='ltr'><strong>quod</strong></span> <span class='ocrx_word' id='word_1_111' title='bbox 1732 1579 1871 1619; x_wconf 93' lang='lat' dir='ltr'><strong>nunc</strong></span> <span class='ocrx_word' id='word_1_112' title='bbox 1896 1562 2108 1633; x_wconf 86' lang='lat' dir='ltr'><strong>pejores</strong></span> 
     </span>
    </p>
   </div>
   <div class='ocr_carea' id='block_1_15' title="bbox 516 1655 2107 1727">
    <p class='ocr_par' dir='ltr' id='par_1_15' title="bbox 516 1655 2107 1727">
     <span class='ocr_line' id='line_1_15' title="bbox 516 1655 2107 1727; baseline 0.001 -19"><span class='ocrx_word' id='word_1_113' title='bbox 516 1655 781 1710; x_wconf 89' lang='lat' dir='ltr'><strong>oriuntur.</strong></span> <span class='ocrx_word' id='word_1_114' title='bbox 814 1655 920 1711; x_wconf 90' lang='lat' dir='ltr'><strong>Sed</strong></span> <span class='ocrx_word' id='word_1_115' title='bbox 949 1657 1061 1712; x_wconf 88' lang='lat' dir='ltr'><strong>sive</strong></span> <span class='ocrx_word' id='word_1_116' title='bbox 1096 1658 1148 1711; x_wconf 93' lang='lat' dir='ltr'><strong>in</strong></span> <span class='ocrx_word' id='word_1_117' title='bbox 1184 1657 1367 1727; x_wconf 91' lang='lat' dir='ltr'><strong>pejore</strong></span> <span class='ocrx_word' id='word_1_118' title='bbox 1392 1699 1406 1723; x_wconf 90' lang='lat'><strong>,</strong></span> <span class='ocrx_word' id='word_1_119' title='bbox 1436 1656 1548 1712; x_wconf 88' lang='lat' dir='ltr'><strong>sive</strong></span> <span class='ocrx_word' id='word_1_120' title='bbox 1573 1655 1628 1710; x_wconf 91' lang='lat' dir='ltr'><strong>in</strong></span> <span class='ocrx_word' id='word_1_121' title='bbox 1658 1656 1845 1711; x_wconf 90' lang='lat' dir='ltr'><strong>eodem</strong></span> <span class='ocrx_word' id='word_1_122' title='bbox 1871 1698 1886 1722; x_wconf 97' lang='lat'><strong>,</strong></span> <span class='ocrx_word' id='word_1_123' title='bbox 1915 1656 2028 1710; x_wconf 88' lang='lat' dir='ltr'><strong>sive</strong></span> <span class='ocrx_word' id='word_1_124' title='bbox 2053 1655 2107 1709; x_wconf 92' lang='lat' dir='ltr'><strong>in</strong></span> 
     </span>
    </p>
   </div>
   <div class='ocr_carea' id='block_1_16' title="bbox 516 1745 2104 1819">
    <p class='ocr_par' dir='ltr' id='par_1_16' title="bbox 516 1745 2104 1819">
     <span class='ocr_line' id='line_1_16' title="bbox 516 1745 2104 1819; baseline 0.001 -19"><span class='ocrx_word' id='word_1_125' title='bbox 516 1745 741 1802; x_wconf 87' lang='lat' dir='ltr'><strong>meliore</strong></span> <span class='ocrx_word' id='word_1_126' title='bbox 765 1756 884 1802; x_wconf 90' lang='lat' dir='ltr'><strong>actu</strong></span> <span class='ocrx_word' id='word_1_127' title='bbox 915 1757 1036 1817; x_wconf 89' lang='lat' dir='ltr'><strong>post</strong></span> <span class='ocrx_word' id='word_1_128' title='bbox 1061 1748 1315 1803; x_wconf 91' lang='lat' dir='ltr'><strong>diluvium</strong></span> <span class='ocrx_word' id='word_1_129' title='bbox 1338 1763 1505 1819; x_wconf 89' lang='lat' dir='ltr'><strong>genus</strong></span> <span class='ocrx_word' id='word_1_130' title='bbox 1527 1757 1770 1804; x_wconf 85' lang='lat' dir='ltr'><strong>versetur</strong></span> <span class='ocrx_word' id='word_1_131' title='bbox 1790 1749 2104 1816; x_wconf 88' lang='lat' dir='ltr'><strong>humanum,</strong></span> 
     </span>
    </p>
   </div>
   <div class='ocr_carea' id='block_1_17' title="bbox 517 1841 2107 1912">
    <p class='ocr_par' dir='ltr' id='par_1_17' title="bbox 517 1841 2107 1912">
     <span class='ocr_line' id='line_1_17' title="bbox 517 1841 2107 1912; baseline 0 -17"><span class='ocrx_word' id='word_1_132' title='bbox 517 1847 647 1910; x_wconf 91' lang='lat' dir='ltr'><strong>puto</strong></span> <span class='ocrx_word' id='word_1_133' title='bbox 676 1841 789 1896; x_wconf 90' lang='lat' dir='ltr'><strong>Deo</strong></span> <span class='ocrx_word' id='word_1_134' title='bbox 817 1841 1338 1903; x_wconf 89' lang='lat' dir='ltr'><strong>dimittendum,esse</strong></span> <span class='ocrx_word' id='word_1_135' title='bbox 1360 1841 1617 1912; x_wconf 88' lang='lat' dir='ltr'><strong>judicium</strong></span> <span class='ocrx_word' id='word_1_136' title='bbox 1642 1843 1659 1873; x_wconf 82' lang='grc' dir='ltr'>ί</span> <span class='ocrx_word' id='word_1_137' title='bbox 1679 1884 1693 1904; x_wconf 90' lang='grc'>,</span> <span class='ocrx_word' id='word_1_138' title='bbox 1735 1842 1823 1912; x_wconf 91' lang='lat' dir='ltr'><strong>qui</strong></span> <span class='ocrx_word' id='word_1_139' title='bbox 1853 1841 2001 1896; x_wconf 88' lang='lat' dir='ltr'><strong>novit</strong></span> <span class='ocrx_word' id='word_1_140' title='bbox 2025 1855 2107 1895; x_wconf 88' lang='lat' dir='ltr'><strong>re-</strong></span> 
     </span>
    </p>
   </div>
   <div class='ocr_carea' id='block_1_18' title="bbox 523 1930 2110 2002">
    <p class='ocr_par' dir='ltr' id='par_1_18' title="bbox 523 1930 2110 2002">
     <span class='ocr_line' id='line_1_18' title="bbox 523 1930 2110 2002; baseline 0.002 -18"><span class='ocrx_word' id='word_1_141' title='bbox 523 1930 756 1986; x_wconf 86' lang='lat' dir='ltr'><strong>tribuere</strong></span> <span class='ocrx_word' id='word_1_142' title='bbox 785 1931 1071 2002; x_wconf 87' lang='lat' dir='ltr'><strong>unicuique</strong></span> <span class='ocrx_word' id='word_1_143' title='bbox 1103 1932 1392 1988; x_wconf 88' lang='lat' dir='ltr'><strong>secundmn</strong></span> <span class='ocrx_word' id='word_1_144' title='bbox 1435 1933 1621 1987; x_wconf 87' lang='lat' dir='ltr'><strong>merita</strong></span> <span class='ocrx_word' id='word_1_145' title='bbox 1648 1932 1762 2002; x_wconf 87' lang='lat' dir='ltr'><strong>ejus</strong></span> <span class='ocrx_word' id='word_1_146' title='bbox 1794 1952 1806 1987; x_wconf 75' lang='grc' dir='ltr'><strong>ε</strong></span> <span class='ocrx_word' id='word_1_147' title='bbox 1841 1948 1948 1987; x_wconf 93' lang='lat' dir='ltr'><strong>non</strong></span> <span class='ocrx_word' id='word_1_148' title='bbox 1987 1930 2110 1987; x_wconf 88' lang='lat' dir='ltr'><strong>huic</strong></span> 
     </span>
    </p>
   </div>
   <div class='ocr_carea' id='block_1_19' title="bbox 519 2021 2109 2089">
    <p class='ocr_par' dir='ltr' id='par_1_19' title="bbox 519 2021 2109 2089">
     <span class='ocr_line' id='line_1_19' title="bbox 519 2021 2109 2089; baseline 0.001 -15"><span class='ocrx_word' id='word_1_149' title='bbox 519 2022 638 2075; x_wconf 90' lang='lat' dir='ltr'><strong>cani</strong></span> <span class='ocrx_word' id='word_1_150' title='bbox 683 2021 867 2077; x_wconf 86' lang='lat' dir='ltr'><strong>rabido</strong></span> <span class='ocrx_word' id='word_1_151' title='bbox 913 2022 1167 2079; x_wconf 89' lang='lat' dir='ltr'><strong>adversus</strong></span> <span class='ocrx_word' id='word_1_152' title='bbox 1209 2025 1491 2079; x_wconf 91' lang='lat' dir='ltr'><strong>Dominum</strong></span> <span class='ocrx_word' id='word_1_153' title='bbox 1537 2039 1691 2078; x_wconf 92' lang='lat' dir='ltr'><strong>suum</strong></span> <span class='ocrx_word' id='word_1_154' title='bbox 1739 2024 1986 2089; x_wconf 87' lang='lat' dir='ltr'><strong>latranti,</strong></span> <span class='ocrx_word' id='word_1_155' title='bbox 2024 2021 2109 2078; x_wconf 88' lang='lat' dir='ltr'><strong>vel</strong></span> 
     </span>
    </p>
   </div>
   <div class='ocr_carea' id='block_1_20' title="bbox 522 2112 2110 2186">
    <p class='ocr_par' dir='ltr' id='par_1_20' title="bbox 522 2112 2110 2186">
     <span class='ocr_line' id='line_1_20' title="bbox 522 2112 2110 2186; baseline 0.003 -20"><span class='ocrx_word' id='word_1_156' title='bbox 522 2112 674 2168; x_wconf 89' lang='lat' dir='ltr'><strong>asino</strong></span> <span class='ocrx_word' id='word_1_157' title='bbox 707 2114 871 2169; x_wconf 93' lang='lat' dir='ltr'><strong>stulto</strong></span> <span class='ocrx_word' id='word_1_158' title='bbox 895 2115 1150 2171; x_wconf 90' lang='lat' dir='ltr'><strong>adversus</strong></span> <span class='ocrx_word' id='word_1_159' title='bbox 1179 2117 1450 2171; x_wconf 89' lang='lat' dir='ltr'><strong>stimulum</strong></span> <span class='ocrx_word' id='word_1_160' title='bbox 1478 2116 1793 2170; x_wconf 86' lang='lat' dir='ltr'><strong>calcitranti.</strong></span> <span class='ocrx_word' id='word_1_161' title='bbox 1825 2115 2110 2186; x_wconf 82' lang='lat' dir='ltr'><strong>Apostolus</strong></span> 
     </span>
    </p>
   </div>
   <div class='ocr_carea' id='block_1_21' title="bbox 520 2204 2112 2279">
    <p class='ocr_par' dir='ltr' id='par_1_21' title="bbox 520 2204 2112 2279">
     <span class='ocr_line' id='line_1_21' title="bbox 520 2204 2112 2279; baseline 0.001 -21"><span class='ocrx_word' id='word_1_162' title='bbox 520 2204 737 2272; x_wconf 86' lang='lat' dir='ltr'><strong>clamat,</strong></span> <span class='ocrx_word' id='word_1_163' title='bbox 765 2206 809 2260; x_wconf 88' lang='grc' dir='ltr'><em>Ο</em></span> <span class='ocrx_word' id='word_1_164' title='bbox 834 2206 1048 2261; x_wconf 86' lang='lat' dir='ltr'><strong>altitudo</strong></span> <span class='ocrx_word' id='word_1_165' title='bbox 1075 2208 1362 2262; x_wconf 77' lang='lat' dir='ltr'><strong>divitiarum</strong></span> <span class='ocrx_word' id='word_1_166' title='bbox 1387 2209 1650 2279; x_wconf 73' lang='lat' dir='ltr'><strong>sapientia:</strong></span> <span class='ocrx_word' id='word_1_167' title='bbox 1669 2218 1714 2261; x_wconf 82' lang='lat' dir='ltr'><strong>et</strong></span> <span class='ocrx_word' id='word_1_168' title='bbox 1736 2209 1954 2262; x_wconf 77' lang='lat' dir='ltr'><strong>scientia:</strong></span> <span class='ocrx_word' id='word_1_169' title='bbox 1979 2205 2112 2260; x_wconf 89' lang='lat' dir='ltr'><strong>Dei!</strong></span> 
     </span>
    </p>
   </div>
   <div class='ocr_carea' id='block_1_22' title="bbox 520 2299 2111 2371">
    <p class='ocr_par' dir='ltr' id='par_1_22' title="bbox 520 2299 2111 2371">
     <span class='ocr_line' id='line_1_22' title="bbox 520 2299 2111 2371; baseline 0.002 -21"><span class='ocrx_word' id='word_1_170' title='bbox 520 2313 670 2366; x_wconf 87' lang='lat' dir='ltr'><strong>quam</strong></span> <span class='ocrx_word' id='word_1_171' title='bbox 712 2299 1056 2354; x_wconf 88' lang='lat' dir='ltr'><strong>inscrutabilia</strong></span> <span class='ocrx_word' id='word_1_172' title='bbox 1098 2310 1217 2354; x_wconf 89' lang='lat' dir='ltr'><strong>sunt</strong></span> <span class='ocrx_word' id='word_1_173' title='bbox 1246 2301 1447 2370; x_wconf 86' lang='lat' dir='ltr'><strong>judicia</strong></span> <span class='ocrx_word' id='word_1_174' title='bbox 1486 2301 1626 2371; x_wconf 91' lang='lat' dir='ltr'><strong>ejus,</strong></span> <span class='ocrx_word' id='word_1_175' title='bbox 1659 2309 1705 2354; x_wconf 90' lang='lat' dir='ltr'><strong>et</strong></span> <span class='ocrx_word' id='word_1_176' title='bbox 1747 2299 2111 2370; x_wconf 85' lang='lat' dir='ltr'><strong>investigabiles</strong></span> 
     </span>
    </p>
   </div>
   <div class='ocr_carea' id='block_1_23' title="bbox 521 2389 2112 2465">
    <p class='ocr_par' dir='ltr' id='par_1_23' title="bbox 521 2389 2112 2465">
     <span class='ocr_line' id='line_1_23' title="bbox 521 2389 2112 2465; baseline 0.003 -23"><span class='ocrx_word' id='word_1_177' title='bbox 521 2389 615 2443; x_wconf 79' lang='lat' dir='ltr'><strong>via:</strong></span> <span class='ocrx_word' id='word_1_178' title='bbox 639 2391 787 2460; x_wconf 87' lang='lat' dir='ltr'><strong>ejus!</strong></span> <span class='ocrx_word' id='word_1_179' title='bbox 819 2391 943 2457; x_wconf 84' lang='lat' dir='ltr'><strong>Quis</strong></span> <span class='ocrx_word' id='word_1_180' title='bbox 973 2394 1104 2447; x_wconf 88' lang='lat' dir='ltr'><strong>enim</strong></span> <span class='ocrx_word' id='word_1_181' title='bbox 1133 2394 1364 2465; x_wconf 89' lang='lat' dir='ltr'><strong>cognovit</strong></span> <span class='ocrx_word' id='word_1_182' title='bbox 1393 2411 1594 2449; x_wconf 87' lang='lat' dir='ltr'><strong>sensum</strong></span> <span class='ocrx_word' id='word_1_183' title='bbox 1620 2393 1859 2460; x_wconf 87' lang='lat' dir='ltr'><strong>Domini,</strong></span> <span class='ocrx_word' id='word_1_184' title='bbox 1891 2402 1976 2446; x_wconf 89' lang='lat' dir='ltr'><strong>aut</strong></span> <span class='ocrx_word' id='word_1_185' title='bbox 2001 2393 2112 2463; x_wconf 84' lang='lat' dir='ltr'><strong>quis</strong></span> 
     </span>
    </p>
   </div>
   <div class='ocr_carea' id='block_1_24' title="bbox 523 2484 2111 2557">
    <p class='ocr_par' dir='ltr' id='par_1_24' title="bbox 523 2484 2111 2557">
     <span class='ocr_line' id='line_1_24' title="bbox 523 2484 2111 2557; baseline 0.003 -21"><span class='ocrx_word' id='word_1_186' title='bbox 523 2484 845 2538; x_wconf 84' lang='lat' dir='ltr'><strong>consiliarius</strong></span> <span class='ocrx_word' id='word_1_187' title='bbox 869 2487 980 2557; x_wconf 88' lang='lat' dir='ltr'><strong>ejus</strong></span> <span class='ocrx_word' id='word_1_188' title='bbox 1011 2487 1106 2556; x_wconf 87' lang='lat' dir='ltr'><strong>fuit</strong></span> <span class='ocrx_word' id='word_1_189' title='bbox 1132 2487 1308 2556; x_wconf 84' lang='lat' dir='ltr'><strong>(Rom.</strong></span> <span class='ocrx_word' id='word_1_190' title='bbox 1339 2503 1414 2551; x_wconf 71' lang='grc' dir='ltr'><strong>χι,</strong></span> <span class='ocrx_word' id='word_1_191' title='bbox 1449 2487 1537 2551; x_wconf 78' lang='grc'><strong>55,</strong></span> <span class='ocrx_word' id='word_1_192' title='bbox 1564 2485 1694 2556; x_wconf 65' lang='lat'><strong>54)?</strong></span> <span class='ocrx_word' id='word_1_193' title='bbox 1718 2494 1772 2540; x_wconf 84' lang='lat' dir='ltr'><strong>et.</strong></span> <span class='ocrx_word' id='word_1_194' title='bbox 1799 2485 1898 2541; x_wconf 90' lang='lat' dir='ltr'><strong>iste</strong></span> <span class='ocrx_word' id='word_1_195' title='bbox 1924 2485 1998 2540; x_wconf 93' lang='lat' dir='ltr'><strong>illi</strong></span> <span class='ocrx_word' id='word_1_196' title='bbox 2024 2485 2111 2540; x_wconf 89' lang='lat' dir='ltr'><strong>cui</strong></span> 
     </span>
    </p>
   </div>
   <div class='ocr_carea' id='block_1_25' title="bbox 523 2575 2111 2645">
    <p class='ocr_par' dir='ltr' id='par_1_25' title="bbox 523 2575 2111 2645">
     <span class='ocr_line' id='line_1_25' title="bbox 523 2575 2111 2645; baseline 0.003 -17"><span class='ocrx_word' id='word_1_197' title='bbox 523 2575 697 2630; x_wconf 91' lang='lat' dir='ltr'><strong>nullus</strong></span> <span class='ocrx_word' id='word_1_198' title='bbox 727 2586 807 2632; x_wconf 85' lang='lat' dir='ltr'><strong>est</strong></span> <span class='ocrx_word' id='word_1_199' title='bbox 836 2578 1172 2633; x_wconf 87' lang='lat' dir='ltr'><strong>consiliarius</strong></span> <span class='ocrx_word' id='word_1_200' title='bbox 1195 2619 1209 2642; x_wconf 93' lang='lat'><strong>,</strong></span> <span class='ocrx_word' id='word_1_201' title='bbox 1243 2579 1402 2634; x_wconf 85' lang='lat' dir='ltr'><strong>audet</strong></span> <span class='ocrx_word' id='word_1_202' title='bbox 1437 2593 1555 2634; x_wconf 86' lang='lat' dir='ltr'><strong>esse</strong></span> <span class='ocrx_word' id='word_1_203' title='bbox 1593 2577 1946 2632; x_wconf 85' lang='lat' dir='ltr'><strong>adversarius.</strong></span> <span class='ocrx_word' id='word_1_204' title='bbox 1973 2576 2111 2645; x_wconf 87' lang='lat' dir='ltr'><strong>Quid</strong></span> 
     </span>
    </p>
   </div>
   <div class='ocr_carea' id='block_1_26' title="bbox 520 2668 2110 2740">
    <p class='ocr_par' dir='ltr' id='par_1_26' title="bbox 520 2668 2110 2740">
     <span class='ocr_line' id='line_1_26' title="bbox 520 2668 2110 2740; baseline 0.003 -22"><span class='ocrx_word' id='word_1_205' title='bbox 520 2674 698 2722; x_wconf 89' lang='lat' dir='ltr'><strong>autem</strong></span> <span class='ocrx_word' id='word_1_206' title='bbox 728 2668 986 2735; x_wconf 89' lang='lat' dir='ltr'><strong>interest,</strong></span> <span class='ocrx_word' id='word_1_207' title='bbox 1016 2669 1290 2725; x_wconf 88' lang='lat' dir='ltr'><strong>morituris</strong></span> <span class='ocrx_word' id='word_1_208' title='bbox 1314 2671 1518 2726; x_wconf 90' lang='lat' dir='ltr'><strong>cunctis</strong></span> <span class='ocrx_word' id='word_1_209' title='bbox 1539 2711 1554 2736; x_wconf 92' lang='lat'><strong>,</strong></span> <span class='ocrx_word' id='word_1_210' title='bbox 1587 2679 1841 2740; x_wconf 90' lang='lat' dir='ltr'><strong>quantum</strong></span> <span class='ocrx_word' id='word_1_211' title='bbox 1872 2668 1938 2723; x_wconf 92' lang='lat' dir='ltr'><strong>ad</strong></span> <span class='ocrx_word' id='word_1_212' title='bbox 1964 2684 2110 2723; x_wconf 87' lang='lat' dir='ltr'><strong>mor-</strong></span> 
     </span>
    </p>
   </div>
   <div class='ocr_carea' id='block_1_27' title="bbox 524 2757 2112 2832">
    <p class='ocr_par' dir='ltr' id='par_1_27' title="bbox 524 2757 2112 2832">
     <span class='ocr_line' id='line_1_27' title="bbox 524 2757 2112 2832; baseline 0.004 -22"><span class='ocrx_word' id='word_1_213' title='bbox 524 2764 630 2811; x_wconf 91' lang='lat' dir='ltr'><strong>tem</strong></span> <span class='ocrx_word' id='word_1_214' title='bbox 657 2757 846 2815; x_wconf 88' lang='lat' dir='ltr'><strong>attinet</strong></span> <span class='ocrx_word' id='word_1_215' title='bbox 868 2761 1130 2830; x_wconf 89' lang='lat' dir='ltr'><strong>corporis,</strong></span> <span class='ocrx_word' id='word_1_216' title='bbox 1158 2769 1337 2816; x_wconf 92' lang='lat' dir='ltr'><strong>utrum</strong></span> <span class='ocrx_word' id='word_1_217' title='bbox 1364 2761 1692 2832; x_wconf 80' lang='lat' dir='ltr'><strong>singillatim,</strong></span> <span class='ocrx_word' id='word_1_218' title='bbox 1723 2775 1788 2816; x_wconf 93' lang='lat' dir='ltr'><strong>an</strong></span> <span class='ocrx_word' id='word_1_219' title='bbox 1813 2761 1966 2816; x_wconf 87' lang='lat' dir='ltr'><strong>simul</strong></span> <span class='ocrx_word' id='word_1_220' title='bbox 1995 2775 2112 2816; x_wconf 87' lang='lat' dir='ltr'><strong>om-</strong></span> 
     </span>
    </p>
   </div>
   <div class='ocr_carea' id='block_1_28' title="bbox 523 2851 2113 2925">
    <p class='ocr_par' dir='ltr' id='par_1_28' title="bbox 523 2851 2113 2925">
     <span class='ocr_line' id='line_1_28' title="bbox 523 2851 2113 2925; baseline 0.006 -24"><span class='ocrx_word' id='word_1_221' title='bbox 523 2863 621 2903; x_wconf 87' lang='lat' dir='ltr'><strong>nes</strong></span> <span class='ocrx_word' id='word_1_222' title='bbox 647 2851 948 2922; x_wconf 84' lang='lat' dir='ltr'><strong>pariterque</strong></span> <span class='ocrx_word' id='word_1_223' title='bbox 979 2855 1303 2919; x_wconf 90' lang='lat' dir='ltr'><strong>moriantur;</strong></span> <span class='ocrx_word' id='word_1_224' title='bbox 1332 2854 1433 2912; x_wconf 91' lang='lat' dir='ltr'><strong>nisi</strong></span> <span class='ocrx_word' id='word_1_225' title='bbox 1463 2854 1607 2925; x_wconf 91' lang='lat' dir='ltr'><strong>quod</strong></span> <span class='ocrx_word' id='word_1_226' title='bbox 1631 2870 1753 2909; x_wconf 90' lang='lat' dir='ltr'><strong>cum</strong></span> <span class='ocrx_word' id='word_1_227' title='bbox 1781 2854 1971 2925; x_wconf 78' lang='lat' dir='ltr'><strong>singuli</strong></span> <span class='ocrx_word' id='word_1_228' title='bbox 1996 2869 2113 2910; x_wconf 83' lang='lat' dir='ltr'><strong>mo—</strong></span> 
     </span>
    </p>
   </div>
   <div class='ocr_carea' id='block_1_29' title="bbox 523 2938 2113 3010">
    <p class='ocr_par' dir='ltr' id='par_1_29' title="bbox 523 2938 2113 3010">
     <span class='ocr_line' id='line_1_29' title="bbox 523 2938 2113 3010; baseline 0.007 -18"><span class='ocrx_word' id='word_1_229' title='bbox 523 2938 776 3010; x_wconf 89' lang='lat' dir='ltr'><strong>riuntur,</strong></span> <span class='ocrx_word' id='word_1_230' title='bbox 831 2952 886 2999; x_wconf 90' lang='lat' dir='ltr'><strong>et</strong></span> <span class='ocrx_word' id='word_1_231' title='bbox 939 2959 1126 3000; x_wconf 91' lang='lat' dir='ltr'><strong>omnes</strong></span> <span class='ocrx_word' id='word_1_232' title='bbox 1170 2959 1398 3002; x_wconf 88' lang='lat' dir='ltr'><strong>mortem</strong></span> <span class='ocrx_word' id='word_1_233' title='bbox 1453 2955 1509 3002; x_wconf 90' lang='lat' dir='ltr'><strong>et</strong></span> <span class='ocrx_word' id='word_1_234' title='bbox 1550 2962 1738 3003; x_wconf 89' lang='lat' dir='ltr'><strong>omnes</strong></span> <span class='ocrx_word' id='word_1_235' title='bbox 1777 2946 1844 3002; x_wconf 91' lang='lat' dir='ltr'><strong>de</strong></span> <span class='ocrx_word' id='word_1_236' title='bbox 1888 2949 2113 3003; x_wconf 88' lang='lat' dir='ltr'><strong>mortuis</strong></span> 
     </span>
    </p>
   </div>
   <div class='ocr_carea' id='block_1_30' title="bbox 526 3030 2115 3108">
    <p class='ocr_par' dir='ltr' id='par_1_30' title="bbox 526 3030 2115 3108">
     <span class='ocr_line' id='line_1_30' title="bbox 526 3030 2115 3108; baseline 0.006 -24"><span class='ocrx_word' id='word_1_237' title='bbox 526 3030 798 3100; x_wconf 87' lang='lat' dir='ltr'><strong>patiuntur</strong></span> <span class='ocrx_word' id='word_1_238' title='bbox 826 3032 1061 3091; x_wconf 87' lang='lat' dir='ltr'><strong>dolorem</strong></span> <span class='ocrx_word' id='word_1_239' title='bbox 1087 3053 1102 3101; x_wconf 91' lang='lat'><strong>;</strong></span> <span class='ocrx_word' id='word_1_240' title='bbox 1129 3051 1248 3092; x_wconf 90' lang='lat' dir='ltr'><strong>cum</strong></span> <span class='ocrx_word' id='word_1_241' title='bbox 1278 3048 1453 3093; x_wconf 78' lang='lat' dir='ltr'><strong>autem</strong></span> <span class='ocrx_word' id='word_1_242' title='bbox 1487 3038 1641 3093; x_wconf 90' lang='lat' dir='ltr'><strong>simul</strong></span> <span class='ocrx_word' id='word_1_243' title='bbox 1670 3040 1945 3093; x_wconf 91' lang='lat' dir='ltr'><strong>universos</strong></span> <span class='ocrx_word' id='word_1_244' title='bbox 1974 3040 2115 3108; x_wconf 89' lang='lat' dir='ltr'><strong>rapit</strong></span> 
     </span>
    </p>
   </div>
   <div class='ocr_carea' id='block_1_31' title="bbox 525 3123 2112 3200">
    <p class='ocr_par' dir='ltr' id='par_1_31' title="bbox 525 3123 2112 3200">
     <span class='ocr_line' id='line_1_31' title="bbox 525 3123 2112 3200; baseline 0.006 -24"><span class='ocrx_word' id='word_1_245' title='bbox 525 3136 664 3179; x_wconf 88' lang='lat' dir='ltr'><strong>unus</strong></span> <span class='ocrx_word' id='word_1_246' title='bbox 687 3123 949 3192; x_wconf 89' lang='lat' dir='ltr'><strong>interitus,</strong></span> <span class='ocrx_word' id='word_1_247' title='bbox 983 3126 1172 3182; x_wconf 83' lang='lat' dir='ltr'><strong>saltem</strong></span> <span class='ocrx_word' id='word_1_248' title='bbox 1203 3129 1402 3183; x_wconf 83' lang='lat' dir='ltr'><strong>nemini</strong></span> <span class='ocrx_word' id='word_1_249' title='bbox 1431 3129 1743 3200; x_wconf 88' lang='lat' dir='ltr'><strong>relinquitur</strong></span> <span class='ocrx_word' id='word_1_250' title='bbox 1772 3131 1986 3185; x_wconf 89' lang='lat' dir='ltr'><strong>luctus?</strong></span> <span class='ocrx_word' id='word_1_251' title='bbox 2011 3130 2112 3186; x_wconf 89' lang='lat' dir='ltr'><strong>Ve-</strong></span> 
     </span>
    </p>
   </div>
   <div class='ocr_carea' id='block_1_32' title="bbox 525 3217 2109 3292">
    <p class='ocr_par' dir='ltr' id='par_1_32' title="bbox 525 3217 2109 3292">
     <span class='ocr_line' id='line_1_32' title="bbox 525 3217 2109 3292; baseline 0.007 -25"><span class='ocrx_word' id='word_1_252' title='bbox 525 3229 645 3268; x_wconf 91' lang='lat' dir='ltr'><strong>rum</strong></span> <span class='ocrx_word' id='word_1_253' title='bbox 675 3217 834 3272; x_wconf 91' lang='lat' dir='ltr'><strong>etiam</strong></span> <span class='ocrx_word' id='word_1_254' title='bbox 875 3218 1034 3274; x_wconf 85' lang='lat' dir='ltr'><strong>altius</strong></span> <span class='ocrx_word' id='word_1_255' title='bbox 1066 3220 1118 3274; x_wconf 91' lang='lat' dir='ltr'><strong>in</strong></span> <span class='ocrx_word' id='word_1_256' title='bbox 1161 3221 1254 3276; x_wconf 93' lang='lat' dir='ltr'><strong>illo</strong></span> <span class='ocrx_word' id='word_1_257' title='bbox 1288 3221 1488 3276; x_wconf 91' lang='lat' dir='ltr'><strong>diluvio</strong></span> <span class='ocrx_word' id='word_1_258' title='bbox 1527 3222 1806 3279; x_wconf 83' lang='lat' dir='ltr'><strong>consilium</strong></span> <span class='ocrx_word' id='word_1_259' title='bbox 1847 3222 1940 3278; x_wconf 88' lang='lat' dir='ltr'><strong>Dei</strong></span> <span class='ocrx_word' id='word_1_260' title='bbox 1970 3222 2070 3278; x_wconf 79' lang='lat' dir='ltr'><strong>fuit</strong></span> <span class='ocrx_word' id='word_1_261' title='bbox 2092 3264 2109 3292; x_wconf 91' lang='lat'><strong>,</strong></span> 
     </span>
    </p>
   </div>
   <div class='ocr_carea' id='block_1_33' title="bbox 524 3309 2109 3383">
    <p class='ocr_par' dir='ltr' id='par_1_33' title="bbox 524 3309 2109 3383">
     <span class='ocr_line' id='line_1_33' title="bbox 524 3309 2109 3383; baseline 0.005 -23"><span class='ocrx_word' id='word_1_262' title='bbox 524 3321 684 3375; x_wconf 88' lang='lat' dir='ltr'><strong>quam</strong></span> <span class='ocrx_word' id='word_1_263' title='bbox 709 3322 803 3363; x_wconf 90' lang='lat' dir='ltr'><strong>cor</strong></span> <span class='ocrx_word' id='word_1_264' title='bbox 827 3309 1115 3366; x_wconf 79' lang='lat' dir='ltr'><strong>infidelium</strong></span> <span class='ocrx_word' id='word_1_265' title='bbox 1147 3312 1230 3368; x_wconf 90' lang='lat' dir='ltr'><strong>vel</strong></span> <span class='ocrx_word' id='word_1_266' title='bbox 1259 3314 1406 3366; x_wconf 87' lang='lat' dir='ltr'><strong>novit</strong></span> <span class='ocrx_word' id='word_1_267' title='bbox 1433 3312 1515 3368; x_wconf 88' lang='lat' dir='ltr'><strong>vel</strong></span> <span class='ocrx_word' id='word_1_268' title='bbox 1545 3315 1704 3383; x_wconf 86' lang='lat' dir='ltr'><strong>capit.</strong></span> <span class='ocrx_word' id='word_1_269' title='bbox 1728 3312 1832 3368; x_wconf 86' lang='lat' dir='ltr'><strong>Sed</strong></span> <span class='ocrx_word' id='word_1_270' title='bbox 1857 3313 1980 3368; x_wconf 89' lang='lat' dir='ltr'><strong>nolo</strong></span> <span class='ocrx_word' id='word_1_271' title='bbox 2001 3329 2109 3382; x_wconf 91' lang='lat' dir='ltr'><strong>me,</strong></span> 
     </span>
    </p>
   </div>
   <div class='ocr_carea' id='block_1_34' title="bbox 519 3400 2113 3474">
    <p class='ocr_par' dir='ltr' id='par_1_34' title="bbox 519 3400 2113 3474">
     <span class='ocr_line' id='line_1_34' title="bbox 519 3400 2113 3474; baseline 0.005 -22"><span class='ocrx_word' id='word_1_272' title='bbox 519 3400 824 3468; x_wconf 86' lang='lat' dir='ltr'><strong>apostolum</strong></span> <span class='ocrx_word' id='word_1_273' title='bbox 867 3401 1085 3457; x_wconf 87' lang='lat' dir='ltr'><strong>Petrum</strong></span> <span class='ocrx_word' id='word_1_274' title='bbox 1123 3405 1300 3474; x_wconf 91' lang='lat' dir='ltr'><strong>potius</strong></span> <span class='ocrx_word' id='word_1_275' title='bbox 1344 3404 1524 3459; x_wconf 81' lang='lat' dir='ltr'><strong>audiat</strong></span> <span class='ocrx_word' id='word_1_276' title='bbox 1562 3405 1663 3460; x_wconf 85' lang='lat' dir='ltr'><strong>iste</strong></span> <span class='ocrx_word' id='word_1_277' title='bbox 1702 3405 1968 3461; x_wconf 89' lang='lat' dir='ltr'><strong>dicentem</strong></span> <span class='ocrx_word' id='word_1_278' title='bbox 2003 3424 2016 3460; x_wconf 94' lang='lat'><strong>:</strong></span> <span class='ocrx_word' id='word_1_279' title='bbox 2046 3405 2113 3460; x_wconf 87' lang='lat' dir='ltr'><strong>In</strong></span> 
     </span>
    </p>
   </div>
   <div class='ocr_carea' id='block_1_35' title="bbox 521 3489 2114 3564">
    <p class='ocr_par' dir='ltr' id='par_1_35' title="bbox 521 3489 2114 3564">
     <span class='ocr_line' id='line_1_35' title="bbox 521 3489 2114 3564; baseline 0.006 -22"><span class='ocrx_word' id='word_1_280' title='bbox 521 3489 694 3544; x_wconf 85' lang='lat' dir='ltr'><strong>diebus</strong></span> <span class='ocrx_word' id='word_1_281' title='bbox 725 3489 840 3546; x_wconf 87' lang='lat' dir='ltr'><strong>Noe</strong></span> <span class='ocrx_word' id='word_1_282' title='bbox 877 3509 990 3547; x_wconf 90' lang='lat' dir='ltr'><strong>cum</strong></span> <span class='ocrx_word' id='word_1_283' title='bbox 1029 3495 1360 3564; x_wconf 88' lang='lat' dir='ltr'><strong>fabricaretur</strong></span> <span class='ocrx_word' id='word_1_284' title='bbox 1396 3512 1516 3549; x_wconf 87' lang='lat' dir='ltr'><strong>arca</strong></span> <span class='ocrx_word' id='word_1_285' title='bbox 1539 3536 1553 3562; x_wconf 95' lang='lat'><strong>,</strong></span> <span class='ocrx_word' id='word_1_286' title='bbox 1586 3506 1696 3550; x_wconf 81' lang='lat' dir='ltr'><strong>octo</strong></span> <span class='ocrx_word' id='word_1_287' title='bbox 1721 3497 1919 3551; x_wconf 83' lang='lat' dir='ltr'><strong>animos</strong></span> <span class='ocrx_word' id='word_1_288' title='bbox 1947 3498 2114 3552; x_wconf 81' lang='lat' dir='ltr'><strong>salvas</strong></span> 
     </span>
    </p>
   </div>
   <div class='ocr_carea' id='block_1_36' title="bbox 521 3583 2115 3658">
    <p class='ocr_par' dir='ltr' id='par_1_36' title="bbox 521 3583 2115 3658">
     <span class='ocr_line' id='line_1_36' title="bbox 521 3583 2115 3658; baseline 0.007 -25"><span class='ocrx_word' id='word_1_289' title='bbox 521 3583 686 3650; x_wconf 88' lang='lat' dir='ltr'><strong>factas</strong></span> <span class='ocrx_word' id='word_1_290' title='bbox 712 3599 801 3653; x_wconf 90' lang='lat' dir='ltr'><strong>per</strong></span> <span class='ocrx_word' id='word_1_291' title='bbox 825 3600 1006 3652; x_wconf 90' lang='lat' dir='ltr'><strong>aquam</strong></span> <span class='ocrx_word' id='word_1_292' title='bbox 1036 3601 1055 3638; x_wconf 90' lang='lat'><strong><em>:</em></strong></span> <span class='ocrx_word' id='word_1_293' title='bbox 1083 3586 1218 3655; x_wconf 85' lang='lat' dir='ltr'><strong>quod</strong></span> <span class='ocrx_word' id='word_1_294' title='bbox 1244 3596 1293 3640; x_wconf 91' lang='lat' dir='ltr'><strong>et</strong></span> <span class='ocrx_word' id='word_1_295' title='bbox 1328 3602 1414 3641; x_wconf 90' lang='lat' dir='ltr'><strong>vos</strong></span> <span class='ocrx_word' id='word_1_296' title='bbox 1438 3629 1453 3653; x_wconf 95' lang='lat'><strong>,</strong></span> <span class='ocrx_word' id='word_1_297' title='bbox 1497 3587 1704 3657; x_wconf 88' lang='lat' dir='ltr'><strong>inquit,</strong></span> <span class='ocrx_word' id='word_1_298' title='bbox 1745 3588 1902 3642; x_wconf 73' lang='lat' dir='ltr'><strong>simili</strong></span> <span class='ocrx_word' id='word_1_299' title='bbox 1947 3593 2115 3658; x_wconf 88' lang='lat' dir='ltr'><strong>forma</strong></span> 
     </span>
    </p>
   </div>
   <div class='ocr_carea' id='block_1_37' title="bbox 521 3668 2115 3749">
    <p class='ocr_par' dir='ltr' id='par_1_37' title="bbox 521 3668 2115 3749">
     <span class='ocr_line' id='line_1_37' title="bbox 521 3668 2115 3749; baseline 0.007 -25"><span class='ocrx_word' id='word_1_300' title='bbox 521 3668 786 3742; x_wconf 88' lang='lat' dir='ltr'><strong>Baptisma</strong></span> <span class='ocrx_word' id='word_1_301' title='bbox 807 3675 972 3728; x_wconf 89' lang='lat' dir='ltr'><strong>salvos</strong></span> <span class='ocrx_word' id='word_1_302' title='bbox 991 3675 1135 3744; x_wconf 88' lang='lat' dir='ltr'><strong>facit,</strong></span> <span class='ocrx_word' id='word_1_303' title='bbox 1162 3693 1262 3730; x_wconf 88' lang='lat' dir='ltr'><strong>non</strong></span> <span class='ocrx_word' id='word_1_304' title='bbox 1288 3678 1456 3732; x_wconf 90' lang='lat' dir='ltr'><strong>carnis</strong></span> <span class='ocrx_word' id='word_1_305' title='bbox 1475 3677 1721 3749; x_wconf 82' lang='lat' dir='ltr'><strong>depositio</strong></span> <span class='ocrx_word' id='word_1_306' title='bbox 1745 3678 1970 3732; x_wconf 89' lang='lat' dir='ltr'><strong>sordium</strong></span> <span class='ocrx_word' id='word_1_307' title='bbox 1984 3697 2004 3745; x_wconf 88' lang='lat'><strong><em>;</em></strong></span> <span class='ocrx_word' id='word_1_308' title='bbox 2024 3680 2115 3735; x_wconf 85' lang='lat' dir='ltr'><strong>sed</strong></span> 
     </span>
    </p>
   </div>
   <div class='ocr_carea' id='block_1_38' title="bbox 521 3765 2113 3841">
    <p class='ocr_par' dir='ltr' id='par_1_38' title="bbox 521 3765 2113 3841">
     <span class='ocr_line' id='line_1_38' title="bbox 521 3765 2113 3841; baseline 0.006 -24"><span class='ocrx_word' id='word_1_309' title='bbox 521 3765 841 3820; x_wconf 60' lang='lat' dir='ltr'><strong>conscientia</strong></span> <span class='ocrx_word' id='word_1_310' title='bbox 869 3769 1012 3822; x_wconf 73' lang='lat' dir='ltr'><strong>bona:</strong></span> <span class='ocrx_word' id='word_1_311' title='bbox 1029 3768 1356 3840; x_wconf 85' lang='lat' dir='ltr'><strong>interrogatio</strong></span> <span class='ocrx_word' id='word_1_312' title='bbox 1388 3770 1442 3824; x_wconf 90' lang='lat' dir='ltr'><strong>in</strong></span> <span class='ocrx_word' id='word_1_313' title='bbox 1480 3768 1642 3825; x_wconf 89' lang='lat' dir='ltr'><strong>Deum</strong></span> <span class='ocrx_word' id='word_1_314' title='bbox 1669 3787 1758 3841; x_wconf 87' lang='lat' dir='ltr'><strong>per</strong></span> <span class='ocrx_word' id='word_1_315' title='bbox 1783 3773 2113 3828; x_wconf 84' lang='lat' dir='ltr'><strong>resurrectio-</strong></span> 
     </span>
    </p>
   </div>
   <div class='ocr_carea' id='block_1_39' title="bbox 520 3856 2116 3936">
    <p class='ocr_par' dir='ltr' id='par_1_39' title="bbox 520 3856 2116 3936">
     <span class='ocr_line' id='line_1_39' title="bbox 520 3856 2116 3936; baseline 0.009 -28"><span class='ocrx_word' id='word_1_316' title='bbox 520 3871 634 3910; x_wconf 88' lang='lat' dir='ltr'><strong>nem</strong></span> <span class='ocrx_word' id='word_1_317' title='bbox 675 3856 803 3911; x_wconf 83' lang='lat' dir='ltr'><strong>Jesu</strong></span> <span class='ocrx_word' id='word_1_318' title='bbox 847 3858 1034 3914; x_wconf 85' lang='lat' dir='ltr'><strong>Christi</strong></span> <span class='ocrx_word' id='word_1_319' title='bbox 1078 3860 1315 3933; x_wconf 84' lang='lat' dir='ltr'><strong>([Petr.</strong></span> <span class='ocrx_word' id='word_1_320' title='bbox 1349 3879 1440 3927; x_wconf 86' lang='lat' dir='ltr'><strong>ut,</strong></span> <span class='ocrx_word' id='word_1_321' title='bbox 1485 3864 1588 3928; x_wconf 75' lang='lat'><strong>20,</strong></span> <span class='ocrx_word' id='word_1_322' title='bbox 1628 3863 1744 3936; x_wconf 68' lang='grc' dir='ltr'><strong>Ἢ).</strong></span> <span class='ocrx_word' id='word_1_323' title='bbox 1788 3865 1925 3922; x_wconf 90' lang='lat' dir='ltr'><strong>Ecce</strong></span> <span class='ocrx_word' id='word_1_324' title='bbox 1954 3865 2116 3923; x_wconf 81' lang='lat' dir='ltr'><strong>habet</strong></span> 
     </span>
    </p>
   </div>
   <div class='ocr_carea' id='block_1_40' title="bbox 521 3949 2115 4030">
    <p class='ocr_par' dir='ltr' id='par_1_40' title="bbox 521 3949 2115 4030">
     <span class='ocr_line' id='line_1_40' title="bbox 521 3949 2115 4030; baseline 0.009 -28"><span class='ocrx_word' id='word_1_325' title='bbox 521 3949 820 4018; x_wconf 82' lang='lat' dir='ltr'><strong>expositum</strong></span> <span class='ocrx_word' id='word_1_326' title='bbox 864 3952 1046 4008; x_wconf 88' lang='lat' dir='ltr'><strong>diluvii</strong></span> <span class='ocrx_word' id='word_1_327' title='bbox 1092 3964 1504 4011; x_wconf 88' lang='lat' dir='ltr'><strong>sacramentum.</strong></span> <span class='ocrx_word' id='word_1_328' title='bbox 1553 3956 1653 4013; x_wconf 90' lang='lat' dir='ltr'><strong>Ubi</strong></span> <span class='ocrx_word' id='word_1_329' title='bbox 1699 3968 1980 4030; x_wconf 89' lang='lat' dir='ltr'><strong>propterea</strong></span> <span class='ocrx_word' id='word_1_330' title='bbox 2030 3967 2115 4016; x_wconf 89' lang='lat' dir='ltr'><strong>est</strong></span> 
     </span>
    </p>
   </div>
   <div class='ocr_carea' id='block_1_41' title="bbox 523 4037 2115 4113">
    <p class='ocr_par' dir='ltr' id='par_1_41' title="bbox 523 4037 2115 4113">
     <span class='ocr_line' id='line_1_41' title="bbox 523 4037 2115 4113; baseline 0.009 -22"><span class='ocrx_word' id='word_1_331' title='bbox 523 4037 761 4094; x_wconf 87' lang='lat' dir='ltr'><strong>additum</strong></span> <span class='ocrx_word' id='word_1_332' title='bbox 779 4080 794 4105; x_wconf 93' lang='lat'><strong>,</strong></span> <span class='ocrx_word' id='word_1_333' title='bbox 827 4058 916 4110; x_wconf 86' lang='lat' dir='ltr'><strong>per</strong></span> <span class='ocrx_word' id='word_1_334' title='bbox 939 4045 1347 4100; x_wconf 87' lang='lat' dir='ltr'><strong>resurrectionem</strong></span> <span class='ocrx_word' id='word_1_335' title='bbox 1375 4045 1500 4100; x_wconf 72' lang='lat' dir='ltr'><strong>Iesu</strong></span> <span class='ocrx_word' id='word_1_336' title='bbox 1521 4046 1741 4113; x_wconf 84' lang='lat' dir='ltr'><strong>Christi,</strong></span> <span class='ocrx_word' id='word_1_337' title='bbox 1771 4057 1830 4104; x_wconf 87' lang='lat' dir='ltr'><strong>ut</strong></span> <span class='ocrx_word' id='word_1_338' title='bbox 1855 4050 1996 4106; x_wconf 90' lang='lat' dir='ltr'><strong>diem</strong></span> <span class='ocrx_word' id='word_1_339' title='bbox 2032 4050 2115 4106; x_wconf 85' lang='lat' dir='ltr'><strong>in-</strong></span> 
     </span>
    </p>
   </div>
   <div class='ocr_carea' id='block_1_42' title="bbox 525 4129 2115 4208">
    <p class='ocr_par' dir='ltr' id='par_1_42' title="bbox 525 4129 2115 4208">
     <span class='ocr_line' id='line_1_42' title="bbox 525 4129 2115 4208; baseline 0.009 -24"><span class='ocrx_word' id='word_1_340' title='bbox 525 4129 888 4202; x_wconf 79' lang='lat' dir='ltr'><strong>telligeremus</strong></span> <span class='ocrx_word' id='word_1_341' title='bbox 917 4143 1160 4190; x_wconf 89' lang='lat' dir='ltr'><strong>octavum</strong></span> <span class='ocrx_word' id='word_1_342' title='bbox 1182 4177 1197 4202; x_wconf 92' lang='lat'><strong>,</strong></span> <span class='ocrx_word' id='word_1_343' title='bbox 1229 4137 1370 4205; x_wconf 90' lang='lat' dir='ltr'><strong>quod</strong></span> <span class='ocrx_word' id='word_1_344' title='bbox 1406 4137 1720 4208; x_wconf 85' lang='lat' dir='ltr'><strong>signiﬁcavit</strong></span> <span class='ocrx_word' id='word_1_345' title='bbox 1760 4141 1813 4195; x_wconf 91' lang='lat' dir='ltr'><strong>in</strong></span> <span class='ocrx_word' id='word_1_346' title='bbox 1851 4156 1975 4197; x_wconf 89' lang='lat' dir='ltr'><strong>arca</strong></span> <span class='ocrx_word' id='word_1_347' title='bbox 2014 4157 2115 4198; x_wconf 87' lang='lat' dir='ltr'><strong>nu-</strong></span> 
     </span>
    </p>
   </div>
   <div class='ocr_carea' id='block_1_43' title="bbox 524 4225 2115 4305">
    <p class='ocr_par' dir='ltr' id='par_1_43' title="bbox 524 4225 2115 4305">
     <span class='ocr_line' id='line_1_43' title="bbox 524 4225 2115 4305; baseline 0.008 -28"><span class='ocrx_word' id='word_1_348' title='bbox 524 4238 707 4280; x_wconf 87' lang='lat' dir='ltr'><strong>merus</strong></span> <span class='ocrx_word' id='word_1_349' title='bbox 749 4225 1025 4282; x_wconf 89' lang='lat' dir='ltr'><strong>hominum</strong></span> <span class='ocrx_word' id='word_1_350' title='bbox 1071 4245 1084 4282; x_wconf 90' lang='lat'>:</span> <span class='ocrx_word' id='word_1_351' title='bbox 1137 4237 1324 4285; x_wconf 90' lang='lat' dir='ltr'><strong>octavo</strong></span> <span class='ocrx_word' id='word_1_352' title='bbox 1365 4230 1507 4285; x_wconf 88' lang='lat' dir='ltr'><strong>enim</strong></span> <span class='ocrx_word' id='word_1_353' title='bbox 1551 4231 1636 4287; x_wconf 91' lang='lat' dir='ltr'><strong>die</strong></span> <span class='ocrx_word' id='word_1_354' title='bbox 1661 4274 1674 4296; x_wconf 87' lang='lat'><strong>,</strong></span> <span class='ocrx_word' id='word_1_355' title='bbox 1717 4232 1820 4288; x_wconf 91' lang='lat' dir='ltr'><strong>hoc</strong></span> <span class='ocrx_word' id='word_1_356' title='bbox 1847 4243 1927 4290; x_wconf 91' lang='lat' dir='ltr'><strong>est</strong></span> <span class='ocrx_word' id='word_1_357' title='bbox 1951 4226 1971 4302; x_wconf 39' lang='lat'><strong>,&#39;</strong></span> <span class='ocrx_word' id='word_1_358' title='bbox 1992 4243 2115 4305; x_wconf 90' lang='lat' dir='ltr'><strong>post</strong></span> 
     </span>
    </p>
   </div>
   <div class='ocr_carea' id='block_1_44' title="bbox 524 4316 2113 4398">
    <p class='ocr_par' dir='ltr' id='par_1_44' title="bbox 524 4316 2113 4398">
     <span class='ocr_line' id='line_1_44' title="bbox 524 4316 2113 4398; baseline 0.009 -29"><span class='ocrx_word' id='word_1_359' title='bbox 524 4316 813 4386; x_wconf 86' lang='lat' dir='ltr'><strong>septimum</strong></span> <span class='ocrx_word' id='word_1_360' title='bbox 858 4319 1063 4375; x_wconf 86' lang='lat' dir='ltr'><strong>sabbati</strong></span> <span class='ocrx_word' id='word_1_361' title='bbox 1107 4321 1364 4378; x_wconf 91' lang='lat' dir='ltr'><strong>Dominus</strong></span> <span class='ocrx_word' id='word_1_362' title='bbox 1404 4326 1714 4380; x_wconf 82' lang='lat' dir='ltr'><strong>resurrexit.</strong></span> <span class='ocrx_word' id='word_1_363' title='bbox 1753 4326 1842 4382; x_wconf 91' lang='lat' dir='ltr'><strong>Sic</strong></span> <span class='ocrx_word' id='word_1_364' title='bbox 1866 4343 1994 4398; x_wconf 88' lang='lat' dir='ltr'><strong>ergo</strong></span> <span class='ocrx_word' id='word_1_365' title='bbox 2023 4328 2113 4384; x_wconf 89' lang='lat' dir='ltr'><strong>illa</strong></span> 
     </span>
    </p>
   </div>
   <div class='ocr_carea' id='block_1_45' title="bbox 522 4417 2112 4489">
    <p class='ocr_par' dir='ltr' id='par_1_45' title="bbox 522 4417 2112 4489">
     <span class='ocr_line' id='line_1_45' title="bbox 522 4417 2112 4489; baseline 0.008 -26"><span class='ocrx_word' id='word_1_366' title='bbox 522 4423 642 4479; x_wconf 81' lang='lat' dir='ltr'><strong>quae</strong></span> <span class='ocrx_word' id='word_1_367' title='bbox 665 4419 814 4480; x_wconf 84' lang='lat' dir='ltr'><strong>gesta</strong></span> <span class='ocrx_word' id='word_1_368' title='bbox 842 4424 1331 4470; x_wconf 87' lang='lat' dir='ltr'><strong>commemorantur</strong></span> <span class='ocrx_word' id='word_1_369' title='bbox 1353 4458 1369 4482; x_wconf 90' lang='lat'><strong>,</strong></span> <span class='ocrx_word' id='word_1_370' title='bbox 1402 4417 1446 4472; x_wconf 91' lang='lat' dir='ltr'><strong>si</strong></span> <span class='ocrx_word' id='word_1_371' title='bbox 1475 4417 1594 4488; x_wconf 89' lang='lat' dir='ltr'><strong>quis</strong></span> <span class='ocrx_word' id='word_1_372' title='bbox 1622 4419 1905 4489; x_wconf 87' lang='lat' dir='ltr'><strong>intelligit,</strong></span> <span class='ocrx_word' id='word_1_373' title='bbox 1949 4423 2112 4476; x_wconf 91' lang='lat' dir='ltr'><strong>etiam</strong></span> 
     </span>
    </p>
   </div>
   <div class='ocr_carea' id='block_1_46' title="bbox 520 4500 2121 4581">
    <p class='ocr_par' dir='ltr' id='par_1_46' title="bbox 520 4500 2121 4581">
     <span class='ocr_line' id='line_1_46' title="bbox 520 4500 2121 4581; baseline 0.009 -28"><span class='ocrx_word' id='word_1_374' title='bbox 520 4500 816 4570; x_wconf 71' lang='lat' dir='ltr'><strong>prophetia:</strong></span> <span class='ocrx_word' id='word_1_375' title='bbox 850 4502 1084 4561; x_wconf 79' lang='lat' dir='ltr'><strong>luerunt.</strong></span> <span class='ocrx_word' id='word_1_376' title='bbox 1131 4505 1236 4561; x_wconf 92' lang='lat' dir='ltr'><strong>Sed</strong></span> <span class='ocrx_word' id='word_1_377' title='bbox 1282 4507 1382 4563; x_wconf 89' lang='lat' dir='ltr'><strong>iste</strong></span> <span class='ocrx_word' id='word_1_378' title='bbox 1426 4517 1623 4579; x_wconf 71' lang='lat' dir='ltr'><strong>printer</strong></span> <span class='ocrx_word' id='word_1_379' title='bbox 1659 4524 1837 4566; x_wconf 85' lang='lat' dir='ltr'><strong>arcam</strong></span> <span class='ocrx_word' id='word_1_380' title='bbox 1863 4552 1878 4578; x_wconf 95' lang='lat'><strong>,</strong></span> <span class='ocrx_word' id='word_1_381' title='bbox 1907 4510 1958 4567; x_wconf 92' lang='lat' dir='ltr'><strong>id</strong></span> <span class='ocrx_word' id='word_1_382' title='bbox 1986 4520 2121 4581; x_wconf 80' lang='lat' dir='ltr'><strong>est,</strong></span> 
     </span>
    </p>
   </div>
   <div class='ocr_carea' id='block_1_47' title="bbox 523 4593 2108 4672">
    <p class='ocr_par' dir='ltr' id='par_1_47' title="bbox 523 4593 2108 4672">
     <span class='ocr_line' id='line_1_47' title="bbox 523 4593 2108 4672; baseline 0.009 -26"><span class='ocrx_word' id='word_1_383' title='bbox 523 4603 721 4662; x_wconf 64' lang='lat' dir='ltr'><strong>praeter</strong></span> <span class='ocrx_word' id='word_1_384' title='bbox 747 4593 1040 4652; x_wconf 89' lang='lat' dir='ltr'><strong>Ecclesiam</strong></span> <span class='ocrx_word' id='word_1_385' title='bbox 1070 4597 1412 4668; x_wconf 90' lang='lat' dir='ltr'><strong>constitutus,</strong></span> <span class='ocrx_word' id='word_1_386' title='bbox 1440 4601 1751 4658; x_wconf 90' lang='lat' dir='ltr'><strong>submersus</strong></span> <span class='ocrx_word' id='word_1_387' title='bbox 1779 4611 1864 4660; x_wconf 90' lang='lat' dir='ltr'><strong>est</strong></span> <span class='ocrx_word' id='word_1_388' title='bbox 1887 4601 2108 4672; x_wconf 89' lang='lat' dir='ltr'><strong>diluvio,</strong></span> 
     </span>
    </p>
   </div>
   <div class='ocr_carea' id='block_1_48' title="bbox 522 4684 883 4740">
    <p class='ocr_par' dir='ltr' id='par_1_48' title="bbox 522 4684 883 4740">
     <span class='ocr_line' id='line_1_48' title="bbox 522 4684 883 4740; baseline 0.008 -5"><span class='ocrx_word' id='word_1_389' title='bbox 522 4698 628 4738; x_wconf 92' lang='lat' dir='ltr'><strong>non</strong></span> <span class='ocrx_word' id='word_1_390' title='bbox 655 4684 883 4740; x_wconf 87' lang='lat' dir='ltr'><strong>ablutus.</strong></span> 
     </span>
    </p>
   </div>
   <div class='ocr_carea' id='block_1_49' title="bbox 597 4775 2112 4856">
    <p class='ocr_par' dir='ltr' id='par_1_49' title="bbox 597 4775 2112 4856">
     <span class='ocr_line' id='line_1_49' title="bbox 597 4775 2112 4856; baseline 0.01 -27"><span class='ocrx_word' id='word_1_391' title='bbox 597 4775 826 4832; x_wconf 84' lang='lat' dir='ltr'><strong>CAPUT</strong></span> <span class='ocrx_word' id='word_1_392' title='bbox 849 4776 1019 4834; x_wconf 79' lang='lat' dir='ltr'><strong>XXII.</strong></span> <span class='ocrx_word' id='word_1_393' title='bbox 1048 4811 1117 4820; x_wconf 97' lang='lat'><strong>—</strong></span> <span class='ocrx_word' id='word_1_394' title='bbox 1142 4781 1232 4838; x_wconf 78' lang='grc'><strong>46.</strong></span> <span class='ocrx_word' id='word_1_395' title='bbox 1264 4781 1341 4838; x_wconf 91' lang='lat' dir='ltr'><strong>De</strong></span> <span class='ocrx_word' id='word_1_396' title='bbox 1387 4783 1696 4840; x_wconf 85' lang='lat' dir='ltr'><strong>testimonio</strong></span> <span class='ocrx_word' id='word_1_397' title='bbox 1724 4800 1934 4856; x_wconf 90' lang='lat' dir='ltr'><strong>quoque</strong></span> <span class='ocrx_word' id='word_1_398' title='bbox 1961 4786 2112 4844; x_wconf 73' lang='lat' dir='ltr'><strong>Isaia:</strong></span> 
     </span>
    </p>
   </div>
   <div class='ocr_carea' id='block_1_50' title="bbox 521 4869 2111 4950">
    <p class='ocr_par' dir='ltr' id='par_1_50' title="bbox 521 4869 2111 4950">
     <span class='ocr_line' id='line_1_50' title="bbox 521 4869 2111 4950; baseline 0.008 -27"><span class='ocrx_word' id='word_1_399' title='bbox 521 4869 795 4939; x_wconf 72' lang='lat' dir='ltr'><strong>propheta:</strong></span> <span class='ocrx_word' id='word_1_400' title='bbox 842 4872 1196 4928; x_wconf 89' lang='lat' dir='ltr'><strong>calumniatur</strong></span> <span class='ocrx_word' id='word_1_401' title='bbox 1250 4883 1409 4946; x_wconf 91' lang='lat' dir='ltr'><strong>atque</strong></span> <span class='ocrx_word' id='word_1_402' title='bbox 1450 4875 1820 4947; x_wconf 89' lang='lat' dir='ltr'><strong>blasphemat,</strong></span> <span class='ocrx_word' id='word_1_403' title='bbox 1860 4893 1927 4934; x_wconf 93' lang='lat' dir='ltr'><strong>eo</strong></span> <span class='ocrx_word' id='word_1_404' title='bbox 1967 4879 2111 4950; x_wconf 90' lang='lat' dir='ltr'><strong>quod</strong></span> 
     </span>
    </p>
   </div>
   <div class='ocr_carea' id='block_1_51' title="bbox 521 4958 2109 5041">
    <p class='ocr_par' dir='ltr' id='par_1_51' title="bbox 521 4958 2109 5041">
     <span class='ocr_line' id='line_1_51' title="bbox 521 4958 2109 5041; baseline 0.008 -28"><span class='ocrx_word' id='word_1_405' title='bbox 521 4958 752 5028; x_wconf 86' lang='lat' dir='ltr'><strong>dixerit,</strong></span> <span class='ocrx_word' id='word_1_406' title='bbox 797 4960 962 5019; x_wconf 86' lang='lat' dir='ltr'><strong>Filios</strong></span> <span class='ocrx_word' id='word_1_407' title='bbox 995 4965 1146 5035; x_wconf 85' lang='lat' dir='ltr'><strong>genui</strong></span> <span class='ocrx_word' id='word_1_408' title='bbox 1185 4973 1234 5019; x_wconf 90' lang='lat' dir='ltr'><strong>et</strong></span> <span class='ocrx_word' id='word_1_409' title='bbox 1253 4965 1471 5019; x_wconf 72' lang='lat' dir='ltr'><strong>excitavi</strong></span> <span class='ocrx_word' id='word_1_410' title='bbox 1489 5008 1506 5033; x_wconf 89' lang='lat'><strong>,</strong></span> <span class='ocrx_word' id='word_1_411' title='bbox 1535 4967 1636 5036; x_wconf 84' lang='lat' dir='ltr'><strong>ipsi</strong></span> <span class='ocrx_word' id='word_1_412' title='bbox 1664 4976 1832 5023; x_wconf 82' lang='lat' dir='ltr'><strong>autem</strong></span> <span class='ocrx_word' id='word_1_413' title='bbox 1856 4985 1936 5024; x_wconf 88' lang='lat' dir='ltr'><strong>me</strong></span> <span class='ocrx_word' id='word_1_414' title='bbox 1960 4986 2109 5041; x_wconf 87' lang='lat' dir='ltr'><strong>spre-</strong></span> 
     </span>
    </p>
   </div>
   <div class='ocr_carea' id='block_1_52' title="bbox 517 5054 2108 5129">
    <p class='ocr_par' dir='ltr' id='par_1_52' title="bbox 517 5054 2108 5129">
     <span class='ocr_line' id='line_1_52' title="bbox 517 5054 2108 5129; baseline 0.008 -24"><span class='ocrx_word' id='word_1_415' title='bbox 517 5061 732 5119; x_wconf 85' lang='lat' dir='ltr'><strong>verunt;</strong></span> <span class='ocrx_word' id='word_1_416' title='bbox 787 5061 842 5108; x_wconf 93' lang='lat' dir='ltr'><strong>et</strong></span> <span class='ocrx_word' id='word_1_417' title='bbox 890 5054 1108 5110; x_wconf 89' lang='lat' dir='ltr'><strong>eosdem</strong></span> <span class='ocrx_word' id='word_1_418' title='bbox 1161 5055 1320 5124; x_wconf 86' lang='lat' dir='ltr'><strong>paulo</strong></span> <span class='ocrx_word' id='word_1_419' title='bbox 1363 5065 1483 5125; x_wconf 89' lang='lat' dir='ltr'><strong>post</strong></span> <span class='ocrx_word' id='word_1_420' title='bbox 1524 5059 1872 5129; x_wconf 87' lang='lat' dir='ltr'><strong>appellaverit</strong></span> <span class='ocrx_word' id='word_1_421' title='bbox 1923 5074 2108 5118; x_wconf 88' lang='lat' dir='ltr'><strong>semen</strong></span> 
     </span>
    </p>
   </div>
   <div class='ocr_carea' id='block_1_53' title="bbox 517 5144 2112 5222">
    <p class='ocr_par' dir='ltr' id='par_1_53' title="bbox 517 5144 2112 5222">
     <span class='ocr_line' id='line_1_53' title="bbox 517 5144 2112 5222; baseline 0.006 -24"><span class='ocrx_word' id='word_1_422' title='bbox 517 5145 806 5214; x_wconf 90' lang='lat' dir='ltr'><strong>pessimum</strong></span> <span class='ocrx_word' id='word_1_423' title='bbox 823 5144 974 5216; x_wconf 81' lang='lat' dir='ltr'><strong>(Isai.</strong></span> <span class='ocrx_word' id='word_1_424' title='bbox 998 5161 1036 5210; x_wconf 85' lang='grc' dir='ltr'><strong>ι,</strong></span> <span class='ocrx_word' id='word_1_425' title='bbox 1062 5145 1205 5216; x_wconf 74' lang='grc'><strong>2-4),</strong></span> <span class='ocrx_word' id='word_1_426' title='bbox 1237 5154 1484 5217; x_wconf 88' lang='lat' dir='ltr'><strong>tanquam</strong></span> <span class='ocrx_word' id='word_1_427' title='bbox 1507 5163 1566 5204; x_wconf 89' lang='lat' dir='ltr'><strong>se</strong></span> <span class='ocrx_word' id='word_1_428' title='bbox 1595 5150 1882 5206; x_wconf 89' lang='lat' dir='ltr'><strong>ostendens</strong></span> <span class='ocrx_word' id='word_1_429' title='bbox 1905 5152 2112 5222; x_wconf 82' lang='lat' dir='ltr'><strong>genito-</strong></span> 
     </span>
    </p>
   </div>
   <div class='ocr_carea' id='block_1_54' title="bbox 517 5236 2110 5311">
    <p class='ocr_par' dir='ltr' id='par_1_54' title="bbox 517 5236 2110 5311">
     <span class='ocr_line' id='line_1_54' title="bbox 517 5236 2110 5311; baseline 0.006 -20"><span class='ocrx_word' id='word_1_430' title='bbox 517 5251 634 5292; x_wconf 91' lang='lat' dir='ltr'><strong>rem</strong></span> <span class='ocrx_word' id='word_1_431' title='bbox 661 5237 946 5305; x_wconf 89' lang='lat' dir='ltr'><strong>malorum,</strong></span> <span class='ocrx_word' id='word_1_432' title='bbox 977 5236 1132 5307; x_wconf 88' lang='lat' dir='ltr'><strong>cujus</strong></span> <span class='ocrx_word' id='word_1_433' title='bbox 1161 5237 1252 5292; x_wconf 84' lang='lat' dir='ltr'><strong>lilii</strong></span> <span class='ocrx_word' id='word_1_434' title='bbox 1278 5247 1403 5292; x_wconf 90' lang='lat' dir='ltr'><strong>sunt</strong></span> <span class='ocrx_word' id='word_1_435' title='bbox 1428 5255 1609 5295; x_wconf 87' lang='lat' dir='ltr'><strong>semen</strong></span> <span class='ocrx_word' id='word_1_436' title='bbox 1642 5242 1930 5311; x_wconf 89' lang='lat' dir='ltr'><strong>pessimum</strong></span> <span class='ocrx_word' id='word_1_437' title='bbox 1970 5261 1984 5298; x_wconf 89' lang='lat'><strong>:</strong></span> <span class='ocrx_word' id='word_1_438' title='bbox 2013 5258 2110 5300; x_wconf 87' lang='lat' dir='ltr'><strong>ne-</strong></span> 
     </span>
    </p>
   </div>
   <div class='ocr_carea' id='block_1_55' title="bbox 514 5327 2111 5406">
    <p class='ocr_par' dir='ltr' id='par_1_55' title="bbox 514 5327 2111 5406">
     <span class='ocr_line' id='line_1_55' title="bbox 514 5327 2111 5406; baseline 0.004 -23"><span class='ocrx_word' id='word_1_439' title='bbox 514 5327 692 5386; x_wconf 86' lang='lat' dir='ltr'><strong>sciens</strong></span> <span class='ocrx_word' id='word_1_440' title='bbox 719 5327 908 5384; x_wconf 85' lang='lat' dir='ltr'><strong>ohhoc</strong></span> <span class='ocrx_word' id='word_1_441' title='bbox 923 5345 1018 5385; x_wconf 91' lang='lat' dir='ltr'><strong>eos</strong></span> <span class='ocrx_word' id='word_1_442' title='bbox 1045 5330 1148 5384; x_wconf 91' lang='lat' dir='ltr'><strong>dici</strong></span> <span class='ocrx_word' id='word_1_443' title='bbox 1177 5345 1358 5388; x_wconf 91' lang='lat' dir='ltr'><strong>semen</strong></span> <span class='ocrx_word' id='word_1_444' title='bbox 1377 5333 1687 5402; x_wconf 87' lang='lat' dir='ltr'><strong>pessimum,</strong></span> <span class='ocrx_word' id='word_1_445' title='bbox 1714 5335 1963 5404; x_wconf 90' lang='lat' dir='ltr'><strong>quoniam</strong></span> <span class='ocrx_word' id='word_1_446' title='bbox 1989 5349 2111 5406; x_wconf 86' lang='lat' dir='ltr'><strong>gra-</strong></span> 
     </span>
    </p>
   </div>
   <div class='ocr_carea' id='block_1_56' title="bbox 517 5420 2108 5496">
    <p class='ocr_par' dir='ltr' id='par_1_56' title="bbox 517 5420 2108 5496">
     <span class='ocr_line' id='line_1_56' title="bbox 517 5420 2108 5496; baseline 0.005 -22"><span class='ocrx_word' id='word_1_447' title='bbox 517 5420 608 5475; x_wconf 67' lang='lat' dir='ltr'><strong>tia:</strong></span> <span class='ocrx_word' id='word_1_448' title='bbox 637 5420 730 5476; x_wconf 88' lang='lat' dir='ltr'><strong>Dei</strong></span> <span class='ocrx_word' id='word_1_449' title='bbox 761 5436 862 5492; x_wconf 92' lang='lat' dir='ltr'><strong>qua</strong></span> <span class='ocrx_word' id='word_1_450' title='bbox 903 5421 1020 5492; x_wconf 83' lang='lat' dir='ltr'><strong>eius</strong></span> <span class='ocrx_word' id='word_1_451' title='bbox 1047 5421 1139 5478; x_wconf 87' lang='lat' dir='ltr'><strong>ﬁlii</strong></span> <span class='ocrx_word' id='word_1_452' title='bbox 1184 5422 1307 5478; x_wconf 80' lang='lat' dir='ltr'><strong>facti</strong></span> <span class='ocrx_word' id='word_1_453' title='bbox 1353 5425 1594 5490; x_wconf 80' lang='lat' dir='ltr'><strong>fuerant,</strong></span> <span class='ocrx_word' id='word_1_454' title='bbox 1647 5426 1922 5494; x_wconf 85' lang='lat' dir='ltr'><strong>peccando</strong></span> <span class='ocrx_word' id='word_1_455' title='bbox 1949 5425 2108 5496; x_wconf 83' lang='lat' dir='ltr'><strong>dege-</strong></span> 
     </span>
    </p>
   </div>
   <div class='ocr_carea' id='block_1_57' title="bbox 517 5515 2107 5586">
    <p class='ocr_par' dir='ltr' id='par_1_57' title="bbox 517 5515 2107 5586">
     <span class='ocr_line' id='line_1_57' title="bbox 517 5515 2107 5586; baseline 0.004 -18"><span class='ocrx_word' id='word_1_456' title='bbox 517 5529 674 5570; x_wconf 90' lang='lat' dir='ltr'><strong>neres</strong></span> <span class='ocrx_word' id='word_1_457' title='bbox 701 5515 1047 5580; x_wconf 85' lang='lat' dir='ltr'><strong>exstiterunt,</strong></span> <span class='ocrx_word' id='word_1_458' title='bbox 1072 5529 1258 5571; x_wconf 87' lang='lat' dir='ltr'><strong>eorum</strong></span> <span class='ocrx_word' id='word_1_459' title='bbox 1288 5517 1380 5571; x_wconf 81' lang='lat' dir='ltr'><strong>lilii</strong></span> <span class='ocrx_word' id='word_1_460' title='bbox 1407 5515 1532 5570; x_wconf 81' lang='lat' dir='ltr'><strong>facti</strong></span> <span class='ocrx_word' id='word_1_461' title='bbox 1559 5531 1784 5586; x_wconf 89' lang='lat' dir='ltr'><strong>quorum</strong></span> <span class='ocrx_word' id='word_1_462' title='bbox 1811 5517 2107 5574; x_wconf 86' lang='lat' dir='ltr'><strong>imitatores</strong></span> 
     </span>
    </p>
   </div>
   <div class='ocr_carea' id='block_1_58' title="bbox 513 5605 2108 5674">
    <p class='ocr_par' dir='ltr' id='par_1_58' title="bbox 513 5605 2108 5674">
     <span class='ocr_line' id='line_1_58' title="bbox 513 5605 2108 5674; baseline 0.002 -13"><span class='ocrx_word' id='word_1_463' title='bbox 513 5620 635 5661; x_wconf 89' lang='lat' dir='ltr'><strong>esse</strong></span> <span class='ocrx_word' id='word_1_464' title='bbox 659 5605 958 5661; x_wconf 87' lang='lat' dir='ltr'><strong>voluerunt.</strong></span> <span class='ocrx_word' id='word_1_465' title='bbox 991 5606 1144 5662; x_wconf 91' lang='lat' dir='ltr'><strong>Unde</strong></span> <span class='ocrx_word' id='word_1_466' title='bbox 1167 5607 1272 5661; x_wconf 91' lang='lat' dir='ltr'><strong>illis</strong></span> <span class='ocrx_word' id='word_1_467' title='bbox 1297 5608 1402 5661; x_wconf 88' lang='lat' dir='ltr'><strong>alio</strong></span> <span class='ocrx_word' id='word_1_468' title='bbox 1424 5607 1545 5662; x_wconf 91' lang='lat' dir='ltr'><strong>loco</strong></span> <span class='ocrx_word' id='word_1_469' title='bbox 1563 5607 1778 5674; x_wconf 91' lang='lat' dir='ltr'><strong>dicitur,</strong></span> <span class='ocrx_word' id='word_1_470' title='bbox 1806 5606 1961 5663; x_wconf 85' lang='lat' dir='ltr'><strong>Pater</strong></span> <span class='ocrx_word' id='word_1_471' title='bbox 1991 5618 2108 5664; x_wconf 86' lang='lat' dir='ltr'><strong>tuus</strong></span> 
     </span>
    </p>
   </div>
   <div class='ocr_carea' id='block_1_59' title="bbox 514 5697 2107 5772">
    <p class='ocr_par' dir='ltr' id='par_1_59' title="bbox 514 5697 2107 5772">
     <span class='ocr_line' id='line_1_59' title="bbox 514 5697 2107 5772; baseline 0.003 -21"><span class='ocrx_word' id='word_1_472' title='bbox 514 5697 858 5765; x_wconf 71' lang='lat' dir='ltr'><strong>Amorrhazus,</strong></span> <span class='ocrx_word' id='word_1_473' title='bbox 888 5709 936 5754; x_wconf 90' lang='lat' dir='ltr'><strong>et</strong></span> <span class='ocrx_word' id='word_1_474' title='bbox 964 5708 1122 5754; x_wconf 87' lang='lat' dir='ltr'><strong>mater</strong></span> <span class='ocrx_word' id='word_1_475' title='bbox 1152 5708 1240 5752; x_wconf 86' lang='lat' dir='ltr'><strong>tua</strong></span> <span class='ocrx_word' id='word_1_476' title='bbox 1260 5697 1460 5754; x_wconf 77' lang='lat' dir='ltr'><strong>Cethaza</strong></span> <span class='ocrx_word' id='word_1_477' title='bbox 1489 5699 1698 5771; x_wconf 82' lang='lat' dir='ltr'><strong>(Ezech.</strong></span> <span class='ocrx_word' id='word_1_478' title='bbox 1730 5717 1838 5767; x_wconf 73' lang='lat' dir='ltr'><strong>xvr,</strong></span> <span class='ocrx_word' id='word_1_479' title='bbox 1868 5699 1946 5772; x_wconf 80' lang='lat'><strong>5):</strong></span> <span class='ocrx_word' id='word_1_480' title='bbox 1971 5717 2107 5771; x_wconf 83' lang='lat' dir='ltr'><strong>qua-</strong></span> 
     </span>
    </p>
   </div>
   <div class='ocr_carea' id='block_1_60' title="bbox 577 5787 2106 5859">
    <p class='ocr_par' dir='ltr' id='par_1_60' title="bbox 577 5787 2106 5859">
     <span class='ocr_line' id='line_1_60' title="bbox 577 5787 2106 5859; baseline 0.002 -20"><span class='ocrx_word' id='word_1_481' title='bbox 577 5793 595 5822; x_wconf 79' lang='grc'>¹</span> <span class='ocrx_word' id='word_1_482' title='bbox 631 5789 770 5852; x_wconf 75' lang='lat' dir='ltr'><strong>Editi,</strong></span> <span class='ocrx_word' id='word_1_483' title='bbox 799 5787 888 5840; x_wconf 86' lang='lat' dir='ltr'><strong>Dei</strong></span> <span class='ocrx_word' id='word_1_484' title='bbox 911 5787 1249 5859; x_wconf 72' lang='lat' dir='ltr'><strong>dimittendum</strong></span> <span class='ocrx_word' id='word_1_485' title='bbox 1282 5803 1384 5841; x_wconf 76' lang='lat' dir='ltr'><strong>esse</strong></span> <span class='ocrx_word' id='word_1_486' title='bbox 1405 5790 1614 5854; x_wconf 81' lang='lat' dir='ltr'><strong>judicio.</strong></span> <span class='ocrx_word' id='word_1_487' title='bbox 1654 5793 1938 5844; x_wconf 85' lang='lat' dir='ltr'><strong>concinnius</strong></span> <span class='ocrx_word' id='word_1_488' title='bbox 1976 5800 2106 5854; x_wconf 85' lang='lat' dir='ltr'><strong>MSS.,</strong></span> 
     </span>
    </p>
   </div>
   <div class='ocr_carea' id='block_1_61' title="bbox 513 5851 1608 5923">
    <p class='ocr_par' dir='ltr' id='par_1_61' title="bbox 513 5851 1608 5923">
     <span class='ocr_line' id='line_1_61' title="bbox 513 5851 1608 5923; baseline -0.003 -19"><span class='ocrx_word' id='word_1_489' title='bbox 513 5859 616 5906; x_wconf 84' lang='lat' dir='ltr'><strong>Deo</strong></span> <span class='ocrx_word' id='word_1_490' title='bbox 640 5887 654 5907; x_wconf 91' lang='lat'><strong>.</strong></span> <span class='ocrx_word' id='word_1_491' title='bbox 682 5887 696 5906; x_wconf 90' lang='lat'><strong>.</strong></span> <span class='ocrx_word' id='word_1_492' title='bbox 726 5888 740 5906; x_wconf 88' lang='lat'><strong>.</strong></span> <span class='ocrx_word' id='word_1_493' title='bbox 770 5889 784 5908; x_wconf 85' lang='lat'><strong>.</strong></span> <span class='ocrx_word' id='word_1_494' title='bbox 815 5889 826 5909; x_wconf 89' lang='lat'><strong>.</strong></span> <span class='ocrx_word' id='word_1_495' title='bbox 858 5887 870 5902; x_wconf 88' lang='lat'><strong>.</strong></span> <span class='ocrx_word' id='word_1_496' title='bbox 901 5887 913 5901; x_wconf 91' lang='lat'><strong>.</strong></span> <span class='ocrx_word' id='word_1_497' title='bbox 935 5851 1192 5923; x_wconf 82' lang='lat' dir='ltr'><strong>tudicittm.</strong></span> <span class='ocrx_word' id='word_1_498' title='bbox 1407 5851 1417 5854; x_wconf 72' lang='lat'>&#39;</span> <span class='ocrx_word' id='word_1_499' title='bbox 1603 5873 1608 5877; x_wconf 56' lang='grc' dir='ltr'><strong><em>η</em></strong></span> 
     </span>
    </p>
   </div>
   <div class='ocr_carea' id='block_1_62' title="bbox 1021 335 3253 405">
    <p class='ocr_par' dir='ltr' id='par_1_62' title="bbox 1021 335 3253 405">
     <span class='ocr_line' id='line_1_62' title="bbox 1021 335 3253 405; baseline -0.005 -1"><span class='ocrx_word' id='word_1_500' title='bbox 1021 346 1288 405; x_wconf 79' lang='lat' dir='ltr'><strong>CONTRA</strong></span> <span class='ocrx_word' id='word_1_501' title='bbox 1331 342 1822 403; x_wconf 76' lang='lat' dir='ltr'><strong>ADVERSARIUM</strong></span> <span class='ocrx_word' id='word_1_502' title='bbox 1861 337 2058 398; x_wconf 85' lang='lat' dir='ltr'><strong>LEGIS</strong></span> <span class='ocrx_word' id='word_1_503' title='bbox 2096 335 2184 393; x_wconf 86' lang='lat' dir='ltr'><strong>ET</strong></span> <span class='ocrx_word' id='word_1_504' title='bbox 2223 335 2756 405; x_wconf 79' lang='lat' dir='ltr'><strong>PROPHETARUM,</strong></span> <span class='ocrx_word' id='word_1_505' title='bbox 2797 338 2856 395; x_wconf 87' lang='lat' dir='ltr'><strong>S.</strong></span> <span class='ocrx_word' id='word_1_506' title='bbox 2886 337 3253 396; x_wconf 82' lang='lat' dir='ltr'><strong>AUGUSTINI</strong></span> 
     </span>
    </p>
   </div>
   <div class='ocr_carea' id='block_1_63' title="bbox 3685 336 3792 400">
    <p class='ocr_par' dir='ltr' id='par_1_63' title="bbox 3685 336 3792 400">
     <span class='ocr_line' id='line_1_63' title="bbox 3685 336 3792 400; baseline 0 -1"><span class='ocrx_word' id='word_1_507' title='bbox 3685 336 3792 400; x_wconf 70' lang='lat'><strong>632</strong></span> 
     </span>
    </p>
   </div>
   <div class='ocr_carea' id='block_1_64' title="bbox 2212 454 3796 529">
    <p class='ocr_par' dir='ltr' id='par_1_64' title="bbox 2212 454 3796 529">
     <span class='ocr_line' id='line_1_64' title="bbox 2212 454 3796 529; baseline 0.006 -24"><span class='ocrx_word' id='word_1_508' title='bbox 2212 467 2328 506; x_wconf 90' lang='lat' dir='ltr'><strong>rum</strong></span> <span class='ocrx_word' id='word_1_509' title='bbox 2358 454 2594 524; x_wconf 83' lang='lat' dir='ltr'><strong>gentium</strong></span> <span class='ocrx_word' id='word_1_510' title='bbox 2635 462 2758 509; x_wconf 92' lang='lat' dir='ltr'><strong>sunt</strong></span> <span class='ocrx_word' id='word_1_511' title='bbox 2787 455 3112 526; x_wconf 88' lang='lat' dir='ltr'><strong>impietatem</strong></span> <span class='ocrx_word' id='word_1_512' title='bbox 3160 456 3521 527; x_wconf 90' lang='lat' dir='ltr'><strong>malitiamque</strong></span> <span class='ocrx_word' id='word_1_513' title='bbox 3563 460 3796 529; x_wconf 66' lang='lat' dir='ltr'><strong>sectati;</strong></span> 
     </span>
    </p>
   </div>
   <div class='ocr_carea' id='block_1_65' title="bbox 2205 543 3802 617">
    <p class='ocr_par' dir='ltr' id='par_1_65' title="bbox 2205 543 3802 617">
     <span class='ocr_line' id='line_1_65' title="bbox 2205 543 3802 617; baseline 0.005 -19"><span class='ocrx_word' id='word_1_514' title='bbox 2205 557 2271 598; x_wconf 81' lang='lat' dir='ltr'><strong>ex</strong></span> <span class='ocrx_word' id='word_1_515' title='bbox 2297 543 2488 614; x_wconf 89' lang='lat' dir='ltr'><strong>quibus</strong></span> <span class='ocrx_word' id='word_1_516' title='bbox 2516 555 2693 601; x_wconf 88' lang='lat' dir='ltr'><strong>tamen</strong></span> <span class='ocrx_word' id='word_1_517' title='bbox 2723 546 2902 602; x_wconf 92' lang='lat' dir='ltr'><strong>carnis</strong></span> <span class='ocrx_word' id='word_1_518' title='bbox 2930 546 3190 617; x_wconf 84' lang='lat' dir='ltr'><strong>originem</strong></span> <span class='ocrx_word' id='word_1_519' title='bbox 3237 563 3344 602; x_wconf 93' lang='lat' dir='ltr'><strong>non</strong></span> <span class='ocrx_word' id='word_1_520' title='bbox 3375 548 3661 604; x_wconf 87' lang='lat' dir='ltr'><strong>ducebant.</strong></span> <span class='ocrx_word' id='word_1_521' title='bbox 3691 550 3802 606; x_wconf 87' lang='lat' dir='ltr'><strong>Sed</strong></span> 
     </span>
    </p>
   </div>
   <div class='ocr_carea' id='block_1_66' title="bbox 2210 633 3801 708">
    <p class='ocr_par' dir='ltr' id='par_1_66' title="bbox 2210 633 3801 708">
     <span class='ocr_line' id='line_1_66' title="bbox 2210 633 3801 708; baseline 0.008 -22"><span class='ocrx_word' id='word_1_522' title='bbox 2210 633 2382 688; x_wconf 88' lang='lat' dir='ltr'><strong>solvat</strong></span> <span class='ocrx_word' id='word_1_523' title='bbox 2427 634 2526 689; x_wconf 87' lang='lat' dir='ltr'><strong>iste</strong></span> <span class='ocrx_word' id='word_1_524' title='bbox 2575 637 2924 705; x_wconf 85' lang='lat' dir='ltr'><strong>quaestionem</strong></span> <span class='ocrx_word' id='word_1_525' title='bbox 2975 638 3370 708; x_wconf 88' lang='lat' dir='ltr'><strong>evangelicam,</strong></span> <span class='ocrx_word' id='word_1_526' title='bbox 3419 639 3506 694; x_wconf 88' lang='lat' dir='ltr'><strong>ubi</strong></span> <span class='ocrx_word' id='word_1_527' title='bbox 3541 641 3801 698; x_wconf 85' lang='lat' dir='ltr'><strong>Dominus</strong></span> 
     </span>
    </p>
   </div>
   <div class='ocr_carea' id='block_1_67' title="bbox 2208 722 3802 801">
    <p class='ocr_par' dir='ltr' id='par_1_67' title="bbox 2208 722 3802 801">
     <span class='ocr_line' id='line_1_67' title="bbox 2208 722 3802 801; baseline 0.007 -25"><span class='ocrx_word' id='word_1_528' title='bbox 2208 722 2364 778; x_wconf 87' lang='lat' dir='ltr'><strong>dicit:</strong></span> <span class='ocrx_word' id='word_1_529' title='bbox 2401 725 2462 778; x_wconf 93' lang='lat' dir='ltr'><strong>Si</strong></span> <span class='ocrx_word' id='word_1_530' title='bbox 2481 741 2567 779; x_wconf 89' lang='lat' dir='ltr'><strong>vos</strong></span> <span class='ocrx_word' id='word_1_531' title='bbox 2598 743 2714 779; x_wconf 88' lang='lat' dir='ltr'><strong>cum</strong></span> <span class='ocrx_word' id='word_1_532' title='bbox 2737 727 2846 780; x_wconf 89' lang='lat' dir='ltr'><strong>sitis</strong></span> <span class='ocrx_word' id='word_1_533' title='bbox 2873 728 3013 790; x_wconf 90' lang='lat' dir='ltr'><strong>mali,</strong></span> <span class='ocrx_word' id='word_1_534' title='bbox 3039 729 3195 782; x_wconf 87' lang='lat' dir='ltr'><strong>nostis</strong></span> <span class='ocrx_word' id='word_1_535' title='bbox 3223 728 3354 782; x_wconf 91' lang='lat' dir='ltr'><strong>bona</strong></span> <span class='ocrx_word' id='word_1_536' title='bbox 3381 730 3504 783; x_wconf 85' lang='lat' dir='ltr'><strong>data</strong></span> <span class='ocrx_word' id='word_1_537' title='bbox 3529 732 3654 786; x_wconf 87' lang='lat' dir='ltr'><strong>dare</strong></span> <span class='ocrx_word' id='word_1_538' title='bbox 3675 733 3802 801; x_wconf 77' lang='lat' dir='ltr'><strong>filiis</strong></span> 
     </span>
    </p>
   </div>
   <div class='ocr_carea' id='block_1_68' title="bbox 2207 817 3805 889">
    <p class='ocr_par' dir='ltr' id='par_1_68' title="bbox 2207 817 3805 889">
     <span class='ocr_line' id='line_1_68' title="bbox 2207 817 3805 889; baseline 0.006 -22"><span class='ocrx_word' id='word_1_539' title='bbox 2207 817 2416 875; x_wconf 83' lang='lat' dir='ltr'><strong>vestris;</strong></span> <span class='ocrx_word' id='word_1_540' title='bbox 2447 828 2635 885; x_wconf 86' lang='lat' dir='ltr'><strong>quanto</strong></span> <span class='ocrx_word' id='word_1_541' title='bbox 2665 818 2824 889; x_wconf 86' lang='lat' dir='ltr'><strong>magis</strong></span> <span class='ocrx_word' id='word_1_542' title='bbox 2857 818 3010 871; x_wconf 88' lang='lat' dir='ltr'><strong>Pater</strong></span> <span class='ocrx_word' id='word_1_543' title='bbox 3039 830 3196 874; x_wconf 73' lang='lat' dir='ltr'><strong>vester</strong></span> <span class='ocrx_word' id='word_1_544' title='bbox 3221 820 3309 885; x_wconf 89' lang='lat' dir='ltr'><strong>qui</strong></span> <span class='ocrx_word' id='word_1_545' title='bbox 3332 820 3386 874; x_wconf 86' lang='lat' dir='ltr'><strong>in</strong></span> <span class='ocrx_word' id='word_1_546' title='bbox 3410 821 3547 876; x_wconf 69' lang='lat' dir='ltr'><strong>caelis</strong></span> <span class='ocrx_word' id='word_1_547' title='bbox 3575 833 3675 889; x_wconf 88' lang='lat' dir='ltr'><strong>est,</strong></span> <span class='ocrx_word' id='word_1_548' title='bbox 3710 825 3805 876; x_wconf 90' lang='lat' dir='ltr'><strong>da-</strong></span> 
     </span>
    </p>
   </div>
   <div class='ocr_carea' id='block_1_69' title="bbox 2207 906 3806 984">
    <p class='ocr_par' dir='ltr' id='par_1_69' title="bbox 2207 906 3806 984">
     <span class='ocr_line' id='line_1_69' title="bbox 2207 906 3806 984; baseline 0.006 -23"><span class='ocrx_word' id='word_1_549' title='bbox 2207 906 2275 962; x_wconf 86' lang='lat' dir='ltr'><strong>bit</strong></span> <span class='ocrx_word' id='word_1_550' title='bbox 2303 909 2430 962; x_wconf 88' lang='lat' dir='ltr'><strong>bona</strong></span> <span class='ocrx_word' id='word_1_551' title='bbox 2471 911 2746 979; x_wconf 85' lang='lat' dir='ltr'><strong>petentibus</strong></span> <span class='ocrx_word' id='word_1_552' title='bbox 2772 927 2824 964; x_wconf 87' lang='lat' dir='ltr'><strong>se</strong></span> <span class='ocrx_word' id='word_1_553' title='bbox 2873 909 3021 981; x_wconf 86' lang='lat' dir='ltr'><strong>(Luc.</strong></span> <span class='ocrx_word' id='word_1_554' title='bbox 3056 929 3130 978; x_wconf 79' lang='lat' dir='ltr'><strong>x1,</strong></span> <span class='ocrx_word' id='word_1_555' title='bbox 3184 910 3316 983; x_wconf 73' lang='lat'><strong>15)?</strong></span> <span class='ocrx_word' id='word_1_556' title='bbox 3368 913 3518 968; x_wconf 83' lang='lat' dir='ltr'><strong>Dicat</strong></span> <span class='ocrx_word' id='word_1_557' title='bbox 3547 916 3806 984; x_wconf 84' lang='lat' dir='ltr'><strong>quemad-</strong></span> 
     </span>
    </p>
   </div>
   <div class='ocr_carea' id='block_1_70' title="bbox 2207 1001 3806 1078">
    <p class='ocr_par' dir='ltr' id='par_1_70' title="bbox 2207 1001 3806 1078">
     <span class='ocr_line' id='line_1_70' title="bbox 2207 1001 3806 1078; baseline 0.004 -23"><span class='ocrx_word' id='word_1_558' title='bbox 2207 1001 2426 1056; x_wconf 87' lang='lat' dir='ltr'><strong>modum</strong></span> <span class='ocrx_word' id='word_1_559' title='bbox 2477 1004 2545 1057; x_wconf 88' lang='lat' dir='ltr'><strong>sit</strong></span> <span class='ocrx_word' id='word_1_560' title='bbox 2579 1003 2748 1058; x_wconf 87' lang='lat' dir='ltr'><strong>bonus</strong></span> <span class='ocrx_word' id='word_1_561' title='bbox 2802 1004 2941 1059; x_wconf 90' lang='lat' dir='ltr'><strong>Deus</strong></span> <span class='ocrx_word' id='word_1_562' title='bbox 2984 1004 3242 1058; x_wconf 87' lang='lat' dir='ltr'><strong>malorum</strong></span> <span class='ocrx_word' id='word_1_563' title='bbox 3293 1015 3443 1074; x_wconf 88' lang='lat' dir='ltr'><strong>pater</strong></span> <span class='ocrx_word' id='word_1_564' title='bbox 3477 1025 3490 1060; x_wconf 91' lang='lat'>:</span> <span class='ocrx_word' id='word_1_565' title='bbox 3520 1017 3806 1078; x_wconf 89' lang='lat' dir='ltr'><strong>utrumque</strong></span> 
     </span>
    </p>
   </div>
   <div class='ocr_carea' id='block_1_71' title="bbox 2209 1093 3805 1167">
    <p class='ocr_par' dir='ltr' id='par_1_71' title="bbox 2209 1093 3805 1167">
     <span class='ocr_line' id='line_1_71' title="bbox 2209 1093 3805 1167; baseline 0.003 -19"><span class='ocrx_word' id='word_1_566' title='bbox 2209 1093 2349 1148; x_wconf 91' lang='lat' dir='ltr'><strong>enim</strong></span> <span class='ocrx_word' id='word_1_567' title='bbox 2382 1093 2590 1150; x_wconf 86' lang='lat' dir='ltr'><strong>Veritas</strong></span> <span class='ocrx_word' id='word_1_568' title='bbox 2615 1095 2776 1150; x_wconf 86' lang='lat' dir='ltr'><strong>dixit.</strong></span> <span class='ocrx_word' id='word_1_569' title='bbox 2808 1096 3000 1150; x_wconf 79' lang='lat' dir='ltr'><strong>Annon</strong></span> <span class='ocrx_word' id='word_1_570' title='bbox 3029 1104 3183 1150; x_wconf 90' lang='lat' dir='ltr'><strong>erant</strong></span> <span class='ocrx_word' id='word_1_571' title='bbox 3221 1097 3347 1151; x_wconf 91' lang='lat' dir='ltr'><strong>mali</strong></span> <span class='ocrx_word' id='word_1_572' title='bbox 3373 1097 3566 1167; x_wconf 91' lang='lat' dir='ltr'><strong>quibus</strong></span> <span class='ocrx_word' id='word_1_573' title='bbox 3593 1101 3708 1164; x_wconf 88' lang='lat' dir='ltr'><strong>ait,</strong></span> <span class='ocrx_word' id='word_1_574' title='bbox 3741 1099 3805 1154; x_wconf 91' lang='lat' dir='ltr'><strong>Si</strong></span> 
     </span>
    </p>
   </div>
   <div class='ocr_carea' id='block_1_72' title="bbox 2209 1186 3805 1256">
    <p class='ocr_par' dir='ltr' id='par_1_72' title="bbox 2209 1186 3805 1256">
     <span class='ocr_line' id='line_1_72' title="bbox 2209 1186 3805 1256; baseline 0.006 -20"><span class='ocrx_word' id='word_1_575' title='bbox 2209 1201 2326 1256; x_wconf 89' lang='lat' dir='ltr'><strong>ergo</strong></span> <span class='ocrx_word' id='word_1_576' title='bbox 2361 1201 2444 1239; x_wconf 88' lang='lat' dir='ltr'><strong>vos</strong></span> <span class='ocrx_word' id='word_1_577' title='bbox 2474 1202 2588 1240; x_wconf 87' lang='lat' dir='ltr'><strong>cum</strong></span> <span class='ocrx_word' id='word_1_578' title='bbox 2615 1187 2726 1241; x_wconf 85' lang='lat' dir='ltr'><strong>sitis</strong></span> <span class='ocrx_word' id='word_1_579' title='bbox 2771 1186 2936 1241; x_wconf 89' lang='lat' dir='ltr'><strong>mali?</strong></span> <span class='ocrx_word' id='word_1_580' title='bbox 2967 1190 3158 1242; x_wconf 88' lang='lat' dir='ltr'><strong>Annon</strong></span> <span class='ocrx_word' id='word_1_581' title='bbox 3209 1188 3479 1245; x_wconf 86' lang='lat' dir='ltr'><strong>habebant</strong></span> <span class='ocrx_word' id='word_1_582' title='bbox 3508 1191 3673 1244; x_wconf 88' lang='lat' dir='ltr'><strong>Deum</strong></span> <span class='ocrx_word' id='word_1_583' title='bbox 3707 1191 3805 1245; x_wconf 88' lang='lat' dir='ltr'><strong>ho-</strong></span> 
     </span>
    </p>
   </div>
   <div class='ocr_carea' id='block_1_73' title="bbox 2210 1279 3807 1351">
    <p class='ocr_par' dir='ltr' id='par_1_73' title="bbox 2210 1279 3807 1351">
     <span class='ocr_line' id='line_1_73' title="bbox 2210 1279 3807 1351; baseline 0.004 -21"><span class='ocrx_word' id='word_1_584' title='bbox 2210 1291 2336 1331; x_wconf 89' lang='lat' dir='ltr'><strong>num</strong></span> <span class='ocrx_word' id='word_1_585' title='bbox 2385 1286 2589 1346; x_wconf 89' lang='lat' dir='ltr'><strong>patrem</strong></span> <span class='ocrx_word' id='word_1_586' title='bbox 2619 1279 2810 1347; x_wconf 87' lang='lat' dir='ltr'><strong>quibus</strong></span> <span class='ocrx_word' id='word_1_587' title='bbox 2851 1281 2959 1346; x_wconf 89' lang='lat' dir='ltr'><strong>ait,</strong></span> <span class='ocrx_word' id='word_1_588' title='bbox 3007 1279 3206 1345; x_wconf 84' lang='lat' dir='ltr'><strong>Quanto</strong></span> <span class='ocrx_word' id='word_1_589' title='bbox 3254 1282 3415 1351; x_wconf 87' lang='lat' dir='ltr'><strong>magis</strong></span> <span class='ocrx_word' id='word_1_590' title='bbox 3448 1281 3601 1336; x_wconf 88' lang='lat' dir='ltr'><strong>Pater</strong></span> <span class='ocrx_word' id='word_1_591' title='bbox 3649 1293 3807 1337; x_wconf 83' lang='lat' dir='ltr'><strong>vester</strong></span> 
     </span>
    </p>
   </div>
   <div class='ocr_carea' id='block_1_74' title="bbox 2210 1367 3809 1442">
    <p class='ocr_par' dir='ltr' id='par_1_74' title="bbox 2210 1367 3809 1442">
     <span class='ocr_line' id='line_1_74' title="bbox 2210 1367 3809 1442; baseline 0.006 -21"><span class='ocrx_word' id='word_1_592' title='bbox 2210 1367 2296 1438; x_wconf 88' lang='lat' dir='ltr'><strong>qui</strong></span> <span class='ocrx_word' id='word_1_593' title='bbox 2318 1369 2372 1422; x_wconf 91' lang='lat' dir='ltr'><strong>in</strong></span> <span class='ocrx_word' id='word_1_594' title='bbox 2401 1369 2539 1424; x_wconf 76' lang='lat' dir='ltr'><strong>caelis</strong></span> <span class='ocrx_word' id='word_1_595' title='bbox 2562 1379 2655 1436; x_wconf 90' lang='lat' dir='ltr'><strong>est,</strong></span> <span class='ocrx_word' id='word_1_596' title='bbox 2683 1371 2822 1425; x_wconf 86' lang='lat' dir='ltr'><strong>dabit</strong></span> <span class='ocrx_word' id='word_1_597' title='bbox 2839 1371 2967 1425; x_wconf 90' lang='lat' dir='ltr'><strong>bona</strong></span> <span class='ocrx_word' id='word_1_598' title='bbox 2994 1372 3272 1442; x_wconf 85' lang='lat' dir='ltr'><strong>petentibus</strong></span> <span class='ocrx_word' id='word_1_599' title='bbox 3301 1373 3400 1427; x_wconf 85' lang='lat' dir='ltr'><strong>se?</strong></span> <span class='ocrx_word' id='word_1_600' title='bbox 3428 1374 3595 1428; x_wconf 89' lang='lat' dir='ltr'><strong>Porro</strong></span> <span class='ocrx_word' id='word_1_601' title='bbox 3617 1374 3662 1428; x_wconf 91' lang='lat' dir='ltr'><strong>si</strong></span> <span class='ocrx_word' id='word_1_602' title='bbox 3683 1374 3809 1430; x_wconf 87' lang='lat' dir='ltr'><strong>mali</strong></span> 
     </span>
    </p>
   </div>
   <div class='ocr_carea' id='block_1_75' title="bbox 2212 1461 3812 1535">
    <p class='ocr_par' dir='ltr' id='par_1_75' title="bbox 2212 1461 3812 1535">
     <span class='ocr_line' id='line_1_75' title="bbox 2212 1461 3812 1535; baseline 0.005 -22"><span class='ocrx_word' id='word_1_603' title='bbox 2212 1461 2461 1531; x_wconf 89' lang='lat' dir='ltr'><strong>appellati</strong></span> <span class='ocrx_word' id='word_1_604' title='bbox 2493 1472 2615 1517; x_wconf 92' lang='lat' dir='ltr'><strong>sunt</strong></span> <span class='ocrx_word' id='word_1_605' title='bbox 2643 1473 2860 1534; x_wconf 88' lang='lat' dir='ltr'><strong>propter</strong></span> <span class='ocrx_word' id='word_1_606' title='bbox 2891 1474 3140 1534; x_wconf 84' lang='lat' dir='ltr'><strong>peccata,</strong></span> <span class='ocrx_word' id='word_1_607' title='bbox 3193 1466 3308 1520; x_wconf 91' lang='lat' dir='ltr'><strong>sine</strong></span> <span class='ocrx_word' id='word_1_608' title='bbox 3339 1464 3530 1535; x_wconf 90' lang='lat' dir='ltr'><strong>quibus</strong></span> <span class='ocrx_word' id='word_1_609' title='bbox 3575 1483 3682 1521; x_wconf 92' lang='lat' dir='ltr'><strong>non</strong></span> <span class='ocrx_word' id='word_1_610' title='bbox 3724 1474 3812 1521; x_wconf 88' lang='lat' dir='ltr'><strong>est</strong></span> 
     </span>
    </p>
   </div>
   <div class='ocr_carea' id='block_1_76' title="bbox 2213 1553 3810 1628">
    <p class='ocr_par' dir='ltr' id='par_1_76' title="bbox 2213 1553 3810 1628">
     <span class='ocr_line' id='line_1_76' title="bbox 2213 1553 3810 1628; baseline 0.004 -21"><span class='ocrx_word' id='word_1_611' title='bbox 2213 1553 2267 1608; x_wconf 92' lang='lat' dir='ltr'><strong>in</strong></span> <span class='ocrx_word' id='word_1_612' title='bbox 2294 1553 2394 1608; x_wconf 89' lang='lat' dir='ltr'><strong>hac</strong></span> <span class='ocrx_word' id='word_1_613' title='bbox 2423 1553 2730 1611; x_wconf 80' lang='lat' dir='ltr'><strong>infirmitate</strong></span> <span class='ocrx_word' id='word_1_614' title='bbox 2753 1557 3054 1611; x_wconf 89' lang='lat' dir='ltr'><strong>mortalium</strong></span> <span class='ocrx_word' id='word_1_615' title='bbox 3103 1559 3465 1628; x_wconf 89' lang='lat' dir='ltr'><strong>quorumlibet</strong></span> <span class='ocrx_word' id='word_1_616' title='bbox 3494 1559 3654 1614; x_wconf 87' lang='lat' dir='ltr'><strong>etiam</strong></span> <span class='ocrx_word' id='word_1_617' title='bbox 3698 1558 3810 1614; x_wconf 86' lang='lat' dir='ltr'><strong>vita</strong></span> 
     </span>
    </p>
   </div>
   <div class='ocr_carea' id='block_1_77' title="bbox 2208 1646 3809 1722">
    <p class='ocr_par' dir='ltr' id='par_1_77' title="bbox 2208 1646 3809 1722">
     <span class='ocr_line' id='line_1_77' title="bbox 2208 1646 3809 1722; baseline 0.004 -22"><span class='ocrx_word' id='word_1_618' title='bbox 2208 1646 2510 1717; x_wconf 87' lang='lat' dir='ltr'><strong>justorum;</strong></span> <span class='ocrx_word' id='word_1_619' title='bbox 2563 1656 2762 1718; x_wconf 88' lang='lat' dir='ltr'><strong>quanto</strong></span> <span class='ocrx_word' id='word_1_620' title='bbox 2815 1651 3224 1705; x_wconf 90' lang='lat' dir='ltr'><strong>convenientius</strong></span> <span class='ocrx_word' id='word_1_621' title='bbox 3273 1666 3458 1707; x_wconf 91' lang='lat' dir='ltr'><strong>semen</strong></span> <span class='ocrx_word' id='word_1_622' title='bbox 3513 1653 3809 1722; x_wconf 90' lang='lat' dir='ltr'><strong>pessimum</strong></span> 
     </span>
    </p>
   </div>
   <div class='ocr_carea' id='block_1_78' title="bbox 2212 1739 3805 1813">
    <p class='ocr_par' dir='ltr' id='par_1_78' title="bbox 2212 1739 3805 1813">
     <span class='ocr_line' id='line_1_78' title="bbox 2212 1739 3805 1813; baseline 0.004 -20"><span class='ocrx_word' id='word_1_623' title='bbox 2212 1739 2479 1795; x_wconf 88' lang='lat' dir='ltr'><strong>diceretur</strong></span> <span class='ocrx_word' id='word_1_624' title='bbox 2500 1781 2514 1806; x_wconf 91' lang='lat'><strong>,</strong></span> <span class='ocrx_word' id='word_1_625' title='bbox 2543 1741 2683 1811; x_wconf 93' lang='lat' dir='ltr'><strong>quod</strong></span> <span class='ocrx_word' id='word_1_626' title='bbox 2712 1753 3022 1798; x_wconf 83' lang='lat' dir='ltr'><strong>nasceretur</strong></span> <span class='ocrx_word' id='word_1_627' title='bbox 3052 1744 3212 1813; x_wconf 90' lang='lat' dir='ltr'><strong>impia</strong></span> <span class='ocrx_word' id='word_1_628' title='bbox 3242 1744 3514 1800; x_wconf 82' lang='lat' dir='ltr'><strong>voluntate</strong></span> <span class='ocrx_word' id='word_1_629' title='bbox 3537 1786 3552 1810; x_wconf 93' lang='lat'><strong>,</strong></span> <span class='ocrx_word' id='word_1_630' title='bbox 3603 1753 3658 1800; x_wconf 90' lang='lat' dir='ltr'><strong>et</strong></span> <span class='ocrx_word' id='word_1_631' title='bbox 3684 1760 3805 1800; x_wconf 84' lang='lat' dir='ltr'><strong>mo-</strong></span> 
     </span>
    </p>
   </div>
   <div class='ocr_carea' id='block_1_79' title="bbox 2213 1833 3162 1905">
    <p class='ocr_par' dir='ltr' id='par_1_79' title="bbox 2213 1833 3162 1905">
     <span class='ocr_line' id='line_1_79' title="bbox 2213 1833 3162 1905; baseline 0.002 -18"><span class='ocrx_word' id='word_1_632' title='bbox 2213 1833 2361 1888; x_wconf 91' lang='lat' dir='ltr'><strong>ribus</strong></span> <span class='ocrx_word' id='word_1_633' title='bbox 2385 1835 2807 1890; x_wconf 80' lang='lat' dir='ltr'><strong>exsecrabilibus</strong></span> <span class='ocrx_word' id='word_1_634' title='bbox 2837 1836 3162 1905; x_wconf 88' lang='lat' dir='ltr'><strong>pullularet?</strong></span> 
     </span>
    </p>
   </div>
   <div class='ocr_carea' id='block_1_80' title="bbox 2285 1924 3814 1997">
    <p class='ocr_par' dir='ltr' id='par_1_80' title="bbox 2285 1924 3814 1997">
     <span class='ocr_line' id='line_1_80' title="bbox 2285 1924 3814 1997; baseline 0.001 -19"><span class='ocrx_word' id='word_1_635' title='bbox 2285 1925 2376 1978; x_wconf 68' lang='lat'><strong>47.</strong></span> <span class='ocrx_word' id='word_1_636' title='bbox 2409 1924 2516 1978; x_wconf 86' lang='lat' dir='ltr'><strong>Sed</strong></span> <span class='ocrx_word' id='word_1_637' title='bbox 2545 1925 2699 1991; x_wconf 86' lang='lat' dir='ltr'><strong>hunc,</strong></span> <span class='ocrx_word' id='word_1_638' title='bbox 2733 1927 2920 1996; x_wconf 88' lang='lat' dir='ltr'><strong>inquit,</strong></span> <span class='ocrx_word' id='word_1_639' title='bbox 2949 1926 3116 1981; x_wconf 91' lang='lat' dir='ltr'><strong>Deum</strong></span> <span class='ocrx_word' id='word_1_640' title='bbox 3161 1927 3410 1982; x_wconf 85' lang='lat' dir='ltr'><strong>Dominus</strong></span> <span class='ocrx_word' id='word_1_641' title='bbox 3451 1927 3679 1983; x_wconf 85' lang='lat' dir='ltr'><strong>Christus</strong></span> <span class='ocrx_word' id='word_1_642' title='bbox 3716 1944 3814 1997; x_wconf 85' lang='lat' dir='ltr'><strong>ap-</strong></span> 
     </span>
    </p>
   </div>
   <div class='ocr_carea' id='block_1_81' title="bbox 2217 2015 3814 2091">
    <p class='ocr_par' dir='ltr' id='par_1_81' title="bbox 2217 2015 3814 2091">
     <span class='ocr_line' id='line_1_81' title="bbox 2217 2015 3814 2091; baseline 0.004 -21"><span class='ocrx_word' id='word_1_643' title='bbox 2217 2015 2420 2085; x_wconf 88' lang='lat' dir='ltr'><strong>pellavit</strong></span> <span class='ocrx_word' id='word_1_644' title='bbox 2448 2018 2679 2071; x_wconf 84' lang='lat' dir='ltr'><strong>arborem</strong></span> <span class='ocrx_word' id='word_1_645' title='bbox 2721 2018 2910 2071; x_wconf 87' lang='lat' dir='ltr'><strong>malam</strong></span> <span class='ocrx_word' id='word_1_646' title='bbox 2956 2020 3220 2090; x_wconf 82' lang='lat' dir='ltr'><strong>facientem</strong></span> <span class='ocrx_word' id='word_1_647' title='bbox 3268 2023 3461 2091; x_wconf 87' lang='lat' dir='ltr'><strong>fructus</strong></span> <span class='ocrx_word' id='word_1_648' title='bbox 3485 2022 3666 2075; x_wconf 78' lang='lat' dir='ltr'><strong>mtlos.</strong></span> <span class='ocrx_word' id='word_1_649' title='bbox 3700 2019 3814 2076; x_wconf 88' lang='lat' dir='ltr'><strong>[mo</strong></span> 
     </span>
    </p>
   </div>
   <div class='ocr_carea' id='block_1_82' title="bbox 2215 2105 3809 2180">
    <p class='ocr_par' dir='ltr' id='par_1_82' title="bbox 2215 2105 3809 2180">
     <span class='ocr_line' id='line_1_82' title="bbox 2215 2105 3809 2180; baseline 0.004 -20"><span class='ocrx_word' id='word_1_650' title='bbox 2215 2121 2345 2161; x_wconf 88' lang='lat' dir='ltr'><strong>vero</strong></span> <span class='ocrx_word' id='word_1_651' title='bbox 2374 2105 2531 2176; x_wconf 91' lang='lat' dir='ltr'><strong>hujus</strong></span> <span class='ocrx_word' id='word_1_652' title='bbox 2573 2107 2697 2161; x_wconf 88' lang='lat' dir='ltr'><strong>talia</strong></span> <span class='ocrx_word' id='word_1_653' title='bbox 2747 2109 3029 2164; x_wconf 90' lang='lat' dir='ltr'><strong>sentientis</strong></span> <span class='ocrx_word' id='word_1_654' title='bbox 3072 2120 3322 2180; x_wconf 90' lang='lat' dir='ltr'><strong>tanquam</strong></span> <span class='ocrx_word' id='word_1_655' title='bbox 3373 2111 3525 2166; x_wconf 81' lang='lat' dir='ltr'><strong>malae</strong></span> <span class='ocrx_word' id='word_1_656' title='bbox 3571 2111 3809 2179; x_wconf 90' lang='lat' dir='ltr'><strong>arboris,</strong></span> 
     </span>
    </p>
   </div>
   <div class='ocr_carea' id='block_1_83' title="bbox 2219 2198 3812 2269">
    <p class='ocr_par' dir='ltr' id='par_1_83' title="bbox 2219 2198 3812 2269">
     <span class='ocr_line' id='line_1_83' title="bbox 2219 2198 3812 2269; baseline 0.003 -18"><span class='ocrx_word' id='word_1_657' title='bbox 2219 2199 2318 2252; x_wconf 90' lang='lat' dir='ltr'><strong>iste</strong></span> <span class='ocrx_word' id='word_1_658' title='bbox 2345 2199 2458 2268; x_wconf 91' lang='lat' dir='ltr'><strong>ipse</strong></span> <span class='ocrx_word' id='word_1_659' title='bbox 2484 2215 2664 2255; x_wconf 90' lang='lat' dir='ltr'><strong>sermo</strong></span> <span class='ocrx_word' id='word_1_660' title='bbox 2694 2198 3066 2269; x_wconf 81' lang='lat' dir='ltr'><strong>blasphemus,</strong></span> <span class='ocrx_word' id='word_1_661' title='bbox 3117 2201 3320 2257; x_wconf 81' lang='lat' dir='ltr'><strong>fructus</strong></span> <span class='ocrx_word' id='word_1_662' title='bbox 3341 2211 3425 2257; x_wconf 90' lang='lat' dir='ltr'><strong>est</strong></span> <span class='ocrx_word' id='word_1_663' title='bbox 3453 2202 3640 2256; x_wconf 89' lang='lat' dir='ltr'><strong>malus.</strong></span> <span class='ocrx_word' id='word_1_664' title='bbox 3677 2201 3812 2256; x_wconf 85' lang='lat' dir='ltr'><strong>Nam</strong></span> 
     </span>
    </p>
   </div>
   <div class='ocr_carea' id='block_1_84' title="bbox 2219 2289 3809 2363">
    <p class='ocr_par' dir='ltr' id='par_1_84' title="bbox 2219 2289 3809 2363">
     <span class='ocr_line' id='line_1_84' title="bbox 2219 2289 3809 2363; baseline 0.004 -20"><span class='ocrx_word' id='word_1_665' title='bbox 2219 2289 2490 2347; x_wconf 90' lang='lat' dir='ltr'><strong>hominem</strong></span> <span class='ocrx_word' id='word_1_666' title='bbox 2523 2292 2718 2346; x_wconf 91' lang='lat' dir='ltr'><strong>malum</strong></span> <span class='ocrx_word' id='word_1_667' title='bbox 2752 2292 2952 2348; x_wconf 80' lang='lat' dir='ltr'><strong>dixisse</strong></span> <span class='ocrx_word' id='word_1_668' title='bbox 2983 2294 3266 2349; x_wconf 91' lang='lat' dir='ltr'><strong>Dominum</strong></span> <span class='ocrx_word' id='word_1_669' title='bbox 3293 2295 3541 2350; x_wconf 90' lang='lat' dir='ltr'><strong>arborem</strong></span> <span class='ocrx_word' id='word_1_670' title='bbox 3571 2295 3769 2350; x_wconf 91' lang='lat' dir='ltr'><strong>malam</strong></span> <span class='ocrx_word' id='word_1_671' title='bbox 3791 2337 3809 2363; x_wconf 95' lang='lat'><strong>,</strong></span> 
     </span>
    </p>
   </div>
   <div class='ocr_carea' id='block_1_85' title="bbox 2217 2385 3812 2458">
    <p class='ocr_par' dir='ltr' id='par_1_85' title="bbox 2217 2385 3812 2458">
     <span class='ocr_line' id='line_1_85' title="bbox 2217 2385 3812 2458; baseline 0.001 -17"><span class='ocrx_word' id='word_1_672' title='bbox 2217 2385 2368 2456; x_wconf 87' lang='lat' dir='ltr'><strong>cujus</strong></span> <span class='ocrx_word' id='word_1_673' title='bbox 2399 2385 2601 2442; x_wconf 80' lang='lat' dir='ltr'><strong>fructus</strong></span> <span class='ocrx_word' id='word_1_674' title='bbox 2643 2387 2764 2441; x_wconf 90' lang='lat' dir='ltr'><strong>mali</strong></span> <span class='ocrx_word' id='word_1_675' title='bbox 2815 2397 2994 2443; x_wconf 88' lang='lat' dir='ltr'><strong>essent</strong></span> <span class='ocrx_word' id='word_1_676' title='bbox 3024 2403 3188 2458; x_wconf 88' lang='lat' dir='ltr'><strong>opera</strong></span> <span class='ocrx_word' id='word_1_677' title='bbox 3219 2389 3390 2455; x_wconf 84' lang='lat' dir='ltr'><strong>mala;</strong></span> <span class='ocrx_word' id='word_1_678' title='bbox 3438 2399 3492 2444; x_wconf 91' lang='lat' dir='ltr'><strong>et</strong></span> <span class='ocrx_word' id='word_1_679' title='bbox 3534 2390 3812 2443; x_wconf 88' lang='lat' dir='ltr'><strong>hominem</strong></span> 
     </span>
    </p>
   </div>
   <div class='ocr_carea' id='block_1_86' title="bbox 2216 2480 3818 2554">
    <p class='ocr_par' dir='ltr' id='par_1_86' title="bbox 2216 2480 3818 2554">
     <span class='ocr_line' id='line_1_86' title="bbox 2216 2480 3818 2554; baseline 0.002 -19"><span class='ocrx_word' id='word_1_680' title='bbox 2216 2480 2415 2536; x_wconf 89' lang='lat' dir='ltr'><strong>bonum</strong></span> <span class='ocrx_word' id='word_1_681' title='bbox 2462 2482 2708 2537; x_wconf 89' lang='lat' dir='ltr'><strong>arborem</strong></span> <span class='ocrx_word' id='word_1_682' title='bbox 2765 2483 2990 2546; x_wconf 88' lang='lat' dir='ltr'><strong>bonam,</strong></span> <span class='ocrx_word' id='word_1_683' title='bbox 3042 2485 3194 2554; x_wconf 88' lang='lat' dir='ltr'><strong>cujus</strong></span> <span class='ocrx_word' id='word_1_684' title='bbox 3243 2484 3443 2540; x_wconf 81' lang='lat' dir='ltr'><strong>fructus</strong></span> <span class='ocrx_word' id='word_1_685' title='bbox 3470 2485 3594 2540; x_wconf 90' lang='lat' dir='ltr'><strong>boni</strong></span> <span class='ocrx_word' id='word_1_686' title='bbox 3629 2492 3818 2540; x_wconf 83' lang='lat' dir='ltr'><strong>essent</strong></span> 
     </span>
    </p>
   </div>
   <div class='ocr_carea' id='block_1_87' title="bbox 2216 2573 3818 2647">
    <p class='ocr_par' dir='ltr' id='par_1_87' title="bbox 2216 2573 3818 2647">
     <span class='ocr_line' id='line_1_87' title="bbox 2216 2573 3818 2647; baseline 0.002 -20"><span class='ocrx_word' id='word_1_687' title='bbox 2216 2587 2378 2643; x_wconf 87' lang='lat' dir='ltr'><strong>opera</strong></span> <span class='ocrx_word' id='word_1_688' title='bbox 2406 2573 2541 2628; x_wconf 91' lang='lat' dir='ltr'><strong>bona</strong></span> <span class='ocrx_word' id='word_1_689' title='bbox 2569 2574 2780 2643; x_wconf 81' lang='lat' dir='ltr'><strong>(Matth.</strong></span> <span class='ocrx_word' id='word_1_690' title='bbox 2822 2591 2914 2640; x_wconf 85' lang='lat' dir='ltr'><strong>vu,</strong></span> <span class='ocrx_word' id='word_1_691' title='bbox 2951 2575 3143 2647; x_wconf 72' lang='lat'><strong>15-20)</strong></span> <span class='ocrx_word' id='word_1_692' title='bbox 3170 2593 3184 2639; x_wconf 88' lang='lat'><strong>;</strong></span> <span class='ocrx_word' id='word_1_693' title='bbox 3218 2576 3268 2631; x_wconf 89' lang='lat' dir='ltr'><strong>id</strong></span> <span class='ocrx_word' id='word_1_694' title='bbox 3295 2586 3413 2642; x_wconf 91' lang='lat' dir='ltr'><strong>est,</strong></span> <span class='ocrx_word' id='word_1_695' title='bbox 3468 2579 3610 2646; x_wconf 91' lang='lat' dir='ltr'><strong>ipsas</strong></span> <span class='ocrx_word' id='word_1_696' title='bbox 3641 2576 3818 2631; x_wconf 85' lang='lat' dir='ltr'><strong>homi-</strong></span> 
     </span>
    </p>
   </div>
   <div class='ocr_carea' id='block_1_88' title="bbox 2218 2665 3817 2735">
    <p class='ocr_par' dir='ltr' id='par_1_88' title="bbox 2218 2665 3817 2735">
     <span class='ocr_line' id='line_1_88' title="bbox 2218 2665 3817 2735; baseline 0.003 -16"><span class='ocrx_word' id='word_1_697' title='bbox 2218 2680 2345 2719; x_wconf 90' lang='lat' dir='ltr'><strong>num</strong></span> <span class='ocrx_word' id='word_1_698' title='bbox 2373 2665 2672 2720; x_wconf 86' lang='lat' dir='ltr'><strong>voluntates</strong></span> <span class='ocrx_word' id='word_1_699' title='bbox 2693 2708 2706 2731; x_wconf 95' lang='lat'><strong>,</strong></span> <span class='ocrx_word' id='word_1_700' title='bbox 2736 2667 2814 2720; x_wconf 88' lang='lat' dir='ltr'><strong>vel</strong></span> <span class='ocrx_word' id='word_1_701' title='bbox 2839 2667 3029 2721; x_wconf 87' lang='lat' dir='ltr'><strong>malam</strong></span> <span class='ocrx_word' id='word_1_702' title='bbox 3055 2667 3178 2722; x_wconf 89' lang='lat' dir='ltr'><strong>mali</strong></span> <span class='ocrx_word' id='word_1_703' title='bbox 3205 2667 3437 2722; x_wconf 87' lang='lat' dir='ltr'><strong>hominis</strong></span> <span class='ocrx_word' id='word_1_704' title='bbox 3459 2711 3474 2735; x_wconf 95' lang='lat'><strong>,</strong></span> <span class='ocrx_word' id='word_1_705' title='bbox 3509 2668 3592 2723; x_wconf 90' lang='lat' dir='ltr'><strong>vel</strong></span> <span class='ocrx_word' id='word_1_706' title='bbox 3617 2668 3817 2723; x_wconf 88' lang='lat' dir='ltr'><strong>bonam</strong></span> 
     </span>
    </p>
   </div>
   <div class='ocr_carea' id='block_1_89' title="bbox 2219 2755 3819 2814">
    <p class='ocr_par' dir='ltr' id='par_1_89' title="bbox 2219 2755 3819 2814">
     <span class='ocr_line' id='line_1_89' title="bbox 2219 2755 3819 2814; baseline 0.002 -4"><span class='ocrx_word' id='word_1_707' title='bbox 2219 2755 2344 2810; x_wconf 91' lang='lat' dir='ltr'><strong>boni</strong></span> <span class='ocrx_word' id='word_1_708' title='bbox 2373 2755 2600 2810; x_wconf 91' lang='lat' dir='ltr'><strong>hominis</strong></span> <span class='ocrx_word' id='word_1_709' title='bbox 2647 2757 2889 2812; x_wconf 90' lang='lat' dir='ltr'><strong>diversas</strong></span> <span class='ocrx_word' id='word_1_710' title='bbox 2931 2772 3051 2812; x_wconf 85' lang='lat' dir='ltr'><strong>esse</strong></span> <span class='ocrx_word' id='word_1_711' title='bbox 3094 2758 3316 2813; x_wconf 88' lang='lat' dir='ltr'><strong>arbores</strong></span> <span class='ocrx_word' id='word_1_712' title='bbox 3343 2759 3582 2813; x_wconf 88' lang='lat' dir='ltr'><strong>diversos</strong></span> <span class='ocrx_word' id='word_1_713' title='bbox 3610 2758 3819 2814; x_wconf 82' lang='lat' dir='ltr'><strong>fruetus</strong></span> 
     </span>
    </p>
   </div>
   <div class='ocr_carea' id='block_1_90' title="bbox 2218 2850 3817 2924">
    <p class='ocr_par' dir='ltr' id='par_1_90' title="bbox 2218 2850 3817 2924">
     <span class='ocr_line' id='line_1_90' title="bbox 2218 2850 3817 2924; baseline 0.001 -19"><span class='ocrx_word' id='word_1_714' title='bbox 2218 2850 2484 2917; x_wconf 83' lang='lat' dir='ltr'><strong>ferentes,</strong></span> <span class='ocrx_word' id='word_1_715' title='bbox 2529 2851 2660 2905; x_wconf 89' lang='lat' dir='ltr'><strong>satis</strong></span> <span class='ocrx_word' id='word_1_716' title='bbox 2685 2851 2960 2907; x_wconf 88' lang='lat' dir='ltr'><strong>evidenter</strong></span> <span class='ocrx_word' id='word_1_717' title='bbox 2997 2853 3111 2924; x_wconf 90' lang='lat' dir='ltr'><strong>ipse</strong></span> <span class='ocrx_word' id='word_1_718' title='bbox 3138 2860 3398 2918; x_wconf 90' lang='lat' dir='ltr'><strong>testatur,</strong></span> <span class='ocrx_word' id='word_1_719' title='bbox 3447 2852 3629 2907; x_wconf 83' lang='lat' dir='ltr'><strong>dicens</strong></span> <span class='ocrx_word' id='word_1_720' title='bbox 3661 2871 3673 2906; x_wconf 93' lang='lat'>:</span> <span class='ocrx_word' id='word_1_721' title='bbox 3707 2851 3817 2906; x_wconf 82' lang='lat' dir='ltr'><strong>Bo-</strong></span> 
     </span>
    </p>
   </div>
   <div class='ocr_carea' id='block_1_91' title="bbox 2218 2943 3820 3018">
    <p class='ocr_par' dir='ltr' id='par_1_91' title="bbox 2218 2943 3820 3018">
     <span class='ocr_line' id='line_1_91' title="bbox 2218 2943 3820 3018; baseline 0 -20"><span class='ocrx_word' id='word_1_722' title='bbox 2218 2960 2314 2999; x_wconf 85' lang='lat' dir='ltr'><strong>nus</strong></span> <span class='ocrx_word' id='word_1_723' title='bbox 2341 2943 2493 2997; x_wconf 85' lang='lat' dir='ltr'><strong>homo</strong></span> <span class='ocrx_word' id='word_1_724' title='bbox 2519 2944 2582 2996; x_wconf 89' lang='lat' dir='ltr'><strong>de</strong></span> <span class='ocrx_word' id='word_1_725' title='bbox 2607 2943 2736 2998; x_wconf 90' lang='lat' dir='ltr'><strong>bono</strong></span> <span class='ocrx_word' id='word_1_726' title='bbox 2768 2944 3004 2998; x_wconf 83' lang='lat' dir='ltr'><strong>thesauro</strong></span> <span class='ocrx_word' id='word_1_727' title='bbox 3029 2945 3197 2999; x_wconf 88' lang='lat' dir='ltr'><strong>cordis</strong></span> <span class='ocrx_word' id='word_1_728' title='bbox 3217 2945 3296 2998; x_wconf 88' lang='lat' dir='ltr'><strong>sui</strong></span> <span class='ocrx_word' id='word_1_729' title='bbox 3326 2948 3522 3015; x_wconf 77' lang='lat' dir='ltr'><strong>profert</strong></span> <span class='ocrx_word' id='word_1_730' title='bbox 3573 2945 3703 3018; x_wconf 85' lang='lat' dir='ltr'><strong>bona</strong></span> <span class='ocrx_word' id='word_1_731' title='bbox 3724 2987 3738 3010; x_wconf 90' lang='lat'><strong>,</strong></span> <span class='ocrx_word' id='word_1_732' title='bbox 3769 2953 3820 3000; x_wconf 84' lang='lat' dir='ltr'><strong>et</strong></span> 
     </span>
    </p>
   </div>
   <div class='ocr_carea' id='block_1_92' title="bbox 2218 3035 3816 3107">
    <p class='ocr_par' dir='ltr' id='par_1_92' title="bbox 2218 3035 3816 3107">
     <span class='ocr_line' id='line_1_92' title="bbox 2218 3035 3816 3107; baseline 0.003 -18"><span class='ocrx_word' id='word_1_733' title='bbox 2218 3037 2384 3090; x_wconf 88' lang='lat' dir='ltr'><strong>malus</strong></span> <span class='ocrx_word' id='word_1_734' title='bbox 2416 3037 2568 3090; x_wconf 91' lang='lat' dir='ltr'><strong>homo</strong></span> <span class='ocrx_word' id='word_1_735' title='bbox 2601 3035 2664 3090; x_wconf 89' lang='lat' dir='ltr'><strong>de</strong></span> <span class='ocrx_word' id='word_1_736' title='bbox 2708 3037 2843 3090; x_wconf 88' lang='lat' dir='ltr'><strong>malo</strong></span> <span class='ocrx_word' id='word_1_737' title='bbox 2874 3037 3109 3090; x_wconf 85' lang='lat' dir='ltr'><strong>thesauro</strong></span> <span class='ocrx_word' id='word_1_738' title='bbox 3131 3037 3304 3091; x_wconf 84' lang='lat' dir='ltr'><strong>&#39;cordis</strong></span> <span class='ocrx_word' id='word_1_739' title='bbox 3330 3039 3408 3090; x_wconf 86' lang='lat' dir='ltr'><strong>sui</strong></span> <span class='ocrx_word' id='word_1_740' title='bbox 3431 3042 3625 3107; x_wconf 79' lang='lat' dir='ltr'><strong>profert</strong></span> <span class='ocrx_word' id='word_1_741' title='bbox 3655 3038 3816 3094; x_wconf 87' lang='lat' dir='ltr'><strong>mala.</strong></span> 
     </span>
    </p>
   </div>
   <div class='ocr_carea' id='block_1_93' title="bbox 2217 3127 3821 3198">
    <p class='ocr_par' dir='ltr' id='par_1_93' title="bbox 2217 3127 3821 3198">
     <span class='ocr_line' id='line_1_93' title="bbox 2217 3127 3821 3198; baseline 0.001 -16"><span class='ocrx_word' id='word_1_742' title='bbox 2217 3128 2496 3197; x_wconf 83' lang='lat' dir='ltr'><strong>Quomodo</strong></span> <span class='ocrx_word' id='word_1_743' title='bbox 2523 3138 2702 3184; x_wconf 87' lang='lat' dir='ltr'><strong>autem</strong></span> <span class='ocrx_word' id='word_1_744' title='bbox 2724 3127 2944 3190; x_wconf 84' lang='lat' dir='ltr'><strong>diceret.</strong></span> <span class='ocrx_word' id='word_1_745' title='bbox 2983 3129 3085 3182; x_wconf 86' lang='lat' dir='ltr'><strong>Aut</strong></span> <span class='ocrx_word' id='word_1_746' title='bbox 3123 3130 3278 3198; x_wconf 83' lang='lat' dir='ltr'><strong>facile</strong></span> <span class='ocrx_word' id='word_1_747' title='bbox 3319 3129 3549 3184; x_wconf 88' lang='lat' dir='ltr'><strong>arborem</strong></span> <span class='ocrx_word' id='word_1_748' title='bbox 3588 3129 3773 3183; x_wconf 90' lang='lat' dir='ltr'><strong>bonam</strong></span> <span class='ocrx_word' id='word_1_749' title='bbox 3799 3168 3821 3196; x_wconf 87' lang='lat'><strong>,</strong></span> 
     </span>
    </p>
   </div>
   <div class='ocr_carea' id='block_1_94' title="bbox 2218 3221 3813 3293">
    <p class='ocr_par' dir='ltr' id='par_1_94' title="bbox 2218 3221 3813 3293">
     <span class='ocr_line' id='line_1_94' title="bbox 2218 3221 3813 3293; baseline 0.001 -21"><span class='ocrx_word' id='word_1_750' title='bbox 2218 3228 2265 3273; x_wconf 92' lang='lat' dir='ltr'><strong>et</strong></span> <span class='ocrx_word' id='word_1_751' title='bbox 2289 3223 2509 3291; x_wconf 88' lang='lat' dir='ltr'><strong>fructum</strong></span> <span class='ocrx_word' id='word_1_752' title='bbox 2543 3221 2653 3291; x_wconf 89' lang='lat' dir='ltr'><strong>ejus</strong></span> <span class='ocrx_word' id='word_1_753' title='bbox 2677 3221 2894 3287; x_wconf 84' lang='lat' dir='ltr'><strong>bonum;</strong></span> <span class='ocrx_word' id='word_1_754' title='bbox 2929 3230 3016 3275; x_wconf 91' lang='lat' dir='ltr'><strong>aut</strong></span> <span class='ocrx_word' id='word_1_755' title='bbox 3056 3223 3206 3293; x_wconf 88' lang='lat' dir='ltr'><strong>facite</strong></span> <span class='ocrx_word' id='word_1_756' title='bbox 3233 3221 3464 3275; x_wconf 87' lang='lat' dir='ltr'><strong>arborem</strong></span> <span class='ocrx_word' id='word_1_757' title='bbox 3509 3222 3698 3275; x_wconf 88' lang='lat' dir='ltr'><strong>malam</strong></span> <span class='ocrx_word' id='word_1_758' title='bbox 3719 3263 3734 3286; x_wconf 81' lang='lat'><strong>,</strong></span> <span class='ocrx_word' id='word_1_759' title='bbox 3805 3245 3813 3254; x_wconf 86' lang='lat'><strong>-</strong></span> 
     </span>
    </p>
   </div>
   <div class='ocr_carea' id='block_1_95' title="bbox 2220 3310 3817 3385">
    <p class='ocr_par' dir='ltr' id='par_1_95' title="bbox 2220 3310 3817 3385">
     <span class='ocr_line' id='line_1_95' title="bbox 2220 3310 3817 3385; baseline 0.002 -21"><span class='ocrx_word' id='word_1_760' title='bbox 2220 3313 2439 3382; x_wconf 84' lang='lat' dir='ltr'><strong>fructum</strong></span> <span class='ocrx_word' id='word_1_761' title='bbox 2467 3313 2576 3384; x_wconf 84' lang='lat' dir='ltr'><strong>ejus</strong></span> <span class='ocrx_word' id='word_1_762' title='bbox 2601 3313 2792 3366; x_wconf 86' lang='lat' dir='ltr'><strong>malum</strong></span> <span class='ocrx_word' id='word_1_763' title='bbox 2841 3310 2951 3385; x_wconf 89' lang='lat' dir='ltr'><strong>(Id.</strong></span> <span class='ocrx_word' id='word_1_764' title='bbox 2986 3328 3078 3379; x_wconf 78' lang='lat' dir='ltr'><strong>xu,</strong></span> <span class='ocrx_word' id='word_1_765' title='bbox 3112 3313 3201 3380; x_wconf 78' lang='lat'><strong>55,</strong></span> <span class='ocrx_word' id='word_1_766' title='bbox 3226 3312 3340 3383; x_wconf 75' lang='lat'><strong>33);</strong></span> <span class='ocrx_word' id='word_1_767' title='bbox 3365 3312 3466 3367; x_wconf 90' lang='lat' dir='ltr'><strong>nisi</strong></span> <span class='ocrx_word' id='word_1_768' title='bbox 3497 3313 3657 3367; x_wconf 90' lang='lat' dir='ltr'><strong>homo</strong></span> <span class='ocrx_word' id='word_1_769' title='bbox 3684 3326 3817 3382; x_wconf 88' lang='lat' dir='ltr'><strong>pos-</strong></span> 
     </span>
    </p>
   </div>
   <div class='ocr_carea' id='block_1_96' title="bbox 2221 3404 3819 3473">
    <p class='ocr_par' dir='ltr' id='par_1_96' title="bbox 2221 3404 3819 3473">
     <span class='ocr_line' id='line_1_96' title="bbox 2221 3404 3819 3473; baseline 0.003 -16"><span class='ocrx_word' id='word_1_770' title='bbox 2221 3411 2308 3457; x_wconf 90' lang='lat' dir='ltr'><strong>set</strong></span> <span class='ocrx_word' id='word_1_771' title='bbox 2355 3419 2499 3459; x_wconf 90' lang='lat' dir='ltr'><strong>nunc</strong></span> <span class='ocrx_word' id='word_1_772' title='bbox 2543 3404 2598 3458; x_wconf 92' lang='lat' dir='ltr'><strong>in</strong></span> <span class='ocrx_word' id='word_1_773' title='bbox 2647 3404 2783 3473; x_wconf 90' lang='lat' dir='ltr'><strong>hoc,</strong></span> <span class='ocrx_word' id='word_1_774' title='bbox 2839 3421 2979 3462; x_wconf 90' lang='lat' dir='ltr'><strong>nunc</strong></span> <span class='ocrx_word' id='word_1_775' title='bbox 3025 3407 3078 3461; x_wconf 89' lang='lat' dir='ltr'><strong>in</strong></span> <span class='ocrx_word' id='word_1_776' title='bbox 3119 3405 3250 3462; x_wconf 90' lang='lat' dir='ltr'><strong>illud</strong></span> <span class='ocrx_word' id='word_1_777' title='bbox 3299 3415 3498 3461; x_wconf 88' lang='lat' dir='ltr'><strong>mutata</strong></span> <span class='ocrx_word' id='word_1_778' title='bbox 3542 3407 3819 3462; x_wconf 87' lang='lat' dir='ltr'><strong>voluntate</strong></span> 
     </span>
    </p>
   </div>
   <div class='ocr_carea' id='block_1_97' title="bbox 2219 3497 2496 3551">
    <p class='ocr_par' dir='ltr' id='par_1_97' title="bbox 2219 3497 2496 3551">
     <span class='ocr_line' id='line_1_97' title="bbox 2219 3497 2496 3551; baseline 0 -1"><span class='ocrx_word' id='word_1_779' title='bbox 2219 3497 2456 3551; x_wconf 90' lang='lat' dir='ltr'><strong>converti</strong></span> <span class='ocrx_word' id='word_1_780' title='bbox 2472 3497 2496 3550; x_wconf 87' lang='lat'><strong>?</strong></span> 
     </span>
    </p>
   </div>
   <div class='ocr_carea' id='block_1_98' title="bbox 2290 3609 3818 3685">
    <p class='ocr_par' dir='ltr' id='par_1_98' title="bbox 2290 3609 3818 3685">
     <span class='ocr_line' id='line_1_98' title="bbox 2290 3609 3818 3685; baseline 0.001 -21"><span class='ocrx_word' id='word_1_781' title='bbox 2290 3609 2517 3667; x_wconf 82' lang='lat' dir='ltr'><strong>CAPUT</strong></span> <span class='ocrx_word' id='word_1_782' title='bbox 2555 3610 2743 3666; x_wconf 81' lang='lat' dir='ltr'><strong>XXIII.</strong></span> <span class='ocrx_word' id='word_1_783' title='bbox 2771 3643 2843 3653; x_wconf 94' lang='lat'><strong><em>—</em></strong></span> <span class='ocrx_word' id='word_1_784' title='bbox 2867 3612 2957 3669; x_wconf 75' lang='grc'><strong>48.</strong></span> <span class='ocrx_word' id='word_1_785' title='bbox 2988 3611 3097 3668; x_wconf 87' lang='lat' dir='ltr'><strong>Sed</strong></span> <span class='ocrx_word' id='word_1_786' title='bbox 3141 3615 3250 3685; x_wconf 87' lang='lat' dir='ltr'><strong>ipse</strong></span> <span class='ocrx_word' id='word_1_787' title='bbox 3278 3612 3414 3669; x_wconf 87' lang='lat' dir='ltr'><strong>Deus</strong></span> <span class='ocrx_word' id='word_1_788' title='bbox 3437 3654 3453 3680; x_wconf 93' lang='lat'><strong>,</strong></span> <span class='ocrx_word' id='word_1_789' title='bbox 3485 3612 3694 3683; x_wconf 88' lang='lat' dir='ltr'><strong>inquit,</strong></span> <span class='ocrx_word' id='word_1_790' title='bbox 3724 3627 3818 3681; x_wconf 84' lang='lat' dir='ltr'><strong>per</strong></span> 
     </span>
    </p>
   </div>
   <div class='ocr_carea' id='block_1_99' title="bbox 2221 3702 3815 3777">
    <p class='ocr_par' dir='ltr' id='par_1_99' title="bbox 2221 3702 3815 3777">
     <span class='ocr_line' id='line_1_99' title="bbox 2221 3702 3815 3777; baseline 0 -19"><span class='ocrx_word' id='word_1_791' title='bbox 2221 3703 2453 3758; x_wconf 90' lang='lat' dir='ltr'><strong>eumdem</strong></span> <span class='ocrx_word' id='word_1_792' title='bbox 2490 3705 2788 3774; x_wconf 89' lang='lat' dir='ltr'><strong>prophetam</strong></span> <span class='ocrx_word' id='word_1_793' title='bbox 2824 3709 3046 3777; x_wconf 87' lang='lat' dir='ltr'><strong>fatetur,</strong></span> <span class='ocrx_word' id='word_1_794' title='bbox 3093 3715 3140 3760; x_wconf 89' lang='lat' dir='ltr'><strong>et</strong></span> <span class='ocrx_word' id='word_1_795' title='bbox 3190 3706 3350 3772; x_wconf 88' lang='lat' dir='ltr'><strong>dicit,</strong></span> <span class='ocrx_word' id='word_1_796' title='bbox 3396 3704 3509 3777; x_wconf 88' lang='lat' dir='ltr'><strong>Ego</strong></span> <span class='ocrx_word' id='word_1_797' title='bbox 3529 3721 3640 3759; x_wconf 84' lang='lat' dir='ltr'><strong>sum</strong></span> <span class='ocrx_word' id='word_1_798' title='bbox 3676 3702 3815 3758; x_wconf 82' lang='lat' dir='ltr'><strong>Deus</strong></span> 
     </span>
    </p>
   </div>
   <div class='ocr_carea' id='block_1_100' title="bbox 2221 3796 3812 3870">
    <p class='ocr_par' dir='ltr' id='par_1_100' title="bbox 2221 3796 3812 3870">
     <span class='ocr_line' id='line_1_100' title="bbox 2221 3796 3812 3870; baseline 0.001 -21"><span class='ocrx_word' id='word_1_799' title='bbox 2221 3799 2410 3867; x_wconf 89' lang='lat' dir='ltr'><strong>faciens</strong></span> <span class='ocrx_word' id='word_1_800' title='bbox 2432 3796 2563 3851; x_wconf 86' lang='lat' dir='ltr'><strong>bona</strong></span> <span class='ocrx_word' id='word_1_801' title='bbox 2588 3807 2636 3851; x_wconf 89' lang='lat' dir='ltr'><strong>et</strong></span> <span class='ocrx_word' id='word_1_802' title='bbox 2660 3814 2838 3854; x_wconf 90' lang='lat' dir='ltr'><strong>creans</strong></span> <span class='ocrx_word' id='word_1_803' title='bbox 2865 3799 3004 3853; x_wconf 82' lang='lat' dir='ltr'><strong>mala</strong></span> <span class='ocrx_word' id='word_1_804' title='bbox 3045 3797 3196 3870; x_wconf 85' lang='lat' dir='ltr'><strong>(Isai.</strong></span> <span class='ocrx_word' id='word_1_805' title='bbox 3224 3814 3332 3854; x_wconf 75' lang='lat' dir='ltr'><strong>XLV</strong></span> <span class='ocrx_word' id='word_1_806' title='bbox 3351 3840 3367 3866; x_wconf 93' lang='lat'><strong>,</strong></span> <span class='ocrx_word' id='word_1_807' title='bbox 3398 3798 3472 3870; x_wconf 91' lang='lat'><strong>7).</strong></span> <span class='ocrx_word' id='word_1_808' title='bbox 3504 3797 3579 3852; x_wconf 89' lang='lat' dir='ltr'><strong>Ita</strong></span> <span class='ocrx_word' id='word_1_809' title='bbox 3608 3797 3764 3867; x_wconf 88' lang='lat' dir='ltr'><strong>plane</strong></span> <span class='ocrx_word' id='word_1_810' title='bbox 3796 3813 3812 3850; x_wconf 88' lang='lat'><strong>:</strong></span> 
     </span>
    </p>
   </div>
   <div class='ocr_carea' id='block_1_101' title="bbox 2222 3886 3817 3959">
    <p class='ocr_par' dir='ltr' id='par_1_101' title="bbox 2222 3886 3817 3959">
     <span class='ocr_line' id='line_1_101' title="bbox 2222 3886 3817 3959; baseline 0 -17"><span class='ocrx_word' id='word_1_811' title='bbox 2222 3886 2336 3957; x_wconf 89' lang='lat' dir='ltr'><strong>ipse</strong></span> <span class='ocrx_word' id='word_1_812' title='bbox 2362 3897 2445 3943; x_wconf 90' lang='lat' dir='ltr'><strong>est</strong></span> <span class='ocrx_word' id='word_1_813' title='bbox 2471 3887 2614 3942; x_wconf 88' lang='lat' dir='ltr'><strong>enim</strong></span> <span class='ocrx_word' id='word_1_814' title='bbox 2643 3889 2782 3944; x_wconf 90' lang='lat' dir='ltr'><strong>Deus</strong></span> <span class='ocrx_word' id='word_1_815' title='bbox 2805 3931 2821 3956; x_wconf 93' lang='lat'><strong>,</strong></span> <span class='ocrx_word' id='word_1_816' title='bbox 2875 3888 2943 3945; x_wconf 87' lang='lat' dir='ltr'><strong>de</strong></span> <span class='ocrx_word' id='word_1_817' title='bbox 2971 3903 3078 3959; x_wconf 92' lang='lat' dir='ltr'><strong>quo</strong></span> <span class='ocrx_word' id='word_1_818' title='bbox 3121 3889 3253 3944; x_wconf 90' lang='lat' dir='ltr'><strong>dicit</strong></span> <span class='ocrx_word' id='word_1_819' title='bbox 3277 3889 3562 3959; x_wconf 82' lang='lat' dir='ltr'><strong>Apostolus</strong></span> <span class='ocrx_word' id='word_1_820' title='bbox 3585 3930 3602 3954; x_wconf 91' lang='lat'><strong>,</strong></span> <span class='ocrx_word' id='word_1_821' title='bbox 3665 3887 3817 3942; x_wconf 85' lang='lat' dir='ltr'><strong>Vides</strong></span> 
     </span>
    </p>
   </div>
   <div class='ocr_carea' id='block_1_102' title="bbox 2221 3980 3818 4054">
    <p class='ocr_par' dir='ltr' id='par_1_102' title="bbox 2221 3980 3818 4054">
     <span class='ocr_line' id='line_1_102' title="bbox 2221 3980 3818 4054; baseline 0.001 -21"><span class='ocrx_word' id='word_1_822' title='bbox 2221 3995 2339 4050; x_wconf 89' lang='lat' dir='ltr'><strong>ergo</strong></span> <span class='ocrx_word' id='word_1_823' title='bbox 2364 3980 2636 4034; x_wconf 88' lang='lat' dir='ltr'><strong>bonitatem</strong></span> <span class='ocrx_word' id='word_1_824' title='bbox 2681 3989 2728 4034; x_wconf 88' lang='lat' dir='ltr'><strong>et</strong></span> <span class='ocrx_word' id='word_1_825' title='bbox 2756 3982 3066 4036; x_wconf 82' lang='lat' dir='ltr'><strong>severitatem</strong></span> <span class='ocrx_word' id='word_1_826' title='bbox 3095 3981 3193 4036; x_wconf 89' lang='lat' dir='ltr'><strong>Dei</strong></span> <span class='ocrx_word' id='word_1_827' title='bbox 3232 3980 3407 4054; x_wconf 85' lang='lat' dir='ltr'><strong>(Rom.</strong></span> <span class='ocrx_word' id='word_1_828' title='bbox 3439 3997 3509 4046; x_wconf 65' lang='grc' dir='ltr'><strong>χι,</strong></span> <span class='ocrx_word' id='word_1_829' title='bbox 3539 3980 3655 4052; x_wconf 73' lang='grc'><strong>22).</strong></span> <span class='ocrx_word' id='word_1_830' title='bbox 3686 3980 3818 4035; x_wconf 77' lang='lat' dir='ltr'><strong>Ilzec</strong></span> 
     </span>
    </p>
   </div>
   <div class='ocr_carea' id='block_1_103' title="bbox 2219 4073 3817 4146">
    <p class='ocr_par' dir='ltr' id='par_1_103' title="bbox 2219 4073 3817 4146">
     <span class='ocr_line' id='line_1_103' title="bbox 2219 4073 3817 4146; baseline 0.001 -19"><span class='ocrx_word' id='word_1_831' title='bbox 2219 4082 2398 4129; x_wconf 88' lang='lat' dir='ltr'><strong>autem</strong></span> <span class='ocrx_word' id='word_1_832' title='bbox 2426 4075 2686 4130; x_wconf 88' lang='lat' dir='ltr'><strong>severitas</strong></span> <span class='ocrx_word' id='word_1_833' title='bbox 2734 4075 2850 4146; x_wconf 91' lang='lat' dir='ltr'><strong>ejus</strong></span> <span class='ocrx_word' id='word_1_834' title='bbox 2897 4075 3286 4132; x_wconf 89' lang='lat' dir='ltr'><strong>damnabilibus</strong></span> <span class='ocrx_word' id='word_1_835' title='bbox 3327 4075 3466 4129; x_wconf 89' lang='lat' dir='ltr'><strong>mala</strong></span> <span class='ocrx_word' id='word_1_836' title='bbox 3515 4083 3637 4141; x_wconf 90' lang='lat' dir='ltr'><strong>est,</strong></span> <span class='ocrx_word' id='word_1_837' title='bbox 3688 4073 3817 4143; x_wconf 87' lang='lat' dir='ltr'><strong>quia</strong></span> 
     </span>
    </p>
   </div>
   <div class='ocr_carea' id='block_1_104' title="bbox 2220 4165 3818 4238">
    <p class='ocr_par' dir='ltr' id='par_1_104' title="bbox 2220 4165 3818 4238">
     <span class='ocr_line' id='line_1_104' title="bbox 2220 4165 3818 4238; baseline 0.001 -20"><span class='ocrx_word' id='word_1_838' title='bbox 2220 4165 2420 4220; x_wconf 90' lang='lat' dir='ltr'><strong>malum</strong></span> <span class='ocrx_word' id='word_1_839' title='bbox 2449 4166 2552 4222; x_wconf 90' lang='lat' dir='ltr'><strong>illis</strong></span> <span class='ocrx_word' id='word_1_840' title='bbox 2579 4166 2935 4223; x_wconf 90' lang='lat' dir='ltr'><strong>damnationis</strong></span> <span class='ocrx_word' id='word_1_841' title='bbox 2954 4169 3226 4238; x_wconf 89' lang='lat' dir='ltr'><strong>importat.</strong></span> <span class='ocrx_word' id='word_1_842' title='bbox 3249 4167 3382 4223; x_wconf 88' lang='lat' dir='ltr'><strong>Nam</strong></span> <span class='ocrx_word' id='word_1_843' title='bbox 3402 4167 3526 4238; x_wconf 92' lang='lat' dir='ltr'><strong>quia</strong></span> <span class='ocrx_word' id='word_1_844' title='bbox 3543 4167 3685 4236; x_wconf 89' lang='lat' dir='ltr'><strong>justa</strong></span> <span class='ocrx_word' id='word_1_845' title='bbox 3708 4175 3818 4234; x_wconf 84' lang='lat' dir='ltr'><strong>est,</strong></span> 
     </span>
    </p>
   </div>
   <div class='ocr_carea' id='block_1_105' title="bbox 2219 4257 3818 4330">
    <p class='ocr_par' dir='ltr' id='par_1_105' title="bbox 2219 4257 3818 4330">
     <span class='ocr_line' id='line_1_105' title="bbox 2219 4257 3818 4330; baseline 0.001 -19"><span class='ocrx_word' id='word_1_846' title='bbox 2219 4257 2326 4311; x_wconf 89' lang='lat' dir='ltr'><strong>alio</strong></span> <span class='ocrx_word' id='word_1_847' title='bbox 2355 4257 2514 4314; x_wconf 92' lang='lat' dir='ltr'><strong>modo</strong></span> <span class='ocrx_word' id='word_1_848' title='bbox 2537 4259 2801 4329; x_wconf 89' lang='lat' dir='ltr'><strong>reperitur</strong></span> <span class='ocrx_word' id='word_1_849' title='bbox 2823 4259 2995 4315; x_wconf 88' lang='lat' dir='ltr'><strong>bona:</strong></span> <span class='ocrx_word' id='word_1_850' title='bbox 3017 4275 3177 4315; x_wconf 88' lang='lat' dir='ltr'><strong>omne</strong></span> <span class='ocrx_word' id='word_1_851' title='bbox 3196 4259 3340 4316; x_wconf 92' lang='lat' dir='ltr'><strong>enim</strong></span> <span class='ocrx_word' id='word_1_852' title='bbox 3357 4259 3561 4330; x_wconf 86' lang='lat' dir='ltr'><strong>justum</strong></span> <span class='ocrx_word' id='word_1_853' title='bbox 3589 4259 3818 4313; x_wconf 89' lang='lat' dir='ltr'><strong>bonum.</strong></span> 
     </span>
    </p>
   </div>
   <div class='ocr_carea' id='block_1_106' title="bbox 2219 4348 3822 4420">
    <p class='ocr_par' dir='ltr' id='par_1_106' title="bbox 2219 4348 3822 4420">
     <span class='ocr_line' id='line_1_106' title="bbox 2219 4348 3822 4420; baseline 0 -17"><span class='ocrx_word' id='word_1_854' title='bbox 2219 4348 2406 4416; x_wconf 83' lang='lat' dir='ltr'><strong>Quam&#39;</strong></span> <span class='ocrx_word' id='word_1_855' title='bbox 2437 4365 2566 4405; x_wconf 88' lang='lat' dir='ltr'><strong>vero</strong></span> <span class='ocrx_word' id='word_1_856' title='bbox 2591 4349 2864 4420; x_wconf 85' lang='lat' dir='ltr'><strong>eleganter</strong></span> <span class='ocrx_word' id='word_1_857' title='bbox 2901 4349 3004 4405; x_wconf 92' lang='lat' dir='ltr'><strong>sibi</strong></span> <span class='ocrx_word' id='word_1_858' title='bbox 3054 4349 3262 4405; x_wconf 89' lang='lat' dir='ltr'><strong>videtur</strong></span> <span class='ocrx_word' id='word_1_859' title='bbox 3309 4351 3409 4405; x_wconf 88' lang='lat' dir='ltr'><strong>iste</strong></span> <span class='ocrx_word' id='word_1_860' title='bbox 3440 4351 3596 4405; x_wconf 89' lang='lat' dir='ltr'><strong>verba</strong></span> <span class='ocrx_word' id='word_1_861' title='bbox 3629 4349 3822 4403; x_wconf 88' lang='lat' dir='ltr'><strong>discu-</strong></span> 
     </span>
    </p>
   </div>
   <div class='ocr_carea' id='block_1_107' title="bbox 2221 4440 3819 4514">
    <p class='ocr_par' dir='ltr' id='par_1_107' title="bbox 2221 4440 3819 4514">
     <span class='ocr_line' id='line_1_107' title="bbox 2221 4440 3819 4514; baseline 0.001 -20"><span class='ocrx_word' id='word_1_862' title='bbox 2221 4449 2333 4496; x_wconf 77' lang='lat' dir='ltr'><strong>tere</strong></span> <span class='ocrx_word' id='word_1_863' title='bbox 2362 4451 2521 4512; x_wconf 90' lang='lat' dir='ltr'><strong>atque</strong></span> <span class='ocrx_word' id='word_1_864' title='bbox 2541 4441 2868 4508; x_wconf 87' lang='lat' dir='ltr'><strong>discernere,</strong></span> <span class='ocrx_word' id='word_1_865' title='bbox 2899 4442 3142 4498; x_wconf 90' lang='lat' dir='ltr'><strong>nesciens</strong></span> <span class='ocrx_word' id='word_1_866' title='bbox 3167 4441 3294 4513; x_wconf 90' lang='lat' dir='ltr'><strong>quid</strong></span> <span class='ocrx_word' id='word_1_867' title='bbox 3315 4442 3607 4514; x_wconf 88' lang='lat' dir='ltr'><strong>loquatur?</strong></span> <span class='ocrx_word' id='word_1_868' title='bbox 3635 4440 3819 4508; x_wconf 80' lang='lat' dir='ltr'><strong>Quan-</strong></span> 
     </span>
    </p>
   </div>
   <div class='ocr_carea' id='block_1_108' title="bbox 2219 4530 3819 4604">
    <p class='ocr_par' dir='ltr' id='par_1_108' title="bbox 2219 4530 3819 4604">
     <span class='ocr_line' id='line_1_108' title="bbox 2219 4530 3819 4604; baseline 0.002 -18"><span class='ocrx_word' id='word_1_869' title='bbox 2219 4530 2504 4602; x_wconf 89' lang='lat' dir='ltr'><strong>doquidem</strong></span> <span class='ocrx_word' id='word_1_870' title='bbox 2549 4532 2652 4587; x_wconf 89' lang='lat' dir='ltr'><strong>hoc</strong></span> <span class='ocrx_word' id='word_1_871' title='bbox 2683 4533 2855 4604; x_wconf 90' lang='lat' dir='ltr'><strong>ipsum</strong></span> <span class='ocrx_word' id='word_1_872' title='bbox 2900 4533 3043 4604; x_wconf 92' lang='lat' dir='ltr'><strong>quod</strong></span> <span class='ocrx_word' id='word_1_873' title='bbox 3097 4535 3168 4589; x_wconf 86' lang='lat' dir='ltr'><strong>ita</strong></span> <span class='ocrx_word' id='word_1_874' title='bbox 3198 4533 3375 4604; x_wconf 88' lang='lat' dir='ltr'><strong>posuit</strong></span> <span class='ocrx_word' id='word_1_875' title='bbox 3411 4533 3519 4588; x_wconf 91' lang='lat' dir='ltr'><strong>hoc</strong></span> <span class='ocrx_word' id='word_1_876' title='bbox 3562 4533 3819 4589; x_wconf 89' lang='lat' dir='ltr'><strong>testimo-</strong></span> 
     </span>
    </p>
   </div>
   <div class='ocr_carea' id='block_1_109' title="bbox 2219 4623 3815 4693">
    <p class='ocr_par' dir='ltr' id='par_1_109' title="bbox 2219 4623 3815 4693">
     <span class='ocr_line' id='line_1_109' title="bbox 2219 4623 3815 4693; baseline 0.003 -15"><span class='ocrx_word' id='word_1_877' title='bbox 2219 4624 2367 4678; x_wconf 92' lang='lat' dir='ltr'><strong>nium</strong></span> <span class='ocrx_word' id='word_1_878' title='bbox 2386 4666 2402 4692; x_wconf 92' lang='lat'><strong>,</strong></span> <span class='ocrx_word' id='word_1_879' title='bbox 2432 4633 2490 4680; x_wconf 90' lang='lat' dir='ltr'><strong>ut</strong></span> <span class='ocrx_word' id='word_1_880' title='bbox 2515 4639 2619 4680; x_wconf 91' lang='lat' dir='ltr'><strong>non</strong></span> <span class='ocrx_word' id='word_1_881' title='bbox 2650 4625 2950 4691; x_wconf 90' lang='lat' dir='ltr'><strong>diceretur,</strong></span> <span class='ocrx_word' id='word_1_882' title='bbox 2988 4623 3215 4681; x_wconf 89' lang='lat' dir='ltr'><strong>Faciens</strong></span> <span class='ocrx_word' id='word_1_883' title='bbox 3241 4625 3377 4682; x_wconf 87' lang='lat' dir='ltr'><strong>bona</strong></span> <span class='ocrx_word' id='word_1_884' title='bbox 3409 4635 3464 4682; x_wconf 89' lang='lat' dir='ltr'><strong>et</strong></span> <span class='ocrx_word' id='word_1_885' title='bbox 3487 4625 3658 4692; x_wconf 85' lang='lat' dir='ltr'><strong>mala;</strong></span> <span class='ocrx_word' id='word_1_886' title='bbox 3682 4634 3815 4693; x_wconf 89' lang='lat' dir='ltr'><strong>aut,</strong></span> 
     </span>
    </p>
   </div>
   <div class='ocr_carea' id='block_1_110' title="bbox 2219 4717 3820 4796">
    <p class='ocr_par' dir='ltr' id='par_1_110' title="bbox 2219 4717 3820 4796">
     <span class='ocr_line' id='line_1_110' title="bbox 2219 4717 3820 4796; baseline 0.001 -24"><span class='ocrx_word' id='word_1_887' title='bbox 2219 4732 2410 4773; x_wconf 91' lang='lat' dir='ltr'><strong>creans</strong></span> <span class='ocrx_word' id='word_1_888' title='bbox 2449 4718 2585 4772; x_wconf 91' lang='lat' dir='ltr'><strong>bona</strong></span> <span class='ocrx_word' id='word_1_889' title='bbox 2637 4726 2692 4772; x_wconf 92' lang='lat' dir='ltr'><strong>et</strong></span> <span class='ocrx_word' id='word_1_890' title='bbox 2735 4717 2910 4782; x_wconf 88' lang='lat' dir='ltr'><strong>mala;</strong></span> <span class='ocrx_word' id='word_1_891' title='bbox 2941 4725 3033 4772; x_wconf 91' lang='lat' dir='ltr'><strong>aut</strong></span> <span class='ocrx_word' id='word_1_892' title='bbox 3057 4758 3074 4785; x_wconf 97' lang='lat'><strong>,</strong></span> <span class='ocrx_word' id='word_1_893' title='bbox 3106 4732 3295 4774; x_wconf 88' lang='lat' dir='ltr'><strong>creans</strong></span> <span class='ocrx_word' id='word_1_894' title='bbox 3345 4717 3484 4796; x_wconf 89' lang='lat' dir='ltr'><strong>bona</strong></span> <span class='ocrx_word' id='word_1_895' title='bbox 3513 4727 3570 4774; x_wconf 90' lang='lat' dir='ltr'><strong>et</strong></span> <span class='ocrx_word' id='word_1_896' title='bbox 3613 4717 3820 4773; x_wconf 80' lang='lat' dir='ltr'><strong>iaciens</strong></span> 
     </span>
    </p>
   </div>
   <div class='ocr_carea' id='block_1_111' title="bbox 2220 4808 3819 4880">
    <p class='ocr_par' dir='ltr' id='par_1_111' title="bbox 2220 4808 3819 4880">
     <span class='ocr_line' id='line_1_111' title="bbox 2220 4808 3819 4880; baseline 0.003 -16"><span class='ocrx_word' id='word_1_897' title='bbox 2220 4809 2393 4874; x_wconf 87' lang='lat' dir='ltr'><strong>mala;</strong></span> <span class='ocrx_word' id='word_1_898' title='bbox 2421 4808 2515 4864; x_wconf 89' lang='lat' dir='ltr'><strong>sed</strong></span> <span class='ocrx_word' id='word_1_899' title='bbox 2539 4851 2555 4877; x_wconf 92' lang='lat'><strong>,</strong></span> <span class='ocrx_word' id='word_1_900' title='bbox 2585 4809 2775 4880; x_wconf 87' lang='lat' dir='ltr'><strong>faciens</strong></span> <span class='ocrx_word' id='word_1_901' title='bbox 2823 4811 2954 4864; x_wconf 88' lang='lat' dir='ltr'><strong>bona</strong></span> <span class='ocrx_word' id='word_1_902' title='bbox 2981 4819 3027 4864; x_wconf 89' lang='lat' dir='ltr'><strong>et</strong></span> <span class='ocrx_word' id='word_1_903' title='bbox 3055 4827 3231 4865; x_wconf 90' lang='lat' dir='ltr'><strong>creans</strong></span> <span class='ocrx_word' id='word_1_904' title='bbox 3268 4812 3407 4865; x_wconf 86' lang='lat' dir='ltr'><strong>mala</strong></span> <span class='ocrx_word' id='word_1_905' title='bbox 3425 4828 3446 4866; x_wconf 89' lang='lat'><strong><em>:</em></strong></span> <span class='ocrx_word' id='word_1_906' title='bbox 3469 4812 3583 4866; x_wconf 85' lang='lat' dir='ltr'><strong>vult</strong></span> <span class='ocrx_word' id='word_1_907' title='bbox 3606 4820 3819 4868; x_wconf 89' lang='lat' dir='ltr'><strong>vertere</strong></span> 
     </span>
    </p>
   </div>
   <div class='ocr_carea' id='block_1_112' title="bbox 2219 4901 3818 4974">
    <p class='ocr_par' dir='ltr' id='par_1_112' title="bbox 2219 4901 3818 4974">
     <span class='ocr_line' id='line_1_112' title="bbox 2219 4901 3818 4974; baseline 0.001 -17"><span class='ocrx_word' id='word_1_908' title='bbox 2219 4903 2272 4957; x_wconf 92' lang='lat' dir='ltr'><strong>in</strong></span> <span class='ocrx_word' id='word_1_909' title='bbox 2301 4901 2504 4957; x_wconf 91' lang='lat' dir='ltr'><strong>crimen</strong></span> <span class='ocrx_word' id='word_1_910' title='bbox 2529 4918 2543 4966; x_wconf 88' lang='lat'><strong>;</strong></span> <span class='ocrx_word' id='word_1_911' title='bbox 2571 4910 2627 4957; x_wconf 91' lang='lat' dir='ltr'><strong>et</strong></span> <span class='ocrx_word' id='word_1_912' title='bbox 2663 4911 2890 4956; x_wconf 89' lang='lat' dir='ltr'><strong>conatur</strong></span> <span class='ocrx_word' id='word_1_913' title='bbox 2913 4902 3198 4958; x_wconf 90' lang='lat' dir='ltr'><strong>ostendere</strong></span> <span class='ocrx_word' id='word_1_914' title='bbox 3220 4944 3236 4970; x_wconf 92' lang='lat'><strong>,</strong></span> <span class='ocrx_word' id='word_1_915' title='bbox 3279 4903 3420 4974; x_wconf 91' lang='lat' dir='ltr'><strong>quod</strong></span> <span class='ocrx_word' id='word_1_916' title='bbox 3457 4903 3514 4958; x_wconf 85' lang='lat' dir='ltr'><strong>ﬁt</strong></span> <span class='ocrx_word' id='word_1_917' title='bbox 3533 4946 3551 4971; x_wconf 92' lang='lat'><strong>,</strong></span> <span class='ocrx_word' id='word_1_918' title='bbox 3581 4904 3818 4959; x_wconf 81' lang='lat' dir='ltr'><strong>forinse-</strong></span> 
     </span>
    </p>
   </div>
   <div class='ocr_carea' id='block_1_113' title="bbox 2219 4991 3820 5064">
    <p class='ocr_par' dir='ltr' id='par_1_113' title="bbox 2219 4991 3820 5064">
     <span class='ocr_line' id='line_1_113' title="bbox 2219 4991 3820 5064; baseline 0.001 -14"><span class='ocrx_word' id='word_1_919' title='bbox 2219 5007 2314 5050; x_wconf 92' lang='lat' dir='ltr'><strong>cus</strong></span> <span class='ocrx_word' id='word_1_920' title='bbox 2341 4991 2454 5048; x_wconf 79' lang='lat' dir='ltr'><strong>fieri</strong></span> <span class='ocrx_word' id='word_1_921' title='bbox 2479 5011 2493 5059; x_wconf 91' lang='lat'><strong>;</strong></span> <span class='ocrx_word' id='word_1_922' title='bbox 2518 4992 2656 5062; x_wconf 89' lang='lat' dir='ltr'><strong>quod</strong></span> <span class='ocrx_word' id='word_1_923' title='bbox 2679 5000 2855 5048; x_wconf 91' lang='lat' dir='ltr'><strong>autem</strong></span> <span class='ocrx_word' id='word_1_924' title='bbox 2887 5003 3118 5058; x_wconf 88' lang='lat' dir='ltr'><strong>creatur,</strong></span> <span class='ocrx_word' id='word_1_925' title='bbox 3141 4993 3278 5064; x_wconf 88' lang='lat' dir='ltr'><strong>apud</strong></span> <span class='ocrx_word' id='word_1_926' title='bbox 3310 4994 3481 5064; x_wconf 90' lang='lat' dir='ltr'><strong>ipsum</strong></span> <span class='ocrx_word' id='word_1_927' title='bbox 3513 5011 3634 5052; x_wconf 87' lang='lat' dir='ltr'><strong>esse</strong></span> <span class='ocrx_word' id='word_1_928' title='bbox 3660 5011 3820 5052; x_wconf 87' lang='lat' dir='ltr'><strong>crea-</strong></span> 
     </span>
    </p>
   </div>
   <div class='ocr_carea' id='block_1_114' title="bbox 2219 5086 3819 5157">
    <p class='ocr_par' dir='ltr' id='par_1_114' title="bbox 2219 5086 3819 5157">
     <span class='ocr_line' id='line_1_114' title="bbox 2219 5086 3819 5157; baseline 0.003 -15"><span class='ocrx_word' id='word_1_929' title='bbox 2219 5095 2392 5142; x_wconf 83' lang='lat' dir='ltr'><strong>torem</strong></span> <span class='ocrx_word' id='word_1_930' title='bbox 2413 5126 2428 5151; x_wconf 95' lang='lat'><strong>,</strong></span> <span class='ocrx_word' id='word_1_931' title='bbox 2457 5094 2616 5157; x_wconf 89' lang='lat' dir='ltr'><strong>atque</strong></span> <span class='ocrx_word' id='word_1_932' title='bbox 2642 5086 2766 5142; x_wconf 90' lang='lat' dir='ltr'><strong>inde</strong></span> <span class='ocrx_word' id='word_1_933' title='bbox 2795 5086 3085 5156; x_wconf 83' lang='lat' dir='ltr'><strong>procedere</strong></span> <span class='ocrx_word' id='word_1_934' title='bbox 3113 5104 3127 5139; x_wconf 89' lang='lat'><strong>:</strong></span> <span class='ocrx_word' id='word_1_935' title='bbox 3155 5097 3212 5142; x_wconf 91' lang='lat' dir='ltr'><strong>ut</strong></span> <span class='ocrx_word' id='word_1_936' title='bbox 3240 5088 3490 5143; x_wconf 90' lang='lat' dir='ltr'><strong>videlicet</strong></span> <span class='ocrx_word' id='word_1_937' title='bbox 3516 5089 3658 5144; x_wconf 91' lang='lat' dir='ltr'><strong>Deus</strong></span> <span class='ocrx_word' id='word_1_938' title='bbox 3683 5090 3819 5146; x_wconf 90' lang='lat' dir='ltr'><strong>Pro-</strong></span> 
     </span>
    </p>
   </div>
   <div class='ocr_carea' id='block_1_115' title="bbox 2219 5179 3816 5253">
    <p class='ocr_par' dir='ltr' id='par_1_115' title="bbox 2219 5179 3816 5253">
     <span class='ocr_line' id='line_1_115' title="bbox 2219 5179 3816 5253; baseline 0.003 -19"><span class='ocrx_word' id='word_1_939' title='bbox 2219 5179 2498 5251; x_wconf 89' lang='lat' dir='ltr'><strong>phetarum</strong></span> <span class='ocrx_word' id='word_1_940' title='bbox 2530 5187 2781 5250; x_wconf 87' lang='lat' dir='ltr'><strong>tanquam</strong></span> <span class='ocrx_word' id='word_1_941' title='bbox 2810 5180 3047 5234; x_wconf 85' lang='lat' dir='ltr'><strong>extranei</strong></span> <span class='ocrx_word' id='word_1_942' title='bbox 3076 5195 3107 5234; x_wconf 87' lang='lat' dir='ltr'><strong>a</strong></span> <span class='ocrx_word' id='word_1_943' title='bbox 3127 5194 3189 5235; x_wconf 91' lang='lat' dir='ltr'><strong>se</strong></span> <span class='ocrx_word' id='word_1_944' title='bbox 3218 5180 3343 5235; x_wconf 86' lang='lat' dir='ltr'><strong>boni</strong></span> <span class='ocrx_word' id='word_1_945' title='bbox 3372 5180 3542 5237; x_wconf 80' lang='lat' dir='ltr'><strong>factor</strong></span> <span class='ocrx_word' id='word_1_946' title='bbox 3567 5183 3816 5253; x_wconf 88' lang='lat' dir='ltr'><strong>aliquan-</strong></span> 
     </span>
    </p>
   </div>
   <div class='ocr_carea' id='block_1_116' title="bbox 2219 5271 3818 5346">
    <p class='ocr_par' dir='ltr' id='par_1_116' title="bbox 2219 5271 3818 5346">
     <span class='ocr_line' id='line_1_116' title="bbox 2219 5271 3818 5346; baseline 0.001 -18"><span class='ocrx_word' id='word_1_947' title='bbox 2219 5272 2290 5328; x_wconf 93' lang='lat' dir='ltr'><strong>do</strong></span> <span class='ocrx_word' id='word_1_948' title='bbox 2319 5271 2482 5328; x_wconf 80' lang='lat' dir='ltr'><strong>luissc</strong></span> <span class='ocrx_word' id='word_1_949' title='bbox 2509 5271 2787 5338; x_wconf 87' lang='lat' dir='ltr'><strong>videatur,</strong></span> <span class='ocrx_word' id='word_1_950' title='bbox 2835 5281 3046 5330; x_wconf 86' lang='lat' dir='ltr'><strong>creator</strong></span> <span class='ocrx_word' id='word_1_951' title='bbox 3074 5283 3249 5328; x_wconf 91' lang='lat' dir='ltr'><strong>autem</strong></span> <span class='ocrx_word' id='word_1_952' title='bbox 3281 5273 3406 5329; x_wconf 90' lang='lat' dir='ltr'><strong>mali</strong></span> <span class='ocrx_word' id='word_1_953' title='bbox 3438 5283 3687 5346; x_wconf 89' lang='lat' dir='ltr'><strong>tauquam</strong></span> <span class='ocrx_word' id='word_1_954' title='bbox 3718 5292 3818 5330; x_wconf 80' lang='lat' dir='ltr'><strong>na-</strong></span> 
     </span>
    </p>
   </div>
   <div class='ocr_carea' id='block_1_117' title="bbox 2220 5361 3816 5435">
    <p class='ocr_par' dir='ltr' id='par_1_117' title="bbox 2220 5361 3816 5435">
     <span class='ocr_line' id='line_1_117' title="bbox 2220 5361 3816 5435; baseline 0.003 -17"><span class='ocrx_word' id='word_1_955' title='bbox 2220 5373 2338 5419; x_wconf 88' lang='lat' dir='ltr'><strong>tura</strong></span> <span class='ocrx_word' id='word_1_956' title='bbox 2369 5363 2539 5420; x_wconf 90' lang='lat' dir='ltr'><strong>malus</strong></span> <span class='ocrx_word' id='word_1_957' title='bbox 2563 5363 2630 5419; x_wconf 91' lang='lat' dir='ltr'><strong>de</strong></span> <span class='ocrx_word' id='word_1_958' title='bbox 2654 5378 2716 5419; x_wconf 88' lang='lat' dir='ltr'><strong>se</strong></span> <span class='ocrx_word' id='word_1_959' title='bbox 2765 5364 2881 5434; x_wconf 92' lang='lat' dir='ltr'><strong>ipso</strong></span> <span class='ocrx_word' id='word_1_960' title='bbox 2928 5361 3210 5433; x_wconf 82' lang='lat' dir='ltr'><strong>proferens</strong></span> <span class='ocrx_word' id='word_1_961' title='bbox 3237 5365 3378 5433; x_wconf 92' lang='lat' dir='ltr'><strong>quod</strong></span> <span class='ocrx_word' id='word_1_962' title='bbox 3410 5367 3632 5421; x_wconf 89' lang='lat' dir='ltr'><strong>creavit.</strong></span> <span class='ocrx_word' id='word_1_963' title='bbox 3679 5368 3816 5435; x_wconf 71' lang='lat' dir='ltr'><strong>Qua:</strong></span> 
     </span>
    </p>
   </div>
   <div class='ocr_carea' id='block_1_118' title="bbox 2220 5453 3817 5514">
    <p class='ocr_par' dir='ltr' id='par_1_118' title="bbox 2220 5453 3817 5514">
     <span class='ocr_line' id='line_1_118' title="bbox 2220 5453 3817 5514; baseline 0.003 -4"><span class='ocrx_word' id='word_1_964' title='bbox 2220 5457 2384 5511; x_wconf 90' lang='lat' dir='ltr'><strong>verba</strong></span> <span class='ocrx_word' id='word_1_965' title='bbox 2425 5454 2470 5509; x_wconf 91' lang='lat' dir='ltr'><strong>si</strong></span> <span class='ocrx_word' id='word_1_966' title='bbox 2526 5469 2593 5510; x_wconf 85' lang='lat' dir='ltr'><strong>ex</strong></span> <span class='ocrx_word' id='word_1_967' title='bbox 2647 5455 3032 5511; x_wconf 88' lang='lat' dir='ltr'><strong>consuetudine</strong></span> <span class='ocrx_word' id='word_1_968' title='bbox 3075 5453 3479 5512; x_wconf 89' lang='lat' dir='ltr'><strong>consideremus</strong></span> <span class='ocrx_word' id='word_1_969' title='bbox 3525 5459 3817 5514; x_wconf 90' lang='lat' dir='ltr'><strong>locutionis</strong></span> 
     </span>
    </p>
   </div>
   <div class='ocr_carea' id='block_1_119' title="bbox 2222 5545 3814 5619">
    <p class='ocr_par' dir='ltr' id='par_1_119' title="bbox 2222 5545 3814 5619">
     <span class='ocr_line' id='line_1_119' title="bbox 2222 5545 3814 5619; baseline 0.003 -17"><span class='ocrx_word' id='word_1_970' title='bbox 2222 5547 2468 5602; x_wconf 84' lang='lat' dir='ltr'><strong>humanae</strong></span> <span class='ocrx_word' id='word_1_971' title='bbox 2487 5585 2503 5610; x_wconf 94' lang='lat'><strong>,</strong></span> <span class='ocrx_word' id='word_1_972' title='bbox 2530 5553 2586 5601; x_wconf 87' lang='lat' dir='ltr'><strong>et</strong></span> <span class='ocrx_word' id='word_1_973' title='bbox 2631 5545 2746 5602; x_wconf 84' lang='lat' dir='ltr'><strong>ﬁeri</strong></span> <span class='ocrx_word' id='word_1_974' title='bbox 2775 5556 2830 5602; x_wconf 86' lang='lat' dir='ltr'><strong>et</strong></span> <span class='ocrx_word' id='word_1_975' title='bbox 2869 5546 3077 5613; x_wconf 90' lang='lat' dir='ltr'><strong>creari,</strong></span> <span class='ocrx_word' id='word_1_976' title='bbox 3104 5563 3209 5603; x_wconf 89' lang='lat' dir='ltr'><strong>non</strong></span> <span class='ocrx_word' id='word_1_977' title='bbox 3232 5549 3406 5605; x_wconf 91' lang='lat' dir='ltr'><strong>solum</strong></span> <span class='ocrx_word' id='word_1_978' title='bbox 3436 5549 3528 5603; x_wconf 82' lang='lat' dir='ltr'><strong>ﬁlii</strong></span> <span class='ocrx_word' id='word_1_979' title='bbox 3571 5566 3705 5619; x_wconf 90' lang='lat' dir='ltr'><strong>quos</strong></span> <span class='ocrx_word' id='word_1_980' title='bbox 3742 5551 3814 5606; x_wconf 87' lang='lat' dir='ltr'><strong>de</strong></span> 
     </span>
    </p>
   </div>
   <div class='ocr_carea' id='block_1_120' title="bbox 2221 5637 3808 5710">
    <p class='ocr_par' dir='ltr' id='par_1_120' title="bbox 2221 5637 3808 5710">
     <span class='ocr_line' id='line_1_120' title="bbox 2221 5637 3808 5710; baseline 0.001 -16"><span class='ocrx_word' id='word_1_981' title='bbox 2221 5637 2512 5708; x_wconf 86' lang='lat' dir='ltr'><strong>semetipso</strong></span> <span class='ocrx_word' id='word_1_982' title='bbox 2550 5638 2773 5708; x_wconf 84' lang='lat' dir='ltr'><strong>quisque</strong></span> <span class='ocrx_word' id='word_1_983' title='bbox 2798 5646 3052 5709; x_wconf 88' lang='lat' dir='ltr'><strong>generat,</strong></span> <span class='ocrx_word' id='word_1_984' title='bbox 3079 5653 3262 5694; x_wconf 87' lang='lat' dir='ltr'><strong>verum</strong></span> <span class='ocrx_word' id='word_1_985' title='bbox 3313 5639 3474 5694; x_wconf 86' lang='lat' dir='ltr'><strong>etiam</strong></span> <span class='ocrx_word' id='word_1_986' title='bbox 3517 5642 3808 5710; x_wconf 81' lang='lat' dir='ltr'><strong>magistra-</strong></span> 
     </span>
    </p>
   </div>
   <div class='ocr_carea' id='block_1_121' title="bbox 2219 5730 3807 5803">
    <p class='ocr_par' dir='ltr' id='par_1_121' title="bbox 2219 5730 3807 5803">
     <span class='ocr_line' id='line_1_121' title="bbox 2219 5730 3807 5803; baseline 0.003 -19"><span class='ocrx_word' id='word_1_987' title='bbox 2219 5739 2306 5785; x_wconf 89' lang='lat' dir='ltr'><strong>tus</strong></span> <span class='ocrx_word' id='word_1_988' title='bbox 2333 5730 2582 5784; x_wconf 88' lang='lat' dir='ltr'><strong>dicunlur</strong></span> <span class='ocrx_word' id='word_1_989' title='bbox 2624 5739 2784 5800; x_wconf 90' lang='lat' dir='ltr'><strong>atque</strong></span> <span class='ocrx_word' id='word_1_990' title='bbox 2812 5731 3005 5797; x_wconf 88' lang='lat' dir='ltr'><strong>urbes,</strong></span> <span class='ocrx_word' id='word_1_991' title='bbox 3057 5737 3114 5785; x_wconf 92' lang='lat' dir='ltr'><strong>et</strong></span> <span class='ocrx_word' id='word_1_992' title='bbox 3149 5746 3502 5802; x_wconf 67' lang='lat' dir='ltr'><strong>quaecumque</strong></span> <span class='ocrx_word' id='word_1_993' title='bbox 3548 5733 3650 5786; x_wconf 91' lang='lat' dir='ltr'><strong>alia</strong></span> <span class='ocrx_word' id='word_1_994' title='bbox 3681 5748 3807 5803; x_wconf 68' lang='lat' dir='ltr'><strong>qua:</strong></span> 
     </span>
    </p>
   </div>
   <div class='ocr_carea' id='block_1_122' title="bbox 2225 5821 3806 5894">
    <p class='ocr_par' dir='ltr' id='par_1_122' title="bbox 2225 5821 3806 5894">
     <span class='ocr_line' id='line_1_122' title="bbox 2225 5821 3806 5894; baseline 0.003 -16"><span class='ocrx_word' id='word_1_995' title='bbox 2225 5836 2330 5878; x_wconf 90' lang='lat' dir='ltr'><strong>non</strong></span> <span class='ocrx_word' id='word_1_996' title='bbox 2359 5834 2552 5878; x_wconf 75' lang='lat' dir='ltr'><strong>exeunt</strong></span> <span class='ocrx_word' id='word_1_997' title='bbox 2580 5821 2645 5878; x_wconf 86' lang='lat' dir='ltr'><strong>de</strong></span> <span class='ocrx_word' id='word_1_998' title='bbox 2688 5823 2965 5894; x_wconf 85' lang='lat' dir='ltr'><strong>gignente,</strong></span> <span class='ocrx_word' id='word_1_999' title='bbox 2997 5822 3091 5880; x_wconf 89' lang='lat' dir='ltr'><strong>scd</strong></span> <span class='ocrx_word' id='word_1_1000' title='bbox 3113 5821 3411 5881; x_wconf 81' lang='lat' dir='ltr'><strong>forinsecus</strong></span> <span class='ocrx_word' id='word_1_1001' title='bbox 3437 5824 3590 5883; x_wconf 75' lang='lat' dir='ltr'><strong>fluat.</strong></span> <span class='ocrx_word' id='word_1_1002' title='bbox 3626 5824 3684 5882; x_wconf 89' lang='lat' dir='ltr'><strong>Si</strong></span> <span class='ocrx_word' id='word_1_1003' title='bbox 3705 5841 3806 5884; x_wconf 82' lang='lat' dir='ltr'><strong>au-</strong></span> 
     </span>
    </p>
   </div>
  </div>
