4094 6452
289 344 394 404 633

289 472 392 518 tem
421 459 691 531 quomodo
717 458 1006 531 Scripturae
1031 463 1230 512 sanctae
1248 494 1263 520 ,
1291 451 1484 524 quibus
1514 450 1615 506 iste
1640 447 1865 503 insidia-

287 562 369 608 tur
389 593 406 618 ,
439 551 582 622 loqui
605 550 844 614 soleant,
873 557 1271 619 perscrutemur
1291 585 1307 612 ,
1337 551 1428 598 aut
1456 543 1557 598 hoc
1588 548 1672 596 est
1698 540 1886 599 facere,

285 647 424 715 quod
455 657 674 708 creare,
731 656 762 696 a
803 655 910 712 quo
940 650 1118 696 tamen
1165 636 1505 706 distinguitur
1530 634 1786 704 gignere;
1816 637 1874 684 et

287 732 524 788 variandi
555 733 701 788 verbi
729 746 909 799 causa,
943 746 1048 786 non
1069 729 1136 784 ad
1166 728 1396 798 aliquam
1413 740 1594 780 rerum
1613 721 1872 778 differen-

287 830 408 882 tiam
440 826 546 881 dici
576 826 778 897 potuit,
810 825 1006 896 faciens
1054 823 1186 878 bona
1236 832 1283 876 et
1313 837 1490 875 creans
1529 818 1699 880 mala;
1751 829 1874 870 cum

285 918 384 972 dici
422 919 586 973 etiam
615 927 794 987 posset
819 959 834 985 ,
887 931 1075 972 creans
1095 915 1236 970 bona
1259 922 1314 969 et
1338 911 1540 967 faciens
1568 909 1706 962 mala
1739 926 1751 960 :
1784 914 1878 961 aut

284 1009 328 1063 si
354 1010 514 1064 ullam
536 1011 793 1064 voluisset
814 1008 1156 1079 propheticus
1176 1006 1405 1078 Spiritus
1429 1005 1515 1059 hic
1537 1018 1657 1059 esse
1677 1003 1878 1057 distan-

287 1104 448 1170 tiam,
498 1103 666 1157 multo
695 1097 1154 1158 acdommodatius
1209 1101 1287 1155 sic
1340 1099 1710 1168 acciperentur
1762 1096 1878 1149 hrcc

285 1195 471 1262 verba,
505 1203 563 1248 ut
588 1194 1008 1264 intelligeremus
1052 1192 1104 1247 id
1145 1191 1279 1256 fieri,
1308 1191 1448 1263 quod
1471 1191 1516 1245 si
1548 1205 1653 1246 non
1683 1188 1836 1244 fieret
1858 1229 1874 1255 ,

285 1287 508 1340 omnino
553 1302 658 1341 non
689 1295 872 1350 esset;
906 1285 1076 1340 creari
1108 1293 1287 1340 autem
1312 1327 1326 1351 ,
1372 1299 1438 1339 ex
1483 1298 1550 1338 eo
1597 1281 1736 1352 quod
1764 1289 1878 1335 erat

285 1379 442 1432 condi
471 1377 669 1448 aiiquid
695 1376 780 1432 vel
803 1376 1090 1439 constitui,
1121 1377 1258 1430 sicut
1287 1375 1516 1430 diximus
1545 1373 1713 1427 creari
1760 1387 1876 1426 ma-

285 1472 541 1542 gistratus
561 1480 721 1540 atque
761 1470 923 1524 urbes
953 1486 966 1520 :
1003 1483 1124 1522 nam
1155 1477 1210 1522 et
1234 1467 1306 1521 illi
1329 1483 1395 1521 ex
1425 1467 1490 1521 iis
1518 1465 1604 1536 qui
1632 1464 1741 1534 jam
1774 1465 1874 1518 ho-

285 1565 460 1618 mines
507 1572 660 1618 erant
694 1563 1090 1617 constituuntur
1118 1561 1170 1614 in
1201 1559 1490 1632 honoribus
1512 1599 1526 1622 .
1559 1574 1680 1612 cum
1709 1556 1879 1627 magi-

283 1665 487 1710 stratus
507 1664 774 1718 creantur;
801 1663 853 1708 et
874 1653 1012 1723 ligna
1036 1661 1090 1707 et
1111 1651 1311 1721 lapides
1337 1651 1530 1720 quibus
1555 1658 1880 1704 construun-

287 1756 371 1801 tur
391 1745 558 1801 urbes
580 1787 593 1811 ,
645 1745 824 1815 utique
849 1745 958 1813 jam
989 1752 1177 1809 erant,
1231 1742 1324 1798 sed
1370 1741 1604 1796 nondum
1636 1743 1686 1794 in
1729 1741 1875 1796 illam

285 1853 469 1894 rerum
517 1838 737 1903 faciem,
787 1853 946 1907 quam
978 1836 1220 1890 videmus
1246 1836 1297 1890 in
1347 1835 1593 1898 urbibus,
1647 1835 1881 1904 quodam

285 1930 478 1986 ordine
535 1939 590 1984 et
639 1928 1027 1999 compositione
1071 1936 1371 1992 venerant;
1425 1926 1566 1996 quod
1613 1942 1734 1980 cum
1786 1926 1878 1994 fit,

284 2022 459 2076 creari
507 2021 665 2075 urbes
715 2020 988 2075 dicuntur.
1031 2018 1182 2087 Quod
1210 2018 1350 2073 enim
1395 2017 1564 2073 Graeci
1611 2018 1885 2087 appellant

284 2124 463 2176 κτίζειν
487 2154 503 2179 ,
538 2113 639 2168 hoc
669 2113 837 2166 nostri
867 2111 1152 2180 aliquando
1181 2125 1365 2164 creare
1387 2150 1400 2174 ,
1435 2108 1720 2178 aliquando
1748 2125 1880 2162 con-

285 2203 543 2269 stituere,
591 2202 878 2273 aliquando
934 2201 1167 2256 condere
1221 2203 1680 2269 interpretantur,
1738 2199 1882 2269 quod

284 2273 754 2363 sapissime‘idcm
779 2293 1042 2362 signiﬁcat
1069 2294 1118 2346 in
1143 2293 1244 2346 illis
1272 2293 1485 2346 Litteris
1511 2293 1653 2363 quod
1681 2302 1762 2348 est
1794 2276 1873 2348 fa;

284 2404 427 2444 cere.
456 2387 589 2442 Nam
613 2397 666 2443 et
688 2388 804 2455 fecit
837 2386 971 2441 Deus
1000 2387 1252 2441 hominem
1283 2386 1350 2439 ad
1378 2387 1644 2456 imaginem
1677 2385 1802 2451 Dei,
1831 2396 1884 2442 et

285 2481 424 2536 Deus
454 2483 640 2536 creavit
667 2481 915 2535 hominem
946 2479 1426 2533 inemtermiuabilem
1455 2477 1610 2548 (Sap.
1661 2495 1695 2533 ιι
1717 2521 1732 2544 ,
1763 2478 1881 2551 23),

284 2577 517 2647 legimus
548 2596 561 2632 :
593 2585 646 2632 et
673 2577 717 2632 si
745 2575 1029 2647 aliquando
1056 2590 1178 2630 cum
1218 2574 1390 2644 aliqua
1420 2572 1715 2628 differentia
1747 2572 1881 2627 dici-

285 2679 394 2732 tur,
429 2671 533 2724 hoc
561 2670 758 2724 rectius
784 2677 958 2738 potest
991 2668 1250 2722 interesse
1267 2665 1409 2737 quod
1438 2666 1585 2732 dixi,
1623 2673 1682 2719 ut
1710 2663 1886 2720 facere

285 2760 354 2815 sit
380 2761 527 2832 quod
556 2762 777 2816 omnino
803 2778 908 2815 non
935 2771 1084 2825 erat;
1109 2775 1294 2815 creare
1323 2769 1524 2825 autem,
1557 2774 1621 2813 ex
1646 2773 1710 2813 eo
1739 2758 1884 2828 quod

281 2854 391 2924 jam
423 2863 540 2909 erat
583 2853 882 2909 ordinando
907 2853 1108 2921 aliquid
1138 2853 1484 2908 constituere.
1519 2849 1885 2920 ldeoque'hoc

285 2946 406 3000 loco
431 2946 605 3001 dictus
631 2954 714 3000 est
765 2946 907 3000 Deus
952 2961 1126 3000 creans
1157 2945 1312 3009 mala,
1340 2943 1590 3014 quoniam
1618 2942 1885 3011 peccanti-

284 3037 386 3091 bus
411 3053 477 3092 ea
526 3037 792 3092 convertit
839 3038 890 3090 in
938 3037 1134 3090 malum
1191 3035 1541 3106 dispositione
1584 3032 1884 3088 severitatis

284 3147 433 3198 sum,
485 3147 604 3201 quae
638 3130 887 3185 bonitatis
937 3130 1052 3198 ejus
1102 3129 1346 3199 largitate
1389 3126 1705 3184 bona'facta
1738 3134 1882 3181 sunt.

288 3224 441 3279 Unde
479 3224 606 3278 dicit
645 3224 920 3292 apostolus
953 3223 1148 3277 Paulus
1179 3241 1192 3276 :
1226 3222 1414 3276 Christi
1455 3221 1614 3277 bonus
1643 3220 1770 3276 odor
1797 3237 1886 3275 su-

287 3333 400 3369 mus
423 3317 476 3368 in
504 3317 641 3368 omni
668 3317 776 3368 loco
800 3316 838 3378 ¹,
860 3323 904 3368 et
937 3316 986 3367 in
1015 3315 1076 3367 iis
1105 3314 1190 3382 qui
1216 3314 1344 3367 salvi
1374 3313 1524 3382 ﬁunt,
1557 3321 1606 3366 et
1634 3313 1688 3366 in
1715 3313 1777 3366 iis
1798 3311 1888 3383 qui

290 3419 542 3480 pereunt:
589 3409 884 3478 quibusdam
925 3407 1128 3476 quidem
1175 3406 1299 3460 odor
1327 3407 1440 3459 vitae
1474 3406 1525 3459 in
1551 3406 1736 3471 vitam,
1775 3405 1888 3474 qui-

290 3501 507 3555 busdam
532 3517 650 3554 uero
671 3501 796 3553 odor
825 3501 998 3552 mortis
1027 3500 1080 3551 in
1105 3509 1335 3552 mortem.
1365 3497 1470 3552 Sed
1487 3513 1607 3553 cum
1628 3498 1884 3552 continuo

292 3603 570 3663 sequatur,
603 3604 658 3647 et
683 3593 845 3656 dicat,
899 3591 963 3645 Et
990 3592 1056 3644 ad
1083 3591 1189 3645 lucc
1213 3592 1323 3659 quis
1347 3591 1560 3645 idoneus
1588 3589 1654 3660 (ll
1679 3590 1796 3644 Cor.
1826 3606 1884 3656 tt,

292 3689 383 3752 £5,
417 3686 552 3758 16)?
594 3703 771 3741 nonne
802 3685 1093 3755 importuni
1134 3684 1364 3755 quodam
1406 3683 1567 3738 modo
1588 3697 1773 3737 sumus
1802 3683 1888 3736 in.

291 3796 482 3851 gerere
507 3781 607 3834 ista
633 3779 932 3833 carnalibus
955 3793 1061 3831 non
1082 3776 1360 3840 studiosis,
1393 3775 1492 3831 sed
1514 3774 1887 3840 eontentiosis,

295 3873 444 3927 nullo
470 3871 633 3926 modo
685 3871 890 3926 idoneis
927 3885 991 3926 ea
1021 3885 1213 3940 capere
1239 3912 1254 3935 ,
1293 3885 1414 3940 quae
1445 3869 1648 3924 utinam
1700 3867 1889 3923 saltem

292 3963 606 4019 desinerent
635 3964 892 4033 carpere?

374 4056 466 4110 49.
507 4056 744 4121 Quantus
787 4056 983 4124 quippe
1024 4053 1304 4109 conﬂictus
1347 4053 1606 4108 adversus
1662 4052 1890 4108 Arianos

296 4145 479 4200 fuerat
507 4147 796 4210 exciuttus,
822 4161 890 4200 ne
920 4145 1250 4216 unigenitum
1279 4143 1473 4198 Filium
1504 4143 1746 4198 dicerent
1773 4158 1894 4198 esse

295 4247 600 4294 creaturam
621 4279 634 4301 ,
673 4238 812 4292 idem
863 4245 1112 4308 putantes
1141 4245 1381 4292 creatum
1421 4253 1542 4292 esse
1566 4236 1709 4308 quod
1738 4236 1892 4308 geni-

298 4340 413 4385 tum
434 4373 450 4397 ,
475 4331 578 4385 iste
601 4330 843 4386 fortassis
885 4331 1112 4402 ignorat.
1145 4331 1248 4386 Sed
1281 4340 1340 4385 ut
1377 4331 1494 4401 ejus
1523 4331 1708 4401 regula
1736 4331 1893 4387 fallax

299 4430 463 4489 atque
497 4419 760 4488 distorta,
803 4439 867 4478 ex
908 4422 1096 4477 eodem
1147 4422 1460 4492 prophetico
1498 4432 1553 4478 et
1587 4423 1896 4494 evangelico

300 4512 635 4578 testimonio,
665 4513 808 4583 quod
837 4513 949 4583 ipse
971 4515 1167 4584 posuit,
1202 4528 1452 4582 percussa
1480 4512 1789 4582 frangatur;
1817 4515 1896 4570 sic

299 4603 444 4658 Deus
471 4603 710 4674 loquitur
755 4620 852 4674 per
881 4606 1195 4675 prophetam
1231 4623 1244 4657 :
1284 4604 1390 4675 Ego
1439 4621 1615 4658 creans
1645 4606 1808 4658 lucem
1851 4615 1897 4660 et

301 4696 500 4767 faciens
516 4697 762 4763 tenebras,
783 4698 973 4768 faciens
991 4715 1162 4768 pacem
1179 4707 1223 4753 et
1244 4715 1418 4752 creans
1440 4699 1574 4751 mala
1593 4696 1744 4770 (Isai.
1771 4714 1894 4768 XLV,

301 4789 385 4859 7).
415 4788 571 4857 Quod
601 4789 713 4858 ipse
763 4805 862 4845 nec
886 4799 1052 4844 totum
1079 4832 1093 4856 ,
1126 4805 1224 4845 nec
1254 4791 1392 4846 sicut
1414 4791 1521 4846 illic
1547 4791 1769 4862 legitur,
1806 4805 1899 4862 po-

302 4881 432 4934 suit.
466 4883 640 4951 Atque
674 4881 799 4936 illud
847 4881 1061 4952 quidem
1095 4882 1265 4938 “facile
1313 4883 1753 4938 dissimulandum
1785 4891 1896 4950 est,

302 4971 446 5041 quod
473 4988 572 5042 pro
601 4988 733 5044 pace
770 4975 950 5044 posuit
975 4974 1140 5040 bona;
1163 4974 1410 5044 quoniam
1456 4991 1554 5044 pax
1603 4975 1740 5030 bona
1787 4982 1894 5030 est.

302 5063 411 5119 Sed
442 5063 575 5119 illud
604 5065 1030 5134 praetereundum
1055 5081 1162 5120 non
1191 5075 1276 5120 est
1297 5107 1313 5131 ,
1342 5066 1466 5136 quia
1493 5065 1648 5134 hujus
1675 5075 1897 5122 senten-

307 5157 395 5209 tite
419 5166 629 5227 partem
666 5159 998 5228 superiorem
1029 5159 1154 5213 dolo
1183 5159 1354 5229 potuit
1377 5160 1651 5228 praeterire
1672 5200 1686 5224 ,
1718 5175 1786 5214 ne
1813 5159 1900 5214 di-

304 5259 456 5304 ceret
479 5292 492 5315 ,
524 5266 704 5306 creans
748 5253 954 5306 lucem:
985 5252 1106 5323 quia
1135 5268 1256 5308 cum
1303 5253 1372 5306 sit
1422 5253 1509 5306 lux
1547 5253 1706 5307 etiam
1735 5253 1903 5310 confi-

308 5350 454 5396 tente
479 5343 598 5412 ipso
627 5344 807 5414 utique
831 5345 990 5409 bona,
1012 5344 1078 5399 ab
1108 5360 1172 5398 eo
1189 5355 1420 5399 creatam
1447 5344 1614 5400 uoluit
1632 5345 1900 5414 confiteri,

306 5450 468 5503 quem
525 5451 632 5491 non
683 5438 793 5492 vult
838 5452 1022 5493 creare
1066 5439 1168 5492 nisi
1221 5438 1380 5492 mala.
1439 5438 1602 5510 Magis
1641 5455 1769 5511 ergo
1818 5441 1901 5497 in-

307 5525 624 5584 dilferenter
665 5528 717 5584 id
764 5531 993 5600 positum
1035 5530 1291 5586 debemus
1337 5531 1610 5601 accipere,
1642 5548 1826 5589 creare
1850 5544 1906 5592 et

309 5615 490 5673 facere
523 5637 537 5674 :
571 5619 929 5676 distinctionis
963 5630 1138 5676 tamen
1161 5665 1176 5688 ,
1227 5638 1388 5692 quam
1438 5623 1542 5678 sibi
1584 5624 1688 5679 iste
1738 5623 1900 5695 fecit,

311 5772 419 5884 an;
431 5779 767 5887 ῐὲῗνὼἐεευηωδ
796 5786 897 5830 Deo
917 5790 969 5829 ut
996 5789 1127 5828 omni
1149 5777 1269 5829 loco.
1307 5779 1480 5842 Abest,
1506 5788 1638 5843 Deo,
1675 5781 1737 5830 ab
1761 5782 1906 5835 editis

1653 326 1858 386 LIBER
1893 323 2163 385 PRIMUS.

3464 339 3572 396 634

1981 451 2161 520 regula
2190 448 2354 508 fracta
2374 459 2486 520 est;
2512 454 2764 524 quoniam
2789 455 2928 510 Deus
2959 454 3369 526 Prophetarum,
3401 473 3563 528 quem

1981 543 2048 598 de
2074 544 2238 598 verbo
2257 544 2400 614 quod
2431 559 2539 600 non
2567 545 2818 616 intelligit
2839 546 3022 616 culpat
3038 589 3054 613 ,
3095 547 3168 602 ibi
3196 547 3388 617 legitur
3409 563 3564 604 crea-

1983 647 2068 690 tor
2108 635 2408 702 bonorum,
2459 635 2602 706 quod
2647 645 2826 708 negat.
2879 636 3118 708 Itemque
3160 653 3227 692 ex
3255 638 3568 710 Evangelio.

1981 726 2182 798 Nempe
2227 729 2383 784 nobis
2411 737 2660 799 tanquam
2691 730 2980 800 plurimum
3011 731 3122 786 suis
3157 731 3397 801 partibus
3427 732 3573 788 fave-

1983 830 2103 887 ret,
2133 823 2381 891 opposuit
2407 823 2549 892 quod
2603 824 2858 879 Dominus
2897 826 3005 890 ait,
3065 825 3232 880 Arbor
3259 826 3390 880 bona
3419 827 3574 882 bonos

1984 914 2178 983 fructus
2203 915 2341 983 facit,
2375 923 2420 968 et
2439 916 2590 968 arbor
2619 917 2753 970 mala
2780 916 2942 971 malos
2972 922 3169 988 fructus
3199 918 3320 988 facit
3351 918 3570 993 (Matth.

1985 1023 2078 1073 vu,
2112 1009 2222 1076 l7).
2255 1009 2360 1063 Cur
2381 1025 2508 1077 ergo
2536 1025 2642 1064 non
2671 1012 2962 1066 secundum
2988 1014 3146 1068 istum
3165 1055 3179 1080 ,
3207 1012 3384 1080 Creat,
3413 1015 3568 1081 dixit;

1985 1116 2112 1167 non,
2140 1100 2294 1170 facit;
2325 1101 2369 1154 si
2399 1118 2521 1157 vera
2548 1111 2630 1157 est
2657 1103 2773 1172 ejus
2797 1104 3096 1162 differentia
3115 1148 3132 1173 ,
3163 1122 3265 1176 qua
3288 1107 3572 1164 facientem

1984 1209 2015 1247 a
2038 1202 2255 1248 creante
2275 1192 2551 1263 distinguit
2589 1195 2777 1250 dicens
2800 1237 2814 1261 ,
2841 1197 2982 1266 quod
3011 1198 3069 1252 fit
3093 1239 3107 1263 ,
3131 1198 3359 1254 alienum
3396 1216 3518 1256 esse
3543 1217 3573 1256 a

1988 1284 2212 1340 faciente
2236 1326 2252 1351 ,
2279 1287 2529 1355 quoniam
2557 1285 2780 1342 deforis
2810 1287 3016 1343 accedit
3042 1290 3084 1355 ις
3109 1291 3248 1360 quod
3269 1300 3446 1347 autem
3475 1307 3570 1348 na-

1986 1378 2152 1432 scitur
2176 1419 2191 1443 ,
2214 1378 2488 1448 proprium
2518 1379 2634 1448 ejus
2676 1395 2798 1435 esse
2833 1383 2922 1450 qui
2954 1381 3215 1453 generat?
3265 1383 3401 1441 Hinc
3430 1385 3571 1440 enim

1987 1474 2267 1528 existimat
2293 1474 2458 1528 Deum
2503 1484 2872 1544 generatorem
2900 1478 3183 1546 malorum,
3214 1478 3339 1549 quia
3363 1478 3566 1534 dictum

1986 1573 2089 1628 est,
2122 1581 2297 1618 creans
2341 1566 2516 1629 mata;
2543 1574 2734 1635 putans
2753 1568 2896 1638 quod
2923 1578 2978 1624 et
2997 1570 3181 1624 Ariani
3216 1578 3536 1640 putaverunt
3558 1612 3574 1637 ,

1988 1657 2041 1711 in
2073 1657 2362 1728 Scripturis
2393 1659 2496 1712 illis
2524 1659 2660 1714 nihil
2688 1660 2952 1716 interesse
2973 1704 2986 1728 ,
3022 1670 3197 1717 tttrum
3220 1666 3466 1734 generari
3494 1664 3578 1720 di-

1987 1760 2139 1806 catur
2166 1751 2397 1821 aliquid,
2430 1769 2496 1806 an
2525 1755 2695 1808 creari
2726 1771 2740 1808 :
2769 1753 2862 1810 sed
2891 1762 3041 1810 certe
3069 1755 3206 1811 ineo
3231 1756 3373 1826 quod
3403 1758 3576 1812 Domi-

1988 1860 2090 1900 nus
2134 1846 2378 1901 arborem
2427 1847 2620 1901 bonam
2674 1848 2876 1904 fructus
2921 1849 3118 1915 bonos,
3172 1850 3364 1904 malam
3405 1850 3577 1905 malos

1990 1954 2092 1992 non
2126 1938 2259 1994 dixit
2288 1955 2472 1994 creare
2491 1981 2508 2007 ,
2537 1941 2629 1996 sed
2669 1939 2868 2008 facere,
2893 1942 3071 1997 videat
3095 1943 3196 1998 iste
3241 1957 3390 1998 suam
3418 1959 3579 2013 regu-

1988 2032 2090 2086 lam
2123 2031 2343 2087 fractam
2369 2075 2384 2099 ,
2413 2045 2466 2088 et
2493 2035 2811 2104 comprimat
2842 2035 3097 2106 linguam.
3132 2036 3268 2103 Quid
3291 2037 3431 2092 enim
3455 2037 3582 2092 stulc

1990 2126 2114 2191 tius,
2147 2142 2306 2196 quam
2336 2127 2536 2188 dicere.
2571 2128 2736 2184 Deum
2766 2129 3150 2199 Pr0phetarum
3176 2145 3298 2185 esse
3325 2131 3574 2186 arborem

1988 2219 2206 2281 malam,
2229 2227 2284 2273 et
2325 2219 2375 2273 id
2409 2219 2546 2274 velle
2573 2220 2797 2290 intelligi
2828 2221 2879 2274 in
2907 2236 2974 2276 eo
3004 2220 3144 2290 quod
3171 2221 3428 2276 Dominus
3465 2222 3574 2289 ait,

1989 2311 2152 2365 Arbor
2171 2312 2308 2366 mala
2336 2315 2530 2382 fructus
2551 2313 2711 2366 malos
2739 2312 2861 2381 facit
2890 2330 2909 2367 :
2938 2322 2992 2368 et
3017 2328 3202 2368 rursus
3221 2313 3419 2376 dicere,
3454 2311 3576 2366 Non

1989 2406 2112 2473 facit
2140 2406 2296 2472 mata,
2326 2405 2413 2458 sed
2435 2415 2606 2472 creat;
2632 2406 2750 2476 quia
2771 2407 2816 2460 si
2843 2409 3026 2478 faceret
3045 2449 3060 2472 ,
3091 2407 3259 2462 aliena
3286 2408 3348 2460 ab
3376 2406 3466 2460 illo
3493 2423 3574 2460 es-

1988 2506 2118 2562 sent,
2151 2497 2292 2567 eique
2329 2498 2606 2568 forinsecus
2629 2499 2954 2564 accederent;
2982 2517 3096 2553 cum
3123 2516 3238 2553 uero
3266 2510 3427 2562 creat,
3471 2501 3580 2569 ipse

1989 2591 2081 2645 illa
2106 2592 2168 2644 de
2193 2592 2358 2660 seipso
2411 2600 2652 2661 tanquam
2677 2592 2926 2645 radicitus
2950 2592 3190 2662 generat?
3213 2590 3328 2646 Non
3357 2607 3484 2660 ergo
3510 2591 3578 2646 de

1989 2684 2093 2738 isto
2115 2685 2224 2738 Deo
2247 2684 2503 2738 Dominus
2533 2684 2625 2750 ait,
2655 2683 2818 2738 Arbor
2847 2683 2984 2736 mala
3012 2685 3172 2738 malos
3198 2687 3393 2754 fructus
3419 2683 3576 2751 facit:

1989 2775 2239 2844 quoniam
2263 2784 2412 2830 creat
2439 2775 2578 2830 mala
2605 2776 2740 2842 iste,
2791 2790 2897 2829 non
2923 2774 3068 2830 facit.
3112 2775 3251 2830 Ecce
3281 2776 3369 2845 qui
3419 2773 3578 2829 audet

1989 2882 2242 2922 accusare
2266 2867 2563 2937 Prophetas
2581 2910 2594 2932 ,
2630 2868 2721 2938 qui
2757 2883 2824 2922 ex
2853 2856 3142 2938 Evangelio
3163 2881 3193 2920 a
3226 2881 3284 2922 se
3309 2865 3581 2937 productis

1993 2960 2218 3014 testibus
2241 2961 2557 3030 refragatur.

2061 3050 2288 3106 CAPUT
2327 3051 2597 3106 XXIV.—
2619 3052 2710 3108 50.
2742 3054 2870 3108 Item
2899 3053 3061 3108 verba
3081 3051 3322 3123 quaedam
3345 3066 3410 3107 ex
3437 3050 3578 3106 libro

1992 3145 2440 3211 Deuteronomio,
2475 3146 2622 3200 velut
2648 3146 2858 3217 impura
2883 3147 3271 3200 exhorrescens
3291 3187 3307 3213 ,
3335 3144 3580 3214 impurus

1991 3238 2226 3307 exagitat
2257 3256 2270 3292 :
2299 3239 2448 3308 quasi
2482 3239 2622 3295 Deus
2650 3239 3000 3295 verecundari
3027 3240 3309 3305 debuerit,
3334 3238 3582 3311 pudenda

1993 3329 2172 3400 impiis
2212 3332 2451 3402 irrogare
2484 3331 2566 3387 vel
2610 3333 2972 3402 praenuntiare
3018 3341 3317 3397 tormenta,
3371 3346 3470 3386 nec
3514 3345 3582 3385 eo

1992 3423 2305 3477 comminari
2335 3423 2494 3478 modo
2514 3465 2530 3490 ,
2561 3432 2617 3478 ut
2651 3424 2892 3488 diceret,
2946 3423 3073 3490 Quae
3101 3423 3267 3478 mollis
3293 3424 3344 3476 in
3375 3422 3510 3475 vobis
3535 3431 3583 3474 et

1993 3525 2163 3570 tenera
2192 3518 2339 3570 nimis
2361 3518 2530 3587 fuerit,
2554 3523 2701 3588 cujus
2730 3517 3123 3586 experimentum
3147 3531 3248 3569 non
3277 3515 3466 3582 accepit
3497 3529 3584 3582 prs

1993 3612 2104 3680 ejus
2126 3611 2388 3664 ambulare
2417 3627 2568 3680 super
2590 3621 2775 3664 terram
2805 3627 2910 3680 pra:
2931 3609 3258 3663 teneritudine
3280 3618 3325 3661 et
3349 3605 3581 3668 mollitie,

1993 3712 2040 3757 et
2068 3703 2248 3758 zelabit
2275 3705 2422 3758 oculo
2449 3722 2540 3758 suo
2566 3707 2725 3757 virum
2755 3720 2923 3769 suum,
2956 3713 3001 3757 et
3023 3704 3184 3771 filium
3230 3718 3400 3766 suum,
3439 3709 3485 3753 et
3512 3701 3582 3768 ﬁ-

1995 3799 2117 3853 liam
2138 3815 2302 3862 sunm,
2336 3808 2381 3851 ct
2407 3798 2652 3852 secundas
2677 3813 2814 3861 suas,
2849 3805 2893 3850 et
2921 3796 3055 3866 quod
3083 3795 3256 3848 exierit
3279 3809 3367 3864 per
3389 3794 3585 3862 femora

1995 3893 2104 3962 ejus
2129 3890 2352 3944 comedet
2381 3889 2555 3959 (Deut.
2589 3906 2771 3952 xxvut,
2801 3887 2890 3952 56,
2923 3889 3043 3958 57).
3088 3887 3198 3941 lmo
3227 3899 3358 3940 vero
3384 3893 3584 3953 quanto

1995 3993 2079 4038 est
2124 3983 2432 4038 horribilius
2456 4025 2471 4051 ,
2521 3991 2668 4037 tanto
2693 3991 2774 4037 est
2821 3979 3127 4036 terribilius.
3160 3977 3340 4048 Neque
3365 3978 3506 4032 enim
3554 3991 3584 4028 a

2000 4078 2258 4147 Propheta
2315 4076 2586 4132 monendo
2614 4076 2816 4130 dictum
2844 4083 2956 4138 est,
3009 4073 3103 4128 sed
3132 4071 3383 4127 minando
3416 4087 3428 4123 :
3480 4085 3588 4124 non

1998 4183 2056 4229 ut
2101 4173 2216 4229 haec
2258 4172 2504 4227 homines
2546 4171 2814 4236 facerent;
2865 4169 2959 4225 sed
2991 4184 3058 4224 ne
3088 4169 3177 4222 illa
3209 4169 3443 4222 facerent
3471 4179 3590 4234 qute

1999 4281 2188 4321 sensus
2233 4278 2522 4335 perversus
2552 4272 2801 4328 exercet,
2860 4269 2915 4315 ct
2961 4261 3026 4315 ad
3080 4260 3196 4314 haec
3248 4256 3592 4328 pervenirent

1999 4376 2119 4432 quae
2149 4374 2339 4414 sensus
2391 4358 2657 4412 humanus
2705 4357 2978 4411 exhorret.
3033 4353 3162 4421 Quis
3207 4359 3384 4407 autem
3430 4349 3590 4419 digne

1999 4454 2176 4523 eloqui
2204 4451 2398 4524 possit,
2433 4465 2592 4522 quam
2618 4451 2686 4504 sit
2711 4449 2905 4504 mentis
2931 4446 3308 4502 exsecrabilior
3335 4443 3546 4500 fmditas
3569 4483 3587 4508 ,

2002 4560 2188 4615 pennas
2215 4545 2508 4599 exhorrere
2534 4542 2846 4597 meritorum
2873 4582 2888 4604 ,
2939 4550 2992 4595 et
3035 4539 3224 4594 merita
3271 4552 3375 4592 non
3403 4549 3595 4592 cavero

2004 4638 2317 4709 pinnarum?
2362 4637 2514 4692 Dicat
2567 4637 2723 4706 plane
2751 4635 2980 4704 Spiritus
3009 4643 3222 4688 sanctus
3250 4631 3594 4686 intaminatus

2003 4745 2057 4788 et.
2089 4729 2470 4787 intaminabilis
2491 4772 2507 4797 ,
2535 4728 2678 4799 quod
2706 4728 2890 4782 audire
2916 4727 3093 4781 anima
3120 4731 3334 4780 recusat
3359 4723 3594 4776 immun-

2005 4827 2090 4893 da,
2111 4835 2164 4881 et
2183 4839 2304 4881 esse
2324 4840 2428 4879 non
2443 4829 2656 4878 recusat
2673 4820 2962 4875 immunda.
2982 4803 3375 4873 Immunditiam
3401 4811 3596 4882 quippe

2005 4928 2286 4974 aversatur
2315 4917 2490 4972 carnis
2535 4914 2754 4970 offensis
2780 4913 3024 4968 sensibus
3051 4909 3246 4973 carnis,
3279 4917 3332 4961 et
3362 4905 3596 4959 immun-

2006 5013 2191 5067 ditiam
2236 5011 2406 5079 diligit
2433 5023 2583 5062 suam
2629 5005 2908 5062 exstinctis
2930 5001 3176 5058 sensibus
3201 4996 3399 5054 cordis.
3447 4993 3598 5048 Dicat

2007 5106 2124 5160 haec
2152 5103 2382 5175 Spiritus
2432 5102 2567 5168 Dei,
2607 5109 2662 5155 et
2700 5115 2796 5170 per
2824 5097 3102 5151 horrorem
3153 5091 3275 5147 talia
3327 5087 3468 5143 mala
3499 5101 3598 5156 pa-

2012 5199 2170 5254 tiendi
2197 5241 2210 5265 ,
2238 5196 2458 5252 incutiat
2483 5197 2726 5250 timorem
2761 5187 3148 5246 malefaciendi.

2081 5295 2169 5348 51.
2201 5292 2343 5347 Idem
2373 5306 2601 5361 namque
2624 5287 2852 5358 Spiritus
2878 5284 3032 5338 etiam
3060 5296 3157 5352 per
3181 5277 3491 5348 Apostolum
3521 5275 3602 5330 lo-

2010 5403 2198 5460 quens,
2225 5400 2414 5442 sensus
2439 5383 2630 5454 impios
2655 5396 2761 5436 non
2787 5386 2869 5434 est
2892 5373 3280 5430 vérecundatus
3306 5369 3598 5434 offendere.

2010 5483 2136 5536 dum
2169 5480 2282 5551 pios
2313 5478 2472 5534 vellet
2502 5477 2762 5530 instruere
2797 5490 2808 5525 :
2841 5469 2929 5524 ubi
2958 5474 3370 5524 commemorata
3407 5462 3600 5533 impie-

2013 5584 2118 5628 tate
2149 5571 2519 5643 quorumdam,
2553 5584 2653 5638 qua
2684 5567 2959 5620 coluerunt
2985 5571 3040 5618 et
3068 5562 3365 5618 servierunt
3392 5564 3602 5614 creatu-

2013 5683 2084 5719 rte
2114 5666 2286 5735 potius
2306 5677 2462 5734 quam
2483 5659 2742 5724 Creatori,
2771 5655 3058 5725 subjunxit,
3082 5662 3239 5724 atque
3264 5654 3356 5715 ait,
3387 5647 3603 5718 Propter

2078 5785 2092 5815 ι
2132 5789 2180 5831 tu
2205 5788 2330 5840 Mss,
2357 5779 2418 5830 de
2441 5776 2560 5841 foris
2580 5774 2762 5826 accidit
2791 5787 2808 5825 :
2833 5780 2886 5825 et
2925 5771 3073 5833 infra,
3096 5768 3359 5834 forinsecus
3401 5759 3599 5813 accide-

2017 5852 2138 5898 rent.
