4028 6442
463 338 580 397 635‘

462 455 558 509 hoc
583 451 790 507 tradidit
811 448 1090 506 illos'Deu's
1114 450 1165 503 in
1192 448 1448 520 passiones
1470 445 1779 516 ignominiaa
1811 437 1954 496 Nam
1978 442 2056 512 {ea

462 549 616 603 minae
638 561 809 600 eorum
831 546 1215 598 iinmutaverunt
1239 540 1520 595 naturalem
1539 537 1686 593 usum
1706 539 1758 592 in
1779 549 1896 592 eum
1911 531 2056 590 usum'

461 643 547 712 qui
575 649 648 695 est
674 641 1110 694 contionaturum
1138 635 1406 690 :sintiliter
1432 642 1600 688 autem
1628 641 1675 688 et
1700 631 1941 696 masculi,
1973 643 2056 684 re-

463 729 1053 802 linquentes'naturalem
1081 743 1226 782 usum
1251 726 1472 799 fmina,
1501 733 1792 781 exarserunt
1821 725 1874 778 in
1901 738 2056 793 appe-

465 827 611 882 titum
633 844 778 881 suum
796 827 850 880 in
869 825 1096 893 invicem,
1120 824 1332 878 masculi
1351 824 1404 877 in
1424 823 1672 876 masculos
1692 819 2061 890 deformitatem

465 925 762 990 operantes,
795 929 841 972 et
875 917 1160 971 mercedem
1188 925 1415 970 mutuam
1443 931 1595 987 quam
1627 913 1848 984 oportuit
1876 911 2066 964 erroris

463 1014 584 1080 sui,
625 1015 678 1067 in
722 1013 1000 1081 semetipsis
1044 1012 1354 1082 recipientes.
1401 1010 1456 1066 Si
1497 1012 1775 1082 quisquam
1817 999 2068 1062 inimicus

467 1108 705 1177 Apostoli
736 1109 890 1161 vellet
919 1123 985 1162 ex
1013 1106 1102 1161 his
1125 1107 1300 1161 verbis
1337 1105 1666 1160 ta‘lia‘dicere
1687 1147 1701 1170 ,
1731 1102 1906 1173 qua‘lia
1935 1100 2064 1155 dicit

466 1213 529 1252 ex
562 1199 840 1253 Librorum
870 1209 1110 1253 veterum
1146 1198 1460 1269 quihusdam
1501 1198 1633 1251 lacis
1671 1196 1771 1250 iste
1811 1193 2062 1262 blasphe-

466 1305 604 1355 mus,
641 1305 818 1345 nonne
850 1291 1068 1346 haberet
1097 1291 1326 1361 amplam
1357 1290 1715 1345 nia'teriam'in
1745 1302 1845 1358 qua
1875 1286 2061 1355 loqua‘

465 1382 600 1436 citer
640 1382 933 1447 insaniret;
974 1390 1026 1436 et
1068 1393 1265 1451 quanto
1301 1382 1401 1437 sibi
1439 1381 1746 1436 viderentur
1781 1377 2061 1432 disertiora

467 1475 606 1530 dicta
631 1477 669 1541 ⁸,
700 1485 847 1530 tanto
875 1477 1269 1532 detestabiliora
1302 1475 1578 1529 maledieta
1606 1473 1861 1542 jacmret';
1897 1470 2066 1524 niaxi-

467 1582 554 1622 me
579 1567 700 1638 quia
725 1568 926 1624 dictum
953 1577 1066 1627 cst‘.
1101 1567 1382 1622 Mercedem
1408 1573 1633 1620 mutuam
1664 1579 1815 1636 quam
1845 1561 2065 1634 oportuit

469 1660 652 1714 erroris
675 1663 776 1725 sui,
804 1661 856 1713 in
881 1660 1158 1728 semetipsis
1180 1659 1470 1728 recipientes
1486 1657 1512 1710 ?
1534 1657 1850 1727 Oportuisse‘
1869 1655 2065 1725 quippe

471 1761 578 1804 non
599 1759 679 1804 est
699 1752 901 1806 veritus
921 1751 1098 1806 dicere
1118 1750 1423 1820 Apostolus,
1449 1758 1506 1803 ut
1527 1749 1613 1818 qui
1635 1745 1878 1802 creatura:
1902 1745 2068 1816 potius

471 1856 625 1910 quam
666 1839 894 1896 Creatori
930 1842 1243 1908 servierunt,
1281 1841 1578 1895 erravis'sui
1619 1839 1928 1904 mercedem,
1962 1851 2066 1891 non

472 1933 623 1988 inviti
655 1935 768 1989 htec
794 1935 966 2004 turpia
997 1934 1390 2005 patiendo,'sed
1430 1934 1655 1989 libenter
1684 1931 1948 1996 faciendo,
1978 1945 2067 1984 re-

473 2025 715 2094 ciperent
744 2042 757 2077 :
786 2024 986 2094 judicio
1021 2026 1254 2091 scilicet,
1289 2041 1393 2080 non
1436 2025 1658 2094 alicujus
1696 2022 1929 2078 hominis
1966 2022 2068 2075 im-

474 2117 848 2185 mundissimi,
889 2134 1054 2188 quem
1093 2119 1212 2173 talia
1253 2118 1612 2185 delectarent,
1659 2117 1752 2172 sed
1787 2113 2070 2188 justissimi

475 2207 590 2271 Dei,
613 2209 703 2278 qui
729 2209 938 2262 tradidit
955 2227 1038 2264 eos
1060 2211 1113 2264 in
1139 2211 1396 2280 passiones
1420 2210 1745 2280 ignominia},-
1770 2216 1826 2262 ut
1846 2207 2067 2263 crimina

475 2299 785 2353 criminibus
812 2300 1178 2367 vindicentur,
1206 2311 1259 2355 et
1294 2301 1552 2370 supplicia
1594 2300 1920 2370 peccantium
1963 2313 2068 2352 non

476 2389 583 2444 sint
617 2399 876 2446 tormenta
898 2433 910 2454 ,
941 2392 1034 2448 sed
1077 2393 1404 2447 incrementa
1434 2393 1699 2446 vitiorum.
1731 2392 1953 2461 Sapiens
1980 2406 2073 2444 au-

479 2489 586 2536 tem
615 2497 734 2536 cum
765 2482 879 2538 hinc
902 2483 1068 2547 audit,
1100 2487 1266 2554 ipsam
1295 2484 1459 2554 magis
1485 2485 1534 2538 in
1564 2484 1662 2539 hac
1686 2484 1790 2538 vita
1816 2484 1946 2538 iram
1976 2483 2071 2537 Dei

479 2574 662 2642 timet,
692 2590 795 2644 qua
823 2575 986 2630 homo
1015 2592 1118 2631 non
1160 2578 1356 2646 patitur
1379 2578 1519 2649 quod
1549 2579 1743 2633 acriter
1771 2577 1914 2631 delet
1933 2619 1948 2642 ,
1979 2575 2071 2630 sed

477 2663 603 2722 facit
626 2669 774 2738 quod
790 2669 1012 2738 turpiter
1035 2670 1191 2735 libet;
1214 2680 1267 2725 et
1287 2672 1402 2740 ejus
1422 2672 1504 2725 cui
1530 2672 1648 2725 talia
1672 2671 1869 2741 judicia
1889 2669 2074 2739 displi-

482 2768 633 2825 cent,
665 2762 823 2815 verba
863 2761 1047 2816 insana
1086 2765 1411 2832 contemnit,
1440 2765 1559 2835 quia
1593 2765 1643 2818 in
1675 2764 1789 2835 ipso
1809 2766 1830 2796 ²
1863 2777 2072 2833 poenam

481 2849 774 2905 Pharaonis
793 2892 807 2916 ,
837 2852 938 2907 hoc
963 2862 1075 2920 est,
1105 2855 1332 2909 indurati
1359 2857 1535 2910 cordis
1561 2856 1817 2926 agnoscit.
1847 2856 1902 2910 Si
1932 2857 2072 2910 enim

482 2941 740 3010 quosdam
770 2942 858 3011 qui
893 2960 994 2996 non
1023 2944 1354 3014 probaverunt
1381 2946 1541 3000 Deum
1577 2947 1757 3000 habere
1783 2948 1835 3000 in
1862 2947 2070 3014 notitia,

484 3029 695 3085 tradidit
724 3030 862 3086 Deus
888 3034 940 3086 in
976 3034 1238 3105 reprobat»
1268 3045 1507 3101 mentem,
1538 3047 1592 3091 ut
1620 3039 1807 3108 faciant
1834 3051 1948 3108 qua:
1973 3054 2075 3091 non

482 3125 780 3178 conveniunt
810 3123 996 3194 (Rom.
1029 3142 1066 3192 ι,
1096 3127 1326 3200 25-28);
1360 3129 1482 3198 quid
1515 3131 1732 3194 mirum,
1761 3130 1803 3183 si
1833 3137 1887 3184 et
1917 3131 2074 3184 istum

485 3219 574 3287 qui
616 3219 792 3272 divina
833 3219 1162 3290 blasphemat
1199 3223 1435 3293 eloquia,
1471 3224 1685 3278 tradidit
1724 3224 1863 3278 Deus
1902 3224 1955 3277 in
1985 3239 2076 3279 re-

485 3310 704 3380 proham
747 3322 1012 3378 mentem,
1043 3323 1099 3368 ut
1133 3315 1272 3370 dicat
1305 3332 1423 3385 qua:
1463 3325 1566 3370 no’n
1601 3316 1962 3370 conveniunt?
1990 3314 2078 3370 Sic

487 3405 628 3459 enim
656 3415 847 3475 Oportet
872 3407 1081 3462 hereses
1106 3425 1230 3473 esse,
1259 3419 1312 3462 ut
1335 3409 1548 3478 probati,
1575 3409 1745 3480 inquit
1771 3409 2072 3480 Apostolus,

486 3497 740 3566 manifesti
773 3498 897 3564 ﬁant
937 3498 991 3552 in
1025 3499 1162 3553 vobis
1191 3500 1241 3569 (l
1272 3498 1390 3554 Cor.
1432 3516 1517 3567 x1,
1554 3502 1676 3571 l9).
1708 3501 1798 3557 Sic
1825 3517 1949 3555 vasa
1986 3502 2078 3556 ira:

488 3586 620 3642 locis
645 3590 898 3659 congruis
921 3597 976 3646 et
1005 3591 1330 3660 temporibus
1354 3592 1688 3660 ordinantur,
1721 3601 1780 3648 ut
1817 3593 1976 3648 etiam
2012 3593 2080 3648 de

489 3678 617 3747 ipsis
646 3691 798 3736 notas
826 3683 981 3738 faciat
1011 3685 1148 3738 Deus
1174 3685 1381 3739 divitias
1403 3686 1587 3755 gloria:
1615 3701 1726 3741 sua:
1754 3687 1804 3741 in
1833 3701 1956 3740 vasa
1982 3687 2081 3740 mi-

488 3772 792 3827 sericordiae
812 3815 827 3841 ,
854 3789 974 3844 quze
999 3774 1067 3830 de
1095 3790 1267 3829 massa
1295 3775 1531 3846 ejusdem
1561 3777 1919 3832 damnationis
1949 3776 2082 3832 fiunt

490 3859 542 3913 in
575 3861 858 3928 honorem,
887 3865 1054 3934 gratia
1083 3866 1250 3932 illius,
1279 3883 1385 3921 non
1415 3868 1617 3923 meritis
1646 3869 1756 3923 suis
1781 3867 1958 3939 (Rom.
1989 3885 2078 3938 Ix,

489 3949 579 4016 22,
608 3951 718 4021 25).
749 3953 842 4008 llle
866 3957 1061 4025 quippe
1089 3955 1252 4011 donat
1281 3958 1534 4028 prodesse
1560 3960 1712 4014 nobis
1731 4001 1744 4024 ,
1774 3975 1878 4014 non
1906 3961 2078 4016 solum

491 4042 632 4112 quod
658 4042 814 4098 docet
839 4045 1053 4110 veritas,
1085 4031 1272 4102 verum
1296 4049 1458 4102 etiam
1483 4050 1621 4119 quod
1647 4050 1909 4121 obstrepit
1933 4053 2084 4106 vani-

491 4141 606 4198 tas;
635 4142 693 4188 ut
725 4149 843 4190 cum
883 4137 1234 4207 respondetur
1263 4140 1662 4208 inquietissimos
1699 4144 1949 4210 vanitati,
1981 4159 2080 4199 au-

491 4223 750 4279 scultetur
773 4225 1146 4282 sincerissima:
1175 4229 1404 4284 veritati.

564 4315 655 4372 52.
685 4317 762 4372 De
802 4319 940 4388 turpi
978 4320 1260 4398 maledicto
1289 4324 1462 4391 arguit
1489 4324 1696 4380 vanitas
1715 4325 1735 4356 ³
1765 4343 1778 4379 :
1809 4326 1899 4382 sed
1930 4335 2084 4398 turpe

493 4421 599 4461 non
625 4422 766 4474 esse,
797 4397 1110 4479 quibusdam
1138 4412 1296 4467 rebus
1323 4415 1560 4483 turpibus
1591 4416 1871 4472 nominatis
1890 4397 2084 4474 caven-

496 4496 618 4552 dam
650 4500 933 4556 ostendere
960 4502 1359 4573 turpitudinem,
1391 4493 1694 4562 misericors
1721 4508 1918 4563 indicat
1944 4511 2082 4566 veri-

495 4598 599 4655 tas,
629 4598 683 4646 et
713 4606 899 4647 vecors
924 4594 1153 4649 vincitur
1181 4598 1404 4652 vanitas.
1433 4598 1564 4652 Nam
1595 4600 1661 4655 de
1693 4603 1828 4671 turpi
1861 4604 2083 4658 Inaledi-

495 4693 582 4756 clo
621 4694 853 4761 potest‘a
883 4686 1124 4742 verbosis
1161 4690 1336 4760 impiis
1374 4692 1689 4762 reprehendi
1728 4703 1782 4748 et
1813 4698 2086 4765 apostolus

498 4777 708 4842 Paulus,
742 4780 827 4834 ubi
851 4781 944 4847 ait,
977 4780 1182 4836 Utinam
1211 4793 1254 4836 et
1281 4784 1638 4839 abscindantur
1662 4789 1749 4859 qui
1773 4804 1857 4843 vos
1886 4802 2087 4844 contur-

497 4867 613 4923 bant
649 4869 852 4942 (Galat.
893 4889 961 4940 v,
1004 4873 1140 4944 t9)!
1178 4875 1319 4944 quod
1359 4877 1456 4930 etsi
1496 4877 1629 4933 bene
1672 4880 2088 4950 intelligentibus

496 4958 798 5019 benedictio
839 4964 1006 5034 magis
1041 4975 1284 5036 apparet,
1316 4977 1375 5021 ut
1415 4968 1541 5022 ﬁant
1579 4971 1840 5040 spadones
1871 4985 2089 5043 propter

497 5066 720 5121 regnum
746 5054 1033 5119 caelorum;
1062 5065 1235 5124 potest
1260 5066 1435 5112 tamen
1461 5062 1669 5127 garrula
1695 5063 1907 5118 catcitas
1927 5065 2086 5120 etiam

499 5144 552 5199 in
580 5144 835 5215 Apostolo
866 5150 968 5204 hoc
996 5150 1420 5220 reprehendere,
1452 5155 1779 5212 contendens
1809 5159 1949 5228 quod
1982 5177 2086 5215 non

499 5236 746 5292 debuerit
764 5255 878 5294 rem
901 5240 1176 5296 honestam
1200 5244 1334 5314 turpi
1356 5245 1520 5302 verbo
1539 5251 1836 5306 enuntiare.
1861 5252 2089 5309 Possunt

501 5338 556 5384 et
585 5331 756 5400 ipsum
791 5333 1066 5389 Dominum
1086 5378 1101 5401 ,
1130 5337 1219 5405 qui
1253 5335 1490 5408 ejusdem
1520 5341 1860 5398 continentiae
1889 5345 2088 5401 donum

500 5417 881 5480 Commendans
910 5426 1000 5491 ait,
1034 5425 1169 5482 Sunt
1193 5430 1277 5500 qui
1304 5430 1492 5500 seipsos
1518 5443 1860 5489 castraverunt
1886 5446 2090 5509 prapter

497 5528 708 5584 regnum
735 5517 973 5572 etelorum
1001 5519 1218 5590 (Matth.
1254 5537 1368 5587 nx,
1403 5522 1522 5592 12).
1554 5523 1759 5595 Legunt
1784 5529 1976 5599 quippe
2004 5529 2088 5584 isti

499 5604 798 5664 litteriones
831 5628 842 5663 :
875 5613 953 5666 sic
976 5614 1116 5667 enitn
1144 5615 1318 5683 potius
1348 5631 1506 5686 quam
1543 5618 1761 5675 litterati
1788 5623 2087 5691 appellandi

563 5719 593 5786 ξ,
615 5721 695 5786 εἰς
710 5729 816 5786 Mss.
839 5722 957 5786 [aditi
975 5737 1115 5786 vero,
1138 5724 1382 5778 rideretur
1412 5727 1669 5782 disertiora
1688 5730 1868 5785 dicere.

563 5781 593 5848 ξ’
619 5783 754 5843 mliti,
780 5783 895 5848 grtia
915 5796 978 5834 ea:
994 5781 1115 5848 ipso.

566 5841 589 5877 ³
617 5841 838 5897 Nonnulli
858 5853 988 5912 Mss,
1004 5841 1159 5900 beam
1173 5849 1334 5915 arguit
1355 5851 1554 5904 vanitas.

973 333 1249 394 CONTRA
1291 328 1783 389 ADVERSARIUM
1820 313 2021 384 LEGIS
2059 309 2152 382 ἐτ’
2183 311 2716 393 Phorneranuu,
2757 325 2815 382 s.
2856 325 3219 383 AUGUSTINI

2167 439 2404 509 suntqui
2442 439 2667 509 legendo
2696 438 2987 505 litteratos,
3021 438 3156 492 nihil
3192 435 3380 507 sapere
3405 436 3709 494 didicerunt
3738 449 3764 496 :‘

2164 531 2350 600 legum
2385 546 2513 602 ergo
2552 529 2691 601 apud
2721 531 3040 585 Ciceronem
3066 531 3176 587 tale
3211 531 3442 602 aliquid,
3475 523 3618 588 unde
3657 533 3759 587 sibi

2164 623 2444 679 videantur
2472 622 2632 678 docte‘
2653 622 2850 678 Christi
2887 624 3046 679 verba
3083 625 3332 693 eulpare,
3365 626 3760 695 pe‘rtliti’potius

2164 724 2322 787 quam
2347 717 2524 786 periti.
2554 717 2644 772 Ille
2673 722 2901 786 namque
2927 723 3047 771 cum
3072 716 3306 781 docer‘e't,
3335 719 3385 774 iii
3413 719 3763 775 translatione

2166 811 2883 866 Verborum‘obscwnitatem
2909 803 3029 865 esse
3058 811 3344 874 vitandam,
3380 809 3537 874 Nolo,
3569 813 3760 883 inquit,

2167 901 2286 969 diei,
2311 912 2470 956 morte
2494 892 2719 972 Africani
2741 895 3010 957 castratdm
3026 904 3501 974 esse'remptiblieam
3521 905 3677 976 (Cie,
3703 908 3766 962 de

2172 993 2417 1060 Oratore,
2455 995 2540 1049 lib.
2583 994 2661 1066 5).
2681 995 2784 1051 sed
2818 989 2862 1050 si
2903 996 3006 1051 hoc
3037 998 3410 1069 verb'umips'e
3438 999 3578 1069 quod
3611 999 3764 1055 vitari

2170 1088 2400 1154 volebat,
2432 1097 2487 1142 ut
2512 1090 2782 1143 vitandum
2814 1090 3141 1156 ostenderet,
3175 1067 3507 1159 tiori‘vitavit,
3537 1102 3592 1148 et
3620 1093 3765 1163 quod

2169 1179 2272 1235 dici
2305 1181 2494 1245 noluit,
2521 1189 2736 1237 coactus
2762 1171 3085 1249 estdicere;
3114 1189 3311 1252 quanto
3339 1185 3503 1255 magis
3532 1201 3619 1240 res
3643 1201 3768 1255 qua:

2170 1274 2335 1327 verbo
2363 1274 2552 1328 eodem
2587 1284 2734 1329 recte
2760 1275 3112 1345 signiﬁcatur,
3141 1287 3198 1332 ut
3233 1277 3298 1332 ab
3323 1278 3568 1333 audiente
3600 1278 3770 1348 possit

2171 1364 2525 1436 intelligi,suo
2553 1368 2718 1422 verbo
2746 1368 3091 1423 e‘nuntiatdr?
3114 1371 3289 1439 Atque
3311 1371 3366 1424 ut
3393 1371 3457 1425 ad
3497 1371 3622 1424 illud
3651 1364 3769 1427 red;

2171 1451 2393 1524 eamus,
2439 1459 2579 1528 quod
2631 1459 2733 1514 istc
2769 1460 2823 1514 in
2860 1460 3273 1516 Deuteronoinio
3303 1463 3646 1533 reprehendit
3676 1482 3691 1518 :
3722 1463 3770 1519 si

2173 1550 2359 1605 Cicero
2387 1550 2468 1603 vir
2500 1551 2966 1620 eloquentissimus
3005 1563 3059 1607 et
3097 1554 3378 1608 verborum
3422 1555 3769 1627 vigilantissi-

2171 1659 2291 1697 mus
2318 1656 2588 1713 appensor
2613 1653 2666 1699 et
2691 1653 2939 1710 mensor,
2969 1646 3107 1716 quod
3137 1633 3240 1702 dici
3271 1648 3472 1715 noluit,
3505 1649 3668 1717 dixit,
3702 1664 3772 1706 ne

2173 1734 2476 1800 diceretur;
2519 1744 2717 1806 quanto
2758 1737 2948 1792 melius
2988 1739 3128 1794 Deus
3166 1741 3334 1810 magis
3368 1742 3574 1797 morum
3605 1758 3772 1813 quam

2172 1828 2457 1882 verborum
2488 1828 2933 1898 pulchritudinem
2959 1831 3204 1900 qtuerens
3230 1837 3386 1901 atque
3415 1833 3732 1889 munditiam
3751 1877 3767 1902 ,

2176 1929 2327 1990 turpe
2355 1922 2549 1992 aliquid
2581 1938 2684 1978 non
2711 1924 2952 1995 turpiter,
2979 1923 3073 1980 sed
3099 1925 3379 1980 minaciter
3401 1925 3553 1991 dixit,
3582 1935 3638 1982 ut
3666 1927 3775 1984 hoc

2175 2013 2500 2078 liorrer’etur,
2533 2023 2601 2070 ne
2628 2015 2758 2071 illud
2783 2017 3206 2072 committeretur
3227 2020 3266 2085 ¹,
3297 2031 3511 2090 propter
3533 2019 3676 2092 quod
3704 2019 3774 2076 ad

2175 2107 2262 2162 illa
2286 2124 2403 2178 qua:
2425 2109 2610 2164 audire
2639 2109 2879 2165 horroris
2899 2119 3002 2176 est,
3027 2111 3334 2168 veniretur?
3361 2111 3425 2167 Et
3449 2121 3622 2169 tamen
3645 2129 3775 2170 cum

2175 2201 2389 2271 legitur,
2424 2217 2577 2256 aures
2608 2197 2890 2258 inﬁdelitas
2919 2203 3137 2271 claudit,
3173 2206 3364 2259 avertit
3401 2207 3607 2271 faciem,
3637 2223 3775 2261 exa-

2175 2301 2356 2362 sperat
2382 2293 2617 2359 vultum,
2655 2294 2886 2363 linguam
2928 2295 3128 2361 vibrat,
3173 2296 3530 2366 blasphemias
3561 2297 3778 2367 jacula-

2179 2391 2282 2439 tur.
2319 2383 2501 2440 Videte
2530 2385 2573 2439 si
2605 2400 2710 2440 non
2739 2394 2862 2441 sunt
2896 2387 2978 2441 isti
3009 2402 3072 2441 ex
3104 2388 3205 2442 isto
3232 2405 3426 2458 genere
3455 2389 3732 2445 hominum
3757 2433 3778 2459 ,

2176 2479 2265 2548 qui
2305 2479 2550 2548 lomtente
2581 2476 2792 2534 Christo
2825 2479 2890 2534 de
2921 2479 3266 2536 Sacramento
3295 2483 3532 2551 corporis
3559 2491 3614 2538 et
3645 2479 3782 2538 san-

2175 2571 2352 2641 guinis
2391 2572 2469 2625 sui
2511 2571 2758 2626 dixerunt
2789 2590 2803 2628 :
2835 2571 3007 2628 Durus
3041 2583 3112 2628 est
3140 2575 3220 2628 hic
3247 2591 3448 2639 sermo;
3475 2577 3584 2646 quis
3614 2586 3785 2645 potest

2178 2667 2292 2715 eum
2321 2662 2541 2716 audire?
2565 2663 2672 2718 Nisi
2701 2663 2842 2733 qitod
2873 2658 3284 2720 excusabiliores
3313 2673 3462 2729 sunt,
3495 2666 3585 2737 qui
3611 2654 3784 2723 verba

2177 2752 2353 2808 divina
2377 2763 2493 2824 quae
2513 2761 2620 2810 non
2645 2757 3026 2827 intelligebant,
3054 2771 3157 2813 non
3186 2759 3238 2813 in
3262 2759 3652 2830 maledictione,
3685 2761 3786 2818 sed

2177 2845 2235 2900 in
2274 2835 2644 2904 benediCtione‘
2680 2849 2950 2905 horribilia
2989 2861 3096 2906 non
3126 2851 3384 2908 ferebant.
3414 2842 3601 2909 Mirum
3631 2857 3785 2911 enim

2180 2951 2284 2992 non
2313 2945 2414 3003 est,
2445 2941 2489 2993 si
2516 2939 2852 2997 maledictum
2876 2944 3086 3013 quando
3109 2943 3340 3014 auditur,
3367 2947 3648 3015 horretur;
3683 2967 3788 3006 nec

2178 3030 2495 3100 exigendum
2527 3037 2609 3087 est
2637 3041 2695 3088 ut
2722 3034 2899 3089 verbis
2931 3037 3033 3090 non
3072 3037 3351 3093 horrendis
3379 3035 3605 3107 dicatur,
3634 3034 3788 3112 quod

2179 3121 2245 3176 ad
2277 3121 2376 3176 hoc
2414 3123 2626 3190 dicitur,
2659 3135 2715 3180 ut
2750 3126 2816 3181 ab
2846 3125 3164 3184 exhorreme
3203 3129 3448 3186 timeatur
3479 3150 3490 3186 :
3523 3135 3790 3190 Dominus

2181 3220 2357 3269 autem
2390 3216 2509 3270 talia
2545 3215 2781 3283 dicebat,
2821 3236 2940 3289 quae
2983 3222 3147 3275 amari
3189 3223 3498 3294 praeciperet
3522 3267 3536 3289 ,
3571 3242 3679 3280 non
3717 3228 3790 3282 li-

2182 3305 2350 3372 meri;
2378 3314 2430 3360 et
2458 3311 2638 3362 L't'tnen
2660 3324 2778 3377 quae
2808 3310 3092 3367 inﬁdelitas
3117 3311 3353 3381 sulTerat,
3377 3313 3506 3370 Caro
3534 3334 3642 3370 mea
3671 3336 3793 3374 vere

2182 3396 2319 3450 cibus
2347 3405 2436 3462 est,
2466 3407 2512 3450 et
2541 3401 2749 3469 sanguis
2773 3417 2910 3456 meus
2939 3419 3047 3456 vere
3076 3413 3220 3473 potus
3246 3415 3317 3459 est
3339 3422 3358 3470 ;
3387 3415 3460 3472 et,
3495 3406 3612 3461 Nisi
3634 3425 3792 3470 man-

2183 3489 2484 3543 ducavcritis
2508 3507 2709 3544 carnem
2738 3509 2919 3560 meam,
2945 3495 2990 3548 et
3021 3495 3240 3550 biberitis
3265 3499 3557 3568 sanguinem
3583 3517 3784 3567 meum,

2183 3597 2284 3634 non
2309 3580 2550 3635 habebitis
2575 3583 2726 3636 vitam
2763 3585 2815 3638 in
2853 3583 2987 3638 vobis
3019 3585 3194 3656 (Joan.
3226 3603 3297 3653 v1,
3329 3588 3415 3653 61,
3443 3589 3530 3654 56,
3561 3590 3693 3661 Si)?
3728 3591 3790 3647 Si

2183 3686 2312 3740 ergo
2352 3672 2441 3726 Dei
2483 3673 2781 3743 Sapientia,
2813 3675 2988 3730 verbis
3026 3690 3360 3734 sacramento
3399 3683 3644 3750 congruis
3694 3700 3792 3753 pa-

2184 3775 2338 3817 scens
2381 3765 2610 3818 animam
2651 3754 2991 3833 credentem,
3030 3784 3135 3824 non
3176 3770 3377 3824 curavit
3421 3772 3791 3842 insipientiam

2185 3865 2567 3924 na‘uSeantem;
2598 3863 2794 3929 quanto
2823 3861 2991 3930 magis
3017 3861 3201 3917 eadem
3235 3863 3345 3934 ipsa
3372 3864 3661 3934 Sapientia,
3697 3869 3794 3924 ubi

2184 3948 2334 4003 locus
2359 3959 2414 4004 et
2439 3962 2648 4022 tempus
2677 3951 2881 4007 tit‘noris
2910 3953 3098 4018 fuerat,
3132 3971 3237 4010 non
3262 3957 3480 4023 amoris,
3509 3960 3794 4018 salubrem

2184 4042 2369 4097 volens
2410 4043 2697 4112 imporlare
2741 4049 3037 4113 terrorem,
3084 4059 3189 4101 non
3233 4058 3437 4104 curavnt
3482 4051 3798 4122 insipientis

2184 4147 2458 4201 errorem,
2490 4136 2731 4205 quamvis
2776 4137 2892 4207 ejus
2940 4139 3256 4208 praevideret
3300 4142 3615 4198 horrorem?
3655 4146 3800 4212 Quis

2184 4233 2362 4280 autem
2396 4226 2617 4281 istorum
2645 4227 2972 4296 spiritualem
3013 4232 3159 4285 novit
3201 4232 3419 4289 horrere
3455 4236 3646 4289 animo:
3682 4237 3798 4293 fa:—

2185 4315 2403 4370 ditatem
2425 4358 2439 4383 ,
2466 4326 2585 4371 cum
2619 4318 2762 4372 velut
2800 4334 2894 4374 sua
2927 4321 3152 4390 quadam
3194 4321 3332 4377 fame
3362 4333 3518 4394 atque
3547 4336 3802 4396 egestate

2187 4409 2524 4479 compellitur
2551 4411 2853 4477 comedere,
2884 4423 3006 4482 qme‘
3029 4413 3095 4468 de
3122 4416 3230 4467 suis
3255 4416 3559 4472 carnalibus
3585 4419 3805 4489 cogita-

2189 4502 2452 4569 tionibus,
2491 4503 2742 4574 tanQuatn
2778 4504 2845 4560 de
2884 4505 3174 4563 femoribus
3212 4510 3446 4563 exeunt?
3471 4507 3602 4566 Nam
3643 4507 3808 4570 illius

2189 4597 2490 4663 maledicti,
2525 4597 2665 4667 quod
2705 4600 2803 4653 iste
2841 4597 2986 4653 velut
3023 4608 3175 4669 turpe
3215 4593 3592 4671 reprehendit,
3629 4615 3807 4662 rarus

2189 4687 2407 4742 effectus
2445 4691 2601 4755 est';
2634 4690 2721 4745 vix
2761 4691 2904 4745 enim
2941 4691 3230 4761 aliquando
3271 4695 3376 4748 tam
3417 4711 3670 4765 magnum
3719 4711 3812 4755 est

2189 4779 2453 4851 ﬂagellum
2496 4781 2682 4847 famis,
2727 4787 2785 4836 dt
2823 4783 2890 4838 ad
2930 4784 3151 4839 nefanda
3192 4785 3281 4840 illa
3325 4789 3608 4858 compellat
3642 4809 3660 4843 :
3701 4792 3810 4848 ista

2189 4887 2318 4927 vero
2346 4873 2503 4936 fame,
2535 4880 2635 4942 qua“
2669 4874 2983 4929 miserorum
3014 4877 3204 4931 animae
3235 4877 3421 4948 in0pes
3453 4881 3706 4936 veritatis
3742 4901 3811 4938 ea

2192 4966 2290 5035 pro
2327 4965 2548 5019 veritate
2582 4965 2902 5034 comedunt,
2935 4984 3051 5038 qua:
3083 4971 3385 5026 carnalibus
3414 4973 3665 5029 sensibus
3705 4993 3813 5046 pa~
3845 5023 3848 5036 ,

2193 5057 2353 5120 riunt,
2379 5072 2756 5129 usquequaque
2780 5061 2932 5130 plena
2959 5071 3080 5116 sunt
3102 5067 3301 5132 omnia,
3329 5075 3473 5121 tanto
3500 5069 3806 5141 infelicius,

2192 5159 2390 5223 quanto
2418 5157 2572 5206 nocet
2597 5153 2845 5222 amplius,
2877 5165 2930 5209 et
2959 5155 3206 5211 horretur
3233 5159 3426 5213 minus.

2263 5245 2353 5300 55.”
2378 5244 2481 5300 Sed
2511 5254 2634 5315 puto
2661 5261 2748 5302 me
2773 5247 2860 5300 uni
2887 5247 3022 5302 libro
3054 5249 3192 5304 illius
3216 5253 3372 5320 quem
3405 5245 3623 5309 misistis
3642 5298 3660 5322 ,
3703 5274 3817 5314 no-

2191 5347 2306 5396 stro
2333 5355 2435 5394 non
2463 5355 2588 5405 uno,
2621 5357 2688 5394 ne
2718 5339 2937 5395 nimium
2969 5342 3201 5411 prolixus
3229 5345 3318 5412 sit,
3349 5347 3684 5416 respondere
3712 5351 3826 5407 de-

2191 5431 2320 5485 bere
2343 5449 2355 5484 :
2379 5431 2601 5503 proinde
2626 5431 2714 5487 hic
2737 5431 2990 5488 faciamus
3016 5433 3171 5505 hujus
3195 5435 3375 5504 ﬁnem,
3401 5446 3457 5492 ut
3475 5454 3539 5493 ex
3563 5438 3651 5495 his
3680 5460 3822 5513 qua:

2193 5523 2519 5578 discutienda
2550 5533 2773 5590 reStant,
2802 5525 2939 5581 alius
2969 5527 3264 5584 inchoetur.
3292 5529 3484 5586 Nescio
3511 5549 3620 5602 quo
3646 5539 3823 5595 enim

2192 5615 2353 5670 modo
2379 5617 2449 5669 ita
2479 5616 2596 5670 libri
2626 5618 2851 5673 termino
2878 5620 3110 5675 reﬁcitur
3139 5619 3350 5679 lectoris
3383 5625 3629 5695 intentio,
3657 5629 3825 5689 sicut

2194 5706 2344 5761 labor
2367 5709 2584 5762 viatoris
2611 5707 2863 5780 hospitio.

2257 5801 2275 5832 ί
2312 5807 2412 5849 Am.
2441 5796 2492 5851 et
2513 5808 2640 5863 Mss,
2658 5793 2716 5852 ne
2734 5791 2872 5857 aliud
2891 5789 3282 5860 committeretur.

2260 5863 2284 5896 ³
2314 5867 2389 5914 nr.
2413 5864 2563 5927 Lugd.
2591 5872 2639 5919 et
2661 5874 2802 5932 Ven.,
2825 5881 2917 5932 par
2939 5870 3133 5934 effectus
3147 5878 3235 5924 est.
3332 5879 3392 5924 ι.
