4094 6454
334 382 443 444 637

1881 521 2269 538 ———\

1279 503 1751 707 LIBER
1795 507 2649 706 ἑὲῗῖῠῖνῦἶςῖ

1714 379 1918 439 LIBER
1953 361 2332 468 SECUNDUS.

3518 391 3623 453 653

2279 515 3625 546 W

493 787 552 830 In
574 795 674 845 quo
696 783 811 832 Novi
833 784 1130 834 Testamenti
1155 781 1278 848 loca,
1303 797 1414 848 qua:
1437 782 1578 845 Legis
1602 788 1654 833 et
1674 773 2019 842 Prophetarum
2038 775 2352 826 Adversarius
2373 775 2510 827 velut
2534 779 2607 829 eis
2624 782 2865 832 contraria
2886 781 3104 848 collegit,
3128 778 3466 837 discutiuntur.

1772 917 2191 950 .———oo___.

401 1038 633 1097 CAPUT
662 1039 948 1098 PRIMUM.
979 1072 1050 1081 —
1076 1041 1128 1096 Ι.
1163 1040 1281 1096 Ja'm
1315 1055 1457 1096 nunc
1494 1053 1556 1095 ea
1595 1029 1926 1094 discutienda

329 1143 490 1198 Sunt,
524 1149 648 1204 quae
672 1134 774 1189 iste
821 1135 887 1188 de
927 1133 1060 1189 Novi
1100 1134 1424 1190 Testamenti
1461 1134 1612 1188 libris
1653 1125 1930 1198 suffragari

328 1227 431 1281 Sibi
453 1226 748 1280 arbitratur
769 1225 1025 1282 adversus
1049 1227 1385 1296 pr0pheticas
1406 1223 1656 1291 Litteras,
1684 1233 1929 1290 tanquam

330 1333 423 1374 eas
465 1317 708 1389 Apostoli
751 1318 958 1374 Christi
993 1333 1088 1374 sua
1129 1319 1394 1376 sententia
1433 1315 1928 1374 condcmnav‘erint.

329 1410 480 1479 Quod
517 1427 645 1480 ergo
682 1410 934 1483 profanas
966 1419 1020 1467 et
1054 1413 1225 1467 aniles
1263 1411 1469 1466 fabulas
1507 1420 1561 1465 et
1598 1405 1931 1480 genealogias

328 1502 567 1558 inﬁnitas
597 1505 897 1574 appellasse
940 1504 1250 1574 Apostolum
1291 1504 1560 1559 existimat
1598 1500 1774 1555 divina
1815 1497 1931 1554 elo-

328 1595 452 1663 quia
497 1595 658 1666 Legis’
684 1606 736 1651 et
777 1594 1165 1667 Prophetarum
1187 1638 1201 1662 ,
1231 1597 1352 1666 quia
1389 1595 1555 1658 dixit,
1600 1593 1856 1664 Profanas
1885 1598 1932 1642 et

327 1685 491 1739 aniles
527 1686 728 1756 fabulas
765 1686 930 1742 devita
961 1689 1013 1758 (l
1039 1689 1174 1742 Tim.
1210 1699 1284 1754 1v,
1313 1687 1415 1758 7);
1447 1697 1501 1742 et
1533 1686 1637 1741 alio
1667 1687 1813 1750 loco,
1851 1680 1932 1736 Ne

323 1777 570 1834 intendas
607 1780 796 1850 fabulis
835 1779 1070 1836 Judaicis
1109 1790 1156 1836 et
1193 1781 1496 1853 genealogiis
1537 1777 1783 1848 inﬁnitis,
1819 1792 1933 1844 gnte

325 1867 898 1944 quastiones'prtvstant
928 1875 1117 1946 magis,
1147 1891 1295 1943 quam
1322 1874 1706 1943 ludiﬁcationem
1737 1870 1792 1943 (1
1802 1870 1853 1924 d.
1889 1881 1924 1936 r‘,

323 1963 380 2032 ΑΒ)
407 1981 420 2015 :
445 1965 567 2034 quis
594 1966 660 2019 ita
689 1965 790 2020 nisi
817 1967 1104 2022 hrereticus
1129 1967 1351 2022 multum
1374 1982 1548 2021 czecus
1569 1963 1804 2019 erraret?
1825 1964 1930 2016 Cur

325 2055 472 2108 enim
506 2055 614 2111 hoc
635 2057 922 2126 Apostolus
964 2059 1078 2126 ipse
1104 2073 1210 2113 non
1240 2057 1361 2113 fecit
1380 2099 1395 2124 ,
1424 2058 1468 2112 si
1496 2057 1591 2111 bas
1617 2071 1736 2110 esse
1762 2054 1929 2109 aniles

325 2143 537 2201 fabulas
562 2147 862 2217 judicavit?
885 2147 992 2203 Cur
1027 2147 1157 2204 dicit
1189 2149 1253 2203 ad
1291 2149 1535 2215 Galatas,
1579 2147 1740 2201 Dicite
1766 2147 1926 2213 mihi,

323 2238 418 2292 sub
443 2239 584 2311 Lege
605 2241 825 2296 volentes
838 2253 961 2308 esse,
978 2241 1166 2313 Legem
1191 2257 1292 2296 non
1319 2242 1544 2314 legistis?
1571 2241 1832 2311 Scriptum
1857 2248 1930 2293 est

325 2331 459 2384 enim
486 2332 624 2403 quod
647 2333 903 2388 Abraham
928 2337 1054 2390 duos
1075 2336 1211 2403 ﬁlios
1236 2335 1429 2402 habuit,
1453 2343 1612 2387 unum
1637 2333 1697 2386 de
1717 2333 1925 2399 ancilla,

323 2434 370 2477 et
393 2441 554 2479 unum
583 2426 646 2481 de
668 2427 822 2481 libera
845 2444 864 2481 :
884 2440 996 2498 qua:
1013 2438 1128 2482 sunt
1153 2429 1206 2480 in
1231 2427 1507 2498 allegoria;
1530 2427 1634 2480 hare
1658 2426 1788 2479 enim
1811 2435 1927 2478 sunt

324 2517 428 2570 duo
460 2517 782 2574 Testamenta
812 2519 1004 2594 (Galat.
1045 2537 1115 2588 tv,
1144 2521 1337 2592 21-2/4)
1371 2539 1382 2573 :
1412 2529 1466 2576 et
1495 2521 1559 2575 ad
1589 2520 1924 2588 Corinthios,

325 2608 382 2662 Ν
384 2609 468 2663 alo
491 2613 623 2665 enim
643 2626 730 2667 vos
750 2614 1002 2685 ignorare,
1025 2618 1227 2686 fratres,
1253 2615 1369 2681 quia
1391 2623 1558 2684 patres
1580 2614 1737 2667 nostri
1757 2629 1928 2667 omnes

320 2702 416 2755 sub
437 2703 572 2758 nube
589 2707 812 2775 fuerunt,
834 2716 879 2760 et
896 2721 1066 2760 omnes
1088 2723 1178 2776 per
1195 2723 1334 2761 mare
1354 2707 1675 2770 transierunt,
1696 2713 1741 2758 et
1758 2722 1927 2759 omnes

323 2805 414 2860 per
444 2792 662 2864 Hogsen
692 2797 933 2865 baptizati
957 2806 1072 2851 sunt
1101 2799 1153 2851 in
1181 2798 1310 2852 nube
1337 2808 1387 2852 et
1407 2799 1463 2852 iu
1495 2799 1624 2852 mari
1642 2841 1656 2865 ,
1686 2805 1731 2851 et
1758 2813 1927 2852 omnes

319 2885 557 2940 eumdem
595 2886 756 2940 cibum
802 2889 1120 2958 spiritualem
1164 2890 1626 2953 manducavm'unt,
1667 2895 1714 2943 e't
1757 2903 1928 2942 omnes

322 2979 556 3031 eumdem
597 2986 777 3050 potum
808 2981 1124 3052 spiritualem
1164 2982 1390 3036 biberunt
1409 2999 1429 3037 :
1453 2983 1680 3037 bibebant
1707 2982 1839 3036 enim
1865 2982 1928 3036 de

319 3069 581 3137 δρῦν-ξηιαιὶ
621 3084 854 3144 sequente
894 3083 1035 3146 petra
1059 3076 1119 3140 ¹;
1162 3086 1305 3147 petra
1342 3085 1511 3131 autem
1551 3087 1654 3132 erat
1699 3075 1927 3131 Christus

321 3159 366 3231 (ι
394 3159 516 3215 Cor.
549 3173 610 3229 ι,
644 3165 812 3233 M)?‘

393 3253 448 3306 2.
483 3254 663 3310 Nescit
687 3264 860 3313 autem
890 3258 1089 3314 habere
1124 3267 1318 3330 praeter
1336 3259 1640 3330 Scripturas
1663 3260 1924 3331 legitimas

323 3351 383 3398 et
405 3345 746 3415 propheticus
764 3349 977 3405 Iudaeus
1004 3352 1258 3422 quasdam
1288 3351 1598 3408 traditiones
1618 3367 1765 3420 suas,
1794 3367 1926 3423 quas

321 3450 442 3491 nou
474 3440 704 3508 scriptas
731 3441 926 3496 habent
950 3485 963 3509 ,
995 3442 1090 3498 sed
1119 3443 1430 3499 memoriter
1460 3453 1676 3508 tenent,
1704 3452 1758 3499 et
1789 3444 1926 3499 alter

322 3527 380 3582 in
428 3530 660 3586 alterum
712 3533 978 3604 loquendo
1030 3535 1382 3606 transfundit,
1432 3553 1563 3607 quinas
1616 3537 1926 3592 deuterosin

325 3633 522 3677 vocant
553 3641 567 3678 :
601 3625 696 3678 ubi-
730 3627 890 3682 etiam
924 3628 1103 3683 dicere
1143 3629 1340 3683 audent
1379 3637 1431 3684 et
1473 3629 1710 3696 credere,
1755 3629 1923 3684 Deum

327 3714 506 3783 primo
558 3717 761 3772 homini
811 3719 948 3775 duas
999 3735 1211 3777 creasse
1271 3721 1563 3787 mulieres;
1625 3739 1688 3776 ex
1733 3722 1924 3792 quibus

329 3814 528 3864 texunt
546 3812 888 3882 genealogias’
909 3856 921 3877 ,
953 3829 1081 3868 vere
1103 3855 1118 3881 ,
1149 3815 1287 3869 sicut
1315 3816 1388 3869 ait
1413 3813 1926 3885 Apostolus,inlini-

329 3908 446 3967 tas,
482 3905 750 3972 parientes
791 3905 1296 3962 inl‘ructnosissimas
1339 3908 1682 3979 quaestiones.
1727 3907 1833 3963 Sed
1879 3908 1924 3962 si

328 3989 462 4045 huic
488 3993 607 4049 talia
633 4007 908 4066 nunquam
935 3999 1110 4053 evenit
1140 3999 1342 4061 a‘udire,
1375 3999 1630 4070 numquid
1658 4007 1712 4054 et
1738 4007 1924 4054 contra

332 4082 678 4154 Evangelium
708 4089 785 4142 sic
811 4089 1194 4145 obsurdescere
1221 4091 1436 4157 debuit,
1466 4099 1522 4145 ut
1548 4105 1654 4145 non
1681 4091 1927 4146 adverte-

327 4179 599 4233 ret'verba
625 4181 835 4236 Domini
856 4181 1076 4249 Christi,
1105 4183 1294 4253 quibus
1324 4184 1495 4255 arguit
1520 4184 1755 4248 Judmos,
1782 4184 1926 4254 quod

327 4268 397 4323 de
445 4273 752 4339 parentibus
799 4289 906 4328 non
939 4274 1265 4330 lionorandis
1303 4275 1630 4346 impietatem
1670 4276 1926 4331 docerent

330 4362 467 4417 ﬁlios
513 4364 682 4418 suos?
722 4365 796 4421 lbi
840 4367 1038 4437 quippe
1081 4375 1136 4422 et
1184 4369 1276 4422 Dei
1323 4377 1644 4437 praaceptum
1689 4366 1831 4437 quod
1872 4369 1924 4422 in

328 4451 474 4525 Lege
529 4459 891 4526 conscriptum
942 4467 1060 4522 est,
1111 4459 1412 4513 atte‘stando
1464 4458 1922 4514 commemoravit.

328 4544 439 4600 Nec
464 4547 538 4601 ob
565 4548 709 4603 aliud
734 4563 830 4604 eos
853 4550 1054 4620 arguit,
1088 4550 1190 4604 nisi
1219 4549 1358 4619 quod
1388 4549 1672 4619 rejicerent
1706 4550 1925 4604 manda-

331 4647 441 4690 tum
479 4639 595 4704 Dei,
639 4647 712 4695 ιιι·
737 4648 1034 4696 statuerent
1071 4641 1391 4696 traditiones
1421 4656 1564 4696 suas.
1608 4642 1741 4697 Cum
1781 4643 1923 4697 enim

332 4732 758 4802 interrogassent
803 4733 1057 4788 Pharismi
1108 4744 1162 4789 et
1205 4734 1440 4801 Scribtc,
1478 4734 1648 4802 Quare
1688 4735 1927 4804 discipuli

333 4824 407 4876 tui
434 4838 536 4876 non
564 4825 826 4879 ambulant
839 4826 996 4896 juxta
1026 4825 1346 4879 traditionem
1375 4827 1646 4890 seniorum,
1681 4826 1770 4879 sed
1791 4843 1928 4880 cam-

333 4914 574 4967 munibus
614 4915 846 4970 manibus
888 4916 1195 4970 manducant
1244 4931 1445 4985 panem,
1469 4917 1560 4971 ille
1596 4917 1927 4986 respondens

334 5003 470 5057 dixit
495 5003 576 5059 eis
605 5023 619 5059 :
644 5004 784 5059 Bene
809 5007 1121 5077 prop/letavit
1156 5007 1326 5062 Isaias
1363 5009 1427 5062 de
1465 5009 1603 5062 vobis
1628 5009 1924 5079 hgpocritis,

335 5098 464 5150 sicut
490 5099 736 5167 scriptum
762 5111 835 5154 est
854 5142 867 5166 ,
902 5100 1137 5171 Populus
1168 5103 1248 5154 hic
1279 5102 1426 5156 labiis
1450 5119 1529 5157 me
1556 5103 1801 5172 honorat,
1843 5121 1930 5158 cor

335 5200 504 5243 autem
552 5207 726 5244 eorum
772 5192 920 5263 longe
961 5202 1034 5248 est
1075 5210 1107 5246 a
1148 5209 1246 5248 me.
1298 5192 1363 5246 In
1409 5209 1595 5247 vanum
1641 5203 1806 5249 autem
1852 5212 1932 5250 me

337 5281 512 5334 colunt
547 5282 786 5336 docentes
804 5283 1145 5339 dactrinas‘et‘
1164 5287 1414 5355 praecepta
1445 5285 1722 5338 hominum.
1753 5284 1931 5339 Relin-

337 5381 544 5441 quentes
573 5375 705 5426 enim
735 5375 1032 5429 mandatum
1063 5375 1186 5439 Dei,
1217 5377 1390 5429 tenetis
1417 5375 1736 5429 traditionem
1762 5377 1927 5429 homi-

337 5477 480 5529 num,
513 5463 818 5533 baptismata
861 5483 1124 5520 urceorum
1152 5476 1198 5521 et
1226 5467 1484 5532 calicum;
1524 5476 1571 5521 et
1609 5467 1713 5520 alia
1739 5468 1927 5522 similia

338 5553 418 5608 his
445 5557 622 5624 facitis
654 5559 830 5612 multa.
862 5559 1168 5616 Et'dicebat
1195 5559 1301 5614 illis
1329 5577 1342 5613 :
1374 5559 1507 5614 Bene
1536 5560 1732 5615 irritum
1761 5562 1930 5634 facitis

340 5658 649 5721 prwceptum
669 5648 786 5716 Dei,
816 5661 870 5704 ut
897 5652 1215 5706 traditionem
1242 5661 1458 5707 vestram
1481 5652 1700 5706 servetis.
1726 5652 1930 5725 Moyses

403 5761 419 5793 ι
452 5767 586 5820 Lov.,
609 5761 827 5832 bibebant
848 5768 1007 5832 autem
1037 5764 1099 5816 de
1136 5761 1389 5832 sptrauati
1410 5767 1634 5832 sequente
1655 5776 1735 5832 eos
1769 5771 1927 5831 petra.

563 5825 774 5889 omisso,
796 5838 906 5890 eos,
928 5826 1144 5890 habent,
1173 5826 1390 5880 bibebant
1425 5825 1554 5880 enim
1583 5825 1781 5892 πωπω·
1802 5843 1931 5894 grae-

678 6025 710 6036 >-

2037 1028 2172 1082 enim
2198 1030 2344 1096 dixit,
2378 1031 2591 1088 Honora
2619 1043 2814 1106 patrem
2841 1046 2981 1093 tuum
3012 1047 3064 1094 et
3093 1048 3301 1096 matrem
3341 1051 3520 1109 tuam;
3560 1055 3626 1112 et,

2044 1118 2146 1183 Qui
2171 1123 2485 1180 inaledixerit
2526 1127 2658 1195 patri.
2686 1138 2775 1182 aut
2805 1133 2982 1200 matri,
3022 1141 3188 1188 marte
3223 1137 3484 1190 moriatur.
3533 1138 3629 1192 Vos

2035 1222 2199 1268 autem
2225 1217 2392 1272 dicitis
2411 1261 2424 1284 ,
2458 1219 2520 1274 Si
2548 1221 2734 1274 discrerit
2759 1223 2907 1276 homo
2937 1227 3071 1296 patri
3105 1236 3194 1280 aut
3221 1230 3402 1296 matri,
3428 1228 3627 1286 Lorbarz

2037 1307 2203 1379 (quod
2232 1320 2302 1366 est
2332 1313 2553 1383 donum)
2583 1316 2930 1388 quodcumque
2968 1335 3030 1373 ea:
3060 1328 3169 1387 me,
3203 1323 3290 1375 tibi
3336 1324 3580 1392 profuerit
3609 1341 3629 1379 :

2034 1409 2083 1455 et
2117 1403 2256 1456 ultra
2280 1411 2381 1459 non
2419 1407 2674 1462 dimittitis
2696 1425 2808 1463 eum
2850 1411 3121 1483 quidquam
3161 1417 3326 1485 facere
3363 1417 3497 1484 patri
3533 1433 3626 1471 suo

2035 1504 2124 1548 aut
2164 1499 2332 1567 matri,
2375 1501 2708 1557 rescindentes
2751 1504 2952 1558 verbum
3001 1506 3094 1559 Dei
3142 1525 3229 1577 per
3255 1509 3272 1540 ί
3302 1509 3622 1564 traditionem

2034 1599 2248 1642 vestram
2272 1633 2285 1655 ,
2334 1607 2485 1660 quam
2514 1594 2826 1659 tradidistis;
2856 1606 2902 1650 et
2932 1598 3118 1650 similia
3149 1599 3438 1671 Imjttsmodi
3465 1601 3625 1656 multa

2035 1679 2203 1749 facitis
2227 1684 2241 1740 (
2255 1682 2418 1738 Marc.
2439 1701 2528 1749 vn,
2557 1685 2728 1758 1-15).
2755 1688 2853 1742 Ubi
2882 1689 3161 1745 evidenter
3175 1691 3418 1748 Christus
3442 1703 3624 1749 Osten-

2035 1773 2111 1827 dit
2135 1784 2187 1828 et
2219 1777 2360 1831 illam
2391 1779 2481 1832 Dei
2525 1787 2645 1835 eSSe
2670 1781 2865 1850 Legem
2897 1797 3052 1852 quam
3086 1783 3336 1853 prolanus
3377 1788 3474 1841 iste
3511 1787 3624 1842 bla-

2035 1865 2305 1935 Sphemat,
2339 1878 2393 1924 et
2424 1870 2638 1927 intimos
2668 1872 2866 1928 habere
2894 1889 3017 1930 suas
3049 1875 3362 1934 traditiones
3387 1893 3416 1932 a
3447 1879 3620 1934 Libris

2034 1960 2362 2027 pmplneticis
2387 1972 2440 2017 et
2471 1963 2723 2034 legitimis
2748 1966 2968 2032 alienas,
2998 1983 3129 2037 quas
3160 1971 3460 2040 appellasse
3483 1973 3626 2040 Apo-

2033 2051 2227 2106 stolum
2277 2055 2524 2122 profanas
2570 2058 2794 2125 fabulas,
2845 2067 2900 2115 et
2941 2063 3150 2130 aniles,
3189 2072 3244 2118 et
3287 2065 3624 2137 genealogias

2033 2141 2434 2212 interminatas,
2483 2155 2587 2203 non
2633 2151 2914 2206 luereticus
2941 2193 2955 2217 ,
2988 2154 3089 2208 sed
3125 2155 3419 2210 catholicus
3457 2157 3625 2213 lector

2033 2234 2305 2306 intelligit.
2341 2239 2510 2293 Porro
2537 2241 2580 2295 si
2610 2242 2772 2296 velim
2804 2245 3103 2299 testimonia
3131 2253 3318 2300 cuncta
3349 2247 3619 2316 colligere,

2033 2327 2226 2395 quibus
2254 2330 2530 2385 ostendam
2557 2335 3004 2402 quemadmodum
3051 2346 3106 2391 et
3132 2339 3244 2407 ipse
3275 2339 3526 2394 Dominus
3567 2349 3622 2394 et

2032 2418 2271 2485 Apostoli
2303 2420 2418 2489 ejus
2445 2421 2586 2493 Lege
2609 2424 2688 2479 usi
2716 2424 2930 2480 fuerint
2951 2435 3005 2481 et
3028 2427 3308 2497 PrOphetis
3329 2471 3340 2495 ,
3365 2440 3502 2500 quas
3521 2430 3622 2485 iste

2031 2511 2198 2565 aniles
2243 2513 2445 2568 fabulas
2488 2523 2669 2585 putat,
2713 2517 2928 2587 quando
2972 2519 3222 2576 suflicio?
3261 2531 3351 2576 aut
3383 2522 3465 2576 cui
3513 2527 3619 2576 non

2031 2599 2296 2656 sufﬁciant
2325 2603 2421 2657 ista
2453 2619 2572 2675 quae
2601 2606 2876 2663 diximus?

2102 2692 2327 2750 CAPUT
2366 2695 2428 2749 ll.
2458 2727 2531 2737 —
2557 2698 2609 2752 5.
2639 2698 2749 2754 Nec
2783 2700 2884 2754 iste
2923 2702 3177 2756 adversus
3201 2702 3373 2758 lucem
3401 2717 3616 2759 vocem-

2030 2800 2134 2855 que
2161 2785 2480 2842 dominicam
2503 2789 2589 2844 vel
2616 2791 2962 2860 apostolicam
3005 2801 3110 2846 tam
3143 2809 3315 2849 ett-cus
3339 2802 3395 2850 et
3427 2795 3620 2851 surdus

2029 2885 2133 2941 est,
2163 2887 2219 2931 ut
2245 2879 2452 2948 ignoret
2478 2881 2926 2949 quemadmodum
2954 2899 2982 2938 a
3007 2884 3224 2941 Christo
3249 2896 3302 2942 et
3329 2889 3616 2957 Apostolis,

2032 2967 2085 3021 in
2119 2969 2266 3023 libris
2293 2971 2357 3024 ad
2387 2971 2592 3026 Novum
2613 2973 3021 3030 Testamentum
3057 2978 3463 3046 pertinentibus,
3487 2995 3620 3034 cou-

2033 3060 2276 3115 ﬁrmetur
2297 3061 2456 3133 Legis
2480 3079 2544 3119 ac
2570 3065 2960 3136 Prophetarum
3001 3077 3055 3123 et
3092 3071 3498 3127 commendetur
3522 3086 3619 3127 au-

2029 3153 2266 3206 ctoritas.
2301 3153 2534 3210 Proinde
2559 3160 2890 3228 excogitasse
2916 3175 2974 3214 se
2998 3161 3300 3229 existimat,
3335 3177 3440 3233 quo
3468 3171 3621 3232 pacto

2030 3243 2381 3315 subterlugial
2430 3247 2604 3302 moles
2644 3249 3070 3306 testimoniorum
3111 3253 3160 3306 in
3205 3254 3524 3325 evangelicis
3567 3263 3623 3309 ct

2029 3337 2335 3405 apostolicis
2380 3339 2596 3395 Litteris
2641 3340 2712 3396 de
2760 3341 2933 3398 Libris
2979 3345 3252 3401 veteribus
3298 3347 3618 3416 positorum,

2029 3429 2221 3498 quibus
2254 3430 2402 3499 ejus,
2436 3433 2560 3486 velit
2596 3433 2761 3498 nolit,
2805 3437 3068 3490 cervicata
3100 3438 3276 3508 lingua
3305 3440 3618 3495 conteritur.

2029 3520 2116 3574 Ait
2146 3523 2344 3592 quippe
2365 3524 2808 3595 Apostolum'pro
2833 3527 3174 3596 qualitatibus
3207 3529 3538 3599 ingeniorum
3565 3530 3620 3585 in

2027 3614 2262 3682 quinque
2288 3615 2532 3683 personis
2558 3616 2792 3670 locutum
2819 3635 2831 3669 :
2858 3616 3136 3672 Insinuana
3154 3621 3288 3673 enim
3312 3620 3428 3673 rudi
3454 3620 3621 3674 adhuc

2028 3705 2240 3774 populo,
2268 3706 2450 3775 inquit,
2479 3721 2592 3777 quae
2619 3707 2712 3761 Dei
2736 3718 2853 3763 sunt
2871 3751 2885 3776 ,
2915 3724 3015 3763 non
3045 3709 3216 3764 debuit
3241 3727 3272 3763 a
3300 3713 3620 3782 perfectiori-

2029 3797 2119 3852 bus
2147 3799 2369 3870 incipere
2387 3841 2400 3864 ,
2433 3811 2480 3854 et
2509 3801 2921 3856 consuetudinem
2946 3804 3008 3857 ab
3047 3806 3119 3872 eis
3158 3805 3415 3859 vetustatis
3444 3806 3621 3859 exclu-

2029 3889 2153 3944 dens
2181 3907 2210 3942 a
2241 3891 2607 3962 difﬁcilioribus
2632 3894 2894 3961 inchoare,
2920 3910 2983 3948 ne
3011 3911 3164 3950 novos
3189 3895 3356 3948 adhuc
3379 3895 3447 3948 ad
3470 3896 3624 3965 fidem

2028 3983 2250 4054 perfecta
2288 3984 2515 4038 doctrina
2555 3985 2795 4040 turbaret.
2842 3988 3047 4043 Deinde
3069 3990 3254 4043 volens
3297 3989 3450 4059 quasi
3490 4004 3619 4058 pro-

2027 4076 2156 4131 bare
2192 4077 2331 4148 quod
2361 4078 2526 4145 dixit,
2561 4080 2814 4136 eumdem
2836 4083 3136 4152 apostolum
3173 4082 3438 4137 dicentem
3471 4099 3621 4138 com-

2030 4179 2336 4226 memorat:
2371 4168 2498 4225 Cum
2544 4170 2666 4225 liber
2710 4173 2814 4226 sim‘
2849 4189 2912 4227 ea:
2955 4173 3226 4241 omnibus,
3273 4175 3502 4228 omnibus
3544 4190 3624 4228 me

2028 4259 2218 4331 subjcci
2239 4262 2280 4329 ²,
2309 4271 2364 4316 ut
2393 4263 2563 4332 plures
2593 4264 2940 4336 lucrifacerem
2969 4280 2988 4319 :
3019 4275 3066 4319 et
3095 4271 3260 4336 factus
3288 4283 3400 4321 sum
3423 4266 3622 4322 Jadteis

2029 4361 2270 4420 tanquam
2296 4352 2547 4422 Iudaeus,
2581 4365 2636 4409 ut
2675 4355 2894 4412 Judwos
2939 4357 3298 4430 lucrifaciam;
3345 4369 3394 4412 et
3437 4358 3500 4412 iis
3539 4360 3626 4428 qui

2029 4445 2120 4498 sub
2144 4444 2279 4516 Lege
2304 4457 2455 4511 sunt,
2489 4457 2726 4517 tanquam
2751 4449 2839 4518 qui
2871 4449 2963 4503 sub
2989 4448 3121 4520 Lege
3150 4465 3304 4504 essem
3325 4491 3339 4515 ,
3377 4466 3493 4503 cum
3517 4451 3626 4521 ipse

2029 4555 2128 4592 non
2156 4539 2249 4594 sim
2289 4540 2379 4593 sub
2404 4539 2572 4612 Lege,
2617 4550 2669 4594 ut
2704 4557 2788 4595 eos
2815 4543 2900 4613 qui
2940 4541 3034 4595 sub
3056 4541 3188 4613 Lege
3225 4553 3376 4609 sunt,
3411 4543 3625 4613 lucrifa-

2029 4633 2200 4695 ciam;
2242 4641 2290 4686 et
2331 4633 2393 4686 iis
2435 4635 2522 4704 qui
2564 4635 2673 4688 sine
2710 4633 2841 4706 Lege
2886 4644 3022 4702 sunt,
3069 4646 3309 4705 tanquam
3346 4637 3454 4691 sine
3494 4636 3628 4707 Lege

2030 4739 2220 4789 essem,
2253 4737 2372 4777 cum
2397 4727 2503 4779 sine
2533 4724 2665 4796 Lege
2693 4725 2784 4780 Dei
2827 4740 2928 4781 non
2971 4727 3065 4781 sim
3091 4768 3106 4792 ,
3138 4728 3226 4782 sed
3269 4729 3364 4781 sim
3405 4728 3458 4780 in
3493 4726 3627 4796 Lege

2029 4812 2252 4881 Christi,
2286 4826 2350 4868 ut
2379 4816 2698 4887 lucrifaciam
2736 4833 2820 4872 eos
2847 4819 2934 4886 qui
2975 4819 3083 4872 sine
3112 4818 3244 4888 Lege
3269 4826 3386 4870 sarit
3413 4831 3432 4869 :
3461 4821 3627 4887 factus

2031 4923 2143 4960 sum
2177 4907 2394 4975 inﬁrmis
2433 4908 2696 4975 inﬁrmus,
2724 4919 2780 4961 ut
2809 4909 3040 4978 inﬁrmos
3065 4908 3424 4977 lucrifacidm;
3462 4909 3626 4962 omni-

2031 4997 2125 5052 bus
2153 5000 2324 5052 omnia
2350 4999 2514 5068 factus
2540 5017 2671 5068 sum,
2702 5012 2755 5054 ut
2784 5017 2955 5056 omnes
2984 5001 3300 5068 lucrifaciam
3328 4998 3377 5070 (Ι
3402 4997 3522 5054 Cor.
3548 5015 3620 5064 ιι,

2035 5088 2252 5160 19υ2ἓ).
2300 5089 2412 5144 Has
2441 5101 2672 5160 quatuor
2703 5107 2958 5162 personas
2979 5093 3089 5146 vult
3129 5091 3384 5161 intelligi,
3414 5091 3467 5144 in
3502 5090 3622 5160 qui-

2033 5179 2133 5234 bus
2178 5181 2494 5249 Apostolum
2547 5183 2780 5237 locutum
2840 5191 3031 5254 putat;
3087 5197 3246 5236 uuam
3292 5181 3622 5248 lida-orum,

2032 5276 2253 5330 alteram
2295 5291 2483 5332 eorum
2523 5278 2617 5348 qui
2657 5278 2756 5333 sub
2798 5277 2942 5347 Lege
2990 5287 3148 5342 sunt,
3186 5277 3392 5333 tertiam
3437 5293 3623 5332 eorum

2033 5370 2123 5439 qui
2176 5371 2292 5425 sine
2344 5371 2462 5441 lege
2510 5379 2669 5438 sunt,
2710 5380 2959 5441 quartam
3013 5371 3372 5426 inﬁrmorum.
3429 5370 3624 5440 Quinta

2034 5461 2288 5528 debetur,
2321 5464 2578 5532 quoniam
2609 5464 2844 5533 quinque
2869 5463 3190 5532 promiserat
3218 5481 3231 5516 :
3264 5463 3407 5519 banc
3435 5475 3491 5519 ut
3525 5463 3622 5519 ad-

2035 5557 2183 5612 deret
2205 5599 2220 5624 ,
2243 5557 2358 5611 Alio
2386 5558 2515 5623 loco,
2546 5557 2749 5628 inquit,
2776 5559 3013 5628 superius
3030 5559 3137 5627 jam
3164 5557 3321 5626 dixit,
3351 5577 3370 5610 ε
3401 5559 3623 5628 Sapien-

2035 5651 2159 5704 tiam
2187 5651 2435 5721 loquimur
2460 5650 2590 5703 intcr
2614 5653 2864 5722 perfectos
2891 5668 2909 5702 ι
2936 5648 3047 5724 (Id.
3070 5666 3128 5717 ιι,
3151 5650 3206 5723 6)
3230 5669 3245 5717 ;
3279 5649 3624 5720 ut'perl'ecto-

2099 5829 2118 5896 ξ
2151 5827 2519 5896 aditu-propter.
2545 5832 2601 5877 At
2627 5834 2750 5893 Mss,
2980 5887 2992 5896 .
3072 5887 3088 5896 ε
3164 5890 3168 5895 ι
3323 5878 3344 5896 ε,
3395 5889 3400 5894 _

2100 5893 2122 5924 ³
2153 5896 2206 5940 1n
2229 5887 2490 5953 cdi’tis,’me
2512 5891 2702 5942 servum
2722 5887 2920 5956 subieci.
2945 5887 3111 5956 Abest,
3136 5887 3346 5953 servum}
3368 5889 3400 5940 a'
3420 5887 3527 5939 Mss.
