4028 6430
486 333 592 390 639

485 466 608 506 rum
646 448 889 504 videatur
927 447 1112 519 quinta
1157 459 1405 516 persona.
1448 441 1560 496 Hoc
1589 448 1754 495 totum
1787 446 2070 510 propterea

488 541 704 596 molitus
733 550 850 604 est,
883 548 940 594 ut
976 539 1021 594 si
1056 537 1268 609 quando
1308 533 1504 605 aliquid
1531 533 1600 588 de
1626 532 1916 604 apostolica
1946 545 2074 601 pro—

488 635 720 690 ferretur
749 634 983 704 Epistola
1009 673 1023 696 ,
1071 631 1160 685 ubi
1207 635 1524 683 attestantur
1553 625 1842 695 Evangelio
1881 623 1990 678 Lex
2023 628 2076 676 et

491 724 805 794 Prophetas,
855 724 955 776 hoc
1011 721 1154 775 dicat
1198 717 1548 788 Apostolum,
1593 732 1698 770 non
1747 713 2075 785 sapientibus

489 825 542 872 et
568 815 838 885 perfectis,
862 813 957 868 sed
977 809 1175 867 Judaeis
1200 810 1429 864 locutum
1452 807 1613 862 fuisse
1638 806 1788 876 quasi
1809 804 2072 869 Judaeum,

491 908 570 962 vel
601 908 678 962 eis
703 906 792 976 qui
837 904 935 959 sub
969 903 1110 973 Lege
1146 910 1362 967 essent,
1409 909 1656 970 tanquam
1698 906 1840 952 esset
1868 906 1920 952 et
1961 897 2074 966 ipse

485 1001 588 1055 sub
626 1000 766 1069 Lege
812 1016 827 1052 :
877 1013 940 1053 ac
990 1012 1084 1066 per
1129 994 1232 1050 hoc
1283 993 1506 1050 subdole
1549 1002 1706 1062 atque
1745 987 2076 1044 mendaciter

487 1091 825 1146 simulantem
881 1104 942 1145 se
992 1087 1132 1159 apud
1187 1086 1526 1156 imperfectos
1573 1083 1877 1147 aedificare,
1933 1078 2076 1150 quod

486 1184 623 1250 apud
671 1183 967 1252 perfectos,
1011 1197 1117 1236 non
1159 1177 1503 1244 mentiendo,
1545 1177 1638 1232 sed
1679 1191 1807 1230 vera
1847 1169 2074 1229 dicendo

486 1275 806 1330 destrueret.
841 1275 990 1329 Hanc
1017 1274 1264 1328 videlicet
1291 1273 1340 1327 ei
1369 1271 1568 1327 erroris
1597 1269 2069 1332 machinationem,

485 1368 670 1422 nescio
712 1369 831 1438 quis
863 1366 1138 1422 Fabricius
1182 1364 1493 1429 fabricavit,
1533 1377 1694 1433 quem
1721 1361 1863 1416 velut
1908 1359 2075 1429 magi-

484 1467 654 1512 strum
701 1459 939 1514 veritatis
984 1458 1170 1512 Roma:
1216 1472 1276 1512 se
1318 1452 1585 1510 invenisse
1627 1453 1903 1523 gloriatur.
1947 1450 2075 1515 Quis

484 1566 588 1606 non
621 1551 724 1608 hoc
752 1561 1072 1614 monstrum,
1103 1566 1207 1605 non
1236 1550 1355 1604 dico
1381 1562 1573 1603 sensus
1597 1546 1920 1601 Christianus
1938 1585 1953 1611 ,
1979 1543 2075 1598 sed

486 1645 889 1715 qualiscumque
917 1644 1182 1699 humanus
1209 1640 1539 1697 exborreat?

556 1739 611 1792 4.
645 1738 826 1792 Primo
857 1737 999 1791 enim
1030 1734 1477 1791 considerandum
1519 1741 1603 1788 est
1639 1745 1797 1802 quam
1842 1744 1901 1784 se
1936 1727 2078 1782 frau-

485 1829 915 1884 dulentissimum
966 1836 1022 1884 et
1070 1827 1540 1883 mendacissimum
1588 1822 1937 1894 profiteatur,
1986 1819 2075 1890 qui

491 1922 838 1977 mentientem
877 1929 1028 1992 putat
1052 1928 1107 1975 et
1145 1919 1325 1974 laudat
1351 1918 1659 1988 Apostolum
1692 1936 1705 1970 :
1733 1924 1786 1970 et
1818 1913 1956 1986 quod
1989 1913 2076 1968 ille

492 2015 656 2080 dixit,
701 2029 806 2068 non
849 2013 1082 2068 fallentis
1125 2023 1264 2078 astu,
1309 2011 1406 2067 sed
1454 2009 1823 2079 compatieulis
1862 2006 2074 2071 affectu,

487 2110 612 2180 quia
671 2109 896 2164 diversis
952 2109 1254 2162 animarum
1313 2106 1513 2160 morbis
1568 2114 1674 2159 tam
1739 2100 2076 2157 misericordi

488 2201 651 2256 corde
695 2202 981 2266 subvenit,
1028 2217 1189 2272 quam
1237 2200 1336 2254 sibi
1383 2198 1653 2254 subveniri
1695 2197 1982 2258 voluisset,
2030 2194 2075 2248 si

488 2310 674 2350 errore
709 2294 792 2349 vel
834 2295 1138 2349 infirmitate
1180 2293 1340 2348 simili
1383 2292 1670 2355 laboraret,
1710 2290 1796 2345 hic
1836 2290 1889 2344 in
1929 2289 2078 2343 falla-

491 2387 629 2440 ciam
653 2387 1021 2442 detestabilem
1043 2387 1223 2441 vertit.
1250 2384 1449 2438 Deinde
1470 2399 1674 2453 qutero,
1699 2381 1762 2436 ad
1787 2381 2075 2446 Romanos,

488 2476 824 2543 Corinthios,
856 2479 1070 2534 Galatas
1093 2520 1107 2542 ,
1141 2477 1423 2546 Ephesios,
1460 2475 1806 2530 Colossenses
1826 2514 1841 2540 ,
1872 2471 2077 2540 Philip-

489 2586 709 2640 penses,
741 2571 1248 2625 Tbessalonicenscs
1268 2611 1283 2636 ,
1309 2567 1577 2639 quomodo
1603 2567 1916 2643 loquebatur
1937 2565 2078 2634 Apo-

491 2663 701 2718 stolus?
741 2662 795 2716 lu
819 2679 921 2732 qua
952 2663 1160 2717 illarum
1184 2662 1419 2732 quinque
1458 2673 1804 2730 personarum
1836 2672 1930 2713 eos
1959 2671 2080 2712 esse

491 2755 822 2826 deputabat?
865 2756 1054 2810 Procul
1093 2755 1256 2809 dubio
1292 2755 1542 2826 quoniam
1569 2753 1622 2807 in
1655 2751 1915 2823 prmputio
1939 2751 2082 2806 Gen-

493 2856 574 2902 tes
613 2851 800 2913 erant”,
846 2865 950 2902 non
992 2850 1042 2901 in
1088 2847 1497 2902 circumcisione
1536 2845 1809 2899 lsraelitae.
1862 2842 1939 2897 Ad
1981 2842 2081 2897 bos

491 2938 686 3007 quippe
713 2937 812 2994 sibi
857 2939 1197 2992 distributum
1236 2938 1591 2992 ministerium
1633 2936 1794 2990 fuisse
1835 2943 2077 3000 testatur,

493 3031 580 3084 ubi
611 3031 741 3085 dicit
777 3031 918 3101 quod
957 3031 1005 3085 ei
1045 3039 1100 3086 et
1121 3030 1377 3084 Barnabas
1411 3025 1658 3084 dexteras
1685 3027 1954 3083 societatis
1991 3026 2082 3080 de-

493 3121 670 3176 derint
694 3122 884 3177 Petrus
911 3122 1212 3177 etJacobus
1237 3131 1292 3177 et.
1327 3121 1582 3188 Joannes,
1626 3127 1683 3175 ut
1720 3120 1835 3190 ipse
1867 3118 2080 3190 quidem

493 3228 615 3267 cum
638 3213 878 3268 Barnaba
920 3213 985 3268 ad
1022 3214 1242 3280 Gentes,
1283 3214 1356 3268 illi
1396 3223 1575 3267 autem
1615 3211 1682 3265 ad
1721 3209 2085 3266 circumcisio-

493 3320 620 3360 nem
667 3305 804 3360 irent
845 3303 1048 3376 (Galat.
1083 3321 1152 3371 ιι,
1194 3303 1291 3375 9).
1335 3304 1404 3358 Et
1442 3303 1549 3358 alio
1589 3303 1709 3358 loco
1747 3301 2084 3372 apertissime

496 3396 644 3459 dicit,
675 3397 931 3464 Quamdiu
957 3415 1046 3469 ego
1076 3415 1189 3452 sum
1220 3396 1455 3451 Gentium
1484 3396 1744 3467 apostolus
1767 3410 1788 3450 :
1814 3405 1867 3449 et
1902 3395 2084 3449 multis

495 3489 616 3544 aliis
657 3490 788 3544 locis
825 3492 1045 3560 proprio
1089 3491 1318 3562 quodam
1362 3504 1585 3545 munere
1622 3488 1898 3544 doctorem
1938 3487 2084 3543 Gen-

495 3581 626 3635 tium
650 3595 709 3636 se
737 3597 856 3637 esse
892 3590 1137 3637 testatur.
1171 3580 1302 3637 Cum
1334 3596 1462 3652 ergo
1482 3590 1664 3636 essent
1698 3581 1813 3635 sine
1835 3580 1975 3649 Lege
2007 3586 2087 3633 tot

451 3682 683 3744 .gcntes
737 3675 928 3744 quibus
969 3675 1316 3746 Evangelium
1376 3672 1734 3744 praedicabat,
1776 3670 1900 3740 quid
1951 3683 2086 3739 opus

498 3775 614 3820 erat
639 3773 700 3820 ut
725 3767 803 3820 eis
830 3766 1023 3836 Legem
1064 3775 1120 3820 et
1158 3764 1453 3835 Prophetas
1487 3763 1553 3819 de
1585 3763 1801 3818 Christo
1843 3759 2086 3816 introdu-

496 3865 643 3911 ceret
693 3865 898 3920 testes,
947 3858 1132 3926 eisque
1189 3857 1505 3926 importaret
1552 3854 1750 3925 ignaris
1789 3853 2084 3920 vinculum,

499 3950 639 4005 sicut
666 3950 764 4004 ista
805 3952 968 4019 pestis
1007 3951 1320 4014 arbitratur,
1345 3949 1567 4012 erroris,
1608 3964 1636 4002 a
1663 3964 1770 4018 quo
1805 3963 1897 4002 eos
1924 3945 2090 4001 fuisse

506 4041 706 4095 liberos
746 4043 913 4111 magis
952 4041 1139 4096 debuit
1180 4041 1482 4112 gratulari?
1522 4041 1657 4106 Quid
1700 4055 1835 4110 opus
1877 4048 1992 4095 erat
2031 4046 2090 4093 ut

499 4133 565 4188 ad
587 4133 859 4188 Romanos
879 4134 956 4187 sic
982 4132 1168 4188 fuisset
1192 4148 1416 4188 exorsus
1447 4151 1458 4185 :
1491 4133 1682 4187 Paulus
1707 4150 1877 4188 servus
1901 4133 2092 4186 Christi

501 4222 538 4276 Ι
541 4241 648 4289 esu,
678 4234 878 4278 vocatus
905 4225 1186 4295 apostolus,
1217 4235 1502 4296 segregatus
1532 4227 1584 4277 in
1610 4224 1943 4295 Evangelium
1971 4225 2086 4292 Dei,

503 4316 639 4384 quod
665 4326 783 4372 ante
811 4317 1110 4386 promiserat
1147 4334 1235 4387 per
1256 4317 1541 4386 Prophetas
1575 4333 1692 4370 suos
1730 4316 1784 4369 in
1810 4315 2090 4386 Scriptnris

502 4411 691 4463 sanctis
716 4410 778 4464 de
805 4409 943 4463 Filio
974 4425 1091 4472 suo,
1129 4409 1215 4478 qui
1242 4413 1408 4479 factus
1438 4416 1508 4461 est
1547 4407 1590 4460 ei
1625 4424 1688 4460 ea:
1710 4407 1894 4461 semine
1923 4406 2092 4460 David

501 4485 775 4557 secundum
799 4519 1000 4557 carnem
1030 4501 1202 4574 (Rom.
1232 4518 1280 4566 ι,
1305 4502 1419 4571 1-5)
1445 4503 1467 4555 ?
1507 4501 1683 4570 Quare
1715 4515 1820 4556 non
1857 4501 1957 4555 sibi
1996 4515 2093 4571 po-

506 4594 611 4649 tius
640 4609 922 4664 personam
963 4595 1187 4664 imponit
1222 4594 1475 4648 illorum?
1508 4594 1685 4660 Quare
1719 4608 1778 4649 se
1814 4593 1940 4648 facit
1977 4602 2094 4648 tan-

502 4701 661 4756 quam
699 4686 800 4741 sub
833 4687 994 4757 Lege,
1038 4687 1116 4742 eis
1141 4688 1231 4757 qui
1269 4685 1482 4742 fuerant
1521 4687 1637 4741 sine
1677 4686 1859 4756 Lege?
1897 4685 2092 4756 thuid

505 4779 585 4833 eis
621 4777 750 4834 dicit
781 4797 794 4832 :
827 4778 978 4833 Vobis
1017 4780 1148 4833 enim
1176 4779 1287 4833 dico
1311 4777 1550 4833 Gentibus
1575 4819 1590 4843 ,
1622 4778 1864 4848 quamdiu
1891 4779 2093 4847 quidem

505 4889 596 4944 ego
620 4890 732 4928 sum
762 4872 996 4927 Gentium
1023 4873 1310 4944 apostolus,
1340 4871 1675 4924 ministerium
1701 4887 1866 4924 meum
1894 4870 2093 4941 gloriﬁ-

503 4966 626 5020 cabo
649 4967 689 5031 ¹,
717 4966 763 5020 si
790 4983 888 5037 quo
919 4966 1066 5018 modo
1095 4965 1162 5017 ad
1191 4963 1564 5018 (etintlationem
1602 4977 1865 5032 provocem
1891 4977 2094 5014 carnem

505 5076 700 5126 meam,
731 5068 788 5112 ut
815 5059 980 5112 salvos
1009 5058 1196 5128 faciam
1220 5056 1417 5123 aliquos
1456 5071 1518 5108 ea:
1543 5053 1666 5108 illis.
1699 5053 1760 5109 Si
1797 5054 1931 5108 enim
1960 5053 2094 5124 reje-

504 5153 602 5206 ctio
627 5151 838 5206 illarum
861 5149 1206 5204 reconciliatio
1227 5155 1298 5200 est
1323 5146 1519 5212 mundi,
1543 5161 1655 5217 qua:
1677 5146 1769 5200 erit
1793 5147 2092 5216 assumptio,

507 5243 606 5298 nisi
630 5244 731 5298 vita
759 5259 822 5296 ex
850 5241 1100 5296 mortuis?
1141 5240 1199 5297 Si
1239 5249 1404 5294 autem
1431 5239 1665 5292 delibatio
1694 5248 1869 5294 sancta
1907 5249 1977 5293 est
1996 5282 2009 5304 ,
2049 5247 2096 5294 et

506 5341 837 5406 conspersio;
879 5345 924 5389 et
949 5335 993 5388 si
1020 5334 1169 5388 radix
1204 5343 1380 5386 sancta
1413 5341 1514 5399 est,
1541 5341 1586 5385 et
1620 5333 1769 5387 rami.
1815 5332 1888 5386 Dc
1926 5332 2097 5388 Israe-

508 5427 620 5482 litis
646 5428 842 5498 quippe
869 5429 971 5483 ista
1011 5428 1173 5493 dicit,
1213 5426 1281 5481 de
1315 5427 1506 5496 quibus
1539 5434 1663 5480 aute
1695 5425 1804 5495 jam
1844 5424 2090 5480 dixerat:

511 5518 648 5587 Quid
672 5537 788 5591 ergo
813 5522 1033 5591 amplius
1061 5530 1132 5574 est
1158 5519 1374 5584 Judteo,
1402 5529 1488 5573 aut
1516 5535 1627 5589 qua:
1652 5518 1844 5573 utilitas
1873 5518 2095 5573 circum-
2173 5570 2176 5571 ν

506 5610 751 5666 cisionis?
780 5611 999 5666 Multum
1027 5629 1115 5681 per
1140 5628 1336 5666 omnem
1363 5612 1587 5666 modum.
1621 5610 1845 5665 Primum
1871 5611 2092 5682 quidem,

506 5705 629 5762 auia
653 5705 844 5761 credita
867 5715 981 5760 sunt
1005 5706 1111 5760 illis
1136 5705 1336 5775 eloquia
1360 5704 1474 5759 Dei.
1505 5704 1643 5773 Quid
1667 5705 1796 5760 enim
1822 5705 1865 5758 si
1889 5703 2097 5775 quidam

569 5819 592 5853 ⁸
614 5827 668 5869 tn
687 5825 819 5883 ms,
841 5814 1076 5883 gloriﬁco.
1100 5825 1151 5868 tn
1173 5830 1353 5881 graeco,
1376 5816 1579 5868 domo.

996 326 1272 387 CONTRA
1313 321 1803 381 ADVERSARIUM
1844 315 2039 376 LEGIS
2076 312 2165 374 ET
2205 316 2742 385 PROPHETARUM,
2778 317 2837 374 S.
2877 315 3245 375 AUGUSTINI

3661 322 3764 378 6m

2187 435 2390 488 illorum
2436 451 2538 488 non
2579 435 2941 490 crediderunt?
2989 436 3230 508 numquid
3273 436 3602 492 incredulitas
3649 438 3763 493 illo.

2181 541 2324 589 rum,
2341 525 2490 594 [idem
2517 524 2615 579 Dei
2639 527 2898 581 evacuabit
2926 527 2942 558 ¹
2971 528 3147 599 (Rom.
3177 545 3235 597 tt,
3270 529 3381 601 1-5)
3401 529 3424 583 ?
3446 529 3647 585 Deinde
3681 529 3770 588 hic

2184 617 2324 687 quod
2371 632 2796 675 commemorare
2834 634 3102 690 ceperam
3128 663 3142 686 ,
3185 621 3464 692 sequitur,
3504 631 3561 678 et
3597 622 3767 680 dicit:

2190 710 2342 778 Quod
2369 712 2414 765 si
2436 712 2593 783 aliqui
2620 729 2682 767 ex
2707 713 2862 767 ramis
2888 713 3036 783 fracti
3062 723 3198 780 sunt,
3233 725 3286 768 tu
3311 723 3477 772 autem
3502 731 3617 768 cum
3641 733 3772 771 esses

2184 805 2432 874 oleaster,
2465 806 2680 861 insertus
2705 823 2756 861 es
2784 807 2837 860 in
2877 807 2980 861 illis
2999 847 3015 873 ,
3047 817 3092 861 et
3120 808 3287 862 socius
3311 808 3498 862 radicis
3528 813 3691 880 factus
3719 826 3772 864 es

2184 907 2230 952 et
2255 899 2575 969 pinguedinis
2601 898 2744 966 oleae,
2773 899 2879 953 noli
2907 900 3118 971 gloriari
3141 900 3378 955 adversus
3403 917 3591 955 ramos.
3621 901 3772 968 Quod

2182 989 2227 1042 si
2253 988 2518 1060 gloriaris,
2549 1007 2649 1044 non
2680 1000 2734 1044 tu
2759 991 2979 1045 radicem
3006 1001 3208 1062 portas,
3240 993 3330 1046 sed
3356 993 3507 1047 radix
3536 1003 3602 1047 te.
3635 993 3773 1048 Dicis

2183 1099 2320 1152 ergo,
2351 1081 2526 1136 Fracti
2555 1093 2671 1138 sunt
2700 1085 2829 1138 rami
2855 1094 2909 1138 ut
2935 1101 3025 1155 ego
3053 1085 3268 1139 inserar.
3298 1085 3465 1153 Bene,
3493 1086 3771 1140 increduli-

2184 1181 2284 1227 tate
2319 1176 2339 1205 ²
2379 1175 2529 1244 fracti
2573 1185 2690 1229 sunt
2736 1192 2754 1230 :
2807 1186 2861 1229 tu
2908 1187 3076 1230 autem
3119 1177 3222 1246 ﬁde
3263 1187 3406 1240 stas;
3461 1177 3565 1231 noli
3611 1185 3775 1232 altum

2182 1281 2388 1333 sapere,
2421 1267 2510 1322 sed
2545 1269 2680 1322 time.
2718 1268 2853 1322 Nam
2880 1270 2923 1323 si
2953 1268 3094 1324 Deus
3123 1269 3436 1323 naturalibus
3476 1270 3632 1324 ramis
3671 1287 3774 1324 non

2185 1360 2434 1429 pepercit,
2477 1377 2633 1429 neque
2673 1359 2760 1414 tibi
2799 1370 2968 1431 parcet
2994 1361 3035 1415 ³.
3077 1361 3227 1416 Vides
3268 1379 3387 1432 ergo
3431 1362 3702 1416 bonitatem
3727 1372 3774 1416 et

2183 1449 2490 1502 severitatem
2521 1449 2615 1503 Dei
2640 1467 2659 1504 :
2689 1451 2741 1504 in
2769 1468 2852 1504 eos
2878 1452 3078 1522 quidem
3120 1453 3206 1520 qui
3244 1453 3559 1520 ceciderunt,
3593 1453 3774 1506 sevcri-

2185 1551 2373 1608 tatem;
2404 1544 2455 1596 in
2495 1553 2542 1597 te
2570 1556 2735 1598 autem
2764 1544 3072 1612 bonitatem,
3101 1546 3143 1599 si
3174 1548 3508 1615 permanseris
3543 1547 3597 1599 in
3626 1545 3774 1599 boni-

2185 1643 2287 1688 tate
2312 1649 2331 1688 :
2357 1635 2582 1706 alioquin
2617 1647 2663 1690 et
2693 1646 2745 1689 tu
2775 1637 3024 1692 excideris
3043 1680 3056 1703 ,
3086 1647 3130 1692 et
3156 1639 3233 1692 illi
3270 1639 3314 1693 si
3355 1655 3457 1693 non
3487 1639 3777 1710 permanse-

2183 1728 2284 1781 rint
2309 1729 2362 1782 in
2399 1729 2784 1797 incredulitate,
2816 1731 3116 1784 inserantur.
3151 1730 3340 1786 Potens
3368 1742 3442 1786 est
3482 1733 3614 1786 enim
3643 1732 3777 1788 Deus

2183 1819 2364 1872 iterum
2397 1821 2614 1874 inserere
2638 1821 2773 1876 illos.
2805 1819 2944 1875 Nam
2965 1862 2980 1887 ,
3007 1824 3051 1877 si
3079 1831 3131 1875 tu
3160 1839 3222 1878 ea;
3253 1824 3479 1889 naturali
3506 1825 3699 1879 incisus
3727 1839 3778 1879 es

2184 1913 2430 1978 oleastro,
2467 1923 2513 1966 et
2541 1923 2714 1967 contra
2752 1925 2988 1968 naturam
3026 1916 3241 1971 insertus
3279 1932 3330 1971 es
3365 1917 3418 1971 in
3455 1917 3639 1971 bonam
3675 1919 3777 1971 oli-

2184 2020 2341 2066 vam;
2381 2015 2568 2074 quanto
2611 2006 2770 2076 magis
2798 2006 2874 2060 illi
2914 2008 2999 2073 qui
3039 2007 3316 2062 secundum
3358 2018 3595 2063 naturam
3636 2018 3776 2076 sunt,

2185 2095 2471 2150 inscrentur
2495 2114 2602 2152 suae
2626 2099 2772 2153 oliva:
2792 2099 2818 2152 ?
2847 2098 2986 2153 Nolo
3012 2100 3145 2153 enim
3172 2117 3258 2154 vos
3281 2102 3536 2172 ignorare,
3569 2103 3775 2171 fratres,

2185 2200 2552 2244 sacramentum
2595 2191 2723 2257 hoc,
2769 2201 2821 2246 ut
2862 2208 2963 2246 non
3006 2193 3116 2247 sitis
3154 2192 3290 2247 vobis
3331 2193 3612 2263 sapientes,
3659 2196 3780 2264 quia

2187 2283 2384 2338 ctecitas
2419 2301 2482 2338 ex
2519 2294 2664 2355 parte
2702 2285 2755 2338 in
2786 2283 2952 2340 Israel
2992 2286 3274 2354 [acta-est,
3318 2286 3477 2340 donec
3519 2285 3780 2355 plenitudo

2189 2374 2422 2429 Gentium
2461 2376 2706 2443 intraret,
2735 2388 2783 2430 et
2826 2377 2900 2431 sic
2944 2377 3107 2431 omnis
3146 2376 3312 2431 Israel
3358 2378 3525 2432 salvus
3569 2379 3709 2446 ﬁeret
3733 2377 3778 2445 ⁵,

2185 2467 2316 2520 sicut
2339 2467 2585 2536 scriptum
2614 2477 2686 2522 est
2717 2483 2737 2522 :
2758 2467 2930 2523 Veniet
2957 2485 3020 2522 ea:
3040 2470 3168 2523 Sion
3194 2469 3277 2539 qui
3303 2471 3487 2540 eripiat
3514 2480 3560 2522 et
3586 2477 3783 2524 avertat

2186 2560 2491 2628 impietatem
2519 2561 2580 2614 ab
2617 2559 2819 2628 Iacob;
2862 2571 2909 2614 et
2949 2561 3041 2616 hoc
3086 2563 3190 2616 illis
3218 2579 3249 2615 a
3288 2579 3367 2616 me
3406 2573 3780 2630 testamentum,

2187 2667 2298 2703 cum
2337 2650 2589 2706 abstulero
2633 2663 2839 2722 peccata
2886 2670 3056 2707 eorum
3085 2651 3196 2726 (Id.
3229 2671 3283 2708 XI
3304 2695 3322 2720 ,
3352 2655 3577 2728 15-27).
3610 2657 3794 2713 Nimis.

2187 2742 2399 2813 longum
2429 2753 2510 2799 est
2547 2753 2738 2800 cuncta
2768 2760 3102 2815 percurrere,
3135 2747 3217 2802 vel
3245 2749 3383 2803 sicut
3411 2764 3511 2820 per
3536 2750 3785 2820 Scriptu-

2189 2850 2276 2887 ras
2297 2835 2613 2906 apostolicas
2639 2838 2834 2909 ubique
2855 2853 3039 2908 Sparsa
3066 2851 3211 2906 sunt,
3234 2857 3296 2896 ea
3325 2843 3376 2896 in
3401 2858 3559 2896 unam
3589 2845 3784 2900 faciem

2189 2943 2532 3000 congregare.
2581 2930 2721 2998 Quid
2762 2946 2898 3002 opus
2940 2942 3055 2987 erat
3103 2933 3218 2990 hare
3259 2935 3437 2991 dicere
3476 2934 3785 2992 Gentibus?

2189 3020 2300 3074 Cur
2325 3036 2429 3075 non
2461 3023 2634 3090 potius
2661 3022 2778 3078 sine
2810 3023 2949 3094 Lege
2979 3024 3149 3079 factus
3177 3035 3260 3080 est
3285 3027 3400 3092 eis,
3432 3029 3785 3096 quemadmo-

2189 3112 2314 3166 dum
2341 3123 2493 3168 crant
2522 3114 2595 3168 illi
2620 3115 2737 3171 sine
2765 3115 2907 3186 Lege
2928 3116 2952 3170 ‘t
2977 3115 3086 3172 Cur
3109 3133 3214 3172 non
3244 3123 3419 3190 potius
3445 3120 3575 3176 deos
3597 3137 3782 3178 eorum

2191 3204 2458 3280 laudavit,
2498 3223 2791 3280 eormnque
2820 3210 3082 3266 sacriﬁcia
3113 3213 3454 3283 przcdicavit,
3500 3217 3546 3271 si
3590 3218 3783 3274 etsista

2192 3300 2465 3370 Scriptura
2493 3317 2651 3372 quam
2696 3304 2924 3374 populus
2954 3305 3114 3361 Israel
3157 3309 3398 3378 accepit,
3427 3318 3484 3365 et
3510 3310 3602 3365 illa
3634 3326 3786 3367 sacra

2192 3390 2440 3446 Gentium
2463 3433 2478 3460 ,
2509 3393 2649 3449 sicut
2676 3396 2776 3450 istc
2801 3395 2964 3464 dicit,
3002 3396 3070 3452 ad
3095 3397 3363 3455 da~monia
3402 3401 3787 3472 pertinebant!

2191 3483 2366 3552 Quid,
2409 3485 2549 3556 quod
2589 3486 2750 3542 Deum
2791 3487 2952 3543 Israel
2992 3489 3154 3546 audet
3197 3491 3381 3548 infelix
3420 3493 3630 3559 dicere,
3675 3511 3785 3551 non

2193 3576 2366 3630 solum
2407 3576 2744 3646 daimonem,
2775 3596 2960 3635 verum
2999 3583 3159 3637 etiam
3199 3584 3411 3641 caeteris
3453 3586 3790 3645 daemonibus

2195 3668 2429 3751 pejorem
2455 3669 2521 3724 '?
2559 3671 2669 3726 Cur
2693 3687 2822 3744 ergo
2850 3673 3164 3744 Apostolus,
3194 3678 3284 3747 qui
3310 3679 3559 3734 omnibus
3583 3680 3786 3748 omnia,

2196 3777 2302 3817 non
2331 3763 2697 3820 misericordia
2728 3768 3105 3836 compatiente,
3137 3770 3276 3825 sicut
3306 3772 3504 3828 veritas
3528 3775 3787 3843 ostendit,

2181 3855 2290 3930 sed
2319 3855 2512 3910 astutia
2554 3855 2805 3924 fallente,
2848 3859 2988 3914 sicut
3032 3860 3131 3916 iste
3175 3861 3404 3933 desipit,
3434 3863 3610 3920 factus
3655 3873 3790 3932 erat,

2196 3964 2302 4003 non
2348 3949 2524 4018 potius
2569 3950 2780 4004 illorum
2837 3951 3140 4008 daemonum
3188 3970 3323 4026 quos
3374 3957 3628 4012 colebant
3685 3959 3792 4013 Ro-

2197 4038 2360 4102 mani,
2396 4054 2530 4109 quos
2557 4040 2831 4097 dcemoues
2860 4051 3011 4112 putat
3041 4045 3142 4098 istc
3171 4045 3412 4102 mitiores
3435 4088 3449 4112 ,
3481 4062 3706 4104 servum
3736 4064 3795 4105 se

2197 4146 2318 4187 esse
2357 4131 2631 4196 conﬁnxit,
2676 4141 2732 4187 ut
2777 4134 2929 4190 fieret
2958 4143 3208 4206 tanquam
3238 4137 3314 4192 illi
3333 4180 3348 4207 ,
3377 4154 3442 4194 ac
3475 4140 3554 4194 sic
3582 4155 3682 4196 eos
3711 4142 3794 4196 lu-

2197 4222 2477 4278 crifacerct
2499 4225 2523 4277 ?
3215 4265 3219 4270 ι

2268 4313 2323 4368 5.
2364 4313 2550 4368 Nonne
2597 4315 2721 4369 item
2767 4314 2896 4370 dicit
2937 4317 3003 4371 ad
3048 4318 3309 4390 Ephesios
3343 4339 3358 4376 :
3397 4321 3618 4394 Propter
3644 4324 3788 4395 quod

2198 4421 2442 4460 memores
2503 4407 2649 4472 estis,
2702 4409 2820 4477 quia
2874 4425 2960 4464 vos
3027 4413 3230 4482 quando
3286 4413 3467 4470 Gentes
3525 4419 3686 4473 eratis
3744 4417 3800 4472 in

2199 4517 2351 4555 carne
2374 4542 2388 4565 ,
2419 4503 2506 4571 qui
2533 4502 2759 4556 dicimini
2788 4505 3090 4575 prceputium
3112 4548 3128 4575 ,
3169 4508 3232 4562 ab
3257 4525 3316 4563 ea
3339 4526 3453 4581 quae
3479 4511 3672 4566 dicitur
3701 4514 3800 4566 cir-

2199 4593 2437 4647 cumcisio
2475 4593 2527 4647 in
2569 4611 2721 4649 carne
2749 4613 2902 4651 ntanu
2941 4599 3116 4668 facta;
3158 4602 3244 4671 qui
3269 4603 3421 4658 cratis
3446 4604 3536 4658 illo
3581 4606 3639 4660 in
3672 4615 3800 4661 tent-

2200 4701 2321 4755 pore
2347 4686 2453 4739 sine
2479 4683 2700 4753 Christo,
2717 4689 2923 4742 alienati
2950 4707 2982 4744 a
3002 4693 3233 4748 societate
3253 4693 3438 4760 Israel,
3466 4705 3513 4750 et
3537 4701 3804 4771 peregrini

2201 4786 2606 4831 testamentorum
2650 4789 2696 4834 et
2743 4783 3111 4851 promissionis,
3158 4802 3299 4856 spem
3326 4805 3427 4842 non
3455 4789 3722 4860 habentes,
3760 4802 3804 4848 et

2200 4871 2307 4924 sine
2335 4870 2438 4924 Dea
2473 4873 2525 4926 in
2563 4873 2657 4926 hoc
2692 4876 2879 4929 mundo
2920 4892 2939 4931 :
2967 4894 3101 4932 nunc
3129 4890 3299 4935 autem
3339 4883 3394 4936 in
3423 4883 3632 4940 Christo
3671 4886 3801 4941 Jesu

2201 4978 2309 5029 vos,
2338 4963 2424 5032 qui
2449 4963 2721 5034 aliquando
2741 4969 2892 5022 eratis
2920 4970 3087 5040 longe,
3115 4973 3239 5041 facti
3258 4975 3374 5029 estis
3403 4993 3560 5046 prope
3585 4979 3644 5031 in
3685 4996 3806 5032 san-

2202 5055 2354 5126 guine
2375 5055 2580 5111 Christi.
2624 5056 2651 5110 l
2659 5075 2745 5128 pse
2781 5069 2853 5114 est
2877 5063 3010 5115 enim
3037 5080 3140 5133 paa:
3163 5076 3354 5130 nostra,
3387 5069 3472 5137 qui
3499 5071 3624 5140 fecit
3655 5082 3807 5124 utra-

2202 5164 2300 5218 que
2325 5165 2502 5214 unum,
2535 5158 2582 5203 et
2606 5151 2822 5204 medium
2853 5154 3093 5222 parietem
3119 5158 3351 5212 maceria:
3379 5159 3596 5226 solvens,
3626 5161 3792 5215 iniuri-

2204 5243 2372 5296 citiam
2413 5243 2467 5296 in
2515 5261 2665 5298 carne
2707 5261 2820 5311 sua,
2865 5244 3051 5318 Legem
3090 5235 3443 5306 mandatorum
3487 5255 3540 5308 in
3587 5255 3812 5313 decretis

2174 5381 2176 5383 .
2204 5350 2448 5388 evacuans
2470 5335 2511 5400 θ,
2534 5343 2586 5388 ut
2613 5336 2738 5391 duos
2759 5338 2993 5392 conderet
3015 5340 3067 5393 in
3093 5357 3146 5395 se
3165 5342 3219 5396 in
3240 5359 3395 5398 unum
3423 5361 3605 5399 novum
3638 5347 3810 5401 homi-

2269 5448 2286 5478 ί
2321 5452 2388 5510 tta
2412 5455 2517 5498 Mss.
2545 5455 2600 5499 At.
2621 5449 2757 5510 editi,
2779 5450 3035 5503 ctuouam't.

2268 5511 2290 5540 ³
2323 5509 2459 5581 Editi,
2483 5523 2533 5581 in
2557 5509 2911 5581 incredulitate.
2957 5516 3208 5581 Particula,
3233 5517 3303 5580 in,
3344 5521 3530 5572 abesta
3551 5529 3667 5574 Mss.
3707 5529 3763 5575 et
3781 5535 3813 5576 tl

2205 5585 2367 5636 graeco
2392 5579 2532 5621 textu
2559 5573 2780 5636 apostoli.

2269 5634 2290 5711 ξ
2321 5635 2394 5711 sic
2409 5634 2607 5711 uisis.-
2626 5636 2759 5711 edjti,
2786 5649 2846 5711 ne
2863 5638 2989 5711 forte
3010 5652 3098 5711 nec
3122 5641 3210 5711 tibi
3229 5652 3414 5706 parcat.

2266 5694 2290 5767 ξ
2323 5695 2640 5767 Plures-Mss"
2666 5694 2766 5767 ﬁet.
2791 5694 3108 5767 Quidamalii,
3134 5694 3239 5767 ﬁat:

2269 5757 2291 5822 ξ
2324 5760 2631 5822 antiquiores
2651 5757 2860 5818 codices,
2881 5757 3218 5817 crudeliorem.

2271 5819 2293 5852 ο
2324 5819 2463 5884 aditi;
2501 5830 2672 5886 Legem
2707 5824 3047 5878 mandatorum
3083 5829 3292 5882 decretis
3320 5845 3554 5885 evacuans
3578 5845 3601 5886 :
3627 5839 3818 5891 omissa
