4094 6464
325 404 426 464 οιι

323 537 460 587 item,
509 517 700 591 faciens
738 531 934 588 pacem,
984 521 1041 568 ut
1085 517 1414 568 commutaret
1441 515 1674 574 utrosque
1715 506 1770 561 in
1809 523 1910 560 uno

322 629 536 682 corpore
565 611 694 678 Deo,
731 627 822 681 per
858 624 1056 663 crucem
1081 605 1386 675 interficiens
1420 601 1712 656 inimicitias
1752 600 1806 652 in
1831 614 1913 652 se-

323 715 541 776 metipso
569 719 589 757 :
624 711 669 756 et
689 701 889 756 veniens
915 697 1272 768 euangelizavit
1300 709 1474 765 pacem
1497 690 1632 746 vobis
1651 689 1736 760 qui
1763 689 1915 743 eratis

321 800 492 869 longe,
521 805 568 850 et
594 810 768 866 pacem
787 793 868 847 his
889 791 977 862 qui
1001 804 1191 860 prope;
1219 787 1340 858 quia
1365 803 1454 858 per
1481 785 1651 855 ipsum
1671 782 1914 836 habemus

324 905 581 946 accessum
618 887 764 941 ambo
804 885 860 939 in
883 899 986 937 uno
1027 881 1210 953 spiritu
1253 879 1321 932 ad
1350 878 1576 932 Patrem.
1619 873 1786 946 Igitur
1805 875 1920 944 jam

325 1001 428 1039 non
455 983 572 1037 estis
593 977 842 1051 peregrini
873 985 920 1032 et
949 973 1188 1046 inquilini
1231 988 1249 1027 :
1288 971 1376 1028 sed
1403 971 1521 1026 estis
1560 969 1687 1022 cives
1713 975 1916 1021 sancto-

325 1091 444 1130 rum
467 1083 514 1128 et
543 1069 800 1128 domestici
837 1066 936 1124 Dei
959 1109 972 1134 ,
1006 1064 1394 1137 supermdiﬁcati
1423 1078 1582 1131 supra
1611 1059 1917 1132 fundamen-

325 1174 434 1219 tum
451 1159 812 1234 Apostolorum
831 1169 878 1215 et
909 1157 1306 1227 Prophetarum,
1330 1155 1442 1224 ipso
1467 1168 1662 1208 summo
1682 1149 1922 1224 angulari

324 1253 498 1326 lapide
525 1254 766 1308 existente
790 1251 988 1307 Christo
1008 1247 1045 1302 1
1047 1265 1134 1304 esu
1159 1246 1378 1318 (Ephes.
1419 1261 1477 1308 tt,
1509 1242 1698 1314 11-20)
1715 1241 1738 1295 ?
1769 1241 1920 1296 Dicat

323 1345 426 1402 iste
449 1344 814 1416 blasphemus,
839 1339 1108 1413 quomodo
1138 1353 1305 1410 prope
1327 1336 1456 1392 dicit
1481 1336 1724 1390 inventos
1747 1334 1920 1390 lsrae-

324 1437 470 1504 litas,
520 1437 613 1507 qui
649 1435 860 1508 pejori,
907 1430 1360 1504 quemadmodum
1412 1428 1767 1500 blasphemat,
1812 1427 1922 1482 dae-

325 1529 470 1586 moni
499 1529 827 1595 serviebant,
855 1537 910 1582 et
937 1527 1094 1596 longe
1119 1531 1274 1580 erant
1297 1521 1518 1588 Gentes,
1547 1538 1665 1594 qua:
1695 1520 1920 1575 mitiori-

325 1623 428 1680 bus
488 1622 826 1678 dtemo‘nibus
893 1619 1121 1676 subditae
1167 1616 1413 1672 fuerant?
1460 1615 1738 1684 Quomodo
1794 1614 1923 1669 dicit

323 1714 587 1770 alienatos
611 1713 776 1768 fuisse
798 1727 830 1767 a
851 1712 1106 1767 societate
1133 1708 1297 1766 Israel
1325 1717 1380 1764 et
1413 1707 1724 1779 peregrinos
1754 1713 1920 1762 testa-

324 1815 635 1862 mentorum
664 1815 720 1860 et
750 1804 1139 1875 promissionis,
1182 1801 1396 1873 quando
1432 1811 1585 1856 erant
1621 1816 1773 1872 spem
1815 1815 1920 1856 non

324 1899 609 1966 habentes,
651 1907 706 1954 et
731 1898 847 1954 sine
875 1899 985 1952 Deo
1029 1897 1082 1952 in
1121 1895 1225 1951 hoc
1264 1894 1486 1963 mundo,
1529 1895 1571 1950 si
1621 1894 1783 1949 lsrael
1813 1908 1918 1949 non

325 1989 418 2044 Dei
447 1990 466 2019 ³
497 1988 726 2059 populus
751 1988 904 2043 erat?
943 1986 1142 2043 Contra
1175 1987 1332 2042 istam
1356 1986 1538 2040 tubam
1572 1985 1920 2040 clarissimam

325 2089 380 2136 et
410 2080 916 2136 excellentissimam
943 2080 1183 2135 veritatis
1213 2081 1557 2151 perstrepitat
1598 2067 1812 2148 'atque
1839 2078 1921 2132 in-

326 2173 496 2228 sultat
528 2173 746 2228 insanus
769 2215 785 2240 ,
812 2172 998 2228 dicens
1042 2172 1098 2227 in
1140 2171 1388 2242 personis
1411 2171 1644 2241 quinque
1683 2171 1920 2225 locutum

324 2263 667 2334 Apostolum,
705 2271 765 2319 ut
801 2263 936 2320 alias
966 2261 988 2293 ³
1021 2277 1088 2319 ex
1114 2263 1234 2318 aliis
1275 2262 1521 2328 falleret,
1565 2261 1814 2332 ﬁngendo
1858 2276 1918 2318 se

327 2368 450 2410 esse
473 2354 620 2424 quod
647 2369 756 2410 non
790 2363 906 2411 erat
949 2371 964 2408 :
1003 2369 1125 2410 cum
1164 2353 1342 2409 videat
1364 2369 1485 2409 eum
1517 2354 1778 2410 Gentibus
1802 2371 1920 2425 quae

325 2445 486 2516 longe
531 2447 743 2502 fuerant
778 2462 808 2500 a
861 2447 974 2502 Deo
1007 2445 1386 2508 lsraelitarum,
1428 2445 1677 2500 eumdem
1725 2446 1915 2512 Deum,

325 2537 576 2591 eamdem
601 2537 820 2607 Legem,
845 2536 1064 2592 eosdem
1095 2535 1412 2607 Prophetas,
1443 2535 1782 2590 Testamenta
1827 2551 1920 2590 ea-

323 2627 450 2682 dem
476 2627 786 2696 praedicare.
811 2626 942 2693 Quis
965 2626 1033 2682 de
1064 2626 1306 2697 angulari
1329 2626 1501 2696 lapide
1530 2627 1678 2697 prior
1705 2626 1914 2682 locutus

324 2717 455 2774 est?
485 2716 675 2772 Nonne
699 2718 960 2788 propheta
983 2717 1186 2788 Spiritu
1214 2718 1304 2772 Dei
1335 2718 1542 2787 plenus,
1567 2733 1724 2787 quem
1751 2719 1922 2788 pestis

325 2811 432 2867 ista
466 2811 489 2842 ⁸
511 2811 882 2882 hlasphcmat?
902 2811 992 2867 Ait
1015 2811 1156 2866 enim
1183 2827 1196 2863 :
1231 2810 1365 2864 Ecce
1389 2827 1520 2882 pono
1549 2812 1604 2865 in
1631 2811 1759 2866 Sion
1786 2812 1922 2882 lapi-

327 2904 447 2958 dem
497 2905 816 2976 angularem,
851 2905 1084 2972 electum,
1126 2905 1434 2974 pretiosum;
1465 2913 1511 2958 et
1535 2906 1620 2975 qui
1655 2905 1923 2960 crediderit

324 2996 380 3049 in
424 3012 558 3062 eum,
603 3012 704 3049 non
733 2995 984 3050 erubescet
1023 2994 1180 3067 (lsai.
1213 3011 1402 3062 xxvnt,
1449 2995 1561 3064 16).
1592 2995 1744 3063 Quod
1777 2996 1925 3052 testi-

325 3088 570 3142 monium
597 3088 1040 3143 commemoravit
1080 3097 1135 3143 et
1158 3088 1434 3158 apostolus
1459 3087 1647 3142 Petrus
1677 3087 1811 3160 (Act.
1841 3104 1920 3156 tv,

327 3182 420 3246 ll,
447 3190 496 3234 et
533 3180 554 3235 l
593 3179 738 3234 Petr.
762 3195 821 3248 ιι,
850 3179 1000 3250 6-8).
1048 3179 1234 3235 Nonne
1263 3179 1416 3249 prius
1441 3179 1492 3233 in
1525 3172 1738 3233 Psalmo
1761 3179 1924 3249 perti-

329 3279 497 3326 nente
526 3271 591 3326 ad
631 3271 863 3326 Litteras
907 3285 1087 3325 sacras
1125 3271 1306 3341 p0puli
1351 3270 1547 3342 prioris
1571 3269 1768 3326 dictum
1796 3280 1877 3326 est
1908 3290 1922 3326 :

325 3361 578 3434 Lapidem
594 3379 742 3432 quem
757 3361 1150 3432 reprobaverunt
1166 3362 1495 3430 wdi/icantes,
1514 3362 1594 3415 hic
1611 3365 1772 3433 factus
1787 3371 1860 3416 est
1873 3362 1924 3416 in

326 3465 482 3526 caput
506 3453 680 3525 anguli
709 3452 877 3524 (Psal.
911 3468 1076 3516 cxvu,
1106 3451 1240 3523 ειη
1271 3453 1362 3508 llis
1382 3453 1524 3508 enim
1552 3453 1770 3508 Litteris
1799 3469 1922 3508 eru-

325 3543 472 3600 ditus
499 3543 698 3598 Paulus
720 3543 998 3614 apostolus
1019 3544 1214 3613 posuit,
1257 3543 1399 3613 quod
1426 3544 1586 3613 paulo
1615 3552 1739 3598 ante
1777 3559 1925 3600 com-

327 3635 660 3700 memoravi,
693 3636 804 3704 ipso
829 3651 1024 3690 summo
1053 3634 1289 3705 angulari
1318 3634 1488 3703 lapide
1513 3633 1748 3688 existente
1774 3633 1925 3688 Chri-

326 3733 409 3780 sto
461 3723 608 3779 Jesu.
661 3724 815 3781 Unde
867 3725 980 3795 ipse
1027 3725 1280 3780 Dominus
1333 3723 1578 3790 Judteos,
1631 3725 1683 3778 in
1737 3724 1927 3794 quibus

328 3815 546 3870 caecitas
601 3829 664 3870 ex
717 3823 868 3884 parte
924 3814 1061 3870 facta
1109 3823 1210 3881 est,
1261 3815 1516 3882 convicit,
1573 3815 1928 3884 conlusosque

329 3905 587 3970 rddidit,
615 3904 799 3961 dicens
833 3923 846 3958 :
889 3905 1156 3978 Numquid
1185 3906 1373 3976 legistis
1407 3907 1460 3960 in
1488 3905 1787 3977 Scripturis,
1819 3904 1927 3958 La-

331 3997 506 4068 pidem
531 4014 673 4067 quem
702 3997 1092 4067 reprobaverunt
1119 3999 1446 4067 mdiﬁcantes,
1478 3997 1558 4050 hic
1585 4001 1751 4068 [actus
1782 4005 1853 4050 est
1875 3997 1930 4050 in

331 4097 494 4158 caput
515 4088 719 4158 anguli;
753 4105 786 4142 a
811 4088 1028 4142 Domino
1051 4091 1240 4160 factum
1265 4099 1337 4143 est
1357 4088 1511 4154 istud,
1537 4097 1582 4143 et
1602 4097 1674 4142 est
1699 4087 1931 4142 mirabile

331 4180 390 4232 in
422 4179 579 4232 oculis
612 4179 794 4233 nostris
822 4177 1036 4250 (Matth.
1081 4196 1190 4246 xxx,
1221 4180 1360 4252 42)?
1405 4180 1532 4235 Huic
1579 4195 1708 4251 ergo
1751 4181 1928 4235 omnia

335 4268 669 4324 mendaciter
695 4269 938 4325 Christus
967 4285 1032 4325 ex
1063 4267 1204 4340 Lege
1227 4286 1290 4326 ac
1321 4271 1619 4341 PrOphetis,
1660 4272 1930 4328 mendaci-

336 4369 424 4417 ter
451 4361 692 4430 Apostoli
721 4361 1083 4432 proferebant,
1123 4363 1260 4418 sicut
1290 4363 1392 4418 iste
1424 4363 1778 4433 blasphemat,
1807 4365 1930 4434 quia

333 4451 582 4506 videlicet
610 4452 802 4508 inﬁrmi
829 4453 1061 4508 nondum
1086 4462 1331 4522 poterant
1359 4454 1582 4508 solidam
1611 4469 1803 4523 capere
1833 4471 1927 4510 ve-

335 4543 592 4599 ritatem?
637 4543 784 4598 Itane
826 4558 1000 4600 caecus
1040 4544 1250 4614 ignorat
1277 4543 1416 4614 quod
1457 4543 1596 4598 aliud
1628 4545 1696 4598 sit
1726 4545 1930 4601 nutrire

335 4637 612 4708 parvulos,
641 4636 784 4692 aliud
804 4635 1049 4706 decipere
1069 4635 1352 4702 credulos;
1383 4634 1526 4690 aliud
1551 4635 1695 4691 alere
1721 4645 1784 4691 ut
1806 4652 1928 4692 cre-

337 4737 496 4784 scant
517 4771 532 4795 ,
563 4728 708 4783 aliud
747 4743 906 4798 agere
933 4743 1002 4783 ne
1026 4727 1242 4782 vivant?
1280 4726 1427 4782 Talia
1458 4728 1650 4797 quippe
1677 4710 1776 4783 iste
1801 4727 1934 4782 dicit

335 4835 406 4876 ac
432 4821 596 4876 sentit
623 4819 692 4874 de
724 4819 830 4874 Deo
870 4818 1028 4888 Legis
1068 4825 1124 4873 et
1161 4817 1570 4888 Prophetarum,
1616 4833 1678 4871 ac
1703 4817 1770 4874 de
1801 4819 1934 4887 ipsis

337 4915 562 4968 omnino
587 4912 802 4966 Litteris
822 4953 836 4976 ,
865 4920 925 4965 ut
953 4911 1246 4966 secundum
1277 4911 1396 4982 ejus
1425 4911 1743 4966 sententiam
1771 4925 1928 4981 quam

337 5003 410 5058 de
439 5003 546 5056 illis
576 5003 752 5066 habet,
785 5002 996 5071 quando
1027 5001 1264 5071 Apostoli
1291 5001 1649 5071 prtedicabaut
1668 5001 1935 5056 credenti-

339 5095 443 5150 bus
471 5095 631 5164 Legis
655 5103 711 5148 et
725 5093 1113 5164 Pr0pbetarum
1139 5094 1328 5159 Deum,
1350 5103 1401 5148 et
1433 5093 1821 5147 conﬁrmabant
1841 5109 1936 5148 au-

339 5187 652 5244 ctoritatem
697 5187 884 5242 talium
927 5185 1344 5256 Scripturarum,
1373 5199 1482 5239 non
1525 5184 1607 5239 lac
1645 5185 1934 5254 potandum

337 5357 602 5422 particula,
628 5356 700 5418 in,
723 5369 866 5419 quam
889 5357 969 5406 hic
997 5362 1104 5406 uss.
1143 5367 1317 5406 omnes
1347 5365 1509 5418 graeco
1539 5354 1703 5406 textui
1728 5365 1938 5404 consen-

341 5423 538 5470 tientes
560 5425 934 5482 representant.

411 5483 430 5513 ⁸
464 5483 550 5532 Hic
594 5477 714 5532 e'diti
751 5480 960 5541 addunt,
999 5483 1048 5530 et
1078 5477 1285 5540 Christi;
1318 5477 1445 5541 quod
1468 5490 1497 5526 a
1540 5478 1794 5541 praecipuis
1829 5484 1937 5530 lss.

341 5543 542 5654 “fasto
587 5603 842 5674 pleriquei
862 5609 968 5654 Mss.
984 5673 995 5674 ί
1016 5610 1072 5653 At
1128 5610 1247 5674 Am.,
1309 5600 1940 5674 etneagcel'sissimamhreri-

347 5675 496 5737 tatem
515 5663 790 5737 mistrepit.
815 5673 888 5716 Er.
909 5673 962 5715 et
982 5673 1114 5726 Lov.,
1137 5671 1183 5716 et
1228 5663 1673 5716 excellentissimam
1695 5663 1942 5716 veritatem

705 5788 844 5861 alios.
865 5795 926 5861 .At
947 5798 1075 5852 uss,
1098 5793 1152 5841 ut
1172 5787 1314 5852 alias,
1360 5787 1551 5854 supple,
1571 5799 1815 5854 personas-

421 5851 962 5916 ﬂammatum.

1696 388 1898 447 LIBER
1937 387 2314 448 SECUNDUS.

3511 400 3616 455 642

2030 501 2315 558 videantur
2341 501 2552 558 dedisse
2589 503 2826 575 parvulis
2849 545 2865 572 ,
2905 504 2999 560 sed
3043 521 3328 562 venenum.
3363 509 3513 578 Quod
3549 513 3616 570 de

2027 591 2134 648 illis
2163 593 2404 664 quisquis
2435 593 2625 660 credit,
2653 595 2869 666 desipit,
2899 599 3157 665 vanescit,
3189 599 3402 655 insanit.

2095 686 2150 741 6.
2191 687 2422 758 Ergone,
2469 687 2541 742 ait
2585 687 2814 758 aliquis,
2863 687 3060 745 frustra
3113 691 3244 745 dixit
3296 694 3618 764 Apostolus,

2029 779 2150 836 Non
2183 783 2323 853 potui
2369 783 2506 836 vobis
2543 780 2678 854 loqui
2718 785 2862 854 quasi
2911 786 3298 856 spiritualibus;
3342 789 3430 844 sed
3471 792 3617 859 quasi

2025 873 2312 928 carnalibus
2353 890 2372 926 :
2411 875 2556 944 quasi
2581 877 2802 946 parvulis
2830 877 2884 930 in
2910 877 3130 944 Christo,
3161 881 3239 933 lac
3267 882 3402 935 vobis
3441 894 3617 952 potum

2027 962 2163 1030 dedi,
2209 981 2308 1018 non
2355 982 2519 1019 escam
2540 981 2560 1030 ;
2605 966 2828 1020 nondum
2867 970 2999 1021 enim
3043 973 3281 1041 poteratis
3309 971 3352 1044 (ι
3385 972 3503 1027 Cor.
3537 991 3615 1042 ιιι,

2028 1053 2143 1125 1-2)
2163 1072 2177 1121 ;
2201 1066 2275 1123 et,
2305 1056 2623 1126 Sapientiam
2653 1057 2906 1128 loquimur
2929 1062 3058 1114 inter
3083 1069 3365 1135 perfectos;
3395 1076 3467 1132 et,
3494 1066 3618 1120 Aui-

2026 1148 2175 1201 malis
2221 1150 2370 1202 homo
2402 1165 2502 1202 non
2532 1149 2742 1220 percipit
2781 1167 2892 1221 qute
2930 1163 3045 1206 sunt
3099 1153 3322 1224 Spiritus
3351 1155 3446 1212 Dei
3476 1157 3494 1229 (
3521 1157 3610 1213 Id.

2026 1238 2062 1294 ιι
2082 1282 2098 1308 ,
2131 1241 2185 1308 6,
2229 1241 2358 1312 li)?
2401 1243 2554 1296 Absit
2579 1251 2635 1296 ut
2661 1252 2906 1312 putemus
2933 1261 3054 1298 eum
3083 1246 3310 1302 inaniter
3341 1264 3438 1304 nec
3467 1266 3616 1304 vera-

2027 1334 2162 1391 citer
2193 1335 2291 1390 ista
2313 1334 2534 1390 dixisse.
2567 1335 2831 1405 Numquid
2863 1345 3037 1392 tamen
3067 1338 3184 1394 ideo
3207 1341 3508 1397 credendus
3537 1352 3618 1398 est

2025 1443 2346 1498 quemquam
2387 1428 2487 1482 sibi
2530 1427 2861 1484 credentium
2915 1429 3101 1486 fallere
3147 1433 3416 1488 voluisse?
3458 1434 3615 1490 Dedit

2028 1519 2187 1590 igitur
2218 1519 2451 1589 parvulis
2493 1535 2650 1590 parva
2671 1563 2686 1588 ,
2717 1536 2821 1574 non
2851 1519 3018 1588 falsa;
3047 1523 3214 1578 lactea
3240 1565 3252 1588 ,
3285 1541 3390 1579 non
3419 1527 3612 1594 noxia;

2027 1611 2328 1678 nutritoria,
2359 1626 2464 1666 non
2494 1613 2870 1682 peretnptoria.
2903 1613 3070 1668 Porro
3094 1627 3291 1681 autem,
3325 1617 3372 1670 si
3401 1633 3506 1672 non
3534 1627 3618 1674 est

2026 1717 2213 1758 verum
2253 1703 2392 1774 quod
2434 1703 2527 1768 ait,
2559 1704 2751 1759 Filium
2798 1705 2889 1758 Dei
2934 1705 3227 1760 secundum
3277 1721 3496 1762 carnem
3537 1707 3616 1762 fa-

2029 1805 2174 1852 ctum
2195 1810 2326 1852 .esse
2355 1813 2420 1852 ex
2447 1797 2650 1852 semine
2679 1796 2848 1852 David
2875 1813 2889 1863 ;
2925 1798 2968 1851 si
3015 1813 3120 1851 non
3150 1807 3231 1853 est
3270 1815 3451 1854 verum
3477 1799 3616 1870 quod

2027 1891 2298 1946 naturales
2325 1890 2456 1944 rami
2493 1899 2708 1960 propter
2751 1889 3176 1960 incredulitatem
3209 1889 3361 1944 fracti
3387 1899 3529 1956 sunt,
3563 1901 3620 1946 ut

2027 1980 2083 2036 in
2113 1981 2292 2036 radice
2318 1989 2499 2036 sancta
2531 1980 2888 2036 lsraelitarum
2916 1997 2982 2036 ex
3011 1980 3271 2038 Gentibus
3301 1983 3519 2038 veniens
3545 1983 3613 2037 ii-

2027 2073 2161 2129 delis
2187 2073 2515 2128 insereretur
2543 2073 2772 2127 oleaster
2791 2114 2804 2139 ,
2832 2081 2887 2128 et
2919 2073 3072 2127 ﬁeret
3101 2075 3366 2144 particeps
3393 2075 3614 2144 pingue-

2028 2163 2168 2220 dinis
2195 2163 2356 2232 aleae;
2390 2166 2560 2220 sinon
2587 2175 2710 2219 sunt
2734 2165 2947 2234 eloquia
2975 2165 3087 2231 Dei,
3113 2166 3206 2220 sed
3231 2166 3413 2220 nescio
3442 2165 3614 2236 cujus,

2028 2266 2086 2312 ut
2111 2258 2210 2312 iste
2241 2257 2571 2327 blaspltemat
2591 2298 2606 2323 ,
2639 2257 2856 2326 pessimi
2887 2255 3178 2322 damonis,
3211 2257 3280 2312 de
3313 2258 3503 2327 quibus
3531 2258 3613 2311 (li-

2028 2349 2121 2414 cit,
2163 2346 2399 2402 Primum
2427 2349 2630 2419 quidem
2654 2349 2770 2418 quia
2801 2347 2988 2401 credita
3017 2359 3134 2402 sunt
3163 2349 3268 2402 illis
3295 2350 3494 2419 eloquia
3521 2348 3620 2402 Dei

2027 2441 2207 2513 (Rom.
2256 2457 2334 2508 ιιι,
2375 2439 2431 2511 2)
2475 2458 2488 2492 :
2531 2439 2766 2511 proiecto
2790 2441 2880 2510 qui
2908 2439 3023 2494 haec
3053 2441 3284 2510 parvulis
3313 2441 3493 2508 dabat,
3525 2443 3614 2512 qui

2029 2530 2145 2586 haec
2169 2541 2417 2602 tanquam
2445 2546 2569 2586 vera
2596 2531 2938 2602 praedicabat,
2968 2531 3057 2602 qui
3087 2532 3231 2587 credi
3263 2532 3490 2598 volebat,
3524 2532 3621 2587 de-

2028 2623 2172 2680 lebat
2197 2625 2444 2691 miseros,
2478 2640 2584 2680 non
2613 2624 2806 2679 alebat.
2829 2625 2980 2694 Quod
3001 2639 3030 2678 a
3059 2624 3164 2680 ﬁde
3193 2633 3352 2696 atque
3377 2625 3614 2680 doctrina

2027 2719 2297 2774 veracium
2328 2718 2524 2774 Christi
2565 2719 2944 2788 Apostolorum
2979 2719 3229 2789 quoniam
3260 2733 3378 2774 esse
3419 2718 3620 2775 scimus

2028 2811 2281 2876 alienum,
2309 2821 2475 2866 restat
2524 2819 2584 2865 ut
2611 2811 2784 2881 ipsum
2817 2819 3064 2882 tanquam
3096 2820 3302 2881 pestem
3342 2819 3500 2882 atque
3529 2811 3620 2866 ho-

2029 2911 2167 2957 stem
2183 2901 2304 2956 fidei
2327 2902 2630 2957 Christianae
2657 2902 3128 2958 vehementissime
3154 2903 3498 2969 detestemur,
3527 2899 3620 2974 qui

2031 3001 2178 3047 tanta
2207 3002 2506 3049 exczecatur
2535 3002 2589 3049 et
2633 2994 2992 3064 praecipitatur
3016 2993 3246 3047 amentia
3267 3035 3282 3060 ,
3317 3003 3376 3048 ut
3405 3009 3511 3048 non
3539 2993 3621 3048 vi-

2029 3081 2154 3139 deat
2181 3083 2350 3154 ipsum
2380 3084 2568 3139 saltem
2595 3084 2933 3140 Timotheum
2960 3126 2977 3154 ,
3017 3086 3100 3139 cui
3129 3093 3278 3156 putat
3303 3066 3616 3142 auctoritate

2030 3175 2320 3245 apostolica
2346 3173 2508 3231 fuisse
2533 3185 2877 3246 praeceptum,
2910 3183 2969 3230 ut
2994 3185 3244 3246 tanquam
3273 3175 3480 3230 fabulas
3507 3175 3615 3229 ani-

2031 3269 2110 3324 les
2134 3278 2370 3324 veterem
2399 3268 2594 3340 Legem
2623 3269 3023 3339 Propbelasque
3049 3269 3285 3336 devitet,
3327 3269 3394 3324 ab
3434 3267 3624 3322 eodem

2031 3361 2275 3432 apostolo
2305 3376 2408 3416 non
2442 3362 2606 3418 fuisse
2650 3361 2962 3427 fallendum,
2993 3371 3046 3416 et
3078 3362 3130 3415 in
3169 3361 3256 3416 illa
3285 3361 3465 3432 quinta
3495 3375 3619 3430 per-

2031 3450 2292 3507 fectorum
2323 3466 2548 3521 persona
2577 3451 2742 3506 fuisse
2770 3452 3154 3522 deputandum,
3184 3461 3240 3504 ut
3266 3453 3315 3506 ei
3344 3466 3450 3506 non
3473 3467 3625 3506 men-

2033 3545 2235 3602 daciter
2263 3545 2590 3615 loqueretur,
2619 3543 2800 3599 dicens
2830 3561 2842 3597 :
2879 3543 3074 3596 Mentor
3115 3552 3218 3597 esto
3253 3541 3433 3596 Iesum
3471 3542 3622 3597 Chri-

2033 3646 2166 3691 stum
2203 3636 2534 3691 resurrexisse
2556 3652 2587 3688 a
2617 3635 2825 3688 mortuis
2851 3651 2912 3688 ea:
2937 3635 3123 3688 semine
3147 3631 3316 3686 David
3342 3632 3618 3686 secundum

2034 3725 2367 3797 Evangelium
2395 3742 2559 3779 meum
2590 3725 2656 3795 (ll
2681 3723 2812 3778 Tim.
2842 3741 2900 3792 tt,
2922 3724 3003 3794 8).
3035 3723 3090 3780 Si
3115 3724 3261 3778 enim
3289 3722 3531 3778 Christus
3557 3739 3623 3778 ex

2035 3819 2241 3874 semine
2279 3817 2445 3872 David
2495 3815 2689 3872 fabulis
2717 3815 2947 3871 anilibus
2975 3813 3318 3886 pr-.cdicatur,
3354 3814 3625 3884 quomodo

2035 3927 2126 3967 eas
2155 3909 2371 3982 jubetur
2409 3910 2512 3965 iste
2552 3909 2809 3974 devitarc,
2846 3907 3036 3979 quibus
3071 3907 3288 3977 jubetur
3317 3905 3628 3962 memoriter

2036 4003 2295 4059 credere?
2341 4002 2397 4058 Si
2423 4011 2600 4058 autem
2629 4001 2874 4056 Christus
2901 4017 2965 4056 ex
2996 4001 3200 4056 semine
3227 4000 3392 4054 David
3421 4001 3626 4055 veraci-

2037 4103 2119 4149 ter
2145 4094 2498 4164 praadicatur;
2530 4093 2603 4148 ibi
2643 4103 2726 4148 est
2751 4091 2899 4147 radix
2937 4091 2994 4145 in
3034 4107 3137 4161 qua
3167 4092 3397 4146 oleaster
3435 4090 3626 4145 inseri-

2038 4195 2124 4242 tur
2150 4187 2190 4254 ³,
2219 4201 2319 4242 nec
2343 4187 2510 4241 aniles
2539 4194 2664 4240 sunt
2687 4184 2897 4252 fabulae,
2929 4184 3031 4238 nisi
3057 4192 3252 4254 praeter
3271 4199 3362 4240 eas
3392 4183 3632 4254 Scriptu-

2037 4294 2126 4334 ras
2178 4279 2527 4334 deliramenta
2581 4278 2910 4344 Judazorum,
2959 4277 3025 4332 ad
3078 4292 3196 4332 eam
3243 4293 3401 4346 quam
3437 4287 3632 4334 vocant
3721 4300 3726 4304 ·

2038 4371 2346 4427 deuterosin
2395 4370 2711 4440 pertinentia
2768 4387 2780 4424 :
2830 4384 2935 4424 non
2986 4369 3072 4423 illa
3122 4369 3332 4440 eloquia
3373 4369 3468 4425 Dei
3511 4357 3632 4440 qua:

2038 4463 2240 4518 credita
2265 4469 2392 4516 sunt
2421 4459 2811 4517 circumcisioni
2831 4500 2849 4528 ,
2892 4460 2978 4515 ubi
3006 4461 3165 4515 etiam
3191 4461 3435 4516 carnales
3462 4461 3633 4518 Judaai

2039 4555 2306 4610 Christum
2348 4569 2414 4608 ex
2439 4553 2646 4608 semine
2671 4551 2834 4606 David
2863 4561 3144 4607 venturum
3173 4567 3291 4607 esse
3316 4551 3630 4620 didicerant,

2039 4647 2180 4702 sicut
2206 4643 2553 4715 interroganti
2582 4642 2806 4697 Domino
2835 4641 3226 4712 respondebant
3253 4641 3465 4714 (Matth.
3496 4659 3632 4708 nu,

2041 4735 2160 4810 42),
2209 4736 2452 4807 quamvis
2481 4751 2603 4790 eum
2650 4733 2933 4788 Dominum
2963 4733 3128 4804 ipsius
3157 4733 3343 4800 David,
3389 4749 3495 4788 non
3541 4749 3628 4789 se-

2041 4829 2273 4884 cundum
2302 4843 2538 4893 carnem,
2582 4825 2676 4882 sed
2725 4825 3016 4881 secundum
3063 4824 3395 4880 divinitatem
3433 4825 3632 4879 intelli-

2041 4938 2168 4994 gere
2199 4937 2303 4976 non
2331 4921 2607 4984 valerent;
2655 4929 2940 4990 utrumque
2979 4928 3155 4972 tamen
3184 4925 3266 4971 est
3299 4919 3352 4971 in
3382 4916 3487 4971 illis
3517 4917 3633 4970 elo-

2043 5015 2203 5085 quiis,
2243 5023 2296 5068 et
2325 5011 2463 5083 quod
2502 5011 2812 5078 credebant,
2851 5021 2906 5066 et
2942 5009 3083 5080 quod
3111 5025 3214 5063 non
3248 5009 3634 5079 iutelligebant,

2044 5115 2135 5170 et,
2180 5103 2256 5157 De
2295 5103 2464 5172 fructu
2500 5103 2684 5156 ventris
2731 5103 2806 5155 tui
2851 5117 3039 5171 ponam
3094 5116 3246 5169 super
3283 5101 3450 5154 sedent
3496 5110 3634 5154 tuam

2045 5195 2213 5267 (Psal.
2252 5209 2441 5260 cxxxr,
2484 5193 2596 5266 ll),
2645 5203 2862 5264 prOpter
2890 5191 3160 5246 Christum
3193 5204 3260 5244 ex
3292 5191 3496 5245 semine
3525 5191 3632 5245 Da-

2046 5287 2132 5340 vid
2157 5303 2172 5352 ;
2217 5295 2292 5352 et,
2335 5286 2473 5341 Dixit
2501 5285 2749 5339 Dominus
2777 5283 2995 5336 Domino
3027 5299 3156 5347 meo,
3207 5281 3342 5336 Sede
3369 5281 3437 5335 ad
3461 5282 3635 5338 dexte-

2005 5431 2010 5434 .
2045 5396 2158 5433 ram
2177 5395 2338 5433 nteant
2363 5378 2536 5452 (Psal.
2565 5393 2672 5445 etx,
2699 5374 2777 5449 l),
2795 5383 3013 5446 propter
3031 5373 3324 5444 Christum,
3349 5376 3632 5434 Dominum

2047 5475 2208 5530 etiam
2237 5473 2402 5543 ipsius
2432 5471 2618 5527 David.

2121 5567 2172 5620 7.
2215 5565 2360 5621 llanc
2387 5581 2512 5618 vero
2545 5562 2805 5618 fallaciter
2831 5560 3042 5616 dicebat
3069 5563 3355 5631 Apostolus
3384 5579 3394 5616 :
3435 5563 3632 5619 Verita-

2051 5671 2148 5714 tem
2172 5661 2285 5714 dico
2311 5661 2363 5714 in
2384 5657 2603 5722 Christo,
2633 5673 2732 5711 non
2762 5656 2995 5722 mentior,
3019 5665 3324 5712 contestante
3349 5656 3475 5711 mihi
3506 5673 3630 5712 con-

2115 5794 2133 5826 ι
2165 5791 2672 5864 ιηειιεελιραιιιμώὶ
2691 5798 2764 5847 est
2784 5792 2934 5846 radix
2953 5792 3007 5849 in
3027 5793 3346 5860 qua‘otcaster
3359 5791 3634 5850 exseritur!

2053 5863 2148 5912 Nec
2168 5853 2318 5908 miles
2339 5859 2468 5918 sinu,
2492 5853 2589 5926 etc.
