4028 6472
519 428 624 485 645

517 541 726 599 scientia
764 556 876 594 mea
918 539 970 592 in
1016 539 1211 607 Spiritu
1258 542 1448 598 sancto,
1494 532 1610 600 quia
1640 530 1843 584 tristitia
1883 539 1955 581 est
1986 528 2110 581 mihi

516 652 722 710 magna,
769 641 814 687 et
850 632 1118 686 continuus
1153 628 1298 700 dolor
1331 626 1470 686 cordi
1496 641 1606 678 meo
1645 639 1664 678 .°
1706 623 1941 692 aptabant
1980 625 2110 675 enim

515 747 607 804 ego
634 734 742 800 ipse
767 727 1034 780 anathema
1061 739 1164 777 esse
1193 740 1223 774 a
1249 721 1446 775 Christo
1479 736 1568 789 pro
1597 717 1836 790 fratribus
1867 716 1989 769 meis
2017 732 2106 768 co-

516 822 682 892 gnatis
707 817 979 874 secundm
1002 831 1221 878 carnem,
1246 814 1332 882 qui
1353 820 1466 865 sunt
1495 810 1764 876 Israelilw,
1793 826 2005 880 quorum
2035 816 2106 862 est

514 915 741 986 adoptio,
790 921 835 965 et
861 911 1044 982 gloria,
1077 918 1122 962 et
1171 917 1486 973 testamenta,
1535 916 1581 960 et
1609 905 1757 976 Legis
1794 903 2102 968 constitutio,

514 1016 562 1060 et
617 1005 940 1077 obsequium,
994 1013 1040 1057 et
1091 1002 1492 1072 promissiones;
1541 1017 1755 1072 quorum
1803 1007 2008 1069 patres,
2062 1004 2108 1050 et

515 1115 577 1152 ea:
621 1099 799 1168 quibus
848 1095 1076 1150 Christus
1124 1095 1397 1148 secundum
1443 1109 1665 1158 carnem,
1706 1091 1792 1162 qui
1840 1099 1912 1144 est
1953 1106 2106 1159 super

513 1190 684 1243 omnia
731 1187 867 1242 Deus
913 1187 1196 1244 benedictus
1243 1187 1296 1238 in
1342 1184 1556 1249 stecula,
1605 1185 1764 1236 Amen
1811 1181 1983 1253 (Rom.
2027 1197 2103 1246 1x,

520 1281 676 1351 l-S)?
704 1279 992 1334 Yeritatem
1021 1292 1080 1332 se
1111 1277 1292 1331 dicere
1321 1276 1513 1331 clamat
1540 1273 1825 1344 Apostolus
1853 1275 1902 1326 in
1935 1273 2106 1340 capite

517 1373 738 1446 hujusce
765 1371 1064 1436 sententiae,
1103 1368 1285 1424 ethoc
1342 1369 1394 1422 in
1447 1366 1661 1422 Christo
1714 1365 1804 1435 qui
1855 1373 1935 1419 est
1990 1365 2103 1434 ipsa

515 1465 731 1531 veritas,
773 1471 1106 1518 eontestante
1145 1461 1244 1515 sibi
1292 1458 1616 1515 conscientia
1668 1471 1762 1511 sua
1809 1458 1860 1510 in
1905 1454 2106 1524 Spiritu

514 1565 742 1624 Sancto,
784 1570 1008 1626 eamque
1046 1551 1362 1607 sententiam
1406 1565 1500 1620 per
1547 1550 1707 1603 Amen
1749 1547 2015 1603 concludit
2052 1546 2104 1600 in

514 1646 620 1718 ﬁne
648 1664 660 1699 :
690 1655 745 1702 et
773 1644 904 1700 dicit
942 1645 1041 1698 iste
1067 1685 1081 1710 ,
1112 1642 1228 1697 Non
1258 1649 1381 1698 sunt
1405 1657 1529 1695 vera
1559 1656 1676 1710 qua;
1707 1640 1792 1695 hic
1821 1638 2106 1710 Apostolus

514 1739 764 1814 loquitur,
797 1737 930 1791 fallit
955 1735 1212 1800 inﬁrmos,
1242 1735 1364 1804 quia
1394 1749 1501 1789 non
1530 1742 1755 1804 possunt
1781 1747 1972 1802 capere
2002 1747 2101 1786 ve-

515 1831 724 1885 ritatem
752 1846 765 1895 ;
816 1828 1068 1900 parvulos
1098 1827 1417 1881 vanitatibus
1444 1826 1626 1892 lactat,
1653 1834 1708 1880 et
1748 1825 2104 1880 esurientibus

513 1922 635 1976 ﬁliis
660 1920 1041 1980 diabolicorum
1069 1917 1468 1974 mendaciorum
1498 1917 1644 1970 virus
1672 1916 1902 1970 infundit
1923 1926 1974 1969 nt
2005 1932 2103 1970 nu-

518 2015 658 2070 triat.
701 2012 745 2069 Ο
772 2021 1077 2084 portentum
1110 2028 1214 2065 non
1248 2011 1420 2065 solum
1447 2026 1477 2064 a
1503 2009 1924 2064 Christianorum
1956 2010 2100 2062 auri-

513 2107 636 2174 bus,
688 2122 870 2164 verum
915 2105 1075 2160 etiam
1121 2120 1148 2157 a
1199 2103 1395 2159 ﬁnibus
1433 2102 1713 2158 christiani
1740 2104 1884 2157 orbis
1911 2118 2102 2183 arcen-

510 2198 663 2253 dum!
693 2197 938 2253 Hmccine
963 2197 1208 2269 adoptio,
1243 2196 1357 2250 haec
1381 2195 1548 2266 gloria
1568 2238 1581 2261 ,
1608 2195 1722 2250 lucc
1764 2205 2094 2260 testamenta,

509 2293 624 2348 haec
647 2292 804 2366 Legis
833 2291 1162 2358 constitutio,
1191 2289 1292 2344 hoc
1319 2288 1653 2360 obsequium,
1685 2288 1765 2342 hae
1792 2289 2102 2357 promissio-

509 2401 626 2454 nes,
661 2384 714 2439 hi
739 2395 921 2456 patres
950 2400 1016 2452 ex
1047 2383 1238 2456 quibus
1263 2383 1508 2438 Christus
1539 2380 1830 2436 secundum
1860 2396 2098 2447 carnem,

507 2477 598 2548 qui
627 2485 710 2544 est
751 2492 912 2548 super
941 2476 1120 2548 omnia
1147 2477 1290 2551 Deus
1322 2475 1632 2549 benedictus
1665 2475 1716 2528 in
1757 2475 1973 2542 srecula,
2017 2474 2100 2528 fa-

505 2571 644 2634 bulae
693 2579 820 2626 sunt
869 2569 1076 2644 aniles?
1119 2569 1271 2655 Quod
1313 2569 1532 2639 jubetur
1571 2567 1844 2646 [praecipue
1895 2577 2098 2640 tenere,

505 2662 597 2734 qui
649 2662 867 2739 jubetur
919 2649 1156 2718 devitarc
1220 2651 1421 2738 fabulas
1470 2661 1678 2735 aniles,
1735 2651 1934 2734 tabula:
1975 2669 2101 2716 sunt

504 2755 674 2828 aniles
695 2755 718 2809 ?

571 2845 632 2914 .8.
675 2843 780 2899 Sed
826 2843 952 2914 quid
980 2844 1175 2899 mirum
1206 2845 1250 2918 si
1284 2850 1425 2916 tanta
1455 2843 1726 2916 impietate
1755 2843 1975 2910 delirat,
2009 2843 2098 2914 qui

506 2935 665 3010 Legis
693 2936 948 3004 vultesse
993 2936 1326 3002 destructor;
1355 2935 1403 2994 si
1429 2933 1687 3006 quosdam
1719 2934 1856 2988 idem
1885 2943 2099 3005 aposto-

506 3029 591 3092 lus
620 3027 750 3094 dicit
780 3028 1021 3103 volentes
1064 3042 1183 3082 esse
1225 3027 1404 3097 Legis,
1442 3043 1547 3086 non
1577 3025 1957 3090 destructores,
1997 3026 2096 3099 sed

503 3120 772 3194 doctores,
802 3136 910 3184 non
936 3119 1232 3192 intelligere
1257 3133 1429 3190 neque
1451 3133 1569 3189 quas
1591 3117 1899 3188 loquuntur,
1924 3132 2096 3186 neque

503 3213 571 3270 de
595 3215 786 3285 quibus
813 3211 1111 3284 afﬁrmant?
1141 3211 1337 3284 Verum
1384 3226 1481 3265 nos
1527 3211 1655 3265 illud
1698 3211 1839 3282 quod
1886 3221 2098 3266 secutus

504 3289 786 3376 adjunxit,
829 3305 1092 3380 adversus
1145 3312 1398 3375 utrosque
1466 3313 1763 3368 teneamus.
1832 3302 2098 3359 Continuo

504 3397 701 3470 quippe
729 3412 798 3470 ne
824 3396 942 3469 quis
971 3395 1304 3471 existimaret
1349 3395 1470 3450 ideo
1508 3395 1628 3470 illos
1659 3410 1764 3450 non
1795 3395 2096 3473 intelligere

504 3504 623 3559 qua:
648 3489 942 3560 loquuntur
961 3530 976 3556 ,
1004 3504 1178 3560 neque
1203 3488 1269 3544 de
1299 3489 1493 3559 quibus
1522 3487 1808 3551 affirmant,
1843 3488 2095 3560 quoniam

503 3581 635 3658 legis
662 3583 817 3646 malae
854 3582 1042 3648 volunt
1070 3597 1192 3637 esse
1216 3581 1467 3652 doctores
1499 3598 1509 3632 :
1545 3581 1746 3638 Scimus
1775 3589 1941 3634 autem
1967 3622 1982 3646 ,
2014 3581 2094 3635 in-

501 3674 648 3743 quit,
699 3673 817 3748 quia
857 3672 989 3726 bona
1035 3672 1145 3728 Lex
1183 3682 1274 3747 est,
1326 3673 1370 3725 si
1417 3673 1529 3740 quis
1569 3688 1626 3725 ea
1665 3673 1881 3744 legitime
1923 3681 2097 3727 utatur

503 3763 549 3832 (l
583 3763 712 3838 Tim.
759 3780 796 3828 ι,
829 3765 882 3832 7,
927 3763 1002 3835 8).
1049 3763 1174 3834 Hinc
1203 3764 1466 3839 sententia
1505 3771 1566 3838 et
1609 3762 1728 3820 illos
1768 3763 1961 3819 refutat
2004 3764 2095 3835 qui

501 3855 641 3930 Lege
663 3864 882 3928 utuntur
903 3855 1065 3935 unde,
1087 3863 1141 3930 et
1163 3871 1253 3931 eos
1275 3857 1361 3935 qui
1391 3854 1531 3922 illam
1554 3854 1844 3930 ,opinantur
1873 3856 2090 3922 malam.

503 3949 673 4019 Porro
699 3949 742 4012 si
775 3950 909 4020 bona
938 3933 1166 4020 est,'qua
1190 3933 1463 4016 dementia
1487 3959 1711 4020 negatur
1734 3951 1874 4005 Deus
1896 3951 2089 4024 bonus,

503 4040 593 4110 qui
625 4040 770 4094 dedit
796 4040 992 4118 Legem
1022 4039 1258 4113 bonam?
1287 4040 1417 4105 Qua:
1443 4048 1618 4110 potest
1647 4040 1814 4096 videri
1844 4042 2093 4102 sufﬁcere

502 4131 775 4210 damnatio
803 4132 884 4202 his
911 4131 1250 4210 hominibus,
1299 4132 1390 4202 qui
1416 4131 1614 4203 Legem
1643 4148 1800 4206 quam
1846 4134 1922 4188 sic
1954 4133 2095 4204 Apo-

505 4223 674 4301 stolus
704 4222 916 4292 laudat,
959 4221 1184 4296 anilium
1223 4219 1525 4298 fabularum
1557 4223 1773 4277 nomine
1802 4224 2094 4298 accusant?

505 4322 561 4369 et
598 4313 698 4369 hoc
727 4328 786 4369 se
809 4314 1115 4368 existimant
1156 4313 1330 4387 facere
1376 4313 1616 4384 ejusdem
1650 4315 1902 4384 Epistolae
1945 4318 2095 4374 testi.-

504 4405 724 4485 monio,
756 4405 842 4459 ubi
869 4421 985 4459 eam
1025 4405 1102 4458 sic
1138 4404 1425 4478 Apestolus
1450 4405 1627 4460 laudat
1649 4422 1672 4478 ,ε
1704 4405 1942 4462 volentes
1973 4423 2095 4464 esse

506 4497 702 4575 Legis,
755 4513 860 4562 non
918 4497 1167 4568 doctores
1197 4539 1211 4564 ,
1279 4497 1373 4572 sed
1425 4497 1931 4572 blaSphematores,
1987 4517 2094 4576 non

507 4589 852 4664 intelligendo
896 4605 1014 4664 quae
1043 4589 1363 4668 loquantur,
1415 4605 1590 4661 neque
1615 4590 1681 4668 de
1728 4590 1922 4661 quibus
1951 4591 2096 4648 afﬁr-

504 4689 652 4738 ment
673 4673 696 4735 ?
1747 4675 1749 4678 ’

574 4772 800 4842 CAPUT
829 4769 917 4846 lli,
954 4801 1028 4815 -—
1069 4771 1122 4829 9.
1157 4772 1264 4832 Sed
1288 4772 1398 4842 ﬁeri
1421 4788 1521 4848 non
1546 4773 1725 4842 potuit,
1768 4772 1957 4842 inquit,
1987 4779 2097 4827 uta

504 4867 805 4924 Iudaeorum
855 4867 1122 4937 PrOphetis
1173 4865 1454 4940 Saluatoris
1504 4863 1663 4918 nostri
1709 4865 2096 4918 annuntiaretur

507 4961 766 5030 adventus.
795 4957 902 5014 Cur
940 4958 1053 5012 ﬁeri
1083 4974 1187 5024 non
1219 4957 1560 5029 ptotuit,.cum
1602 4955 1746 5029 dicat
1782 4955 2092 5024 Apostolus,

509 5052 642 5126 Quia
686 5051 874 5105 credita
899 5058 1011 5104 sunt
1047 5049 1150 5103 illis
1177 5047 1374 5116 eloquia
1399 5046 1496 5100 Dei
1525 5047 1699 5120 (Rom.
1741 5063 1818 5112 tu,
1845 5047 1948 5120 2)?
1990 5047 2096 5102 Sed

504 5153 620 5198 ante
645 5142 925 5214 Saluatoris
963 5143 1252 5214 adventum,
1295 5140 1486 5210 inquit,
1529 5139 1762 5210 Spiritus
1801 5151 2008 5194 sanctus
2037 5158 2096 5194 ac

506 5233 707 5290 divinus
748 5249 847 5290 non
873 5243 978 5288 erat
1009 5248 1159 5306 super
1191 5240 1394 5286 terram.
1425 5230 1537 5286 lloc
1563 5232 1789 5299 vanitas,
1821 5247 1927 5287 non
1958 5233 2097 5288 veri-

508 5332 589 5379 tas
620 5325 872 5400 loquitur.
912 5323 1044 5388 Nam
1076 5339 1181 5392 quo
1212 5324 1311 5398 nisi
1338 5322 1540 5393 Spiritu
1580 5333 1765 5384 sancto
1795 5321 2095 5394 Prophetas

507 5431 635 5471 suos
665 5416 920 5470 Dominus
946 5416 1224 5487 implevit,
1257 5415 1322 5470 de
1354 5415 1546 5486 quibus
1568 5415 1621 5471 in
1650 5414 1906 5485 Epistula}
1933 5431 2094 5470 exor-

509 5508 600 5564 dio
629 5507 830 5561 dictum
861 5516 942 5561 est
977 5507 1044 5562 ad
1086 5507 1375 5571 Romanos,
1410 5507 1550 5577 quod
1589 5515 1642 5560 et
1679 5522 1838 5576 supra
1869 5522 2098 5562 comme-

509 5602 708 5655 morari
742 5619 756 5653 :
785 5598 982 5653 Paulus
1006 5617 1173 5655 servus
1199 5599 1384 5654 Christi
1419 5598 1564 5664 Jesu,
1591 5609 1792 5653 vocatus
1814 5601 2092 5669 apostolus,

506 5703 796 5766 segregatus
833 5694 885 5748 in
925 5691 1197 5764 Evangelia
1231 5693 1320 5746 Dei
1340 5734 1353 5756 ,
1387 5693 1520 5763 quod
1545 5703 1661 5745 ante
1687 5693 1982 5763 promiserat
2008 5710 2098 5762 per

509 5787 794 5859 Proyhetas
835 5803 953 5841 suos
981 5787 1032 5840 in
1064 5786 1346 5855 Scripturis
1371 5787 1560 5841 sanctis
1587 5786 1649 5839 de
1673 5785 1812 5840 Filio
1839 5803 1932 5841 suo
1956 5827 1970 5855 ,
2010 5789 2098 5858 qui

504 5887 672 5954 [actus
712 5891 782 5939 est
809 5883 852 5937 ei
877 5899 937 5938 ea:
965 5881 1151 5936 semine
1178 5879 1345 5937 David
1403 5880 1679 5936 secundant
1735 5897 1938 5936 carnem
1966 5882 1984 5952 (
2005 5879 2093 5938 Id.

985 424 1260 481 CONTRA
1298 415 1786 477 ADVERSARIUM
1825 413 2020 470 LEGIS
2060 413 2147 467 ET
2187 412 2720 485 PROPHE’I‘ARUM,
2761 419 2818 475 S.
2858 416 3228 476 AUGUSTINI

3700 421 3808 480 6“.

2219 545 2256 592 ι,
2287 530 2428 602 1-5).
2464 531 2528 585 Ει
2574 531 2672 586 hoc
2721 534 2934 605 quidem
2968 535 3327 590 testimonium
3372 535 3532 591 etiam
3573 537 3676 592 iste
3705 553 3802 609 φο.

2217 622 2337 685 suit,
2389 622 2680 691 prohibens
2710 641 2830 678 eum
2858 625 2924 678 ad
2969 642 3126 695 quem
3165 627 3350 680 scribit
3377 629 3495 681 aliis
3526 629 3802 698 Propbclis

2217 713 2438 768 credere
2464 714 2530 769 de
2557 715 2803 780 Christo,
2835 727 3033 786 printer
3073 718 3190 771 illos
3217 733 3350 787 quos
3371 719 3669 790 Prophetas
3692 723 3802 793 eius

2214 805 2280 859 ad
2312 805 2583 860 Rontzmos
2612 807 2741 861 dicit
2780 809 3069 878 Apostolus
3099 827 3111 863 :
3161 822 3298 878 quos
3328 811 3492 864 credo
3535 829 3643 868 non
3670 813 3807 870 orbi.

2217 906 2386 951 tratur
2431 897 2727 968 Pmphetas
2770 897 2940 955 fuisse
2988 900 3317 956 Iudaeorum.
3370 901 3474 955 Sed
3523 903 3803 971 cujuslibet

2214 1004 2308 1044 eos
2335 989 2502 1044 fuisse
2521 991 2695 1062 gentis
2724 993 2991 1062 opinetur,
3018 1007 3116 1046 cur
3143 991 3215 1046 ibi
3243 1008 3348 1046 non
3377 992 3626 1059 advertit,
3655 993 3802 1058 Quod

2215 1095 2330 1138 ante
2367 1087 2666 1156 promiserat
2705 1103 2795 1157 per
2843 1086 3130 1156 Prophetas
3172 1089 3332 1141 suos-7
3386 1087 3490 1141 Per
3541 1089 3803 1157 quoslibet

2216 1175 2356 1229 enim
2388 1177 2681 1248 Prophetas
2708 1193 2834 1234 suos
2857 1179 2903 1233 si
2933 1187 3057 1233 ante
3087 1179 3330 1247 promisit
3357 1178 3705 1249 Evangelium
3739 1181 3801 1237 do

2214 1267 2348 1322 Filio
2375 1285 2491 1337 suo,
2517 1271 2640 1340 quid
2667 1281 2748 1326 eSt
2771 1271 2912 1342 quod
2941 1272 3039 1326 iste
3063 1271 3192 1326 dicit
3207 1281 3446 1326 sanetum
3474 1287 3537 1327 ac
3564 1272 3799 1332 divinum

2212 1360 2466 1430 Spiritum
2498 1377 2658 1432 super
2687 1375 2881 1418 terram
2907 1379 3017 1418 non
3048 1363 3212 1419 fuisse
3237 1373 3360 1419 ante
3385 1364 3680 1420 Salvatoris
3709 1366 3800 1420 διι-

2213 1457 2471 1509 ventum?
2499 1457 2564 1510 Et
2590 1467 2766 1511 tamen
2789 1456 2875 1510 isti
2894 1456 3033 1512 unde
3052 1466 3336 1526 potuerunt
3357 1471 3477 1512 esse
3507 1457 3796 1527 prophetas,

2211 1547 2590 1602 annuntiantes
2631 1547 2903 1603 Christum
2945 1563 3009 1603 ex
3054 1549 3261 1603 semine
3306 1548 3469 1602 David
3509 1547 3796 1603 secundum

2211 1655 2448 1705 carnem,
2484 1640 2583 1695 nisi
2633 1641 2785 1711 cujus
2813 1641 2986 1712 gentis
3013 1649 3128 1695 erat
3161 1641 3279 1710 ipse
3320 1640 3510 1705 David,
3553 1641 3624 1696 de
3649 1642 3800 1710 cujus

2211 1731 2415 1786 semine
2437 1729 2678 1787 Christus
2725 1747 2755 1787 a
2798 1730 3082 1802 PrOphetis
3112 1732 3208 1788 Dei
3245 1733 3545 1802 promissus
3570 1743 3658 1789 est
3681 1747 3800 1790 esse

2210 1826 2508 1880 venturus?

2276 1917 2367 1972 10.
2410 1916 2515 1971 Sed
2539 1915 2649 1972 Lex
2671 1958 2686 1985 ,
2718 1917 2925 1988 inquit,
2955 1933 3043 1989 per
3078 1916 3290 1989 Moysen
3331 1917 3453 1972 data
3479 1926 3553 1972 est
3575 1935 3594 1982 ;
3618 1919 3797 1974 ueritas

2208 2019 2374 2063 autem
2399 2026 2431 2063 a
2459 2007 2658 2090 Christo
2686 2009 2811 2065 Jesu
2839 2020 2931 2064 est.
2965 2010 3083 2064 Non
3130 2011 3202 2064 ita
3242 2011 3498 2081 scriptum
3543 2021 3666 2068 est:
3708 2012 3796 2068 sed

2208 2103 2278 2156 ita
2302 2144 2317 2168 ,
2348 2103 2454 2158 Leu:
2484 2121 2571 2173 per
2599 2103 2811 2175 Moysen
2840 2104 2960 2157 data
2989 2113 3097 2170 est;
3125 2103 3288 2175 gratia
3316 2115 3362 2159 et
3383 2105 3564 2159 veritas
3592 2122 3682 2176 per
3707 2106 3794 2159 Je-

2207 2211 2320 2248 sum
2350 2193 2607 2248 Christum
2633 2197 2769 2265 facta
2799 2206 2871 2250 est
2898 2195 3087 2269 (Joan.
3121 2213 3136 2250 ι
3160 2239 3173 2261 ,
3201 2197 3267 2251 l7
3285 2198 3326 2267 ).
3358 2197 3466 2252 Lex
3493 2198 3654 2267 igitur
3677 2199 3795 2253 data

2206 2294 2289 2342 est
2316 2303 2411 2358 per
2441 2288 2656 2359 Moysen
2689 2307 2702 2342 :
2745 2288 2880 2344 facta
2926 2298 3006 2344 est
3050 2299 3226 2344 autem
3266 2290 3432 2360 gratia
3482 2306 3576 2359 per
3615 2291 3794 2346 Iesum

2208 2378 2475 2434 Christum
2502 2422 2516 2444 ,
2545 2395 2664 2435 cum
2694 2395 2791 2450 per
2819 2381 2934 2449 ejus
2961 2379 3215 2449 Spiritum
3245 2380 3504 2436 charitate
3529 2381 3716 2437 diﬁ'usa
3740 2383 3795 2437 in

2205 2470 2454 2526 cordibus
2481 2471 2678 2525 nostris
2705 2472 2724 2540 (
2746 2472 2897 2525 Rom.
2925 2488 2978 2539 v,
3008 2471 3102 2542 5),
3131 2471 3190 2525 ﬁt
3221 2481 3276 2526 ut
3301 2473 3578 2543 quod-Lex
3611 2475 3798 2543 ιιι-ζωι-

2205 2563 2281 2631 pit
2306 2604 2320 2627 ,
2353 2563 2652 2634 impleatur.
2686 2563 2837 2630 Quod
2862 2563 3003 2618 enim
3035 2580 3132 2633 per
3155 2564 3389 2618 litteram
3411 2565 3627 2634 jubetur
3649 2605 3667 2631 ,
3694 2579 3796 2620 non

2204 2653 2378 2724 littera
2403 2694 2417 2718 ,
2452 2654 2545 2709 sed
2577 2654 2778 2725 Spiritu
2809 2654 3078 2724 impletur.
3113 2654 3262 2710 Unde
3309 2655 3438 2709 illud
3481 2656 3622 2725 quod
3667 2656 3797 2711 seri—

2205 2754 2351 2815 ptum
2400 2756 2522 2813 est,
2575 2745 2696 2800 Non
2743 2748 3063 2817 concupisces
3101 2745 3311 2819 (Exod.
3359 2747 3648 2819 11,”);
3707 2761 3797 2818 per

2202 2837 2421 2910 Moysen
2450 2838 2560 2894 Lex
2591 2849 2671 2894 est
2694 2881 2709 2906 ,
2741 2839 2862 2909 quia
2890 2839 3107 2912 jubetur
3135 2859 3146 2893 :
3185 2840 3280 2896 sed
3325 2857 3420 2911 per
3442 2841 3715 2896 Christum
3741 2842 3798 2897 ﬁt

2203 2933 2375 3002 gratia
2401 2972 2416 3000 ,
2451 2932 2663 3002 quando
2692 2933 2830 3003 quod
2856 2933 3074 3003 jubetur
3098 2976 3113 3003 ,
3147 2933 3397 3005 impletur
3423 2952 3436 2987 :
3471 2935 3678 2989 veritas
3705 2950 3797 2989 au-

2203 3031 2309 3078 tem
2340 3023 2480 3078 facta
2509 3033 2590 3078 est
2616 3039 2711 3094 per
2735 3024 3004 3079 Christum
3030 3067 3045 3093 ,
3088 3035 3308 3097 propter
3331 3026 3420 3081 illa
3449 3043 3566 3097 qua:
3589 3027 3645 3081 in
3679 3043 3798 3098 pro—

2203 3116 2382 3186 phetia
2412 3115 2572 3190 Legis
2590 3126 2720 3190 sunt
2749 3118 3009 3187 promissa
3036 3159 3050 3185 ,
3085 3118 3208 3189 quia
3237 3120 3290 3190 in
3318 3119 3531 3175 Christo
3557 3121 3795 3177 eminent

2201 3208 2429 3264 reddita.
2501 3199 2507 3206 ’
3601 3193 3606 3195 ’

2274 3300 2362 3354 Η.
2406 3301 2693 3370 Apostolus
2729 3316 2858 3358 vero
2897 3303 3037 3372 quod
3079 3303 3152 3359 ait
3185 3302 3252 3376 ad
3295 3303 3568 3362 Romanos
3593 3348 3609 3374 ,
3661 3307 3797 3378 Quo—

2201 3391 2350 3444 modo
2386 3391 2685 3446 invocabant
2732 3393 2785 3446 in
2831 3409 2978 3462 quem
3020 3410 3121 3448 non
3167 3395 3648 3451 crediderunt?aut
3675 3416 3798 3468 quo-

2200 3486 2351 3540 modo
2379 3486 2578 3540 credent
2596 3503 2749 3556 quem
2774 3505 2874 3542 non
2903 3489 3218 3544 audierunt?
3243 3489 3308 3546 de
3334 3490 3590 3547 Gentibus
3620 3493 3792 3572 dixit,

2202 3593 2307 3634 non
2335 3578 2403 3650 de
2428 3578 2626 3634 Judteis
2651 3623 2664 3646 ,
2697 3581 2833 3635 sicut
2863 3579 2949 3636 hic
2976 3584 3227 3637 somniat.
3259 3584 3363 3638 Eos
3398 3585 3541 3639 enim
3580 3585 3799 3640 volebat

2199 3671 2444 3728 refellere
2471 3673 2667 3727 Deetor
2691 3673 2938 3730 Gentium
2965 3715 2980 3741 ,
3003 3674 3090 3745 qui
3116 3675 3374 3745 putabant
3394 3677 3539 3752 genti
3566 3685 3800 3732 tantum-

2200 3764 2360 3819 modo
2388 3763 2692 3819 Judmorum
2718 3806 2732 3829 ,
2760 3779 2867 3820 non
2907 3765 3066 3821 etiam
3107 3767 3493 3823 incircumcisis
3536 3768 3800 3824 Gentibus

2202 3857 2546 3929 Evangelium
2588 3857 3005 3928 praedicandum.
3052 3859 3205 3934 Quod
3247 3862 3432 3916 volens
3472 3863 3796 3932 ostendere,

2200 3966 2306 4004 non
2335 3951 2399 4003 ad
2428 3949 2641 4018 Iudaeos
2675 3960 2874 4005 tantum
2898 3993 2914 4019 ,
2946 3951 3040 4008 sed
3067 3935 3132 4007 ad
3170 3968 3357 4009 omnes
3398 3963 3589 4024 gentes
3630 3935 3801 4028 perti-

2199 4057 2327 4097 nere
2353 4083 2366 4106 ,
2400 4044 2546 4114 prius
2573 4043 2749 4114 posuit
2792 4044 3154 4102 testimonium
3197 4045 3264 4100 de
3306 4045 3568 4118 propheta
3595 4089 3611 4115 ,
3643 4047 3801 4101 Erit.

2202 4128 2472 4202 oumisqni
2506 4135 2805 4190 invocaverit
2849 4152 3028 4190 nomen
3069 4127 3314 4206 Domini,
3359 4137 3529 4193 salvus
3572 4140 3717 4194 erit:
3742 4153 3807 4195 ac

2199 4225 2392 4282 deinde
2419 4242 2538 4282 cum
2569 4227 2832 4297 dixisset,
2880 4227 3145 4312 Quomodo
3192 4237 3358 4297 autem
3401 4231 3713 4285 invocabunt
3751 4230 3806 4285 in

2198 4335 2345 4389 quem
2371 4337 2470 4373 non
2502 4309 2992 4393 credideruntfaut
3016 4323 3262 4393 quomodo
3288 4322 3491 4392 credent
3518 4341 3667 4395 quem
3698 4341 3807 4393 non

2199 4413 2515 4467 audierunt?
2541 4416 2794 4468 continuo
2825 4415 3097 4488 subjuuxit
3123 4458 3136 4482 ,
3183 4416 3444 4482 Quomodo
3487 4428 3660 4472 autem
3704 4435 3807 4472 au-

2201 4506 2337 4560 dient
2362 4506 2469 4560 sine
2491 4507 2832 4578 praedicante?
2866 4517 2954 4561 aut
2990 4495 3240 4580 quomodo
3268 4509 3622 4580 prtedicabunt
3643 4553 3663 4584 _,
3688 4509 3810 4586 nisi

2199 4599 2461 4668 mittantur
2487 4599 2503 4668 (
2533 4597 2680 4668 Itoni.
2707 4616 2745 4672 at
2768 4640 2782 4663 ,
2816 4598 2985 4654 12-15
3004 4595 3066 4669 )7
3092 4599 3166 4654 Ita
3196 4599 3428 4656 refutans
3454 4616 3548 4655 eos
3577 4602 3674 4672 qui
3706 4618 3804 4674 ne-

2198 4693 2394 4765 gabant
2420 4689 2486 4744 ad
2513 4691 2913 4764 incircumcisas
2954 4700 3146 4778 gentes
3185 4692 3570 4768 praedicatores
3601 4691 3812 4770 Christi

2197 4797 2320 4854 esse
2349 4783 2654 4854 mittendos.
3797 4783 3802 4788 “

2273 4874 2359 4930 12.
2401 4874 2535 4929 lllud
2564 4889 2773 4948 quoque
2817 4875 2956 4940 sicut
2994 4875 3424 4948 imperitissimus
3459 4890 3567 4930 non
3601 4875 3815 4932 intelli-

2198 4966 2313 5038 git,
2346 4967 2486 5037 quod
2517 4968 2768 5035 scriptum
2797 4978 2880 5044 est
2925 4987 2938 5023 :
2989 4968 3221 5040 Primum
3264 4967 3564 5040 Apostolus,
3622 4969 3818 5026 deinde

2199 5059 2487 5131 Prw/tetas
2518 5060 2576 5130 (Ι
2603 5059 2721 5115 Cor.
2751 5076 2821 5120 xu
2843 5103 2864 5144 ρ
2895 5059 2965 5116 28
2988 5060 3027 5132 ).
3060 5060 3216 5130 Putat
3243 5059 3382 5114 enim
3411 5068 3536 5113 ante
3567 5060 3821 5131 Aposto-

2200 5151 2281 5224 lus
2311 5167 2416 5210 non
2445 5152 2603 5207 fuisse
2624 5151 2918 5225 Prophetas
2943 5193 2958 5217 ,
2987 5151 3233 5226 nesciens
3255 5166 3348 5222 eos
3367 5150 3682 5221 PrOphetas
3708 5152 3820 5206 illic

2200 5252 2647 5298 commemoratos
2672 5258 2792 5298 esse
2832 5244 2899 5298 ab
2945 5243 3204 5313 Apostolo
3233 5283 3248 5306 ,
3295 5243 3383 5313 qui
3427 5251 3550 5313 post
3602 5243 3822 5300 Christi

2193 5334 2485 5400 adventum
2511 5333 2733 5398 [uerunt
2764 5335 2803 5388 ί.
2821 5334 2970 5403 Quos
2996 5333 3085 5404 qui
3107 5335 3217 5390 vult
3241 5349 3400 5400 nosse
3423 5377 3436 5400 ,
3461 5337 3641 5398 Actus
3670 5338 3824 5407 Apo-

2200 5431 2459 5484 stolorum
2491 5429 2669 5502 legat,
2698 5437 2752 5482 et
2778 5428 2903 5483 illud
2927 5428 3070 5500 quod
3095 5430 3170 5483 ait
3195 5429 3261 5484 ad
3283 5429 3597 5484 Corinthios
3627 5474 3644 5498 ,
3685 5429 3799 5486 Pro

2203 5521 2366 5591 phch
2393 5530 2556 5574 autem
2583 5523 2682 5574 duo
2707 5530 2794 5574 aut
2819 5531 2916 5574 tres
2939 5520 3212 5591 loquantur
3253 5520 3270 5594 (
3296 5521 3382 5575 Id.
3417 5538 3528 5587 xw,
3557 5522 3639 5577 29
3661 5526 3714 5596 ).
3763 5524 3826 5596 ξι

2201 5624 2376 5668 autem
2427 5629 2529 5668 non
2577 5614 2786 5668 fuerunt
2830 5614 3110 5684 Propheta:
3155 5623 3278 5669 ante
3329 5615 3624 5682 Apostolus
3654 5657 3670 5683 ,
3728 5617 3826 5686 qui

2202 5717 2354 5764 erant
2381 5708 2452 5761 illi
2485 5722 2578 5777 per
2609 5722 2740 5776 quos
2775 5707 2913 5762 Deus
2951 5716 3066 5759 ante
3097 5706 3339 5776 promisit
3367 5705 3730 5779 Is‘raizgelium
3761 5709 3827 5767 de

2268 5892 2282 5923 ί
2319 5895 2444 5948 Mss.
2469 5886 2549 5951 qui
2570 5893 2674 5950 post
2697 5883 2874 5937 Christi
2894 5884 3149 5937 adventum
3163 5888 3406 5937 tenerwtt.
