4094 6464
1150 314 1263 329 ...ο-ρ
1292 306 1381 319 ’νυν

1091 326 1129 333 ν.

1610 385 1827 453 uoca
1856 321 2241 453 etiamm.

3468 392 3578 469 840

294 523 432 580 Filio
454 538 550 578 suo
574 560 590 589 ,
616 517 706 590 qui
733 519 898 592 fastus
922 514 1065 573 est'ei
1091 530 1154 572 ea
1191 512 1382 572 semine
1413 509 1583 569 David
1598 508 1880 567 secundum
1982 510 2147 571 sunt.
2193 517 2314 575 quae
2359 503 2440 569 sic
2482 500 2726 563 ﬁdem”
2762 503 2982 578 ίιηριβω
3006 546 3023 574 9
3062 513 3125 565 τοι
3162 488 3581 583 “millibus

291 630 497 671 carnem
517 612 539 687 (
561 612 715 670 Rom.
742 627 759 666 ι
787 653 802 677 ,
826 610 864 664 2
884 651 901 676 ,
928 610 965 666 5
988 606 1051 681 )‘l
1074 607 1205 675 Quis
1227 612 1345 662 erat
1384 605 1476 676 qui
1516 602 1650 660 dixit
1679 621 1693 658 :
1719 600 1881 671 Lapi-

290 709 403 763 dem
426 722 577 777 quem
603 703 992 776 reprobaverunt
1017 702 1328 769 aediﬁcantes
1347 740 1361 766 ,
1389 699 1471 753 ltic
1514 701 1680 769 [actus
1717 703 1791 751 est
1830 694 1884 749 in

289 808 442 873 caput
462 798 644 868 anguli
670 795 690 870 (
712 795 859 851 Psal.
886 810 1035 850 cxvu
1059 835 1075 861 ,
1098 793 1175 849 82
1194 792 1249 865 )‘l
1284 791 1416 858 Quis
1442 798 1565 847 erat
1586 788 1678 859 qui
1703 787 1839 857 dixit
1865 803 1879 840 :

292 891 529 947 Thronus
553 898 670 945 tuus
691 929 709 956 ,
733 887 870 942 Deus
892 928 909 955 ,
927 887 986 940 in
1004 886 1247 955 suculam
1265 883 1436 939 seculi
1455 923 1472 952 ,
1492 882 1633 953 virga
1652 879 1888 937 directio-

289 987 368 1042 nis
389 1026 407 1054 ,
434 984 582 1055 virga
607 982 751 1055 regni
777 980 851 1037 tui
881 996 901 1036 :
928 979 1150 1035 dilexisti
1168 978 1426 1049 justitiam
1450 1018 1464 1043 ,
1506 985 1557 1031 et
1593 973 1744 1030 odisti
1784 972 1885 1028 ini-

288 1078 571 1150 rpiitatenr,
600 1083 866 1147 propterea
892 1072 1040 1127 unxit
1076 1081 1125 1127 te
1149 1110 1165 1136 ,
1210 1069 1385 1134 Deus,
1433 1066 1570 1123 Deus
1616 1075 1731 1121 tuus
1773 1065 1884 1120 oleo

290 1169 646 1228 mutationis
674 1183 783 1240 prie
802 1165 1133 1240 participibus
1162 1163 1262 1219 tuis
1286 1160 1478 1235 (Psal.
1509 1175 1657 1227 xuv,
1683 1162 1737 1227 7,
1760 1157 1798 1214 8
1823 1158 1885 1228 )7

291 1260 578 1331 Quomodo
601 1261 741 1318 Deus
763 1299 779 1327 ,
807 1258 960 1329 cujus
982 1256 1207 1312 thronus
1224 1264 1310 1315 est
1330 1255 1384 1309 in
1404 1254 1657 1310 saeculum
1679 1250 1881 1318 sreculi,

289 1354 509 1425 ungitur
534 1367 568 1407 a
595 1353 707 1408 Deo
730 1392 746 1419 ,
774 1349 878 1406 nisi
902 1348 1149 1405 Christus
1174 1347 1331 1404 Jesus
1352 1388 1368 1415 ,
1402 1346 1491 1417 qui
1520 1360 1585 1407 ex
1626 1345 1739 1415 ipsa
1780 1359 1884 1415 un-

288 1446 472 1502 ctione
496 1442 699 1500 Christi
721 1456 917 1509 nomen
944 1440 1193 1511 accepit?
1216 1437 1459 1499 Chrisma
1484 1437 1680 1508 quippe
1704 1434 1884 1493 unctio

288 1546 373 1595 est
394 1578 415 1605 ,
440 1536 687 1593 Christus
713 1541 906 1591 unctus
941 1540 1044 1597 est.
1082 1532 1217 1601 Quis
1255 1538 1371 1588 erat
1408 1530 1501 1602 qui
1542 1527 1715 1595 dixit,
1741 1526 1885 1598 quod

293 1630 408 1701 ipse
432 1628 683 1687 Christus
715 1626 785 1683 dc
823 1641 885 1682 se
926 1632 1152 1691 testatur
1196 1637 1317 1683 csso
1356 1621 1667 1693 prmdictum
1698 1637 1712 1673 :
1739 1618 1884 1681 Dixit

290 1719 545 1776 Dominus
574 1718 796 1775 Domino
841 1734 951 1773 meo
973 1757 990 1785 ,
1039 1714 1176 1773 Sede
1216 1731 1250 1769 a
1291 1715 1485 1773 dextris
1530 1713 1655 1769 meis
1678 1751 1693 1777 ,
1725 1710 1884 1772 donec

288 1828 481 1885 ponam
503 1812 735 1867 mimicas
757 1818 871 1866 tuos
900 1809 993 1865 sub
1021 1806 1232 1880 pedibus
1252 1806 1351 1863 tuis
1373 1806 1484 1864 iEt
1508 1806 1610 1861 hoc
1632 1803 1798 1865 David
1827 1803 1883 1879 in

288 1902 497 1974 Spiritu
523 1902 724 1958 dixisse
764 1900 1048 1957 conﬁrmat
1090 1899 1108 1970 (
1134 1898 1281 1957 Psal.
1314 1911 1399 1952 cxx
1421 1938 1436 1962 ,
1466 1896 1492 1955 i
1522 1912 1537 1961 ;
1566 1894 1731 1957 Mare.
1762 1909 1837 1953 xu
1863 1934 1880 1961 ,

289 1996 360 2054 56
379 1993 423 2069 ),
452 2012 613 2067 quem
640 1994 901 2067 Spiritum
945 2002 1106 2064 negat
1138 1992 1249 2065 istc
1290 1991 1453 2046 fuisse
1494 2004 1657 2061 super
1685 1997 1881 2057 terram

288 2097 414 2145 ante
441 2087 653 2144 Domini
676 2086 985 2143 adventum.
1015 2084 1151 2154 Quid
1174 2092 1259 2141 est
1283 2081 1427 2155 quod
1447 2082 1524 2138 ait
1549 2081 1839 2152 Apostolus
1865 2098 1879 2136 :

289 2180 429 2239 Dicit
456 2189 629 2235 autem
657 2178 826 2235 Isaias
850 2220 865 2247 ,
897 2177 1014 2232 Erit
1037 2177 1190 2233 radio:
1210 2174 1391 2245 Iesse,
1435 2183 1484 2231 et
1529 2175 1616 2246 qui
1651 2181 1882 2245 exsurget

286 2289 502 2344 regnare
526 2273 582 2326 in
609 2272 866 2344 gentibus,
894 2272 949 2325 in
997 2287 1112 2327 eum
1150 2279 1320 2343 gentes
1356 2268 1631 2341 sperabunt
1681 2268 1879 2338 (Rom.

287 2365 489 2433 xv,~l%
510 2364 530 2438 )
552 2365 579 2420 l
601 2366 730 2435 Quis
758 2373 874 2421 erat
904 2363 1139 2435 Spiritus
1167 2363 1259 2435 qui
1288 2379 1387 2435 per
1415 2362 1662 2419 eumdem
1684 2362 1880 2419 lsaiam

286 2466 439 2513 tanto
477 2466 604 2513 ante
635 2456 885 2528 praedixit
915 2473 930 2510 :
982 2454 1090 2511 Iste
1133 2464 1337 2528 peccata
1384 2463 1557 2511 nostra
1599 2463 1767 2524 portat
1789 2495 1805 2521 ,
1833 2462 1883 2521 et

287 2568 383 2621 pro
408 2548 552 2611 nobis
580 2549 716 2604 dolet
738 2557 827 2615 ;et
849 2564 944 2603 nos
970 2548 1253 2619 putavimus
1277 2564 1393 2603 eum
1430 2564 1537 2603 esse
1575 2548 1630 2602 in
1670 2547 1846 2602 dolore
1862 2588 1879 2615 ,

284 2650 333 2697 et
356 2643 415 2696 in
444 2642 599 2713 plaga
621 2683 637 2709 ,
669 2650 717 2696 et
738 2641 794 2695 in
831 2640 1118 2712 aﬂictione.
1154 2639 1281 2712 Ipse
1319 2640 1610 2696 vulneratus
1647 2648 1719 2695 est
1762 2655 1882 2709 pro-

285 2742 398 2805 pter
422 2742 627 2805 peccata
650 2741 827 2788 nostra
850 2773 866 2801 ,
895 2740 943 2788 et
968 2732 1254 2803 infirmatus
1276 2742 1352 2787 est
1373 2742 1577 2804 propter
1596 2732 1881 2803 iniquitates

284 2837 491 2893 nostras
518 2841 538 2881 .'
574 2825 850 2897 disciplina
884 2826 1025 2897 pacis
1064 2835 1250 2893 nostris
1288 2842 1441 2896 super
1475 2842 1626 2892 eum;
1654 2835 1701 2879 et
1728 2825 1883 2880 livore

288 2920 401 2990 ejus
424 2917 596 2973 sanati
614 2933 789 2972 sumus
811 2931 832 2971 :
852 2932 1030 2971 omnes
1050 2916 1197 2986 quasi
1222 2931 1334 2971 oves
1371 2917 1652 2971 erravimus
1669 2958 1684 2983 ,
1729 2916 1880 2971 homo

284 3011 339 3065 in
382 3011 465 3065 via
486 3026 583 3065 sua
624 3010 850 3075 erravit;
888 3018 935 3064 et
978 3008 1230 3064 Dominus
1273 3009 1480 3063 tradidit
1519 3025 1633 3063 eum
1675 3017 1881 3081 propter

283 3102 578 3175 iniquitates
610 3111 832 3156 nostras.
878 3098 951 3155 Et
997 3101 1109 3171 ipse
1142 3108 1354 3170 propter
1405 3100 1725 3172 aﬂlictionem
1777 3116 1879 3155 non

284 3196 489 3268 aperuit
511 3211 569 3250 os
591 3211 612 3251 :
636 3197 769 3251 sicut
790 3196 896 3252 ovis
923 3195 991 3250 ad
1015 3194 1267 3250 victimam
1292 3193 1476 3250 ductus
1511 3202 1617 3262 est,
1667 3202 1715 3249 et
1751 3194 1881 3250 sicut

286 3305 451 3360 agnus
476 3304 652 3343 coram
680 3288 918 3353 tondente
940 3296 1113 3343 mutus
1129 3327 1148 3356 ,
1174 3288 1248 3343 sic
1275 3303 1377 3342 non
1403 3288 1600 3358 aperuit
1627 3303 1683 3342 os
1706 3303 1875 3342 suum.

284 3379 358 3436 In
384 3380 672 3435 humilitate
686 3380 938 3450 judicium
954 3382 1069 3454 ejus
1091 3380 1346 3436 sublatum
1369 3389 1443 3437 est
1466 3396 1488 3437 :
1507 3381 1880 3454 generationem

283 3472 426 3528 illius
450 3473 568 3544 quis
592 3473 847 3528 manabit
865 3475 893 3529 Ρ
912 3474 1033 3545 quia
1057 3474 1264 3529 tolletur
1282 3474 1349 3529 de
1365 3482 1502 3529 terra
1527 3475 1631 3530 vita
1648 3474 1778 3546 ejus.
1802 3473 1879 3533 Ab

284 3566 637 3635 iniquitatibus
662 3568 845 3638 populi
892 3567 990 3622 mei
1028 3566 1210 3623 ductus
1247 3575 1321 3622 est
1364 3567 1435 3623 ad
1468 3577 1680 3637 mortem
1706 3567 1877 3640 (lsai.

287 3671 421 3724 un,
458 3657 566 3719 4-8
589 3658 649 3729 );
692 3666 749 3713 et
782 3668 984 3719 caetera
1023 3673 1142 3729 quae
1181 3668 1467 3717 contexere
1508 3659 1728 3731 lopgum
1773 3668 1875 3717 est.

288 3748 392 3807 tibi
427 3749 591 3807 etiam
637 3748 707 3808 de
732 3748 985 3817 Ecclesia
1034 3757 1183 3807 tanto
1228 3757 1371 3807 ante»
1398 3749 1710 3821 praedictum
1756 3760 1876 3818 est,

286 3840 433 3911 quod
457 3840 527 3898 ah
548 3841 807 3912 Apostolo
834 3842 1062 3913 legimus
1085 3852 1561 3898 commemoratum
1585 3883 1602 3910 ,
1642 3852 1699 3899 et
1739 3857 1882 3899 nunc

282 3932 401 4004 jam
430 3932 674 3990 videmus
696 3934 977 4005 impletum
1010 3953 1024 3990 :
1051 3932 1252 3990 Ltetare
1269 3974 1286 4002 ,
1305 3932 1493 3990 sterilis
1514 3950 1629 3999 qua:
1654 3951 1757 3991 non
1779 3952 1877 4007 pa-

184 4016 195 4021 ’
288 4025 409 4089 ris;
437 4041 644 4098 erumpe
666 4035 715 4081 et
741 4027 970 4097 caelatus
990 4068 1007 4095 ,
1036 4042 1149 4098 qua
1170 4043 1274 4083 non
1302 4027 1525 4097 parturis
1544 4068 1559 4092 ,
1584 4028 1708 4098 quia
1733 4029 1882 4083 multi

285 4115 393 4186 ﬂii
414 4116 622 4187 desertae
647 4120 811 4192 magis
850 4136 1004 4191 quam
1041 4108 1159 4191 ejus
1186 4135 1305 4191 qua
1334 4119 1484 4175 habet
1526 4120 1710 4176 virum.
1738 4121 1882 4176 Dixit

287 4208 426 4267 οπίηι
450 4207 728 4277 Dominus,
752 4210 931 4267 Dilata
950 4212 1116 4267 locum
1144 4211 1454 4283 tabernaculi
1478 4214 1553 4267 tui
1575 4255 1588 4279 ,
1612 4222 1660 4268 et
1683 4213 1881 4269 aulae-

288 4316 407 4357 runt
429 4310 635 4359 tuorum
654 4320 679 4359 :
707 4304 835 4376 ﬁge,
871 4322 935 4361 ne
970 4321 1152 4376 parcas
1174 4348 1191 4372 ,
1234 4307 1472 4376 protende
1511 4304 1768 4379 {articulos
1787 4349 1801 4374 ,
1831 4318 1881 4363 et

289 4393 460 4455 clavos
479 4402 593 4453 tuos
610 4400 842 4469 confqrta
864 4412 886 4462 ,°
902 4397 1071 4452 adhuc
1088 4398 1142 4452 in
1162 4397 1356 4454 dextris
1377 4408 1428 4454 et
1445 4400 1663 4455 sinistris
1684 4402 1843 4455 dilata
1862 4417 1883 4457 :

289 4493 338 4543 α
378 4502 549 4541 sema:
585 4495 727 4542 tuum
767 4488 1038 4559 possidebit
1075 4499 1246 4562 gentes
1268 4528 1286 4557 ,
1325 4500 1371 4546 et
1408 4492 1630 4547 civitates
1660 4493 1884 4557 desertas

289 4579 514 4643 babitari
539 4581 695 4651 facies
717 4583 757 4639 ⁸.
787 4581 914 4641 Noli
963 4584 1136 4643 timere
1157 4626 1172 4652 ,
1203 4585 1325 4657 quia
1363 4590 1580 4658 confusa
1606 4603 1657 4641 es
1669 4603 1691 4654 ;
1729 4603 1885 4659 neque

287 4675 566 4728 reverearis
585 4716 601 4740 ,
624 4675 744 4745 quia
763 4675 1119 4746 exprobratum
1145 4678 1235 4732 tibi
1251 4687 1345 4733 est.
1369 4678 1731 4749 Confusionem
1751 4681 1885 4736 enim

288 4776 538 4825 sternam
561 4765 868 4841 obliviscere}
891 4808 908 4835 ,
931 4778 980 4823 et
1000 4770 1257 4840 opprobrii
1277 4769 1535 4833 viduitatis
1568 4782 1672 4827 tua
1696 4789 1887 4835 memor

289 4873 396 4921 non
418 4858 539 4913 eris.
568 4858 702 4925 Quia
726 4858 975 4921 Dominus
1003 4860 1090 4929 qui
1118 4860 1236 4930 fecit
1263 4870 1312 4915 te
1330 4902 1347 4928 ,
1389 4860 1639 4918 Dominus
1673 4865 1886 4918 sabaotls

288 4966 475 5005 nomen
502 4953 549 5006 ei
561 4969 582 5018 ;
602 4960 650 5005 et
668 4954 755 5023 qui
777 4953 907 5008 eruit
931 4961 978 5007 te
996 4952 1135 5021 Deus
1155 4953 1326 5011 Israel
1348 4997 1365 5024 ,
1397 4954 1533 5011 Deus
1553 4958 1718 5013 omnis
1740 4969 1888 5014 terra!

286 5044 555 5099 vocabitur
576 5043 687 5112 (1d.
718 5061 825 5112 uv,
853 5046 981 5111 L5;
1007 5044 1175 5105 Colat.
1196 5048 1404 5119 ",27).
1427 5048 1558 5117 Quis
1584 5061 1666 5106 est
1685 5052 1773 5121 qui
1800 5050 1885 5106 di-

289 5135 372 5193 xit
390 5153 403 5188 :
420 5133 664 5190 Videbam
676 5136 735 5209 in
750 5138 860 5191 visu
876 5138 1056 5203 noctis,
1076 5147 1127 5193 et
1141 5155 1253 5197 ecce
1266 5156 1382 5193 cum
1398 5141 1609 5196 nubibus
1628 5143 1739 5197 creti
1756 5153 1810 5197 ut
1832 5144 1888 5213 ﬁ.

286 5229 393 5286 lius
414 5226 635 5281 hominis
657 5236 767 5299 erat
784 5230 1018 5297 veniens.
1054 5239 1104 5284 et
1142 5248 1300 5300 usque
1318 5232 1385 5286 ad
1413 5244 1661 5289 vetustum
1690 5234 1887 5290 dierum

288 5318 548 5389 pervenit,
571 5328 619 5373 et
642 5318 699 5373 in
720 5333 990 5391 conspectu
1021 5321 1130 5393 ejus
1148 5324 1395 5394 prwlatus
1415 5334 1488 5378 est
1511 5340 1533 5378 :
1552 5338 1599 5379 et
1620 5326 1719 5396 ipsi
1739 5327 1889 5383 datus

284 5419 370 5465 est
390 5412 736 5483 principatus,
764 5422 812 5466 et
830 5414 1023 5480 honor,
1046 5424 1095 5470 et
1115 5433 1361 5488 regnum;
1389 5427 1437 5471 et
1472 5434 1643 5474 omnes
1669 5421 1847 5491 populi
1870 5462 1884 5485 ,

286 5503 490 5570 tribus,
539 5513 586 5559 et
619 5505 811 5589 lingua
836 5508 934 5577 ipsi
970 5509 1227 5564 servient:
1263 5520 1482 5579 potestas
1525 5494 1633 5584 ejus
1672 5525 1889 5585 potestas

288 5609 566 5668 perpetua,
602 5616 716 5671 qua:
750 5618 850 5656 non
883 5605 1149 5668 transibit,
1189 5614 1235 5659 et
1263 5623 1471 5678 regnum
1502 5609 1610 5677 ejus
1642 5627 1737 5663 non
1772 5627 1885 5664 cor-

280 5691 602 5765 rumpetur(
632 5692 766 5748 Dan.
798 5710 871 5748 vn
897 5738 912 5761 ,
941 5696 1010 5750 15
1032 5737 1047 5763 ,
1076 5697 1144 5753 14
1172 5696 1233 5767 )?
1260 5697 1384 5753 Haec
1409 5708 1462 5754 ot
1487 5700 1589 5755 alia
1618 5701 1781 5755 rnultu
1809 5711 1895 5758 at:

284 5802 406 5860 que
433 5788 714 5849 manifesta
742 5790 811 5846 de
834 5789 1050 5846 Christo
1075 5800 1129 5845 et
1168 5792 1406 5850 Ecclesia
1448 5795 1590 5853 unde
1635 5796 1888 5869 praedicta

362 5902 382 5936 ³
415 5909 620 5956 veteres
639 5903 833 5971 quidam
852 5905 1061 5970 codices,
1081 5904 1251 5970 facias.

1987 598 2313 668 evangelicis
2339 608 2501 670 atque
2527 599 2838 670 apostolicis
2866 600 3085 669 Liter
3111 604 3273 671 etiam
3302 620 3580 676 speramus

1984 690 2259 760 implenda
2282 733 2300 759 ,
2327 693 2374 749 si
2402 692 2633 763 Spiritus
2659 693 2755 750 Dei
2780 702 2906 755 ante
2925 695 3446 767 adventumﬁhristi
3473 716 3579 769 non

1980 783 2090 847 ,l‘uit
2115 800 2279 855 super
2309 793 2547 853 terram;
2576 786 2663 851 uel
2692 786 2738 842 si
2762 801 2794 843 a
2822 787 3104 858 Drophetis
3136 788 3307 859 glsrael
3350 806 3460 857 non
3497 800 3583 857 est

1983 876 2189 936 Citristi
2241 878 2625 947 praenuntiatus
2671 879 2933 945 adventus
2955 921 2970 947 .
3013 881 3156 947 sicut
3192 881 3294 952 duc
3328 882 3538 955 desiuit
3562 926 3579 954 ν

1988 968 2085 1039 qui
2122 964 2388 1033 Christum
2424 970 2669 1042 negando
2700 980 2831 1037 ante
2870 974 3190 1043 tit-missum
3214 1013 3232 1042 ›
3263 960 3375 1045 in!!!
3419 976 3583 1041 habet

1984 1060 2135 1119 unde
2157 1071 2361 1123 asserat
2389 1062 2661 1127 nussum?
2698 1062 2770 1123 Et
2812 1065 3003 1135 unctito
3025 1106 3042 1133 .
3083 1067 3207 1138 quia
3254 1067 3372 1138 ipse
3406 1084 3578 1140 auem

1991 1153 2283 1225 praedicat,
2338 1170 2437 1211 nec
2484 1156 2682 1221 missus
2710 1166 2847 1227 est,
2888 1173 2995 1224 nec
3028 1161 3330 1244 promissus
3350 1180 3374 1225 .:
3408 1179 3580 1223 .verus

1984 1248 2186 1325 quippe
2215 1262 2325 1305 non
2347 1257 2469 1317 est,
2496 1249 2593 1307 sed
2614 1249 2796 1321 ﬁctus.
3342 1295 3352 1304 .

2056 1340 2288 1405 CAPUT
2325 1341 2427 1398 iV.
2456 1373 2528 1383 —
2562 1343 2650 1403 l5.
2695 1342 2814 1401 iam
2857 1343 2985 1407 illud
3026 1360 3133 1411 non
3170 1347 3386 1417 mittor.
3431 1350 3576 1421 quod

1982 1433 2153 1491 homo
2174 1434 2480 1495 ineruditus
2517 1435 2587 1495 de
2624 1436 2911 1507 Prophetis
2954 1438 3259 1507 ludarorum
3300 1442 3580 1503 existimat

1987 1523 2188 1583 dictum
2215 1567 2231 1594 ,
2263 1526 2408 1597 quod
2433 1527 2510 1585 ait
2535 1528 2824 1597 Apostolus
2850 1568 2866 1594 ,
2914 1528 3060 1591 Dixit
3100 1532 3311 1603 quidam
3347 1549 3412 1591 ex
3452 1534 3579 1606 ipsis

1987 1620 2228 1692 proprius
2250 1636 2426 1677 eorum
2451 1622 2701 1693 propheta
2717 1664 2732 1688 ,
2758 1621 3020 1691 Cretenses
3042 1642 3246 1694 semper
3266 1629 3538 1687 mendaces
3560 1671 3576 1699 ,

1984 1712 2138 1767 multa
2164 1710 2365 1779 bestiae,
2395 1722 2590 1771 ventres
2615 1713 2781 1788 pigri;
2822 1714 3167 1781 testimonium
3188 1718 3289 1787 [ioc
3314 1735 3483 1776 verum
3504 1730 3581 1777 est

1989 1801 2011 1875 (
2036 1801 2140 1861 Tit.
2172 1818 2232 1871 ι,
2265 1803 2333 1860 12
2356 1845 2371 1872 ,
2402 1803 2516 1876 15)
2546 1822 2559 1858 :
2602 1806 2855 1879 ignorans
2879 1806 3079 1867 dictum
3108 1823 3231 1883 esse
3250 1809 3323 1868 de
3344 1811 3578 1880 quodam

1985 1894 2303 1967 Epimenide
2328 1937 2342 1962 ,
2383 1897 2477 1968 qui
2510 1897 2783 1956 Cretensis
2820 1897 2961 1965 fuit.
3004 1899 3060 1958 in
3097 1900 3249 1970 cujus
3282 1902 3441 1973 libris
3470 1903 3582 1961 hoc

1984 1987 2258 2049 invenitur
2280 2004 2295 2054 ;
2328 1988 2418 2059 qui
2438 1988 2608 2047 homo
2634 1990 2777 2049 inter
2799 1991 3093 2061 Prophetas
3118 1991 3210 2051 Dei
3234 2008 3346 2051 non
3372 1994 3583 2052 inseni-

1988 2087 2074 2137 tur
2104 2121 2118 2144 ,
2160 2094 2260 2137 nec
2296 2079 2365 2137 ad
2403 2080 2495 2139 illa
2520 2081 2745 2152 eloquia
2770 2082 2876 2141 .Doi
2904 2084 3145 2153 pertinet
3167 2125 3184 2152 ,
3222 2085 3581 2157 amendatis

1985 2168 2116 2229 dicit
2135 2170 2337 2228 credita
2360 2212 2374 2237 ,
2401 2172 2493 2242 qui
2516 2187 2629 2239 non
2652 2174 2930 2241 mentitur.
2954 2174 3086 2236 ideo
3111 2191 3217 2237 non
3243 2193 3577 2238 marmorum

1984 2260 2125 2325 tavit
2146 2263 2434 2339 Apostolus
2460 2279 2654 2335 uomet:
2681 2266 2837 2337 eius.
2880 2265 3023 2327 sicut
3053 2267 3200 2328 solet
3242 2285 3579 2341 commemo-

1985 2372 2108 2421 rarc
2132 2358 2431 2429 PrOphetas
2461 2360 2556 2417 Dei
2579 2360 2867 2431 aliquando
2892 2361 3079 2431 dicens
3104 2404 3121 2430 ,
3156 2364 3309 2425 Sicut
3338 2375 3385 2422 et
3404 2366 3580 2425 David

1986 2449 2107 2503 dicit
2134 2448 2312 2521 (Rom.
2340 2467 2411 2518 tv,
2434 2450 2511 2525 6.)
2544 2469 2558 2518 ;
2580 2451 2752 2509 Isaias
2772 2460 2941 2511 autem
2966 2454 3121 2511 audet
3144 2456 3373 2529 et.dicit(
3398 2456 3488 2514 Id.
3515 2474 3577 2529 ι,

1984 2541 2056 2604 20
2080 2545 2120 2613 ),
2163 2542 2312 2599 Sicut
2347 2553 2396 2600 et
2436 2545 2566 2601 Osee
2601 2544 2726 2607 dicit
2760 2545 2899 2616 (Id.
2936 2562 2997 2613 ιι
3019 2589 3035 2616 ,
3074 2548 3192 2622 αὸι)
3224 2568 3241 2606 :
3278 2550 3366 2607 vel
3405 2552 3579 2610 tacitis

1985 2652 2171 2693 eorum
2210 2637 2516 2694 nominibus
2542 2681 2558 2706 ,
2598 2655 2720 2705 cum
2760 2639 2891 2696 dicit
2915 2683 2932 2707 ,
2994 2640 3142 2698 Sicut
3196 2645 3448 2717 scriptum
3506 2654 3581 2702 est

1985 2725 2124 2797 (ια.
2156 2743 2172 2782 ι
2201 2769 2218 2794 ,
2248 2729 2315 2791 17
2344 2729 2390 2799 );
2416 2740 2473 2787 et
2497 2745 2561 2787 ea
2582 2729 2866 2803 Scriptura
2891 2733 3205 2806 intelligitur
3228 2779 3243 2804 ,
3284 2737 3341 2793 in
3367 2754 3471 2810 qua
3492 2748 3595 2819 ος

1984 2820 2275 2883 auctoritas
2302 2820 2399 2877 Dei
2430 2840 2445 2877 :
2475 2830 2569 2879 aut
2604 2823 2878 2895 euidenter
2906 2826 3085 2882 Deum
3118 2827 3304 2885 dicere
3339 2831 3537 2887 asserit
3558 2873 3575 2901 ,

1984 2924 2106 2977 cum
2144 2912 2360 2983 aliquod
2396 2913 2617 2973 adhibet
2656 2918 3016 2977 testimonium
3054 2920 3125 2991 dp
3158 2920 3307 2993 Lege
3330 2924 3415 2979 vel
3434 2924 3579 2982 Pro-

1983 3004 2160 3075 phetis
2198 3006 2338 3074 Dei,
2379 3008 2539 3077 quale
2576 3017 2659 3065 est
2697 3010 2829 3067 illud
2854 3052 2871 3080 ,
2920 3011 3048 3068 Daci
3084 3014 3344 3080 triturarui
3379 3033 3437 3073 os
3476 3035 3579 3075 non

1983 3095 2279 3169 ﬁrmabis.
2309 3096 2579 3171 Numquid
2607 3101 2669 3159 de
2693 3101 2849 3163 bobus
2868 3143 2884 3169 ,
2922 3104 3101 3176 inquit
3124 3147 3142 3174 ,
3166 3123 3298 3173 curre
3325 3116 3397 3164 est
3418 3108 3582 3167 Deo!

1984 3186 2064 3253 An
2104 3199 2310 3261 propter
2342 3206 2436 3251 nos
2474 3190 2747 3262 Scriptura
2783 3193 2908 3249 dicit
2944 3193 3150 3268 (ιισοτ.
3190 3213 3283 3262 rx,
3324 3199 3392 3267 9,
3432 3201 3582 3274 ων

1983 3281 2273 3345 ostendens
2305 3282 2494 3359 utique
2532 3284 2588 3341 in
2637 3283 2827 3343 eadem
2875 3285 3149 3358 Scriptura
3190 3290 3367 3347 Deum
3415 3293 3580 3365 loqui.

1985 3372 2081 3435 Yel
2101 3373 2278 3437 illud:
2310 3373 2594 3437 Providettt
2620 3386 2787 3435 autem
2816 3377 3089 3450 Scriptura
3109 3423 3126 3446 ,
3150 3383 3270 3454 quia
3290 3401 3354 3440 ex
3375 3386 3480 3454 ﬁde
3491 3386 3583 3458 juo

1982 3468 2170 3537 stiﬁcat
2197 3479 2367 3540 gentes
2401 3469 2545 3526 Deus
2565 3512 2581 3537 ,
2624 3474 2979 3543 pra'nuntiavit
3015 3475 3234 3532 Abrahae
3266 3478 3441 3533 dicens
3462 3520 3478 3546 ,
3512 3479 3583 3545 in

1982 3561 2171 3622 senum
2194 3570 2283 3622 tuo
2307 3560 2662 3620 benedicentur
2696 3580 2869 3623 onum
2901 3574 3069 3636 gentes
3096 3565 3117 3637 (
3147 3565 3316 3637 Optat.
3348 3584 3405 3624 tu
3430 3611 3446 3637 ,
3474 3569 3511 3625 8
3536 3571 3578 3641 ).

1986 3650 2158 3722 ipsam
2184 3651 2516 3723 Scripturam
2543 3670 2640 3724 pro
2662 3655 2774 3729 Deo
2800 3656 3017 3725 posuit,
3042 3657 3178 3728 quia
3212 3658 3310 3715 Dei
3348 3668 3449 3716 est.
3481 3660 3581 3718 Vel

1985 3748 2114 3807 illud
2142 3748 2211 3807 de
2238 3748 2509 3805 Abraham
2536 3788 2555 3815 ,
2583 3747 2652 3805 In
2676 3751 3008 3819 promissione
3028 3793 3046 3819 ,
3078 3752 3254 3822 inquit
3281 3794 3295 3818 ,
3339 3752 3440 3808 Dei
3479 3770 3583 3821 non

1985 3840 2231 3899 limitavit
2258 3840 2635 3913 incredulitate,
2674 3842 2770 3901 sed
2811 3846 3128 3916 confortatus
3162 3854 3237 3903 est
3281 3846 3385 3915 ﬁde
3405 3888 3420 3913 ,
3452 3848 3583 3904 dans

1984 3930 2202 4001 gloriam
2228 3929 2339 3991 Deo
2360 3971 2378 3997 ,
2405 3939 2455 3986 et
2479 3932 2768 4003 plenissime
2792 3934 3002 4007 credens
3026 3935 3149 4005 quia
3167 3952 3284 4007 quae
3302 3939 3577 4008 promisit,

1987 4032 2164 4094 potens
2184 4031 2261 4083 est
2277 4032 2327 4081 et
2351 4022 2519 4095 facere
2544 4024 2563 4095 (
2591 4024 2747 4083 liam.
2777 4040 2855 4093 tv,
2877 4026 2953 4083 9.0
2977 4067 2994 4093 ,
3020 4026 3083 4082 2|
3118 4028 3162 4099 δ.
3188 4027 3392 4085 Contra
3417 4045 3580 4101 quam

1987 4114 2221 4175 diuinam
2246 4122 2303 4175 et
2337 4116 2684 4185 apostolicam
2718 4130 2909 4176 uocem
2936 4160 2953 4186 ,
3000 4118 3153 4176 canis
3197 4120 3300 4176 iste
3338 4122 3582 4179 rabiosus

1988 4206 2259 4269 oblatrans
2283 4247 2298 4273 ,
2328 4220 2492 4269 ausus
2517 4217 2603 4268 est
2626 4208 2806 4279 dicere
2832 4250 2847 4276 ,
2878 4209 3153 4267 Abraham
3181 4212 3291 4267 Deo
3320 4228 3425 4269 suo
3452 4229 3581 4285 pro-

1989 4299 2221 4360 mittenti
2251 4300 2457 4368 prolem
2488 4317 2596 4358 nou
2618 4301 2916 4359 credidisse
2936 4343 2953 4368 ,
2984 4304 3235 4375 ignorans
3269 4306 3399 4367 illud
3438 4307 3583 4378 quod

1988 4390 2063 4449 ait
2090 4434 2106 4461 ,
2140 4391 2200 4447 Si
2223 4391 2347 4447 mibi
2374 4402 2575 4451 centum
2594 4412 2757 4450 annos
2782 4396 2987 4457 [tabenti
3004 4408 3237 4454 nascetur
3256 4400 3395 4469 ﬁlius
3419 4402 3439 4471 (
3452 4401 3583 4457 Gen.

1989 4499 2097 4538 ιιι-ιι
2121 4524 2137 4550 ,
2169 4484 2301 4554 l7),
2343 4484 2659 4553 admirantis
2700 4502 2820 4543 esse
2862 4489 3111 4559 gaudium
3136 4532 3152 4557 ,
3194 4508 3301 4548 non
3341 4492 3588 4550 difﬁden-

1987 4576 2118 4639 tiam
2145 4575 2457 4635 dubitantis.
2487 4578 2581 4636 Vel
2606 4580 2735 4639 illud
2766 4598 2780 4637 :
2807 4580 2929 4638 Non
2950 4592 3112 4654 potest
3131 4586 3362 4653 accidere
3382 4588 3586 4644 verbum

1989 4668 2107 4727 Dei.
2137 4668 2260 4745 Non
2286 4671 2422 4733 enim
2442 4689 2614 4729 omnes
2635 4675 2724 4744 qui
2743 4691 2807 4730 ea:
2829 4674 2998 4732 Israel
3019 4720 3034 4745 ,
3065 4679 3104 4732 ii
3123 4689 3241 4735 sunt
3267 4679 3474 4748 Israel;
3500 4699 3591 4737 nec

1988 4763 2218 4834 qusquis
2235 4772 2355 4823 sunt
2377 4765 2394 4796 ¹
2413 4781 2581 4821 semen
2601 4766 2858 4825 Abraham
2874 4810 2891 4838 ,
2911 4786 3086 4827 omnes
3106 4773 3236 4842 ﬁlii;
3255 4775 3343 4828 sed
3360 4775 3413 4828 in
3432 4773 3589 4829 Isaac

1988 4858 2248 4919 vocabitur
2264 4857 2363 4917 tibi
2387 4876 2556 4916 senten
2575 4876 2597 4915 :
2622 4861 2721 4917 hoc
2749 4872 2822 4925 est
2845 4906 2860 4931 ,
2884 4880 2986 4919 non
3014 4866 3053 4919 ii
3078 4866 3165 4936 qui
3184 4867 3280 4937 ﬁlii
3302 4868 3474 4921 carnis
3489 4909 3507 4934 ,
3532 4868 3590 4922 lsi

1992 4951 2088 5021 ﬁlii
2128 4950 2265 5018 Dei;
2288 4953 2380 5023 sed
2425 4954 2520 5024 ﬁlii
2566 4956 2912 5035 promissionis
2963 4959 3271 5029 deputantur
3320 4959 3375 5015 in
3419 4976 3590 5025 semen

1994 5043 2013 5114 (
2042 5044 2196 5101 Rom.
2226 5061 2277 5111 rx
2300 5086 2317 5112 ,
2345 5044 2442 5102 6-8
2469 5046 2509 5116 ).
2535 5045 2634 5102 Vel
2661 5048 2786 5103 illud
2811 5048 2881 5104 de
2906 5050 3019 5104 Elia
3046 5067 3062 5103 :
3097 5049 3204 5105 Sed
3226 5050 3350 5122 quid
3368 5051 3490 5105 dicit
3510 5053 3590 5117 illi

1992 5152 2289 5208 responsum
2312 5138 2584 5197 divinum?
2618 5140 2819 5212 Bdiqui
2855 5143 2980 5196 mihi
3019 5150 3208 5214 septem
3245 5144 3408 5207 millia
3450 5146 3585 5200 viroo

1992 5248 2108 5286 rum
2127 5274 2141 5296 ,
2164 5232 2250 5301 qui
2266 5249 2370 5287 non
2391 5244 2718 5291 curvavmnt
2737 5251 2902 5305 genua
2919 5246 3038 5290 ante
3058 5234 3190 5290 Baal
3213 5237 3231 5308 (
3255 5235 3341 5291 Id.
3368 5253 3418 5292 xt
3446 5280 3461 5306 ,
3487 5238 3523 5294 4
3543 5241 3589 5310 ).

1990 5324 2090 5385 His
2114 5333 2280 5396 atque
2309 5326 2614 5397 hujusmodi
2644 5326 3079 5383 attestationibus
3108 5329 3199 5383 Dei
3228 5328 3351 5384 boni
3390 5339 3446 5385 et
3477 5332 3591 5387 veri

1994 5435 2116 5476 esse
2138 5419 2445 5491 Scriptores
2471 5421 2588 5476 illas
2612 5462 2627 5487 ,
2666 5436 2799 5491 quas
2826 5422 2928 5477 iste
2953 5421 3289 5492 hlaspltcmat
3312 5466 3326 5491 ,
3373 5437 3593 5495 apostoo~

1990 5513 2095 5569 lica
2123 5515 2463 5569 commendat
2486 5514 2798 5575 auctoritas.
2830 5514 2935 5570 Ubi
2973 5524 3149 5569 mitem
3192 5517 3354 5572 etiam
3391 5518 3591 5589 aliquid

1992 5608 2062 5664 de
2090 5610 2395 5664 auctoribus
2419 5608 2669 5663 Gentium
2706 5608 2839 5663 dicit
2881 5608 3170 5678 Apostolus
3192 5650 3208 5677 ,
3241 5626 3347 5665 non
3378 5626 3470 5667 eos
3494 5627 3591 5681 ap—

1992 5704 2162 5775 pellnt
2208 5702 2508 5772 Prophetas
2567 5701 2697 5766 Dei,
2749 5716 2848 5756 uec
2924 5701 3131 5756 illarum
3202 5705 3586 5773 scripturarum

1988 5795 2167 5853 Deum
2196 5794 2325 5849 dicit
2351 5801 2625 5848 auctorem
2648 5793 2892 5863 quamvis
2920 5793 2992 5848 ibi
3034 5795 3213 5865 aliqua
3260 5808 3386 5850 vera
3422 5809 3589 5865 repe-

2067 5915 2084 5946 ι
2119 5916 2185 5962 Ita
2206 5916 2313 5962 Mss.
2337 5910 2603 5962 secundum
2625 5921 2853 5973 graecum.
2875 5915 2932 5961 At
2954 5908 3089 5973 editi,
3112 5922 3264 5973 neque
3284 5907 3369 5971 qui
3386 5916 3515 5964 siml.
3604 5962 3613 5969 κ
