4094 6448
522 401 625 458 657

524 515 627 570 riat
652 554 665 578 ,
696 511 833 567 sicut
863 508 928 565 de
954 509 1055 564 isto
1082 508 1319 563 Cretensi
1345 507 1416 559 ait
1445 548 1459 571 ,
1503 504 1644 557 Dixit
1677 503 1883 573 quidam
1908 518 1970 556 ea:
1990 500 2114 571 ipsis

528 606 762 676 prOprius
799 618 971 657 eorum
1010 602 1290 672 propheta,
1323 597 1577 651 Cretenses
1621 612 1816 666 semper
1851 594 2115 647 mendaces

527 697 676 769 (Tit.
708 714 725 751 ι
754 740 768 765 ,
814 696 964 767 12);
1008 709 1113 747 ηοη
1157 708 1282 760 ergo
1325 689 1629 745 Judmorum
1688 688 1930 759 pr0prius
1958 728 1972 752 ,
2021 684 2114 740 sed

526 789 858 845 Cretensium
886 802 899 849 ;
930 784 1069 855 quod
1100 785 1279 854 utique
1309 783 1375 837 ad
1402 783 1505 838 hoc
1532 782 1734 837 dictum
1765 790 1848 836 est
1872 820 1885 841 ,
1928 794 1995 833 nc
2022 777 2115 832 Dei

528 883 785 953 propheta
812 885 1107 951 putaretur.
1138 877 1203 931 Et
1229 877 1281 930 in
1322 876 1541 930 Actibus
1578 874 1951 944 Apostolorum
1991 885 2112 924 cum

530 976 837 1045 loqueretur
863 970 1277 1026 Atheniensibus
1304 1010 1319 1035 ,
1348 969 1421 1022 ait
1444 968 1513 1023 de
1542 968 1653 1021 Deo
1684 985 1696 1021 :
1725 965 1791 1018 In
1839 965 1928 1017 illo
1981 963 2113 1016 enim

524 1068 731 1120 vivimus
755 1107 769 1129 ,
802 1074 848 1119 et
870 1079 1125 1117 movemur
1148 1104 1165 1130 ,
1188 1071 1232 1115 et
1256 1078 1427 1116 sumus
1455 1077 1472 1114 :
1493 1060 1621 1113 sicut
1642 1067 1686 1111 et
1705 1058 1910 1126 quidam
1936 1072 2113 1137 secun-

525 1160 644 1213 dum
669 1175 753 1212 vos
782 1156 1016 1211 dixerunt
1045 1154 1063 1227 (
1089 1154 1202 1208 Act.
1238 1169 1347 1207 xvu
1374 1194 1389 1220 ,
1414 1152 1485 1207 28

596 1251 681 1305 14.
717 1248 822 1303 Sed
850 1247 1137 1319 Apostolis,
1169 1246 1368 1315 inquit,
1394 1244 1643 1298 Dominus
1682 1249 1848 1295 noster
1892 1241 2109 1293 interro-

518 1341 749 1414 gantibus
778 1341 841 1394 de
862 1339 1162 1394 Iudaeorum
1203 1338 1472 1407 Prophetis
1506 1335 1627 1406 quid
1663 1334 1835 1389 sentiri
1875 1334 2107 1397 deberet,

515 1434 604 1503 qui
630 1434 689 1486 de
712 1432 926 1485 adventu
953 1432 1060 1501 ejus
1084 1430 1277 1499 aliquid
1303 1429 1536 1483 cecinisse
1558 1427 1611 1480 in
1632 1427 1935 1497 praeteritum
1966 1434 2110 1494 puta-

518 1524 718 1588 bantur,
749 1532 1022 1577 commotus
1049 1523 1173 1575 talia
1199 1537 1280 1575 eos
1310 1520 1459 1573 etiam
1500 1536 1630 1572 nunc
1658 1520 1840 1572 sentire
1858 1558 1872 1584 ,
1902 1534 2111 1586 respon-

518 1617 591 1669 dit
620 1632 637 1669 :
665 1615 938 1669 Dimisistis
977 1616 1141 1668 vivum
1180 1613 1267 1683 qui
1290 1622 1405 1665 ante
1435 1628 1520 1664 vos
1567 1620 1637 1664 est
1668 1653 1681 1676 ,
1719 1620 1765 1663 et
1802 1608 1863 1663 de
1904 1610 2109 1663 mortuis

519 1706 837 1778 fabulamini.
866 1706 1003 1773 Quid
1034 1706 1225 1759 mirum
1257 1701 1714 1775 (quandoquidem
1745 1701 1845 1755 hoc
1871 1703 2110 1756 testimo-

518 1799 665 1853 nium
692 1798 759 1854 de
787 1797 1062 1868 scripturis
1085 1797 1263 1852 nescio
1284 1796 1476 1865 quibus
1502 1794 1821 1866 apocryphis
1847 1792 2102 1863 protulit),

518 1890 657 1945 side
688 1890 968 1959 Prophetis
994 1889 1087 1944 Dei
1125 1889 1250 1943 talia
1296 1888 1667 1941 conﬁnxerunt
1710 1886 1978 1951 haeretici,
2016 1884 2106 1955 qui

516 1983 733 2039 easdem
764 1983 965 2037 litteras
989 1996 1094 2035 non
1118 1980 1418 2050 accipiunt?
1444 1978 1573 2032 Nam
1604 1979 1655 2032 in
1687 1977 1973 2046 Evangelio
2000 1976 2107 2030 Do-

517 2074 693 2129 minus
718 2116 733 2141 ,
762 2073 902 2143 quod
934 2088 1037 2127 non
1066 2080 1148 2127 est
1174 2070 1537 2142 apocryphum
1559 2110 1575 2136 ,
1608 2068 1701 2124 sed
1732 2069 1783 2122 in
1816 2068 1935 2122 luce
1964 2068 2106 2123 veri-

518 2168 639 2223 tatis
667 2170 683 2199 ¹
714 2168 961 2222 omnibus
1009 2175 1192 2221 notum
1219 2207 1233 2231 ,
1281 2164 1442 2219 etiam
1496 2172 1615 2233 post
1657 2164 2104 2243 resurrectionem

514 2260 784 2330 discipulis
815 2258 1080 2313 iu.itinere
1104 2258 1409 2323 comitatus,
1439 2256 1697 2324 incipiens
1725 2270 1753 2307 a
1784 2254 1981 2325 Moyse,
2010 2270 2107 2325 per

514 2368 701 2409 omnes
728 2353 1024 2420 Prophetas
1050 2394 1065 2419 ,
1100 2353 1213 2407 haec
1262 2351 1329 2405 de
1372 2365 1459 2417 se,
1506 2366 1625 2419 qua:
1672 2352 1807 2403 facta
1859 2349 2100 2431 fuerant,

514 2445 766 2514 praedicta
796 2444 1110 2499 monstravit
1133 2445 1152 2513 (
1173 2442 1297 2496 Luc.
1322 2458 1471 2507 xxw,
1500 2441 1568 2494 ‘27
1592 2444 1633 2512 ).

586 2536 672 2592 15.
705 2535 781 2590 De
815 2536 1152 2606 ipso,inquit,
1176 2536 1357 2589 iterum
1383 2536 1585 2605 arguit,
1614 2533 1697 2587 ubi
1720 2534 1838 2587 dicit
1862 2551 1879 2587 :
1903 2553 1921 2585 ι
1951 2534 2103 2589 Multi

512 2627 635 2681 mihi
661 2628 827 2681 dicent
848 2628 900 2680 in
928 2627 1019 2680 illa
1042 2626 1123 2680 die
1147 2642 1166 2679 :
1194 2624 1413 2679 Domine
1434 2667 1448 2692 ,
1478 2625 1532 2678 in
1577 2626 1777 2678 nomine
1798 2636 1881 2679 tuo
1908 2626 2101 2680 daemo-

493 2722 598 2799 δὶα
626 2722 859 2792 ejecimus
879 2763 892 2785 ,
918 2731 961 2774 et
985 2721 1038 2773 in
1061 2720 1259 2773 nomine
1290 2730 1374 2772 tuo
1403 2719 1806 2789 prophetavimus
1823 2760 1837 2783 ,
1865 2729 1911 2773 et
1931 2721 1981 2772 in
2013 2736 2103 2772 no-

512 2813 647 2865 mine
676 2823 758 2865 tuo
788 2812 989 2865 virtutes
1026 2812 1213 2864 multas
1242 2811 1469 2881 fecimus.
1509 2809 1575 2862 Et
1604 2820 1721 2862 tunc
1750 2810 1917 2863 dicam
1954 2811 2056 2864 illis
2082 2828 2101 2866 :

512 2904 749 2959 Recedite
775 2922 805 2957 a
836 2921 939 2971 me,
968 2905 1207 2976 quoniam
1232 2920 1487 2974 nunquam
1520 2919 1606 2957 vos
1634 2904 1754 2957 scivi
1778 2946 1793 2971 ,
1824 2904 1941 2971 quia
1976 2920 2092 2973 ape-

510 2998 610 3051 rati
636 2998 753 3051 estis
781 2996 1095 3066 iniquitatem
1130 3015 1148 3047 ι
1183 2994 1411 3067 (Matth.
1443 3012 1537 3061 vn,
1567 2995 1637 3048 22
1660 3037 1672 3060 ,
1700 2996 1833 3065 25).
1862 2994 2013 3049 Absit
2042 3004 2102 3050 ut

511 3090 612 3145 ista
642 3089 709 3144 de
734 3088 1015 3159 Prophetis
1056 3089 1285 3155 sanctis,
1334 3089 1385 3143 in
1416 3087 1608 3158 quibus
1636 3097 1749 3141 erat
1792 3086 2003 3159 Moyses
2045 3096 2100 3143 et

510 3181 720 3247 caeteri,
766 3180 1020 3235 Dominus
1062 3179 1293 3235 dixerit:
1339 3179 1431 3235 sed
1475 3179 1672 3234 dictum
1704 3178 1869 3234 estde
1900 3179 1965 3235 iis
2010 3178 2100 3248 qui

517 3284 638 3345 post
677 3276 793 3345 ejus
832 3274 1180 3345 Evangelium
1224 3272 1605 3344 praedicatum,
1649 3274 1699 3326 iu
1741 3274 1855 3342 ejus
1884 3273 2099 3328 nomine

511 3368 611 3423 sibi
651 3368 795 3439 loqui
836 3368 1115 3434 videntur,
1155 3368 1457 3422 nescientes
1500 3367 1624 3437 quid
1672 3368 1992 3437 loquantur;
2044 3367 2096 3421 in

509 3459 700 3530 quibus
725 3468 779 3515 et
809 3461 907 3515 iste
932 3460 1033 3515 sibi
1057 3460 1232 3513 locum
1264 3460 1531 3527 periturus
1557 3459 1774 3514 invenit.

584 3554 671 3609 16.
704 3553 836 3608 Illud
872 3568 1083 3625 queque
1121 3553 1195 3606 ait
1230 3552 1429 3607 dixisse
1466 3552 1745 3606 Dominum
1777 3569 1789 3605 :
1831 3551 1945 3623 Ego
1986 3569 2099 3607 sum

506 3650 667 3717 ianua
709 3648 919 3702 ovium:
952 3664 1123 3703 omnes
1162 3647 1251 3701 alii
1281 3655 1517 3716 quotquot
1560 3657 1675 3699 ante
1713 3663 1792 3700 me
1829 3656 2095 3711 venerunt,

510 3741 645 3809 fures
671 3749 786 3792 sunt
814 3748 861 3792 et
882 3738 1250 3793 latrones.Non
1278 3746 1454 3793 autem
1484 3737 1554 3792 ita
1585 3739 1839 3807 scriptum
1870 3748 1951 3793 est
1970 3756 1986 3793 :
2004 3739 2095 3794 sed

508 3832 614 3896 ita,
649 3831 834 3887 Omnes
868 3842 1106 3903 quotquot
1152 3840 1420 3897 venerunt,
1474 3836 1610 3901 fures
1644 3842 1845 3885 sunt'et
1876 3833 2097 3887 latrones

510 3923 707 3991 (Joan.
738 3940 794 3990 x,
816 3925 903 3994 8).
930 3924 1157 3980 Venisse
1182 3925 1379 3994 quippe
1406 3923 1507 3977 hoc
1539 3924 1656 3977 loco
1681 3924 1897 3995 intelligi
1928 3925 2099 3979 voluit

511 4029 605 4070 eos
633 4015 724 4085 qui
758 4016 905 4069 missi
935 4030 1040 4069 non
1084 4014 1344 4069 fuissent:
1393 4030 1528 4084 quos
1569 4016 1740 4084 arguit
1767 4016 1925 4070 etiam
1950 4016 2100 4073 Jere-

510 4106 674 4170 mlas,
710 4108 892 4162 dicens
916 4148 931 4173 ,
977 4105 1104 4160 Haec
1145 4107 1266 4159 dicit
1298 4104 1551 4160 Dominus
1598 4107 1660 4160 de
1710 4106 1983 4177 Prophetis
2012 4110 2099 4179 qui

511 4199 813 4269 praphetant
839 4200 892 4251 in
918 4198 1119 4252 nomine
1140 4214 1247 4251 meo
1268 4240 1283 4264 ,
1313 4209 1358 4251 et
1385 4215 1477 4269 ego
1507 4214 1606 4252 non
1634 4199 1747 4253 misi
1767 4216 1850 4253 eos
1873 4200 2097 4271 (Jerem.

509 4304 601 4344 xw
624 4330 639 4355 ,
670 4287 801 4359 15).
831 4286 913 4343 11Ιί
941 4298 1116 4343 autem
1146 4304 1280 4359 quos
1307 4288 1524 4343 insanus
1552 4288 1651 4344 iste
1676 4289 2007 4359 hlaSphemat
2031 4333 2045 4359 ,
2068 4306 2099 4346 a

509 4380 737 4435 Domino
791 4380 940 4435 missi
988 4389 1156 4449 sunt,
1218 4396 1323 4436 non
1386 4390 1579 4451 sponte
1624 4392 1903 4437 venerunt.
1954 4384 2099 4450 Quos

510 4483 565 4528 et
618 4472 873 4527 Dominus
939 4488 1036 4543 per
1100 4473 1404 4543 parabolam
1467 4474 1721 4544 quidem,
1781 4474 1874 4529 sed
1942 4490 2100 4544 aper-

511 4568 715 4621 tissima
766 4567 1147 4639 signiﬁcatione
1199 4568 1486 4637 declarat,
1550 4569 1639 4644 ubi
1703 4569 1882 4624 dicit:
1933 4569 2101 4623 Aliam

512 4662 807 4732 parabolam
830 4662 1019 4717 audite.
1045 4662 1213 4717 Homo
1242 4673 1349 4717 erat
1375 4664 1743 4735 paterfamilias
1761 4705 1776 4729 ,
1821 4664 1907 4734 qui
1946 4663 2099 4733 plan-

511 4756 630 4808 tavit
676 4756 871 4809 vineam
891 4797 905 4821 ,
936 4766 982 4810 et
1030 4772 1198 4829 sepem
1241 4756 1571 4809 circumdedit
1615 4756 1661 4808 ei
1680 4796 1695 4822 ,
1725 4765 1774 4809 et
1804 4756 1935 4823 fodit
1961 4756 2014 4808 in
2040 4773 2101 4811 ea

512 4850 755 4916 torcular,
778 4860 825 4904 et
847 4850 1114 4919 azdiﬁcavit
1137 4851 1336 4916 turrim,
1354 4860 1398 4903 et
1424 4849 1604 4902 locavit
1629 4865 1739 4901 eam
1763 4850 2026 4919 agricolis,
2054 4860 2102 4904 et

512 4959 717 5012 peregre
740 4944 994 5012 profectus
1020 4952 1113 4995 est.
1146 4941 1269 4994 Cum
1297 4951 1463 4994 autem
1493 4951 1687 5011 tempus
1716 4943 1977 5012 fructuum
2006 4959 2100 5013 ap-

511 5034 897 5105 propinquasset
914 5074 929 5097 ,
960 5034 1093 5085 misit
1114 5048 1280 5085 servos
1305 5048 1422 5085 suos
1446 5032 1513 5083 ad
1554 5032 1803 5103 agricolas
1827 5073 1842 5098 ,
1876 5043 1932 5085 ut
1960 5034 2099 5086 acci-

512 5134 682 5193 perent
714 5125 907 5193 fructus
931 5124 1056 5194 ejus.
1082 5122 1148 5176 Et
1177 5124 1412 5193 agricolw
1436 5125 1762 5195 apprehensis
1789 5127 1942 5179 servis
1968 5127 2097 5196 ejus,

509 5218 666 5271 alium
690 5217 998 5281 ceciderunt,
1028 5214 1184 5268 alium
1214 5216 1535 5285 occiderunt,
1568 5219 1727 5271 alium
1753 5234 1871 5272 vero
1900 5219 2096 5289 lapida-

510 5320 706 5363 verunt.
752 5308 948 5363 Iterum
987 5311 1122 5363 misit
1152 5310 1280 5364 alios
1328 5327 1495 5365 servos
1532 5314 1701 5383 plures
1732 5314 1981 5384 prioribus
2010 5357 2025 5381 ,
2054 5324 2103 5369 et

513 5403 739 5471 fecerunt
790 5402 894 5457 illis
934 5402 1183 5457 similiter.
1228 5402 1517 5459 Novissime
1547 5415 1713 5461 autem
1748 5408 1883 5460 misit
1924 5408 1991 5459 ad
2016 5424 2101 5461 eos

511 5494 677 5562 ﬁlium
700 5510 867 5561 suum,
882 5494 1050 5548 dicens
1073 5511 1091 5549 :
1121 5493 1431 5550 Verebuntur
1450 5497 1613 5566 filium
1642 5514 1826 5551 meum.
1854 5498 2104 5569 Agricola:

512 5596 683 5639 autem
707 5584 929 5640 videntes
951 5586 1133 5654 filium,
1160 5587 1391 5642 dixerunt
1417 5590 1553 5643 intra
1580 5606 1631 5643 se
1654 5605 1672 5643 :
1702 5588 1801 5643 Hic
1822 5600 1891 5643 est
1920 5590 2099 5657 haeres,

514 5679 675 5732 venite
692 5717 707 5743 ,
741 5677 1028 5732 occidamus
1052 5695 1166 5731 eum
1186 5720 1199 5743 ,
1223 5690 1269 5733 et
1292 5680 1581 5735 habebimus
1606 5681 1950 5736 hatreditatem
1970 5681 2100 5751 ejus.

522 5767 590 5823 Et
617 5769 989 5839 apprehensum
1013 5770 1264 5840 ejecerunt
1295 5787 1407 5824 eum
1442 5776 1579 5843 foras
1618 5782 1762 5827 extra
1786 5772 1982 5827 vineam
2006 5812 2022 5841 ,
2056 5782 2105 5829 et

502 5958 525 5966 Ἰ
578 5880 597 5917 ⁸
624 5877 797 5935 Plures
816 5886 945 5944 uss,
965 5879 1053 5933 sed
1075 5880 1197 5934 duce

1086 394 1359 452 CONTRA
1398 385 1893 447 ADVERSARIUM
1932 383 2130 442 LEGIS
2167 382 2258 440 ΕΤ
2298 383 2830 455 PROPHETARUM,
2874 389 2931 447 S.
2974 390 3343 449 AUGUSTINI

3710 397 3814 455 648

2229 498 2539 555 occiderunt.
2577 502 2701 556 Cum
2732 520 2847 573 ergo
2873 506 3057 559 venerit
3089 507 3336 562 Dominus
3357 509 3513 563 vinea:
3539 553 3551 575 ,
3580 511 3706 581 quid
3732 512 3815 582 [α-

2225 590 2319 643 εἰει
2350 592 2584 662 agricolis
2633 593 2774 649 illis?
2801 594 2958 649 Aiunt
2977 595 3094 649 illi:
3126 596 3294 651 Malos
3316 598 3445 651 male
3475 602 3667 667 perdet,
3686 611 3731 654 et
3752 604 3815 655 vi-

2226 698 2371 737 neam
2397 702 2541 738 suam
2563 686 2741 739 locabit
2769 687 2883 741 aliis
2912 689 3174 759 agricolis,
3196 692 3283 757 qui
3313 692 3528 744 reddant
3552 693 3598 746 ei
3620 695 3817 761 fructus

2224 777 2531 846 temporibus
2556 777 2851 839 suis.vDicit
2894 781 2997 833 illis
3022 778 3056 833 Ι
3062 798 3175 835 esus
3197 797 3215 835 :
3242 780 3521 851 Nunquam
3544 785 3736 855 legistis
3763 787 3816 839 in

2223 864 2504 937 Scripturis
2524 907 2540 935 ,
2563 867 2810 925 Lapidem
2835 886 2982 939 quem
3022 872 3415 941 reprobaverunt
3460 874 3772 944 aediﬁcantes
3796 920 3812 944 ,

2220 959 2302 1013 hic
2328 964 2491 1031 factus
2535 971 2606 1016 est
2646 962 2700 1016 in
2743 974 2897 1034 caput
2940 966 3115 1036 anguli
3146 984 3157 1019 :
3192 984 3222 1019 a
3262 967 3483 1021 Domino
3511 974 3704 1039 factum
3741 984 3827 1043 est.

2218 1049 2356 1103 istud
2375 1094 2389 1117 ,
2422 1061 2468 1105 et
2498 1062 2569 1105 est
2595 1054 2825 1108 mirabile
2847 1055 2896 1108 in
2924 1057 3083 1110 oculis
3110 1058 3333 1111 nostris?
3355 1058 3479 1111 Ideo
3508 1061 3621 1113 dico
3643 1062 3809 1126 vobis,

2218 1143 2337 1211 quia
2362 1148 2619 1213 auferetur
2639 1162 2670 1198 a
2698 1147 2835 1200 vobis
2857 1164 3068 1217 regnum
3100 1148 3219 1215 Dei,
3250 1160 3295 1203 et
3325 1150 3529 1204 dabitur
3554 1153 3690 1222 genti
3725 1158 3810 1223 fa-

2217 1237 2365 1290 cienti
2412 1238 2606 1305 fructus
2648 1240 2757 1309 ejus
2801 1238 3032 1309 (Matth.
3067 1258 3162 1296 xxx
3189 1286 3203 1305 ,
3252 1244 3439 1299 55-43.
3541 1246 3676 1313 Quid
3705 1247 3809 1301 hoc

2217 1333 2452 1401 apertius
2474 1332 2497 1385 ?
2523 1334 2645 1403 quid
2676 1334 2913 1388 clarius?
2940 1336 3065 1405 quid
3100 1336 3445 1392 evidentius?
3478 1339 3582 1393 Sed
3614 1340 3715 1395 iste
3743 1340 3813 1395 de

2216 1425 2431 1480 illorum
2476 1442 2702 1481 numero
2732 1437 2843 1495 est,
2890 1428 2980 1499 qui
3022 1444 3207 1484 servos
3231 1429 3625 1500 patrisfamilias
3648 1430 3812 1502 hujus

2217 1520 2604 1595 lapidaverunt.
2629 1521 2739 1576 Hoc
2766 1523 2907 1576 enim
2934 1522 3091 1587 facit,
3126 1539 3230 1578 non
3259 1524 3449 1579 ictibus
3474 1526 3648 1581 saxeis
3668 1566 3684 1591 ,
3711 1526 3809 1580 sed

2217 1612 2682 1668 maledictiouibus
2708 1614 2876 1669 duris.
2904 1614 3036 1670 Nam
3066 1625 3119 1670 et
3150 1618 3393 1687 primitus
3432 1617 3484 1671 in
3513 1626 3672 1687 gente
3709 1618 3808 1672 Ju-

2214 1704 2450 1759 dmorum
2482 1705 2691 1761 vineam
2724 1706 2821 1761 Dei
2847 1721 2967 1761 esse
2996 1707 3280 1776 plantatam
3304 1749 3317 1773 ,
3352 1708 3653 1777 missosque
3674 1710 3807 1764 Pro-

2214 1797 2401 1868 phetas
2443 1808 2565 1853 ante
2595 1800 2767 1869 ipsum
2813 1815 2933 1855 esse
2962 1800 3252 1855 Salvator-is
3292 1801 3578 1856 adventum
3603 1845 3617 1868 ,
3647 1818 3805 1873 para-

2213 1888 2331 1943 bola
2364 1890 2460 1943 ista
2491 1899 2731 1945 testatur.
2776 1890 2845 1945 Et
2869 1907 2989 1945 cum
3013 1891 3171 1955 dicit,
3206 1892 3480 1961 Auferetur
3503 1910 3533 1944 a
3558 1894 3696 1948 vobis
3725 1911 3803 1947 re-

2212 1996 2366 2050 gnum
2401 1980 2541 2045 Dei,
2590 1990 2637 2034 et
2692 1979 2893 2035 dabitur
2941 1982 3077 2053 genti
3130 1982 3336 2052 facienti
3393 1984 3587 2052 [ructus
3636 1986 3747 2054 ejus
3787 2003 3805 2047 ;

2212 2070 2351 2139 quod
2392 2086 2611 2141 regnum
2640 2072 2800 2137 dicit,
2842 2073 2941 2128 nisi
2973 2073 3115 2143 quod
3161 2075 3477 2143 sperabant,
3514 2092 3616 2129 non
3659 2076 3804 2146 quod

2210 2171 2565 2230 acceperant,
2613 2162 2666 2217 id
2692 2170 2803 2231 est,
2836 2164 2956 2217 vita:
2995 2165 3247 2217 aeternas?
3277 2164 3427 2219 Unde
3471 2165 3595 2219 alibi
3625 2166 3755 2221 dicit
3786 2209 3802 2233 ,

2212 2250 2523 2306 Scrutamini
2572 2252 2900 2323 Scripturas,
2942 2256 2995 2307 in
3054 2254 3232 2324 quibus
3280 2256 3469 2325 putatis
3524 2274 3609 2311 vos
3648 2259 3804 2311 vitam

2209 2358 2449 2402 wternam
2484 2349 2700 2413 habere;
2743 2352 2869 2417 ipsa:
2894 2351 3234 2404 testimonium
3283 2351 3541 2421 perhibent
3586 2353 3649 2405 de
3676 2369 3759 2406 me
3784 2368 3805 2407 .'

2210 2438 2409 2508 (Joan.
2440 2457 2495 2507 γ,
2519 2441 2588 2496 59
2612 2442 2628 2512 )
2662 2457 2680 2495 :
2706 2451 2759 2496 et
2786 2442 2908 2498 alibi
2933 2484 2948 2507 ,
2993 2441 3079 2496 Va:
3100 2442 3232 2497 vobis
3259 2444 3586 2514 legisperitis,
3614 2445 3699 2511 qui
3725 2454 3805 2497 tu-

2209 2532 2335 2586 listis
2356 2532 2544 2587 clavem
2582 2535 2836 2588 scientite:
2866 2536 2965 2604 ipsi
2997 2552 3095 2589 non
3138 2536 3399 2599 introistis,
3447 2546 3493 2590 et
3518 2553 3600 2589 eos
3620 2538 3705 2605 qui
3730 2538 3803 2589 in-

2209 2624 2425 2678 troibant
2472 2625 2795 2694 prohibuistis
2832 2624 2998 2694 (Luc.
3051 2642 3130 2690 χι,
3163 2626 3289 2696 52).
3340 2627 3529 2681 Istisne
3570 2628 3801 2682 molibus

2208 2716 2631 2770 testimoniorum
2670 2732 2772 2769 non
2808 2716 3051 2769 atteritur
3085 2716 3366 2785 impudens
3395 2717 3642 2771 vanitas?
3665 2717 3801 2784 Quis

2206 2806 2349 2863 hunc
2388 2808 2567 2876 audit,
2601 2809 2701 2863 nisi
2748 2809 2838 2879 qui
2880 2808 3184 2879 Scripturas
3228 2819 3438 2864 sanctas
3470 2824 3575 2864 non
3617 2809 3799 2878 audit,

2205 2910 2297 2951 aut
2344 2908 2447 2952 tam
2497 2899 2636 2954 male
2683 2900 2831 2954 audit
2880 2915 3038 2969 quam
3088 2899 3143 2953 in
3200 2914 3291 2954 cas
3344 2900 3444 2954 iste
3488 2915 3662 2955 caseus
3708 2901 3798 2955 in-

2205 2991 2371 3045 currit
2390 2991 2413 3044 ?

2274 3082 2501 3139 CAPUT
2544 3084 2603 3138 V.
2638 3116 2706 3125 —
2736 3086 2821 3140 17.
2855 3085 2961 3141 Sed
2984 3086 3054 3139 ait
3082 3086 3146 3139 de
3171 3086 3242 3139 eis
3261 3085 3555 3153 Dominus,
3584 3087 3797 3159 inquit,

2211 3174 2487 3231 «Parentes
2504 3178 2651 3231 vestri
2666 3194 2853 3231 manna
2879 3179 3336 3245 manducaverunt,
3357 3189 3403 3232 et
3432 3180 3619 3232 mortui
3642 3190 3792 3233 sunts

2204 3270 2398 3340 (Joan.
2432 3287 2483 3325 VI
2504 3312 2518 3337 ,
2550 3271 2651 3341 49)
2678 3289 2689 3324 :
2720 3272 2905 3325 docens
2944 3273 3191 3325 neminem
3240 3272 3465 3342 ipsorum
3500 3270 3569 3323 ad
3608 3269 3798 3328 Domi-

2204 3381 2323 3418 num
2355 3365 2655 3434 pertinuisse
2678 3407 2692 3429 ,
2722 3366 2900 3436 quibus
2933 3382 3068 3419 mors
3093 3365 3353 3419 dominata
3390 3375 3481 3419 est.
3514 3364 3797 3422 Neminem

2202 3460 2379 3530 plane,
2410 3459 2503 3513 sed
2534 3468 2812 3530 parentum
2841 3460 3052 3514 illorum
3077 3457 3268 3529 quibus
3297 3459 3420 3512 talia
3446 3458 3796 3529 loquebatur:

2203 3562 2452 3623 parentes
2473 3554 2669 3624 quippe
2697 3554 2990 3608 inﬁdelium
3018 3596 3031 3620 ,
3062 3569 3195 3623 quos
3220 3554 3321 3608 nisi
3360 3553 3597 3609 infideles
3637 3555 3796 3609 vole-

2203 3647 2295 3701 bat
2320 3646 2540 3718 iutelligi
2565 3647 2588 3700 ‘l
2616 3647 2767 3703 Unde
2803 3649 2909 3702 alio
2940 3648 3055 3703 loco
3083 3649 3248 3715 dicit,
3284 3647 3374 3702 Va:
3396 3648 3534 3703 vobis
3553 3692 3567 3716 ,
3598 3648 3800 3704 Scriba:

2203 3750 2248 3793 et
2283 3737 2535 3793 Phariswi
2558 3741 2854 3810 Itgpocritte,
2888 3740 2973 3807 qui
3000 3740 3263 3809 aediﬁcetis
3292 3739 3529 3810 sepulcra
3556 3738 3798 3809 Prophe-

2204 3840 2399 3897 tarum,
2432 3840 2479 3885 et
2506 3832 2698 3885 ornatis
2727 3841 3049 3885 monumenta
3091 3832 3375 3901 justorum,
3410 3840 3453 3884 et
3488 3831 3686 3886 dicitis:
3732 3830 3798 3886 Si

2203 3923 2471 3993 fuissemus
2484 3923 2536 3977 in
2552 3923 2727 3977 diebus
2749 3934 2950 3993 patrum
2968 3933 3276 3988 nostrorum,
3300 3936 3401 3977 non
3429 3940 3646 3977 essemus
3670 3924 3799 3976 socii

2204 4028 2376 4066 eorum
2403 4015 2457 4067 in
2482 4014 2726 4085 sanguine
2764 4013 3161 4084 PrOphetarum.
3193 4012 3377 4086 Itaque
3406 4013 3521 4067 estis
3574 4014 3797 4067 testimo-

2204 4104 2287 4157 nio
2310 4105 2706 4173 nobismetipsis,
2743 4106 2861 4175 quia
2890 4106 2988 4175 ﬁlii
3021 4107 3137 4160 estis
3177 4122 3350 4160 eorum
3389 4107 3476 4175 qui
3508 4104 3798 4175 Prophetas

2204 4196 2510 4252 occiderunt.
2541 4197 2704 4252 Filios
2752 4200 2935 4269 utique
2987 4198 3120 4253 dixit
3194 4198 3487 4253 imitatione
3531 4199 3795 4264 sceleris,

2204 4306 2310 4344 non
2339 4290 2625 4361 propagine
2650 4292 2880 4359 generis.
2902 4290 3022 4346 Non
3048 4291 3190 4345 enim
3212 4291 3353 4360 quod
3379 4307 3445 4346 ex
3473 4291 3572 4345 illis
3594 4304 3794 4345 secun-

2203 4384 2329 4440 dum
2357 4400 2573 4439 carnem
2602 4385 2712 4439 nati
2743 4394 2915 4450 erant,
2942 4384 3047 4439 hoc
3074 4385 3151 4439 eis
3178 4399 3299 4438 esse
3328 4392 3535 4453 poterat
3555 4381 3797 4449 crimini;

2205 4476 2299 4532 sed
2325 4476 2465 4547 quod
2492 4476 2569 4531 eis
2595 4492 2653 4531 se
2681 4476 2885 4531 similes
2930 4475 3129 4530 inﬁdeli
3176 4475 3486 4531 crudelitate
3530 4483 3799 4529 monstra-

2204 4572 2350 4627 bant.
2392 4570 2629 4641 Ideoque'
2661 4572 2970 4637 connectit,
3022 4586 3087 4627 ac
3128 4572 3299 4627 dicit:
3344 4570 3413 4625 Et
3457 4588 3542 4626 vos
3588 4573 3800 4641 implete

2205 4680 2493 4717 mensuram
2534 4673 2737 4733 patrum
2762 4672 3059 4718 vestrorum.
3092 4663 3365 4734 Serpentes
3384 4705 3397 4729 ,
3428 4664 3683 4734 genimina
3715 4664 3799 4716 vi-

2206 4771 2440 4824 perarum
2462 4796 2475 4816 ,
2519 4755 2769 4823 quomodo
2800 4755 3005 4825 fugietis
3028 4773 3059 4808 a
3079 4755 3281 4827 judicio
3306 4756 3546 4827 gehenna:
3572 4760 3591 4788 ί
3614 4756 3639 4808 ?
3666 4754 3799 4811 Ideo

2205 4861 2316 4899 ecce
2338 4862 2426 4914 ego
2451 4846 2592 4898 mitto
2622 4846 2689 4898 ad
2712 4862 2797 4899 vos
2820 4845 3124 4916 PrOphetas,
3148 4858 3194 4902 et
3219 4850 3491 4917 sapientes,
3510 4858 3556 4903 et
3579 4848 3795 4910 scribas,

2205 4948 2250 4990 et
2281 4952 2341 4989 ea:
2367 4934 2471 4990 illis
2497 4937 2728 4989 occidetis
2754 4946 2801 4990 et
2829 4939 3138 5007 cruciﬁgetis
3162 4981 3175 5003 ,
3204 4947 3251 4992 et
3279 4955 3342 4993 ea:
3376 4940 3481 4993 illis
3510 4939 3801 5011 ﬂagellabi-

2208 5029 2269 5081 tis
2294 5029 2347 5081 in
2374 5028 2666 5099 Synngogis
2689 5030 2862 5084 vestris
2882 5072 2896 5095 ,
2921 5040 2969 5084 et
3000 5032 3363 5101 persequentini
3398 5031 3459 5084 de
3503 5032 3700 5085 civitate
3740 5033 3801 5086 in

2206 5120 2494 5174 civitatem:
2520 5131 2572 5173 ut
2601 5121 2764 5174 veniat
2783 5139 2939 5191 super
2961 5138 3047 5177 vos
3075 5124 3241 5177 omnis
3259 5124 3468 5194 sanguis
3491 5126 3680 5194 justus,
3707 5126 3800 5192 qui

2206 5211 2398 5278 effusus
2424 5221 2495 5266 est
2520 5229 2674 5281 super
2696 5222 2909 5278 terram,
2941 5230 2973 5265 a
3000 5214 3245 5284 sanguine
3264 5213 3389 5267 Abel
3404 5214 3534 5285 justi
3556 5230 3709 5285 usque
3727 5216 3803 5265 ad

2206 5307 2503 5374 sanguinem
2528 5302 2794 5358 Zachariae
2816 5303 2911 5373 ﬁlii
2932 5303 3217 5372 Barachiw,
3241 5322 3388 5376 quem
3440 5307 3693 5360 occidistis
3716 5307 3805 5360 in-

2208 5405 2281 5448 ter
2308 5394 2549 5464 templum
2574 5406 2621 5449 et
2649 5396 2826 5449 altare.
2870 5395 3030 5449 Amen
3056 5395 3169 5449 dico
3229 5397 3401 5464 vobis,
3452 5398 3647 5452 venient
3690 5398 3807 5451 ha'c

2209 5487 2378 5540 omnia
2406 5504 2557 5556 super
2576 5488 2952 5558 generationem
2978 5489 3128 5541 istam
3156 5490 3173 5559 (
3196 5488 3382 5542 Matth.
3407 5505 3558 5556 χχιιι,
3581 5489 3811 5561 29-56).

2206 5576 2411 5649 Nempe
2440 5588 2670 5643 constat,
2694 5595 2884 5649 nempe
2906 5579 3245 5635 manifestum
3273 5591 3374 5647 est,
3398 5580 3653 5635 imitando
3678 5595 3816 5637 esse

2209 5674 2341 5728 istos
2365 5673 2502 5727 ﬁlios
2545 5674 2846 5741 malorum,
2896 5688 2927 5728 a
2974 5674 3164 5744 quibus
3209 5674 3488 5743 Pmplieta:
3532 5674 3698 5728 sancti
3748 5684 3818 5731 et

2206 5765 2371 5837 justi,
2417 5765 2484 5820 ab
2525 5766 2642 5835 ipso
2673 5766 2804 5821 Abel
2846 5782 3005 5837 quem
3048 5768 3212 5822 frater
3250 5768 3473 5835 occidit,
3524 5782 3694 5839 usque
3730 5768 3817 5826 Id

2282 5885 2302 5915 ί
2334 5888 2385 5933 ιιι
2412 5887 2544 5943 Iss.,
2582 5881 2773 5947 fugietis
2793 5882 3038 5945 judicium
3070 5888 3311 5949 generata.
