4094 6460
327 354 434 415 649

321 465 642 524 Zachariam
683 481 842 542 quem
869 470 958 529 isti
988 474 1330 548 occiderunt,
1374 485 1776 550 persecutiones
1815 487 1916 542 im-

319 559 590 632 piissimas
607 573 662 621 et
679 566 1121 627 sceleratissimas
1133 572 1481 643 pertulerunt.
1498 575 1630 632 Nam
1647 581 1915 650 quomodo

323 667 490 724 super
514 655 651 712 istos
687 660 867 717 veniet
895 661 911 693 ί
934 662 1148 720 illorum
1187 666 1431 737 sanguis,
1471 670 1561 739 qui
1591 670 1749 743 longe
1789 681 1915 729 ante

316 747 570 806 vixerunt
617 766 775 822 quam
822 755 909 810 isti
939 757 1025 813 vel
1077 770 1442 830 nascerentur,
1470 764 1572 819 nisi
1599 767 1719 836 quia
1747 784 1912 824 unum

312 855 514 910 genus,
547 858 649 896 una
677 849 1007 917 conspersio,
1025 865 1129 906 una
1157 867 1331 908 massa
1343 864 1425 910 est
1448 855 1764 927 impiorum,
1787 859 1910 915 imi-

315 931 519 988 tatione
545 934 761 992 sibimet
784 943 1181 998 connexorum?
1205 945 1371 1001 Simul
1399 949 1560 1003 etiam
1585 948 1907 1021 declaratur,

313 1029 366 1077 in
396 1024 590 1080 eodem
617 1029 814 1098 populo
857 1030 1018 1089 luisse
1053 1034 1229 1104 justas
1254 1046 1414 1110 atque
1450 1041 1745 1114 Prophetas
1772 1044 1864 1099 Dei
1889 1086 1904 1113 ,

312 1131 541 1184 quorum
573 1119 658 1174 isti
683 1161 698 1187 ,
727 1123 918 1193 quibus
943 1124 1057 1182 haec
1086 1129 1319 1200 loquitur
1349 1134 1604 1205 Dominus
1626 1178 1640 1199 ,
1670 1137 1904 1194 aediﬁca-

309 1206 439 1263 bant
478 1214 759 1284 sepulcra,
792 1219 1161 1292 ornabantque
1199 1237 1560 1284 monumenta.
1587 1230 1745 1302 Pejor
1773 1249 1901 1304 ergo

308 1299 410 1358 iste
434 1313 491 1359 et
515 1305 801 1364 immanior
823 1311 914 1381 qui
932 1327 1026 1369 eos
1049 1313 1327 1374 defunctos
1344 1320 1521 1391 lingua
1542 1299 1801 1380 maledica
1818 1299 1901 1380 la-

302 1401 485 1462 cerat,
519 1396 709 1469 quibus
737 1398 994 1458 honorem
1021 1405 1181 1460 etiam
1211 1406 1359 1479 impii
1385 1410 1727 1481 deferebant;
1759 1424 1813 1471 et
1842 1415 1897 1472 in

303 1490 540 1545 animam
562 1506 713 1549 suam
734 1492 1021 1558 crudeliter
1039 1498 1264 1556 saaviens
1284 1515 1376 1557 eos
1397 1503 1749 1575 blasphemat,
1771 1522 1893 1563 cum

302 1581 438 1637 velit
463 1583 634 1640 videri
660 1586 1006 1660 Christianus,
1033 1605 1171 1664 quos
1182 1583 1493 1667 Prophetas
1519 1603 1574 1652 et
1596 1597 1771 1667 justos
1813 1612 1900 1653 as-

301 1674 433 1728 serit
457 1674 727 1732 Christus.

374 1766 464 1822 l8.
491 1767 612 1824 Jam
651 1785 780 1826 vero
815 1772 958 1842 quod
1000 1775 1290 1849 adjungere
1331 1779 1501 1838 voluit
1543 1790 1758 1839 sanctos
1779 1779 1886 1840 Par.

299 1857 565 1914 triarchas
589 1901 603 1923 ,
635 1861 902 1918 Abraham
929 1907 945 1933 ,
971 1865 1117 1923 lsaac
1139 1911 1153 1935 ,
1179 1878 1234 1924 et
1275 1869 1440 1926 Jacob
1458 1912 1474 1940 ,
1503 1871 1588 1928 his
1608 1873 1675 1929 de
1703 1875 1896 1945 quibus

299 1947 563 2005 Dominus
587 1952 690 2018 ait,
721 1952 907 2010 Patres
942 1959 1093 2012 uestri
1140 1961 1566 2017 manducaverunt
1607 1981 1795 2020 manna
1840 1968 1894 2022 in

297 2042 519 2111 deserto,
547 2055 594 2098 et
617 2049 801 2100 mortui
820 2058 956 2117 sunt,
981 2052 1104 2122 quia
1126 2063 1181 2108 et
1205 2054 1292 2110 isti
1317 2065 1494 2125 patres
1519 2059 1715 2113 mortui
1737 2070 1889 2128 sunt;

297 2143 481 2188 utrum
513 2135 905 2206 fraudulentus,
947 2155 1014 2194 an
1045 2157 1219 2199 caecus
1241 2145 1309 2200 sit
1332 2147 1510 2216 potius
1531 2148 1848 2218 judicandus
1871 2191 1888 2219 ,

301 2225 573 2283 incertum
605 2240 708 2285 est.
738 2231 842 2286 Sed
869 2235 1142 2304 quodlibet
1171 2253 1356 2293 corum
1384 2239 1580 2310 eligat,
1613 2241 1891 2300 detestan-

297 2317 402 2373 dus
427 2330 531 2375 est.
558 2321 693 2378 Hinc
718 2323 862 2378 enim
891 2326 992 2382 hoc
1015 2328 1298 2385 ostendere
1323 2332 1528 2399 voluit,
1559 2334 1681 2403 quia
1711 2334 1892 2390 Domi-

297 2425 403 2466 nus
423 2415 856 2472 commemoratis
881 2417 1081 2474 eisdem
1104 2422 1364 2490 patribus,
1393 2424 1488 2489 ait,
1514 2422 1636 2478 Non
1657 2436 1728 2480 est
1750 2427 1890 2483 Deus

300 2515 633 2572 mortuorum,
650 2509 737 2562 sed
754 2509 1007 2566 vivorum:
1029 2527 1150 2568 cum
1166 2516 1339 2584 potius
1359 2531 1453 2572 eos
1477 2516 1659 2574 vivere
1670 2519 1884 2577 dixerit.

297 2595 554 2654 Adhibito
580 2602 773 2672 quippe
796 2605 1100 2662 testimonio
1121 2608 1189 2664 de
1208 2609 1368 2680 Lege,
1395 2612 1481 2667 ubi
1507 2614 1762 2684 scriptum
1781 2626 1884 2685 est,

295 2687 410 2760 Ego
424 2708 537 2745 sum
555 2690 694 2748 Deus
707 2694 984 2765 Abraham,
1004 2708 1050 2752 et
1078 2698 1214 2755 Deus
1238 2700 1392 2756 Isaac
1408 2745 1421 2769 ,
1453 2713 1500 2758 et
1523 2703 1662 2760 Deus
1686 2706 1884 2772 Iacob;

293 2780 360 2836 ad
359 2781 564 2850 junxit,
590 2782 710 2839 Non
725 2797 797 2840 est
825 2786 962 2842 Deus
984 2794 1415 2858 mortuorum,sed
1434 2796 1677 2851 vivorum.
1703 2797 1768 2852 Et
1786 2799 1884 2852 ad-

291 2869 421 2940 jecit
443 2915 459 2940 ,
493 2872 680 2930 Omnes
704 2878 835 2932 enim
863 2878 941 2933 illi
966 2880 1136 2936 vivunt
1163 2882 1375 2953 (Matth.
1405 2901 1536 2952 xxn,
1563 2887 1659 2955 52,
1689 2898 1734 2942 et
1755 2889 1882 2944 Luc.

292 2979 402 3031 xx,
443 2966 544 3030 57,
569 2966 674 3040 38)
705 2985 719 3023 :
750 2970 856 3026 vita
903 2973 1087 3043 utique
1133 2990 1301 3043 vera,
1353 2993 1457 3048 qua
1491 2977 1620 3048 justi
1660 2980 1882 3050 vivunt,

291 3059 454 3114 etiam
502 3063 716 3132 quando
744 3080 973 3136 corpore
1003 3069 1322 3126 moriuntur.
1367 3068 1474 3128 Sed
1515 3072 1729 3142 quando
1770 3076 1887 3132 haec

290 3150 498 3209 diceret
531 3155 632 3211 iste
655 3197 670 3221 ,
717 3157 764 3212 si
803 3158 1054 3214 viveret?
1177 3227 1186 3232 _

364 3245 454 3301 i9.
477 3243 536 3301 In
562 3245 703 3302 hanc
745 3251 1064 3306 sententiam
1088 3253 1202 3309 vult
1242 3255 1410 3328 accipi
1434 3263 1489 3312 et
1515 3258 1659 3328 quod
1680 3259 1755 3315 ait
1772 3260 1883 3317 Do—

285 3338 471 3394 minus
512 3340 582 3396 ad
627 3341 842 3399 Judaeos
873 3362 886 3398 :
936 3343 1116 3416 Neque
1166 3363 1246 3402 me
1266 3350 1456 3417 nostis,
1491 3367 1648 3422 neque
1675 3351 1884 3410 Patrem

286 3447 460 3486 meum
495 3435 635 3500 ;sed
665 3452 754 3489 nec
805 3437 1008 3492 uerbum
1037 3438 1134 3493 Dei
1162 3439 1354 3496 habetis
1398 3443 1452 3497 in
1495 3445 1634 3500 vobis
1674 3463 1882 3505 manens

290 3523 489 3596 (Joan.
513 3543 602 3582 \‘lll
628 3567 643 3593 ,
671 3526 799 3598 19).
831 3529 985 3595 Quod
1015 3531 1200 3602 utique
1223 3536 1553 3590 contrarium
1577 3553 1685 3593 non
1711 3548 1794 3595 est
1830 3541 1882 3596 ei

285 3617 431 3687 quod
453 3617 615 3674 dixit:
635 3618 844 3676 Tulistis
869 3623 1058 3676 clavem
1082 3625 1331 3690 scientiae;
1358 3628 1454 3698 ipsi
1481 3645 1582 3684 non
1607 3631 1877 3703 introistis,

284 3721 335 3764 et
361 3727 444 3766 eos
467 3713 558 3783 qui
582 3714 856 3770 introibant
883 3717 1208 3786 prohibuistis
1237 3719 1255 3791 (
1278 3718 1406 3774 Luc.
1436 3737 1492 3776 x1
1515 3763 1530 3788 ,
1560 3723 1630 3778 52
1648 3721 1691 3797 ).
1717 3725 1775 3780 ln
1800 3741 1880 3782 se-

292 3803 542 3874 metipsis
567 3805 709 3860 enim
746 3805 966 3861 verbum
996 3807 1091 3862 Dei
1119 3823 1226 3863 non
1253 3809 1560 3880 habebant,
1588 3814 1681 3870 sed
1711 3814 1876 3872 habe-

285 3892 417 3947 bant
457 3894 510 3948 in
550 3894 771 3951 Litteris
796 3912 927 3967 quas
967 3898 1233 3970 legebant.
1261 3899 1395 3956 Nam
1440 3901 1486 3956 si
1533 3902 1793 3960 haberent
1819 3907 1877 3961 in

285 3989 613 4058 semetipsis,
642 4000 696 4044 et
719 3990 821 4060 ipsi
849 3992 1144 4059 intrarent,
1173 4001 1228 4048 et
1255 3995 1388 4050 alios
1415 3996 1616 4053 intrare
1646 3999 1871 4068 permit-

281 4088 484 4136 terent.
506 4082 619 4138 Non
646 4084 844 4140 intrare
884 4094 1063 4140 autem
1106 4094 1190 4142 est
1235 4103 1344 4144 non
1388 4089 1706 4160 intelligere.
1735 4092 1877 4148 Ecce

280 4186 453 4242 quare
495 4188 595 4229 nec
640 4175 812 4244 ipsum
842 4185 1140 4245 noverant,
1166 4193 1267 4233 nec
1304 4178 1420 4249 ejus
1447 4181 1700 4247 Patrem;
1743 4183 1866 4253 quia

277 4281 390 4321 non
422 4267 785 4338 intelligebant
811 4270 951 4338 quod
986 4270 1270 4341 legebant:
1315 4287 1422 4328 non
1466 4275 1589 4344 quia
1620 4275 1787 4331 Deum
1814 4284 1870 4332 et

280 4356 560 4415 Christum
588 4374 695 4414 non
723 4359 1161 4430 praedicaverant,
1193 4378 1330 4435 quos
1354 4365 1618 4436 legebant.
1648 4367 1762 4423 Hoc
1789 4377 1872 4425 est

281 4464 416 4521 ergo
445 4451 649 4508 intrare
667 4492 682 4517 ,
710 4467 818 4508 non
843 4469 963 4509 esse
982 4463 1288 4510 contentum
1316 4458 1599 4528 superﬁcie
1639 4460 1830 4517 litterae
1853 4502 1868 4528 ,

274 4541 376 4598 sed
399 4541 468 4598 ad
497 4543 748 4599 interiora
777 4545 1138 4617 intelligentiae
1166 4550 1468 4618 pervenire.
1747 4563 1750 4566 ‘

353 4632 446 4688 20.
475 4634 890 4705 Argumentatur
923 4637 1083 4692 etiam
1125 4637 1194 4694 de
1217 4638 1422 4695 Joanne
1445 4640 1680 4712 Baptista
1703 4683 1719 4711 ,
1748 4645 1872 4714 quia

278 4725 545 4782 Dominus
582 4727 689 4792 ait,
721 4728 788 4783 In
814 4731 947 4785 natis
972 4731 1240 4786 mulierum
1269 4749 1370 4787 non
1393 4734 1674 4789 exsurrexit
1706 4738 1871 4809 major

274 4816 484 4874 Joanne
506 4818 774 4890 Baptista:
815 4823 1102 4892 quiuutem
1138 4825 1302 4879 minor
1329 4835 1402 4880 est
1443 4827 1500 4881 in
1535 4845 1691 4903 regno
1716 4831 1869 4885 caelo-

274 4926 395 4964 rum
418 4953 435 4978 ,
467 4913 636 4983 major
657 4921 731 4968 est
756 4913 845 4968 illo
869 4913 1102 4986 (Matth.
1130 4931 1226 4984 x1,
1255 4918 1316 4972 Η
1344 4917 1363 4988 )
1389 4934 1403 4972 :
1436 4919 1504 4973 ita
1536 4921 1681 4975 velut
1703 4922 1868 4976 ratio-

281 5003 517 5058 cinando
535 5045 550 5070 ,
583 5012 832 5076 tanquam
857 5005 1093 5062 Joannes
1121 5023 1227 5062 non
1254 5009 1516 5077 pertineat
1551 5011 1618 5065 ad
1647 5027 1867 5080 regnum

274 5094 540 5150 caelorum
564 5135 580 5160 ,
628 5105 682 5151 et
707 5096 776 5152 ob
805 5096 909 5152 hoc
947 5097 1115 5152 multo
1157 5099 1334 5154 minus
1377 5100 1557 5154 caeteri
1585 5101 1868 5171 Propheta:

271 5185 419 5242 illius
448 5187 668 5257 populi,
714 5188 907 5258 quibus
942 5188 1116 5259 major
1141 5198 1224 5244 est
1243 5189 1498 5245 Joannes.
1525 5191 1650 5246 Haec
1688 5201 1864 5248 autem

271 5278 438 5334 verba
467 5279 679 5334 Domini
704 5278 914 5336 duobus
939 5279 1114 5336 modis
1141 5288 1365 5352 possunt
1392 5280 1866 5338 rectissimeintel-

271 5369 394 5442 ligi.
421 5373 532 5427 Aut
561 5371 704 5428 enim
745 5387 968 5444 regnum
1012 5373 1271 5429 caelorum
1319 5373 1604 5444 appellavit
1643 5389 1710 5430 eo
1749 5375 1866 5430 loco

269 5463 537 5520 Dominus
564 5465 707 5536 quod
736 5465 971 5523 nondum
1010 5467 1344 5537 accepimus,
1389 5475 1446 5523 et
1484 5469 1540 5522 in
1593 5482 1698 5538 quo
1728 5483 1864 5523 non-

271 5555 406 5612 dum
433 5573 662 5627 sumus;
707 5561 849 5617 unde
895 5569 949 5618 et
992 5560 1045 5616 in
1087 5560 1192 5617 ﬁne
1223 5559 1460 5617 dicturus
1496 5571 1619 5630 est,
1656 5560 1852 5629 Venite,

268 5647 522 5706 benedicti
552 5651 726 5708 Patris
753 5653 852 5707 mei
875 5694 889 5719 ,
932 5653 1176 5723 percipite
1203 5669 1417 5725 regnum
1447 5652 1555 5725 (Id.
1583 5669 1706 5721 xxv,
1736 5653 1826 5724 54)
1844 5669 1865 5709 :

265 5746 331 5798 et
359 5742 482 5813 quia
510 5741 584 5798 ibi
613 5752 740 5799 sunt
762 5742 932 5799 sancti
955 5741 1145 5813 Angeli
1166 5745 1212 5811 ³,
1238 5743 1462 5815 quilibet
1485 5744 1541 5802 in
1564 5743 1644 5803 eis
1666 5743 1864 5815 minor,

341 5850 365 5916 ξ
395 5857 471 5916 Er.
494 5852 646 5916 Lugd.
669 5861 788 5904 Ven.
814 5859 906 5916 mv
929 5887 945 5916 ,
969 5851 1110 5916 venit.
1170 5861 1224 5901 Μ.

342 5911 369 5944 ³
395 5911 591 5980 Aliquot
604 5923 730 5968 Issa
753 5921 800 5968 et
820 5915 902 5979 qui
923 5915 990 5966 ibi
1009 5920 1119 5966 sunt
1136 5913 1318 5979 Angeli.

726 5999 962 6064 Sanc'r.
1009 6001 1296 6064 Aususr.
1338 5997 1508 6064 V111.

1635 369 1839 428 LIBER
1876 370 2248 438 SECUNDUS.

3510 410 3618 472 650

2030 493 2202 562 major
2226 502 2311 552 est
2353 496 2536 590 utique
2563 501 2800 572 quolibet
2825 513 3014 566 sancto
3057 518 3114 569 et
3153 513 3336 586 justo,
3365 531 3615 590 portante

2025 597 2236 688 corpus
2248 587 2391 658 quod
2417 595 2779 664 corrumpitur
2802 605 2858 654 et
2883 611 3135 671 aggravat
3156 587 3390 665 animam
3431 599 3630 688 (Sap.?-

2022 690 2107 768 ix,
2138 676 2262 748 l5).
2294 680 2399 736 Aut
2427 683 2473 738 si
2498 700 2720 757 regnum
2748 691 3008 750 canorum
3036 696 3092 753 in
3121 714 3186 755 ea
3211 676 3475 763 sententia
3501 676 3612 768 illic

2021 766 2246 841 intelligi
2272 775 2466 843 voluit,
2499 794 2604 848 qua
2651 790 2705 837 et
2747 784 2803 840 in
2851 786 2954 844 hoc
2999 798 3244 864 tempore
3281 766 3612 870 signiﬁcatur

2022 859 2280 932 Ecclesia,
2307 866 2461 937 cujus
2490 869 2583 924 ﬁlii
2609 883 2733 930 sunt
2761 891 2949 934 omnes
2970 859 3610 962 abinstitutionegeneris

2020 952 2238 1011 humani
2265 973 2434 1030 usque
2459 977 2633 1036 nunc,
2686 979 2947 1041 quotquot
2983 973 3114 1043 justi
3163 987 3217 1034 et
3260 952 3431 1039 sanctvi
3483 1002 3606 1044 esse

2018 1053 2343 1116 potuerunt;
2373 1051 2616 1120 profecto
2643 1070 2704 1112 se
2733 1057 2904 1127 ipsum
2940 1063 3198 1124 Dominus
3246 1070 3601 1149 signiﬁcavit,

2013 1138 2136 1208 quia
2167 1143 2419 1199 nascendi
2447 1155 2686 1218 tempore
2710 1153 2886 1210 minor
2911 1169 3024 1213 erat
3051 1160 3276 1234 Joanne,
3308 1169 3482 1241 major
3508 1138 3606 1230 au;

2013 1238 2120 1287 tem
2170 1235 2460 1296 divinitatis
2523 1245 2823 1303 aeternitate
2878 1259 2932 1305 et
2983 1253 3248 1314 dominica
3313 1235 3599 1330 potestate.

2010 1321 2242 1384 Proinde
2267 1331 2561 1389 secundum
2601 1337 2834 1405 priorem
2869 1345 3256 1412 expositionem
3295 1321 3366 1407 ita
3411 1355 3600 1414 distiu-

2007 1416 2187 1485 guitur
2209 1418 2312 1481 :.1n
2323 1426 2455 1478 natis
2479 1427 2743 1484 mulierum
2773 1448 2918 1488 nemo
2945 1441 3227 1496 exsurrexit
3248 1446 3416 1516 major
3433 1447 3604 1506 Joan-

2007 1521 2071 1560 ne
2087 1507 2317 1581 Baptista
2339 1530 2360 1568 :
2382 1517 2469 1585 qui
2491 1528 2656 1574 autem
2679 1523 2847 1578 minor
2871 1535 2944 1581 est
2974 1528 3029 1582 in
3053 1547 3208 1602 regno
3235 1507 3475 1594 caelorum
3493 1581 3508 1606 ,
3535 1557 3602 1600 ac

2003 1705 2182 1753 autem
2209 1704 2559 1770 posteriorem
2594 1709 2778 1767 itasln
2800 1715 2934 1770 natis
2958 1719 3226 1776 mulierum
3249 1741 3394 1782 nemo
3418 1744 3600 1790 murr-

2003 1789 2133 1843 rean’t
2158 1808 2324 1861 major
2353 1794 2555 1854 Joanne
2577 1799 2804 1874 Baptista
2829 1823 2848 1861 :
2876 1811 2962 1880 qui
2987 1823 3156 1868 autem
3184 1818 3350 1873 minor
3377 1831 3450 1877 est
3471 1864 3487 1891 ,
3531 1839 3600 1882 ac

2000 1878 2205 1981 deinde
2233 1884 2579 1957 subinfertur,
2608 1894 2663 1948 in
2698 1912 2854 1968 regno
2882 1878 3121 1959 cistarum
3161 1910 3330 1981 major
3356 1912 3450 1968 illo
3473 1878 3594 1972 ἀεί

1999 1972 2106 2030 Sed
2137 1984 2366 2050 uterque
2401 1980 2708 2042 intellectus
2733 2005 2891 2059 quam
2918 1999 3164 2067 congruit
3208 1972 3453 2075 veritati,
3483 2015 3598 2066 tam

1999 2069 2309 2167 refellenda;
2335 2074 2493 2146 hujus
2529 2077 2728 2139 suillcit
2754 2085 2993 2142 vanitati.
3035 2089 3160 2146 Sive
3189 2095 3336 2150 enim
3364 2069 3590 2167 quilibet

1997 2159 2234 2231 Angelus
2272 2169 2482 2224 caeteris
2517 2172 2724 2240 minor,
2762 2172 2969 2232 Joanne
3001 2179 3072 2234 sit
3113 2183 3306 2253 major,
3351 2159 3464 2244 sive
3502 2190 3595 2249 hic

1998 2251 2256 2343 Dominus
2284 2258 2606 2332 intelligatur
2629 2307 2644 2333 ,
2685 2266 2896 2326 Joanne
2921 2251 3255 2342 praecursore
3294 2251 3398 2337 suo
3432 2291 3592 2343 aetate

1997 2342 2192 2411 minor,
2222 2348 2497 2420 majestate
2520 2357 2720 2425 major,
2753 2358 2884 2415 nihil
2919 2360 3046 2420 inde
3064 2363 3350 2435 Prophetis
3371 2342 3585 2432 caeteris

1995 2434 2306 2510 derogatur.
2322 2442 2615 2502 Potuerunt
2625 2451 2768 2506 enim
2793 2454 3306 2534 emeonannialiqui
3330 2468 3588 2536 aequales,

2001 2529 2163 2602 aliqui
2193 2549 2257 2588 eo
2287 2536 2555 2605 minores;
2581 2543 2758 2600 nullus
2796 2555 2972 2604 autem
3001 2553 3191 2623 major,
3217 2529 3436 2629 propter
3452 2529 3589 2620 seu;

1994 2623 2210 2678 tentiam
2236 2625 2442 2684 Domini
2468 2645 2682 2690 :omnes
2713 2646 2889 2695 tamen
2918 2645 3105 2711 sancti,
3123 2656 3177 2702 et
3198 2623 3350 2719 justi,
3366 2663 3420 2708 et
3438 2653 3589 2712 boni.

2065 2712 2290 2771 CAPUT
2336 2719 2422 2774 Vl.
2468 2753 2542 2762 —
2586 2724 2674 2780 2i.
2721 2726 2826 2782 Sed
2865 2730 3106 2803 Moyses,
3144 2712 3348 2808 inquit,
3387 2759 3591 2812 omnem

1992 2821 2132 2873 spem
2173 2813 2358 2879 futura:
2389 2819 2763 2876 resurrectionis
2799 2823 2852 2877 in
2891 2824 3175 2884 hominibus
3203 2835 3471 2902 exstinxit,
3503 2839 3590 2908 qui

1992 2902 2255 2956 mortalem
2293 2923 2398 2961 esse
2433 2910 2657 2966 animam
2683 2918 3054 2983 pronuntiavit,
3082 2923 3169 2992 qui
3197 2941 3306 2980 eam
3334 2945 3439 2983 esse
3463 2947 3589 2986 san-

1990 2992 2189 3061 guinem
2206 2996 2352 3051 dixit.
2378 2998 2579 3058 Deinde
2600 3006 2962 3064 ratiocinando
2981 3014 3188 3083 magnis
3209 3017 3405 3074 viribus
3427 3036 3590 3078 cona-

1990 3094 2079 3143 tur
2101 3091 2384 3148 ostendere
2406 3137 2421 3162 ,
2451 3112 2555 3151 non
2584 3114 2702 3156 esse
2729 3102 2960 3158 animam
2985 3109 3294 3177 sanguinem
3315 3153 3330 3180 ,
3357 3121 3412 3168 et
3436 3115 3588 3171 labo-

1987 3190 2072 3237 rat
2099 3184 2152 3239 in
2183 3201 2240 3242 re
2266 3188 2547 3245 manifesta
2563 3233 2577 3255 ,
2603 3209 2706 3248 non
2736 3194 3036 3267 intelligens
3055 3199 3250 3271 Legem
3273 3205 3312 3256 ι.
3337 3204 3424 3260 Sic
3443 3207 3588 3264 enim

1987 3275 2188 3333 dictum
2217 3289 2319 3349 est,
2342 3282 2527 3338 Anima
2551 3288 2714 3342 omnis
2737 3292 2905 3344 carnis
2920 3295 3125 3364 sanguis
3137 3305 3209 3350 est
3230 3297 3416 3367 (Leuit.
3440 3317 3550 3357 xvn
3566 3344 3584 3371 ,

1989 3370 2078 3442 M)
2107 3389 2121 3437 ;
2153 3376 2422 3444 quomodo
2447 3377 2645 3434 dictum
2668 3390 2782 3449 est,
2815 3381 2971 3438 Petra
2998 3396 3106 3440 erat
3135 3386 3364 3446 Christus
3392 3393 3434 3466 (Ι
3460 3370 3582 3450 Cor.

1986 3477 2020 3516 x
2047 3504 2061 3529 ,
2099 3463 2154 3535 4)
2189 3484 2203 3520 :
2235 3482 2341 3522 non
2368 3469 2490 3539 quia
2520 3470 2620 3526 hoc
2651 3482 2764 3528 erat
2785 3515 2801 3542 ,
2833 3475 2926 3530 sed
2955 3478 3078 3546 quia
3109 3478 3234 3535 hinc
3258 3463 3587 3552 signiﬁcaba-

1987 3562 2074 3610 tur
2096 3558 2139 3610 ‘.
2159 3557 2276 3614 Non
2297 3569 2474 3617 autem
2503 3562 2695 3619 frustra
2719 3565 2828 3622 Lex
2849 3569 3079 3624 animam
3100 3573 3266 3628 voluit
3284 3576 3585 3645 signiﬁcare

1985 3663 2082 3720 per
2110 3652 2419 3723 sanguinem
2442 3697 2455 3720 ,
2487 3671 2600 3712 rem
2629 3659 2833 3716 scilicet
2866 3661 3182 3720 invisibilem
3208 3682 3304 3736 per
3323 3684 3436 3724 rem
3461 3672 3582 3726 visi-

1983 3741 2174 3809 bilem;
2197 3745 2298 3801 nisi
2318 3747 2441 3818 quia
2462 3751 2675 3820 sanguis
2695 3767 2792 3821 per
2803 3768 2968 3810 venas
2987 3771 3175 3813 omnes
3193 3757 3260 3814 ab
3280 3760 3396 3829 ipso
3416 3763 3581 3820 corde

1985 3834 2204 3891 dilfusus
2229 3879 2242 3904 ,
2284 3838 2337 3892 in
2379 3849 2562 3895 nostro
2597 3857 2820 3914 corpore
2864 3846 2985 3916 plus
3024 3850 3232 3904 caeteris
3268 3850 3580 3912 humoribus

1980 4115 2105 4185 quia
2129 4117 2373 4173 omnibus
2393 4120 2584 4189 quibus
2603 4131 2910 4180 constamus
2933 4127 3266 4184 invisibiliter
3290 4135 3574 4204 praevalet,

1979 4207 2074 4263 illo
2104 4209 2295 4266 melius
2322 4211 2649 4282 signiﬁcatur
2667 4255 2681 4281 ,
2713 4215 2855 4284 quod
2880 4217 3126 4273 omnibus
3153 4221 3344 4290 quibus
3371 4235 3579 4282 consta-

1977 4315 2097 4356 mus
2124 4303 2418 4360 visibilibus
2441 4307 2718 4376 praevalet.

2049 4395 2138 4450 22.
2176 4395 2308 4452 lllud
2333 4407 2510 4454 autem
2537 4399 2678 4470 quod
2708 4401 2995 4469 Apostolus
3017 4402 3092 4457 ait
3121 4403 3268 4474 (nam
3296 4414 3350 4461 et
3373 4406 3474 4462 hoc
3506 4415 3576 4464 tc-

1977 4489 2287 4544 slimonium
2333 4490 2433 4546 iste
2477 4490 2714 4564 posuit),
2755 4491 2886 4547 Caro
2928 4502 2974 4549 et
3012 4497 3220 4566 sanguis
3244 4514 3454 4570 regnum
3479 4499 3575 4555 Dei

1978 4597 2081 4635 non
2126 4583 2396 4652 possidebit
2423 4583 2445 4616 ⁸
2467 4601 2482 4651 ;
2507 4599 2614 4640 non
2642 4583 2769 4640 facit
2795 4585 2864 4640 de
2887 4586 3064 4642 anima
3085 4629 3103 4655 ,
3134 4589 3228 4644 sed
3254 4590 3320 4646 de
3343 4607 3577 4649 resurre-

1975 4673 2153 4729 ctione
2198 4676 2437 4746 corporis
2477 4677 2846 4747 quaestionem.
2890 4677 3087 4734 Verum
3131 4689 3187 4736 et
3226 4683 3327 4738 ista
3365 4684 3576 4740 duobus

1975 4767 2150 4822 modis
2191 4768 2432 4823 solvitur.
2472 4771 2576 4825 Aut
2605 4772 2748 4826 enim
2777 4771 2955 4828 carnis
2981 4782 3036 4828 et
3060 4775 3331 4845 sanguinis
3355 4777 3575 4833 nomine

1973 4862 2371 4931 corruptionem
2397 4863 2571 4919 carnis
2600 4872 2657 4920 et
2683 4866 2954 4936 sanguinis
2983 4870 3339 4938 nuncupavit,
3372 4885 3490 4940 qua:
3519 4871 3575 4925 in

1973 4955 2367 5010 resurrectione
2391 4971 2495 5012 non
2522 4957 2624 5012 erit
2655 4977 2667 5013 :
2700 4967 2791 5013 aut
2809 4974 3022 5016 carnem
3047 4971 3103 5017 et
3124 4963 3454 5032 sanguinem,
3485 4965 3574 5019 ho-

1973 5046 2145 5100 mincs
2193 5047 2259 5100 ad
2307 5062 2493 5102 omnes
2536 5049 2814 5106 illecebras
2862 5053 3198 5108 saecularium
3245 5055 3574 5124 voluptatum

1971 5140 2118 5195 carni
2149 5149 2202 5194 et
2239 5141 2480 5210 sanguini
2507 5140 2749 5208 deditos,
2778 5143 2866 5214 qui
2898 5160 3118 5214 regnum
3148 5145 3239 5200 Dei
3271 5161 3375 5200 non
3404 5149 3571 5216 possi-

1970 5234 2188 5289 debunt.
2233 5232 2399 5287 Totus
2442 5244 2617 5288 autem
2660 5236 2758 5290 istc
2789 5236 2938 5290 locus
2964 5237 3239 5306 apostolici
3266 5238 3569 5306 sermonis,

1971 5325 2058 5380 ubi
2087 5325 2339 5394 scriptum
2366 5333 2448 5380 est
2467 5366 2481 5391 ,
2513 5325 2640 5380 Caro
2671 5336 2717 5380 et
2745 5327 2950 5396 sanguis
2973 5344 3181 5398 regnum
3210 5318 3304 5382 Dei
3329 5346 3429 5384 non
3454 5347 3572 5400 pos-

1970 5419 2148 5474 sidebit
2173 5460 2186 5483 ,
2219 5418 2263 5473 si
2291 5418 2655 5473 consideretur
2683 5419 3007 5489 diligentius,
3039 5422 3208 5492 magis
3231 5423 3571 5492 persuadebit

1970 5513 2366 5582 corruptionem
2393 5512 2567 5567 carnis
2595 5513 2732 5568 sicut
2758 5527 2898 5566 nunc
2921 5521 3005 5567 est
3027 5554 3043 5580 ,
3071 5512 3154 5568 his
3181 5531 3302 5570 eum
3331 5516 3566 5572 vocabu-

1970 5607 2036 5662 lis
2061 5606 2329 5678 appellarc
2356 5605 2586 5661 voluisse
2607 5647 2624 5674 ,
2651 5613 2808 5675 atquc
2837 5604 2904 5661 ad
2929 5607 3306 5676 exponendum
3331 5608 3456 5680 quid
3485 5607 3569 5663 di-

2033 5789 2053 5821 ι
2089 5785 2393 5854 antiquiores
2413 5782 2621 5854 codices,
2646 5795 2707 5854 ne
2729 5780 3048 5854 intelligamus
3072 5782 3240 5850 legem.

2032 5851 2058 5915 ξ
2091 5842 2226 5915 Mss,
2242 5845 2331 5915 sed
2351 5845 2464 5910 quia
2487 5842 2615 5895 hunc
2631 5842 2948 5915 significabat.

2037 5911 2061 5946 ³
2091 5905 2374 5962 δοιαθάίιὶό
2391 5915 2520 5971 Lov.,
2544 5920 2639 5960 non
2661 5905 2986 5972 posSidebttnt.

2777 5989 3244 6072 (Vingt-une.)
