4028 6502
415 543 439 591 ’ς
489 523 638 575 ceret
667 513 972 586 sdenxlsse
990 554 1007 579 ,
1042 514 1222 583 Neque
1243 512 1494 579 corruptio
1519 509 1945 579 incorruptionem
1968 520 2079 577 pos-

434 596 435 599 “
484 608 686 665 sidebit.
729 607 861 675 Quia
904 618 1027 663 cum
1071 606 1209 661 facta
1246 603 1404 659 fuerit
1444 617 1565 673 quae
1602 601 1657 656 in
1691 608 2083 657 resurrectione

490 710 736 774 speratur
761 699 851 754 illa
891 699 1140 763 mutatio,
1172 713 1276 752 non
1306 698 1488 767 utique
1512 694 1810 751 remanebit
1836 692 1941 750 ulla
1969 705 2081 746 cor-

490 795 688 865 ruptio.
714 792 972 861 Quamvis
990 805 1120 862 ergo
1141 798 1197 846 et
1217 800 1337 859 post
1359 789 1805 844 resurrectionem
1830 784 2081 841 Dominus

491 885 686 940 dixerit
708 882 979 952 discipulis
1002 880 1113 936 suis
1136 924 1151 947 ,
1181 880 1397 951 Palpate
1415 922 1430 947 ,
1459 889 1504 933 et
1528 878 1706 943 videte,
1731 879 1852 948 quia
1874 875 2082 947 spiritus

486 993 691 1033 carnem
714 986 765 1031 et
786 992 901 1033 ossa
925 992 1026 1029 non
1055 974 1232 1039 habet,
1262 975 1394 1028 sicut
1417 990 1494 1026 me
1516 973 1692 1037 uidetis
1722 970 1902 1025 habere
1929 968 2077 1037 (Luc.

487 1084 627 1125 xxiv
648 1109 665 1137 ,
706 1068 801 1138 59)
834 1083 847 1121 :
882 1076 1059 1121 tamen
1089 1064 1382 1121 secundum
1408 1063 1755 1119 substantiam
1785 1074 1912 1115 caro
1939 1059 2041 1113 erit
2064 1100 2079 1123 ,

486 1176 593 1216 non
620 1159 909 1216 secundum
930 1158 1362 1228 corruptionem,
1390 1171 1510 1226 quae
1534 1169 1676 1209 nunc
1700 1154 1844 1233 carni
1870 1152 1971 1206 hoc
1995 1166 2085 1205 no-

484 1236 609 1307 men
649 1251 891 1322 imponit.
923 1249 1079 1307 Unde
1114 1250 1189 1303 ait
1211 1248 1466 1320 propheta
1491 1289 1505 1313 ,
1537 1246 1714 1301 Omnis
1740 1260 1859 1298 caro
1890 1243 2078 1311 fenum.

482 1343 749 1413 Numquid
794 1343 935 1397 enim
980 1350 1035 1397 et
1078 1341 1288 1395 Domini
1329 1355 1488 1409 quam
1535 1339 1727 1393 levavit
1766 1327 2084 1390 incretum?

492 1436 608 1503 Quo
630 1451 758 1506 ergo
782 1436 943 1489 modo
968 1434 1251 1504 appellavit
1278 1433 1540 1502 Propheta
1570 1446 1784 1485 carnem
1810 1470 1824 1493 ,
1858 1428 1946 1481 ubi
1969 1426 2041 1480 ait
2065 1467 2079 1490 ,

488 1525 669 1584 Omnis
697 1542 818 1580 caro
838 1527 1008 1596 fenum
1032 1543 1045 1589 ;
1069 1525 1306 1579 dicturus
1328 1524 1529 1592 utique,
1554 1521 1749 1576 Fenum
1770 1520 1906 1573 aruit
1926 1517 2078 1587 (Isai.

482 1633 586 1685 xu,
613 1618 647 1673 6
665 1660 679 1682 ,
706 1618 761 1687 7)
794 1632 808 1670 :
840 1631 907 1673 eo
933 1615 1095 1670 modo
1126 1623 1180 1669 et
1207 1615 1492 1683 Apostolus
1519 1616 1621 1677 ait,
1652 1612 1782 1666 Caro
1808 1620 1855 1663 et
1878 1609 2084 1679 sanguis

480 1726 693 1781 regnum
714 1708 809 1767 Dei
832 1725 932 1763 non
958 1706 1258 1777 possidebit;
1283 1706 1405 1775 quia
1430 1720 1534 1759 non
1567 1704 1637 1758 ibi
1663 1706 1765 1759 erit
1785 1704 2079 1771 corruptio,

482 1817 585 1871 qua
613 1815 754 1855 nunc
781 1799 916 1855 sicut
943 1797 1121 1855 fenum
1150 1805 1336 1851 natura
1362 1796 1538 1850 carnis
1562 1795 1774 1850 arescit.
1804 1794 1917 1849 Non
1938 1794 2080 1848 enim

483 1894 589 1949 alia
615 1890 879 1947 sententia
902 1897 984 1945 est
1000 1929 1016 1954 ,
1046 1888 1223 1957 Neque
1244 1888 1497 1957 corruptio
1521 1886 1945 1955 incorruptionem
1964 1900 2083 1955 pos-

488 1983 669 2039 sidebit
714 1997 733 2037 :
777 1980 874 2037 sed
910 1979 1025 2035 haec
1052 1979 1297 2048 repetitio
1319 2019 1335 2041 ,
1378 1976 1657 2032 sententia:
1686 1976 1973 2044 superioris
2000 1985 2083 2028 est

484 2072 747 2143 expositio
794 2090 810 2127 :
854 2080 913 2127 ut
949 2069 1092 2140 quod
1130 2068 1202 2124 ibi
1241 2068 1440 2123 dictum
1468 2076 1584 2134 est,
1628 2082 1745 2120 caro
1764 2074 1809 2118 et
1832 2065 2079 2135 sanguis;

483 2166 574 2221 hic
596 2164 956 2233 intelligamus
984 2161 1382 2230 corruptionem
1412 2200 1427 2225 ,
1459 2175 1563 2216 non
1594 2159 1942 2215 substantiam
1971 2173 2082 2213 car-

482 2258 569 2315 nis
605 2276 620 2313 :
656 2265 712 2315 et
736 2256 877 2327 quod
902 2256 974 2310 ibi
998 2255 1195 2313 dictum
1227 2262 1345 2318 est,
1374 2268 1583 2322 regnum
1609 2249 1706 2304 Dei
1734 2269 1753 2316 ;
1781 2251 1865 2305 hic
1892 2250 2079 2305 intelli-

481 2366 669 2424 gamus
711 2350 1181 2419 incorruptionem.
1223 2348 1396 2415 Atque
1436 2346 1508 2400 ita
1554 2344 1684 2398 nihil
1710 2344 1853 2398 aliud
1879 2343 2078 2397 dictum

481 2453 730 2515 putemus
752 2482 767 2508 ,
807 2440 939 2498 Caro
979 2451 1023 2496 et
1057 2440 1259 2509 sanguis
1286 2454 1493 2509 regnum
1522 2437 1619 2491 Dei
1641 2452 1741 2490 non
1773 2435 2076 2505 possidebit;

481 2553 639 2608 quam
660 2537 704 2599 si
733 2536 1023 2598 diceretur,
1052 2533 1316 2601 Corruptio
1337 2530 1766 2609 incorruptionem
1789 2546 1891 2583 non
1912 2530 2079 2597 possi-

480 2630 612 2685 debit
642 2644 661 2683 :
692 2628 744 2684 id
774 2636 857 2684 est
880 2668 893 2691 ,
935 2625 1204 2695 corruptio
1242 2623 1419 2683 carnis
1453 2632 1507 2678 et
1541 2622 1811 2693 sanguinis
1848 2622 1899 2675 in
1938 2621 2079 2676 illius

480 2721 629 2792 regni
673 2720 1069 2788 incorruptione
1111 2732 1214 2772 non
1245 2718 1381 2781 erit,
1410 2724 1627 2786 propter
1656 2714 2078 2770 immutationem

479 2812 720 2875 scilicet,
745 2812 814 2869 de
841 2826 943 2881 qua
971 2826 1094 2866 mox
1117 2810 1325 2865 locutus
1350 2808 1593 2877 adjunxit
1612 2849 1630 2875 ,
1661 2808 1869 2879 Oportet
1898 2825 2075 2862 corru-

481 2903 655 2971 ptibile
679 2904 773 2956 hoc
796 2903 1003 2956 induere
1031 2902 1454 2969 incorruptionem
1480 2899 1522 2971 (l
1551 2900 1669 2956 Cor.
1703 2917 1770 2954 xv
1790 2942 1803 2964 ,
1832 2900 1930 2965 50,
1961 2900 2071 2969 55).

484 2995 562 3059 Ita
600 2995 871 3063 corruptio
905 3009 1024 3063 quae
1059 2994 1236 3049 carnis
1260 3004 1312 3049 et
1339 2994 1610 3063 sanguinis
1635 2994 1851 3048 nomine
1880 2994 2076 3063 signiﬁ-

479 3093 607 3143 cata,
634 3095 746 3153 est,
787 3087 837 3147 in
875 3086 1023 3155 regni
1053 3086 1193 3141 illius
1223 3086 1622 3156 incorruptione
1650 3102 1755 3140 non
1782 3087 1883 3142 erit
1911 3104 1923 3139 :
1952 3085 2072 3155 quia

480 3190 608 3232 caro
631 3192 752 3247 quae
776 3192 919 3237 nunc
942 3177 1304 3247 corruptibilis
1328 3186 1429 3242 est,
1458 3186 1584 3233 tunc
1610 3184 1813 3233 mutata
1843 3178 2078 3233 incorru-

479 3267 679 3337 ptibilis
702 3269 821 3333 erit.

548 3358 639 3414 25.
679 3358 886 3431 Moyses
908 3368 1087 3414 autem
1116 3359 1277 3414 homo
1307 3359 1403 3413 Dei
1427 3358 1472 3412 si
1500 3358 1732 3412 animam
1758 3358 2074 3415 credidisset

479 3467 598 3508 esse
635 3450 913 3513 mortalem
939 3491 956 3517 ,
996 3449 1139 3520 quod
1184 3450 1370 3520 utique
1398 3450 1709 3505 credidisset
1741 3452 1785 3505 si
1814 3466 1931 3506 eam
1960 3468 2075 3506 san-

477 3542 728 3613 guinem,
774 3556 880 3597 non
928 3540 1363 3612 significationis,
1411 3540 1505 3596 sed
1546 3542 1886 3611 proprietatis
1914 3557 2072 3597 causa

479 3650 599 3691 esse
624 3634 881 3701 dixisset,
910 3650 1016 3689 non
1044 3634 1147 3689 alio
1178 3633 1297 3688 loco
1321 3634 1524 3690 diceret
1552 3653 1564 3688 :
1598 3635 1775 3691 Omnis
1803 3638 1887 3706 qui
1912 3638 2076 3708 tetige-

478 3728 543 3781 rit
567 3735 819 3780 mortuum
844 3726 904 3779 ab
933 3727 1070 3780 omni
1092 3726 1265 3779 anima
1294 3726 1509 3781 hominis
1533 3768 1546 3792 ,
1574 3736 1621 3781 et
1641 3736 1866 3782 mortuus
1889 3728 2070 3797 fuerit,

481 3830 526 3874 et
551 3837 651 3874 non
677 3820 827 3889 fuerit
855 3819 1151 3889 puri/italus
1169 3861 1185 3886 ,
1215 3820 1593 3874 tabernaculum
1617 3820 1823 3874 Domini
1852 3823 2033 3892 polluit
2053 3839 2073 3878 :

479 3920 727 3965 exteretur
758 3912 775 3941 ί
814 3911 985 3963 anima
1030 3911 1119 3965 illa
1157 3928 1220 3965 ea:
1248 3910 1410 3966 Israel
1434 3929 1449 3975 ;
1479 3913 1719 3982 quoniam
1741 3930 1874 3981 aqua
1899 3930 2073 3979 asper-

478 4000 634 4054 sionis
670 4017 769 4054 non
805 4009 876 4053 est
908 4001 1267 4071 circumspersa
1292 4018 1445 4070 super
1468 4018 1612 4069 eum,
1643 4004 2032 4075 inunundus‘est
2054 4047 2070 4074 ,

483 4092 651 4144 adhuc
694 4091 1015 4144 immunditia
1057 4093 1165 4159 eius
1204 4092 1256 4144 in
1302 4092 1413 4161 ipso
1452 4101 1522 4146 est
1567 4093 1752 4159 (Num.
1802 4111 1923 4163 XIX,
1962 4098 2070 4167 15).

481 4183 661 4237 Adhuc
696 4184 875 4253 utique
898 4184 1068 4248 dixit,
1098 4184 1257 4239 etiam
1289 4194 1404 4253 post
1431 4196 1655 4240 mortem
1674 4230 1689 4253 ,
1714 4191 1836 4258 quia
1862 4205 1965 4245 non
1993 4201 2076 4247 est

481 4273 791 4343 purificatus
814 4290 827 4325 :
852 4273 938 4327 ubi
960 4274 1345 4341 prmﬁguratum
1368 4274 1635 4330 lavacrum
1658 4282 2073 4347 regenerationis

481 4366 772 4436 intelligit,
825 4363 967 4436 quod
1012 4380 1152 4419 nunc
1198 4365 1463 4436 accipiunt
1502 4369 1590 4439 qui
1638 4370 1971 4439 baptizantur
2020 4376 2073 4429 in

483 4456 725 4525 Christo,
766 4455 1005 4527 quisquis
1043 4456 1187 4511 audit
1209 4456 1457 4525 ﬁdeliter,
1489 4459 1549 4514 Si
1576 4463 1837 4518 crederetis
1871 4462 2070 4534 Moysi,

484 4548 749 4603 crederetis
777 4558 822 4601 et
851 4549 997 4615 mihi;
1029 4550 1091 4603 de
1116 4566 1193 4603 me
1219 4550 1350 4603 enim
1375 4548 1461 4603 ille
1479 4552 1677 4622 scripsit
1700 4552 1930 4623 (Joau.v,
1955 4557 2070 4628 46).

556 4638 780 4694 CAPUT
811 4639 921 4693 Vll.
958 4669 1026 4681 —
1061 4640 1130 4695 24
1183 4640 1319 4707 Quid
1346 4652 1521 4697 autem
1550 4644 1771 4712 mirum,
1801 4647 1845 4700 si
1876 4647 1972 4702 iste
2004 4649 2073 4703 in-

484 4730 611 4786 felix
645 4746 675 4785 a
710 4730 827 4785 luce
863 4732 1099 4787 veritatis
1134 4747 1350 4787 aversus
1370 4775 1383 4797 ,
1412 4743 1465 4788 et
1490 4734 1558 4789 ob
1584 4734 1684 4790 hoc
1713 4737 1813 4792 luci
1838 4739 2073 4794 veritatis

488 4824 742 4878 adversus
764 4864 781 4890 ,
808 4838 871 4877 ea
897 4839 1014 4892 quae
1045 4839 1148 4877 non
1176 4824 1418 4896 intelligit
1441 4825 1497 4879 in
1520 4825 1665 4880 Novo
1691 4827 2031 4886 Testamento
2054 4871 2070 4899 ,

487 4915 668 4983 objicit
707 4913 889 4970 Veteri
926 4914 1308 4971 TeStamento?
1344 4915 1494 4972 Sicut
1530 4918 1689 4971 etiam
1720 4918 1842 4973 illud
1870 4921 1934 4975 de
1955 4937 2075 4991 apo.

482 5006 620 5061 stolo
657 5005 821 5061 Paulo
840 5046 854 5071 ,
884 5006 970 5060 ubi
1000 5007 1073 5059 ait
1097 5006 1161 5059 ad
1190 5005 1494 5061 Corinthios
1524 5025 1536 5060 :
1572 5007 1719 5075 Quod
1746 5010 1789 5061 si
1819 5011 2073 5065 ministra-

483 5097 551 5152 tio
583 5100 754 5152 mortis
776 5140 793 5166 ,
822 5099 875 5151 in
904 5098 1080 5152 litteris
1101 5103 1316 5170 formata
1342 5099 1554 5165 lapideis
1577 5141 1592 5166 ,
1625 5102 1761 5172 facta
1786 5114 1855 5156 est
1883 5104 1934 5157 in
1964 5106 2075 5176 glo-

480 5190 559 5242 ria
592 5190 613 5220 ¹
636 5228 652 5255 ,
682 5190 751 5241 ita
785 5197 840 5242 ut
870 5206 969 5242 non
995 5199 1192 5261 possent
1217 5190 1312 5259 ﬁlii
1342 5188 1505 5245 Israel
1534 5192 1789 5248 intendere
1812 5196 1861 5248 in
1889 5197 2071 5265 facient

484 5277 689 5349 Moysi,
732 5290 935 5349 propter
971 5281 1182 5351 gloriam
1222 5281 1386 5335 vultus
1427 5283 1567 5354 ejus,
1610 5300 1721 5352 qua?
1759 5285 2070 5357 destruitur;

483 5386 639 5442 quare
663 5388 763 5425 non
788 5373 947 5443 magis
972 5373 1267 5427 ministratio
1293 5376 1496 5447 spiritus
1515 5377 1607 5429 erit
1633 5378 1681 5429 in
1702 5379 1904 5447 gloria?
1932 5380 2068 5435 Nam

479 5464 526 5516 si
549 5464 847 5519 ministratio
875 5465 1210 5521 damnationis
1237 5468 1397 5537 gloria
1424 5480 1493 5524 est
1512 5512 1526 5537 ,
1560 5470 1716 5523 multo
1742 5474 1900 5543 magis
1922 5476 2044 5528 mini
2054 5507 2066 5514 -

478 5558 654 5612 stratio
666 5558 882 5630 justitite
903 5558 1172 5613 abundabit
1196 5561 1248 5613 in
1271 5560 1451 5631 gloria.
1480 5561 1672 5617 Etenim
1697 5580 1794 5617 non
1815 5564 2070 5635 gloriﬁca-

549 5671 567 5701 ί
602 5669 738 5735 Editi,
761 5676 1076 5735 emsecretur._
1103 5678 1157 5719 At
1175 5678 1296 5730 Mss,
1324 5678 1565 5735 eagteretur
1596 5687 1612 5722 :
1639 5682 1848 5735 excepto
1873 5689 1969 5725 uno
1986 5692 2067 5727 co-

485 5731 595 5781 dice
618 5732 874 5801 Sorbonieo
894 5731 1167 5801 quilubet,
1187 5732 1594 5784 exterminabitur.
1620 5736 1749 5797 Apud
1767 5731 1881 5786 ’ωυί
1904 5752 2067 5802 graece

486 5800 579 5853 est,
604 5800 921 5844 attribuerat.

545 5856 566 5887 ³
599 5861 665 5905 Ita
703 5862 809 5904 Mss.
838 5854 955 5902 utin
979 5853 1166 5913 vero,’m
1180 5854 1401 5921 gloriam.

1008 397 1283 457 CONTRA
1322 393 1807 454 ADVERSARIUM
1846 386 2045 449 LEGlS
2082 385 2173 443 ET
2211 387 2739 457 PROPHETARUM,
2783 389 2841 447 S.
2884 387 3249 448 AUGUSTIN!

2188 512 2294 557 tum
2320 513 2393 557 est
2415 504 2470 558 in
2496 504 2590 558 hac
2620 512 2759 574 parte
2782 504 2837 558 id
2858 505 2995 575 quod
3021 506 3329 560 declaratum
3359 513 3432 560 est
3460 514 3665 577 propter
3686 525 3772 565 eat-

2185 594 2446 650 cellentem
2489 595 2789 650 claritatem.
2842 596 2979 650 Nam
3015 598 3059 650 si
3104 598 3159 651 id
3203 598 3339 668 quod
3374 598 3650 654 destruitur
3676 644 3688 667 ,
3721 603 3770 658 in

2186 689 2350 759 gloria
2378 698 2492 756 est;
2517 690 2674 745 multo
2702 692 2865 761 magis
2890 690 3022 745 illud
3046 691 3181 762 quod
3203 700 3403 758 manet,
3431 693 3484 746 in
3503 693 3666 763 gloria
3679 703 3766 749 est.

2187 778 2299 835 Hoc
2328 780 2489 837 modo
2516 781 2616 837 iste
2641 784 2816 852 posuit
2842 784 3002 838 verba
3028 782 3316 852 apostolica
3334 824 3353 852 ,
3379 797 3478 839 nec
3502 801 3531 840 a
3557 786 3773 841 meliore

2186 870 2620 942 interpretatione
2663 874 2947 943 plurimum
2987 874 3166 929 distat.
3206 874 3340 942 Quia
3381 891 3508 947 ergo
3530 877 3668 933 dicta
3696 890 3776 933 est

2187 968 2485 1023 ministratio
2519 970 2691 1023 mortis
2712 970 2767 1022 in
2795 969 2971 1023 litteris
2996 973 3214 1039 formata
3240 969 3452 1040 lapideis
3474 1013 3489 1034 ,
3522 970 3647 1026 hinc
3673 974 3777 1026 exi-

2189 1063 2367 1116 stimat
2388 1060 2530 1132 quod
2556 1062 2712 1117 morti
2740 1061 3124 1117 ministraverit
3145 1061 3354 1133 Moyses
3375 1104 3389 1128 ,
3434 1062 3483 1117 id
3510 1072 3613 1129 est,
3638 1080 3777 1119 mor-

2191 1154 2257 1207 tis
2281 1155 2518 1221 auctori,
2551 1140 2782 1225 maligno
2809 1154 3011 1209 scilicet
3031 1153 3258 1223 spiritui,
3293 1170 3448 1225 quem
3473 1156 3651 1209 mundi
3678 1156 3774 1209 hut

2184 1244 2271 1314 jus
2308 1246 2407 1299 iste
2440 1245 2685 1314 opinatur
2708 1254 2980 1301 auctorem
3012 1262 3025 1299 :
3055 1247 3305 1315 ignorans
3334 1247 3776 1304 ministrationem

2190 1336 2375 1390 mortis
2409 1337 2602 1390 dictam
2635 1337 2827 1406 Legem
2850 1378 2864 1402 ,
2894 1336 3184 1392 secundum
3215 1338 3344 1392 illud
3372 1339 3510 1408 quod
3539 1339 3667 1394 alibi
3697 1341 3776 1395 di-

2189 1432 2289 1497 cit,
2318 1430 2507 1485 Littera
2535 1432 2751 1500 occidit,
2775 1432 2982 1501 spiritus
3005 1440 3174 1485 autem
3200 1431 3413 1501 viviﬁcat
3440 1432 3505 1503 (ll
3532 1432 3650 1488 Cor.
3685 1449 3742 1487 ut
3760 1476 3775 1501 ,

2190 1520 2355 1593 6-11).
2406 1521 2516 1577 Lex
2558 1524 2699 1577 enim
2740 1524 2986 1593 quamvis
3028 1523 3169 1593 justa
3213 1531 3267 1578 et
3309 1533 3488 1578 sancta
3526 1534 3581 1579 et
3610 1524 3773 1591 bona,

2189 1614 2684 1683 prtevaricatoribus
2712 1615 2888 1671 intulit
2918 1625 3143 1669 mortem
3162 1656 3177 1681 ,
3208 1630 3343 1685 quos
3369 1616 3459 1669 Dei
3484 1617 3649 1685 gratia
3674 1632 3777 1671 non

2188 1707 2386 1776 adjuvit
2410 1707 2475 1760 ad
2497 1707 2752 1776 justitiam
2778 1708 2933 1778 Legis
2956 1708 3298 1777 implendam.
3322 1708 3615 1776 Oportebat
3633 1711 3777 1765 enim

2188 1806 2245 1851 ut
2284 1797 2623 1852 Testamento
2650 1798 2846 1853 Vetere
2883 1797 2995 1854 Lex
3028 1798 3388 1867 imponeretur
3416 1800 3696 1868 superbis,
3728 1809 3779 1855 et

2186 1890 2255 1945 de
2296 1906 2406 1947 suae
2448 1892 2731 1946 voluntatis
2761 1892 2954 1945 virtute
2996 1890 3279 1947 ﬁdentibus
3301 1934 3317 1958 ,
3347 1908 3465 1962 quae
3492 1909 3595 1947 non
3625 1894 3780 1949 daret

2182 1981 2442 2052 justitiam
2462 2025 2475 2048 ,
2520 1984 2613 2038 sed
2646 1984 2892 2053 juberet;
2940 1997 3001 2037 ac
3028 1983 3105 2038 sic
3131 1992 3303 2038 morte
3328 1984 3778 2053 praevaricationis

2187 2076 2460 2145 impliciti,
2484 2076 2546 2131 ad
2572 2079 2792 2147 gratiam
2817 2076 3204 2146 confugerent,
3234 2092 3337 2131 non
3363 2076 3639 2146 jubentcm
3666 2088 3781 2133 tan-

2189 2170 2462 2224 tummodo
2484 2213 2498 2235 ,
2541 2170 2635 2225 sed
2667 2170 2939 2240 juvantem
2960 2212 2975 2236 ,
3016 2185 3136 2239 qua:
3160 2170 3307 2225 Novo
3331 2169 3678 2225 Testamento
3701 2179 3781 2225 est

2184 2260 2433 2315 revelata.
2476 2260 2609 2315 Hinc
2641 2269 2825 2330 putant
2852 2261 2940 2315 isti
2968 2261 3267 2316 divinorum
3294 2262 3627 2331 eloquiorum
3660 2263 3779 2318 bla-

2185 2351 2549 2420 sphematores
2568 2394 2582 2417 ,
2624 2354 2816 2407 malam
2858 2352 3022 2407 fuisse
3059 2352 3253 2423 Legem
3281 2368 3399 2422 quae
3425 2352 3547 2407 data
3572 2363 3653 2408 est
3683 2369 3781 2423 per

2184 2443 2420 2515 Moysen,
2454 2445 2574 2514 quia
2594 2444 2731 2500 dicta
2752 2454 2833 2500 est
2854 2445 3153 2499 ministratio
3172 2446 3347 2498 mortis
3371 2444 3425 2497 in
3445 2444 3619 2499 litteris
3640 2446 3780 2517 ﬁgu-

2182 2547 2293 2591 rata
2323 2539 2537 2609 lapideis
2567 2554 2586 2593 :
2612 2554 2717 2593 non
2747 2540 3014 2593 intuentes
3043 2546 3259 2608 propter
3278 2553 3372 2593 eos
3391 2552 3511 2593 esse
3539 2538 3745 2594 dictum
3762 2582 3780 2609 ,

2183 2632 2273 2700 qui
2294 2646 2391 2687 suo
2426 2632 2593 2688 libero
2621 2630 2839 2686 arbitrio
2863 2629 3057 2700 Legem
3082 2629 3327 2685 sufficere
3350 2630 3748 2686 arbitrabantur
3764 2673 3780 2699 ,

2183 2733 2237 2777 et
2284 2724 2467 2793 spiritu
2510 2725 2694 2794 gratim
2730 2738 2834 2777 non
2863 2722 3029 2791 adjuti
3054 2763 3068 2788 ,
3099 2722 3176 2776 rei
3203 2723 3657 2791 praevaricationis
3686 2724 3784 2779 sub

2182 2814 2421 2882 ejusdem
2445 2814 2601 2885 Legis
2627 2815 2799 2868 littera
2821 2814 3156 2867 tenebantur.
3184 2812 3337 2868 Unde
3356 2814 3479 2869 alibi
3496 2814 3649 2880 dicit,
3677 2814 3785 2870 Lee

2181 2907 2311 2959 iram
2346 2917 2582 2976 aperatur
2612 2922 2629 2959 :
2663 2906 2747 2958 ubi
2772 2905 2901 2959 enim
2932 2903 3015 2958 lea:
3041 2920 3141 2958 non
3169 2912 3279 2969 est,
3313 2920 3403 2957 nec
3430 2907 3783 2974 prtevaricatio

2182 3000 2360 3069 (Rom.
2406 3014 2496 3066 tv,
2549 2998 2637 3068 15)
2684 3015 2698 3051 :
2746 2997 2870 3051 hinc
2908 2994 3197 3050 ostendens
3236 2994 3376 3049 unde
3413 2995 3641 3065 dixerit,
3676 2998 3785 3053 Lex

2180 3092 2311 3145 iram
2336 3100 2590 3161 operatur.
2618 3090 2799 3160 Neque
2828 3092 2969 3144 enim
2994 3088 3111 3157 ejus
3138 3088 3500 3156 praevaricatio
3524 3090 3666 3143 mala
3697 3107 3783 3146 es-

2180 3193 2298 3249 set,
2329 3183 2431 3237 nisi
2458 3183 2567 3237 Lex
2596 3184 2707 3251 ipsa
2733 3182 2869 3236 bona
2896 3190 3058 3237 esset.

2249 3276 2339 3330 ‘25.
2380 3275 2599 3330 Multum
2644 3285 2725 3330 est
2752 3284 2807 3330 et
2832 3277 2988 3330 nimis
3013 3277 3226 3347 longum
3255 3275 3507 3347 colligere
3530 3317 3546 3343 ,
3578 3292 3702 3347 qua:
3730 3279 3779 3332 in

2182 3370 2317 3424 hanc
2339 3369 2656 3425 sententiam
2680 3369 2865 3423 beatus
2886 3370 3015 3425 dicit
3036 3370 3343 3439 Apostolus,
3367 3370 3563 3439 Legem
3584 3370 3787 3425 distin-

2178 3477 2348 3533 guens
2388 3478 2415 3513 a
2457 3463 2659 3531 gratia;
2693 3478 2760 3517 eo
2788 3462 2930 3532 quod
2958 3460 3055 3516 sub
3082 3462 3165 3516 illa
3197 3462 3466 3515 eliduntur
3490 3462 3647 3529 elati,
3679 3465 3782 3517 sub

2179 3556 2277 3609 ista
2304 3554 2573 3623 erigantur
2602 3554 2718 3609 elisi
2744 3572 2757 3619 ;
2791 3563 2843 3608 et
2870 3552 3007 3623 quod
3036 3554 3119 3607 illa
3148 3555 3198 3607 in
3224 3562 3429 3607 tantum
3456 3554 3588 3607 bona
3618 3554 3691 3605 sit
3720 3561 3783 3607 ut

2180 3649 2317 3703 bona
2355 3647 2539 3718 jubeat
2560 3690 2573 3713 ,
2613 3647 2728 3702 haec
2767 3656 2967 3701 tantum
2996 3649 3011 3678 ³
3033 3655 3088 3700 ιιι
3124 3647 3261 3701 bona
3286 3646 3544 3701 conferat.
3574 3646 3669 3700 Illa
3693 3647 3783 3716 ju-

2180 3743 2335 3796 stitiae
2365 3741 2490 3797 facit
2521 3743 2814 3795 auditorem
2835 3783 2850 3807 ,
2884 3741 2978 3794 ista
3007 3740 3281 3796 factorem.
3316 3741 3381 3794 Et
3406 3740 3524 3795 ideo
3553 3743 3658 3797 sub
3691 3744 3781 3798 illa

2178 3847 2427 3906 peccator
2445 3878 2458 3901 ,
2492 3837 2708 3905 insuper
2731 3835 2888 3889 etiam
2918 3836 3295 3905 praevaricator
3322 3835 3518 3888 amissa
3542 3850 3783 3891 excusa-

2180 3930 2323 3983 tione
2348 3929 2658 3998 ignorantim
2683 3928 2954 3981 convictus
2969 3927 3112 3996 jacet
3143 3944 3155 3980 :
3185 3927 3284 3982 sub
3310 3928 3407 3982 ista
3430 3942 3560 3982 vero
3580 3936 3637 3981 et
3660 3944 3783 3998 par-

2179 4032 2333 4078 cente
2375 4031 2431 4077 et
2464 4022 2754 4091 Opitulante
2776 4062 2789 4085 ,
2838 4036 2935 4075 nec
2974 4021 3062 4090 qui
3084 4022 3104 4052 ’
3136 4021 3269 4075 mala
3296 4030 3377 4075 est
3404 4032 3661 4090 operatus
3687 4037 3786 4077 ex—

2180 4115 2462 4184 stinguitur
2482 4156 2496 4180 ,
2526 4123 2579 4168 et
2606 4122 2662 4167 ut
2687 4113 2824 4167 bona
2850 4122 3099 4181 operetur
3125 4112 3451 4167 accenditur.
3483 4113 3622 4178 Quid
3647 4128 3787 4184 ergo

2179 4216 2261 4262 est
2285 4207 2476 4260 mirum
2498 4248 2512 4271 ,
2546 4207 2588 4259 si
2621 4205 2706 4258 illa
2739 4204 2879 4257 dicta
2902 4212 2982 4257 est
3007 4204 3307 4257 ministratio
3328 4204 3501 4257 mortis
3519 4245 3534 4270 ,
3562 4205 3657 4259 ubi
3689 4206 3783 4258 lit-

2180 4310 2295 4357 tcra
2332 4301 2556 4364 occidit,
2604 4299 2797 4353 malum
2844 4297 3172 4367 prohibendo
3201 4297 3342 4367 quod
3372 4296 3430 4350 ﬁt
3450 4339 3464 4363 ,
3489 4306 3542 4351 et
3572 4297 3783 4351 bonum

2179 4392 2488 4463 imperando
2512 4392 2652 4461 quod
2679 4406 2781 4444 non
2810 4390 2898 4454 fit;
2927 4391 3027 4444 ista
3049 4405 3180 4444 vero
3200 4389 3336 4444 dicta
3358 4398 3443 4444 est
3467 4390 3786 4443 ministratio

2177 4486 2385 4556 spiritus
2416 4526 2431 4552 ,
2482 4484 2663 4553 utique
2716 4482 3072 4548 viviﬁcantis,
3124 4489 3183 4535 ut
3233 4497 3260 4534 a
3319 4482 3788 4551 praevaricationis

2179 4586 2351 4632 morte
2392 4591 2669 4645 surgamus
2688 4616 2704 4642 ,
2743 4584 2793 4629 et
2820 4574 3075 4643 justitiam
3106 4588 3211 4628 non
3236 4572 3313 4627 rei
3342 4573 3576 4643 legamus
3605 4573 3662 4627 in
3696 4582 3790 4629 ta-

2177 4668 2344 4734 bulis,
2372 4666 2467 4723 sed
2500 4667 2648 4721 liberi
2679 4666 2731 4720 in
2757 4665 3005 4721 cordibus
3028 4674 3082 4721 et
3103 4667 3155 4721 in
3179 4666 3414 4721 moribus
3443 4665 3787 4721 habeamus?

2180 4761 2291 4816 lloc
2302 4769 2385 4815 est
2405 4760 2805 4815 Testamentum
2819 4759 3020 4813 Novum
3038 4759 3281 4814 distansa
3298 4757 3493 4813 Vetere
3512 4776 3526 4823 ;
3553 4761 3685 4828 quia
3708 4760 3787 4815 ibi

2181 4862 2334 4908 vetus
2359 4851 2519 4907 homo
2550 4850 2844 4907 formidinis
2869 4860 3167 4905 coarctatur
3194 4851 3468 4922 angustiis,
3494 4850 3581 4905 hic
3604 4866 3790 4906 novus

2179 4946 2340 4999 homo
2365 4946 2620 5013 spatiatur
2644 4943 2922 4997 latitudine
2949 4943 3239 4997 charitatis.

2247 5036 2338 5091 26.
2369 5036 2521 5102 Quod
2550 5043 2724 5090 autem
2751 5036 2947 5090 dictum
2976 5043 3057 5090 est
3074 5036 3145 5090 de
3165 5036 3410 5089 ministro
3433 5034 3646 5090 Veteris
3670 5035 3789 5090 Te-

2176 5128 2423 5183 stamenti
2445 5128 2625 5199 Moyse
2644 5169 2656 5192 ,
2680 5126 2818 5196 quod
2845 5143 2944 5180 non
2965 5136 3191 5198 poterant
3212 5126 3466 5179 intendere
3484 5125 3581 5193 lilii
3604 5124 3794 5183 Israel

2175 5223 2228 5275 in
2273 5222 2450 5292 faciem
2491 5221 2633 5290 ejus,
2677 5230 2883 5291 propter
2922 5222 3135 5290 gloriam
3170 5224 3334 5274 vultus
3372 5220 3515 5288 ejus,
3556 5220 3791 5290 signum

2175 5323 2289 5367 erat
2318 5310 2438 5382 quia
2478 5312 2531 5365 in
2561 5312 2697 5380 Lege
2727 5311 2993 5365 Christum
3022 5311 3338 5366 intellecturi
3365 5326 3471 5364 non
3496 5321 3678 5365 erant.
3714 5311 3796 5367 Et

2176 5406 2293 5461 ideo
2314 5407 2553 5461 velamen
2582 5407 2721 5459 inter
2743 5404 2928 5460 faciem
2952 5405 3118 5476 Moysi
3139 5415 3191 5460 et
3214 5408 3355 5475 ipsos
3376 5404 3610 5474 positum
3630 5415 3790 5470 erat,

2175 5508 2229 5550 ut
2254 5515 2355 5552 non
2375 5498 2710 5562 intenderent,
2737 5497 2873 5552 sicut
2899 5498 3151 5568 scriptum
3173 5506 3278 5567 est,
3301 5497 3397 5567 ﬁlii
3421 5496 3589 5553 Israel
3614 5513 3799 5568 usque

2238 5744 2251 5773 ¹
2290 5743 2428 5812 miti,
2450 5740 2555 5793 huic
2587 5755 2641 5812 _tn
2674 5748 2885 5812 unitum.
2912 5750 2969 5812 At
3002 5741 3226 5812 plerique
3267 5753 3325 5791 ac
3367 5741 3606 5794 meliores
3639 5750 3797 5812 uss,

2174 5804 2277 5853 lucc
2298 5810 2481 5867 tantum
2509 5816 2525 5852 :
2558 5806 2741 5867 absque
2769 5803 3016 5867 particula;
3052 5804 3119 5853 in.

2238 5869 2256 5897 ³
2290 5865 2425 5924 Editi,
2450 5877 2533 5915 nec
2556 5864 2684 5929 quia.
2712 5864 2924 5917 notiores
2948 5875 3076 5928 Mss,
3098 5879 3184 5917 nec
3206 5864 3306 5931 qui.
