4094 6494
313 403 426 464 653

309 541 364 594 in
406 538 562 608 ﬁnem
603 537 681 611 (a)
725 535 794 612 (Il
829 539 945 594 Cor.
979 553 1067 606 ιιι,
1097 538 1206 612 15).
1239 538 1386 596 Finis
1411 547 1584 594 autem
1612 541 1768 612 Legis
1789 542 1908 611 quis

309 631 436 686 est?
463 631 544 686 Ad
573 630 673 686 hoc
695 647 800 688 non
825 647 955 703 ego,
984 632 1076 687 sed
1099 633 1384 702 Apostolus
1413 633 1528 704 ipse
1549 635 1905 704 respondeat:

309 723 462 780 Finis
503 727 638 779 enim
665 725 845 797 Legis,
877 726 1074 796 inquit,
1109 725 1368 790 Christus,
1399 728 1469 780 ad
1487 727 1744 798 justitiam
1773 729 1912 782 omni

311 817 535 878 credenti
578 817 754 886 (Rom.
801 833 866 882 ι,
913 815 990 890 4).
1035 817 1178 872 Finis
1223 817 1536 888 perﬁciens,
1576 834 1680 874 non
1713 819 1913 874 interﬁ—

309 909 478 964 ciens.
524 909 672 963 Finis
697 910 892 979 quippe
920 910 1114 964 dicitur
1143 921 1360 981 propter
1387 926 1544 982 quem
1577 913 1710 966 lluut
1736 913 1913 966 omnia

309 1015 662 1070 quzecumquc
685 1002 863 1072 aliquo
887 1002 1020 1057 ﬁunt
1044 985 1239 1058 ofﬁcio.
1269 1004 1400 1058 Nam
1429 1004 1566 1058 inter
1589 1004 1826 1058 ofﬁcium
1855 1013 1913 1059 et

289 1081 474 1146 'ﬁuem
515 1091 616 1148 hoc
645 1092 839 1160 distat,
873 1095 1014 1165 quod
1041 1094 1274 1150 ofﬁcium
1297 1103 1378 1151 est
1403 1095 1456 1150 in
1487 1095 1566 1150 eis
1595 1111 1712 1166 quae
1739 1093 1917 1150 facere

309 1182 570 1238 debemus
593 1225 610 1251 ,
643 1184 762 1240 ﬁnis
789 1195 1004 1255 propter
1021 1201 1182 1257 quem
1201 1185 1444 1242 facimus.
1470 1187 1603 1254 Quia
1629 1187 1806 1258 itaque
1827 1186 1915 1240 illa

309 1275 492 1332 omnia
535 1285 750 1348 prepter
777 1275 1046 1333 Christum
1086 1278 1316 1346 ﬁebant,
1357 1294 1516 1348 quem
1556 1279 1646 1333 ﬁlii
1675 1277 1832 1332 Israel
1865 1279 1919 1332 in

309 1370 390 1426 eis
417 1387 542 1441 qua:
563 1372 761 1427 ﬁebant
779 1387 886 1426 non
913 1372 1272 1444 intelligebant
1299 1389 1314 1438 ;
1343 1372 1443 1428 hoc
1467 1372 1801 1443 signiﬁcabat
1831 1386 1916 1426 ve-

311 1463 490 1520 lamen
511 1505 527 1530 ,
571 1465 711 1534 quod
743 1479 837 1520 eos
873 1481 1042 1536 usque
1077 1465 1130 1520 in
1173 1465 1332 1522 ﬁnem
1375 1483 1482 1522 non
1517 1467 1724 1523 sinebat
1750 1468 1919 1522 inten-

309 1555 442 1614 dere
461 1599 478 1624 ,
523 1558 576 1612 id
619 1568 699 1614 est
717 1600 734 1626 ,
767 1573 937 1629 usque
963 1557 1030 1614 ad
1059 1557 1247 1615 faciem
1274 1560 1436 1631 Moysi
1463 1601 1477 1626 ,
1505 1575 1625 1630 quae
1653 1559 1916 1630 signiﬁca-

314 1649 408 1705 bat
429 1649 726 1706 Christum.
749 1652 850 1708 Sed
875 1651 994 1708 ideo
1014 1652 1210 1707 dictum
1232 1653 1475 1722 estquod
1498 1661 1782 1708 evacuetur
1803 1652 1919 1706 haec

317 1743 484 1812 gloria
509 1786 524 1810 ,
569 1743 693 1815 quia
725 1757 912 1799 omnes
949 1744 1152 1799 umbrm
1176 1743 1536 1814 signiﬁcantes
1561 1753 1915 1812 evacuautur,

309 1847 432 1888 cum
473 1849 564 1888 res
603 1850 722 1904 qua:
763 1835 1090 1904 significatur
1127 1835 1420 1890 advenerit.
1460 1831 1917 1902 QuemadmOdum

311 1924 454 1978 enim
493 1926 714 1980 scientia
753 1941 874 1997 quas
911 1941 1052 1982 nunc
1087 1937 1208 1994 est,
1240 1925 1590 1992 evacuabitur,
1617 1928 1752 1982 sient
1777 1925 1917 1981 idem

311 2016 442 2072 dicit
471 2018 742 2087 apostolus
761 2061 776 2085 ,
813 2033 932 2074 cum
969 2021 1176 2074 venerit
1211 2019 1298 2073 illa
1326 2035 1482 2088 quam
1509 2019 1672 2086 dicit,
1702 2018 1830 2088 facie
1850 2017 1918 2073 ad

313 2109 498 2178 faciem
532 2111 548 2141 ¹
589 2111 630 2180 (l
664 2110 783 2166 Cor.
809 2127 938 2178 xm,
969 2112 1038 2167 10
1061 2154 1076 2180 ,
1107 2109 1198 2184 12)
1229 2129 1240 2165 :
1271 2111 1347 2166 sic
1371 2119 1425 2166 et
1448 2111 1548 2165 ista
1573 2126 1691 2181 quae
1719 2111 1769 2164 in
1797 2125 1915 2164 um-

313 2201 425 2256 bris
445 2202 468 2234 ³
495 2201 686 2258 tradita
711 2211 866 2258 erant
893 2203 1094 2260 Judzeis
1117 2204 1170 2257 in
1195 2203 1390 2259 Vetere
1417 2203 1762 2259 Testamento
1786 2245 1800 2269 ,
1831 2219 1916 2258 ne-

311 2307 466 2348 cesse
485 2291 586 2347 fuit
611 2295 852 2348 evacuari
881 2295 1204 2350 revelatione
1230 2293 1554 2348 Testamenti
1576 2293 1729 2348 Novi.

372 2383 462 2438 27.
489 2383 598 2439 Nec
627 2399 756 2440 sane
785 2399 972 2440 omnes
995 2385 1047 2439 in
1069 2386 1158 2440 illo
1189 2385 1387 2456 populo
1403 2400 1509 2439 non
1533 2383 1910 2455 intelligebant

313 2475 584 2533 Christum
611 2493 710 2549 per
731 2479 845 2534 illas
877 2479 1091 2534 umbras
1119 2479 1446 2534 Testamenti
1467 2478 1678 2534 Veteris
1705 2479 1903 2549 figura-

315 2578 427 2624 tum
461 2588 474 2624 :
509 2585 684 2641 neque
716 2571 858 2626 enim
891 2571 1004 2626 haec
1047 2571 1162 2641 ipse
1205 2571 1414 2644 Moyses
1451 2578 1508 2625 et
1557 2571 1736 2626 caeteri
1778 2571 1913 2624 Pro-

311 2661 490 2732 pheta:
517 2679 626 2716 non
659 2663 1045 2734 intelligebant,
1071 2663 1158 2733 qui
1181 2678 1303 2718 eum
1335 2663 1561 2732 posteris
1589 2663 1914 2732 praenuntia-

311 2754 459 2810 bant.
493 2755 628 2812 Nam
677 2757 728 2810 in
762 2757 873 2827 ipsa
902 2757 1146 2828 Epistola
1195 2755 1260 2811 ad
1305 2755 1633 2822 Corinthios,
1665 2755 1755 2809 ubi
1797 2755 1914 2809 hinc

309 2845 581 2914 dicuntur,
627 2863 744 2918 qua:
785 2849 884 2903 iste
924 2861 1030 2902 non
1083 2845 1382 2918 intelligens
1433 2847 1612 2918 posuit
1663 2854 1912 2916 tanquam

310 2938 536 2994 adversa
561 2949 614 2995 et
641 2940 854 2996 inimica
883 2941 1061 2998 Veteri
1085 2941 1452 3009 Testamento,
1481 2956 1578 2996 cur
1606 2939 1755 3006 dicit,
1790 2939 1876 2992 Ha

312 3033 482 3088 bentes
533 3045 698 3088 autem
751 3035 976 3088 eumdem
1023 3035 1256 3104 spiritum
1283 3035 1422 3103 ﬁdei,
1463 3034 1735 3088 secundum
1779 3032 1914 3104 quod

310 3125 554 3196 scriptum
583 3135 674 3194 est,
711 3127 933 3192 Credidi,
977 3137 1180 3198 prapter
1217 3127 1351 3197 quod
1392 3135 1440 3181 et
1467 3115 1661 3180 locutus
1688 3141 1800 3179 sum
1826 3141 1844 3178 :
1864 3133 1912 3178 et

313 3234 403 3273 nos
450 3219 738 3286 credimus,
771 3229 978 3290 prapter
1017 3219 1154 3290 quod
1183 3227 1230 3272 et
1289 3217 1542 3288 loquimur
1576 3217 1652 3287 (ll
1679 3215 1796 3271 Cor.
1829 3229 1906 3282 Iv,

330 3309 473 3382 i5)?
501 3309 606 3366 Ubi
629 3311 770 3365 enim
813 3311 1067 3380 scriptum
1099 3317 1202 3375 est,
1229 3309 1453 3376 Credidi,
1479 3319 1682 3379 prapter
1703 3307 1838 3377 quod
1864 3313 1912 3361 et

313 3403 508 3458 locutus
531 3421 646 3458 sum
683 3403 702 3473 (
731 3403 872 3459 Psal.
905 3419 1028 3469 cxv,
1067 3403 1214 3474 10)?
1245 3402 1434 3473 Utique
1471 3403 1526 3455 in
1575 3402 1819 3466 Psalmis,
1843 3399 1908 3454 ad

310 3495 396 3550 illa
429 3497 520 3550 Dei
571 3497 779 3567 eloquia
827 3495 1242 3566 pertinentibus,
1269 3509 1390 3565 qum
1429 3494 1632 3549 credita
1663 3501 1791 3546 sunt
1817 3491 1912 3547 Ju-

312 3585 460 3643 d’mis.
491 3584 746 3642 Eumdem
770 3629 784 3654 ,
817 3588 1015 3657 inquit,
1042 3587 1281 3657 spiritum
1323 3585 1442 3656 fidei
1474 3585 1712 3638 habentes
1739 3599 1760 3637 :
1781 3583 1909 3654 quid

310 3689 412 3745 est,
439 3681 692 3747 eumdem,
726 3680 826 3734 nisi
853 3695 1012 3750 quem
1043 3679 1310 3734 habebant
1338 3679 1497 3733 etiam
1545 3677 1620 3731 illi
1655 3691 1750 3745 per
1769 3690 1906 3744 quos

309 3771 426 3828 haec
451 3773 748 3827 ministrata
773 3773 932 3827 sunt?
952 3771 1060 3828 Cur
1085 3773 1244 3827 etiam
1273 3772 1325 3825 in
1357 3769 1544 3826 eadem
1569 3769 1808 3839 Epistola
1835 3767 1902 3822 de

310 3866 452 3936 Lege
475 3866 834 3920 testimonium
859 3865 1056 3935 posuit,
1091 3879 1210 3919 cum
1242 3862 1610 3933 praemisisset,
1646 3858 1714 3914 Ut
1737 3868 1904 3914 vestra

309 3957 622 4011 abundantia
647 3959 712 4012 sit
740 3957 808 4011 ad
833 3957 1038 4011 illorum
1061 3956 1308 4026 inopiam,
1335 3965 1382 4008 et
1401 3953 1608 4007 illorum
1639 3951 1906 4004 abundan-

309 4052 378 4105 tia
400 4052 492 4120 fiat
519 4053 571 4105 in
589 4061 800 4105 vestram
829 4051 1074 4120 inopiam,
1127 4057 1182 4102 ut
1221 4049 1312 4117 ﬁat
1350 4047 1648 4117 inqualitas;
1677 4044 1902 4113 subjun-

309 4157 442 4213 gens
469 4152 524 4198 et
553 4143 738 4198 dicens
762 4183 776 4206 ,
803 4143 932 4196 sicut
963 4142 1208 4212 scriptum
1251 4149 1345 4206 est,
1381 4139 1482 4205 Qui
1529 4137 1763 4203 multum,
1806 4153 1907 4192 non

309 4234 584 4288 abundauit
605 4249 624 4298 ;
645 4243 691 4287 et
719 4233 804 4303 qui
835 4233 1107 4298 modicum,
1137 4247 1236 4286 non
1257 4230 1420 4300 defuit
1447 4230 1524 4284 illi
1553 4229 1617 4300 (ll
1645 4228 1764 4282 Cor.
1789 4243 1904 4292 vm,

313 4329 400 4395 14,
437 4329 504 4382 15
523 4327 543 4399 )
565 4329 588 4382 ?
607 4328 716 4382 Cur
735 4328 814 4382 eis
841 4327 1092 4396 importat
1129 4324 1282 4396 Legis
1312 4323 1680 4378 auctoritatem
1705 4363 1719 4389 ,
1749 4335 1910 4390 quam

312 4421 440 4475 dicit
465 4420 632 4474 fuisse
676 4417 1119 4473 ministratiouem
1158 4415 1366 4480 mortis,
1394 4416 1438 4470 si
1467 4429 1532 4468 co
1561 4411 1718 4466 modo
1747 4412 1908 4466 intel-

313 4513 463 4580 lexit,
494 4511 764 4582 quomodo
791 4511 890 4565 ista
913 4509 1077 4580 pestis
1097 4507 1374 4576 intelligit?

379 4603 472 4657 28.
499 4604 674 4672 Atque
711 4611 768 4654 ut
803 4615 989 4654 omnes
1026 4595 1332 4652 auferantur
1367 4595 1638 4664 ambages,
1665 4607 1900 4663 quonam

313 4693 473 4748 modo
525 4701 582 4748 et
627 4692 740 4747 Lex
777 4691 1094 4746 ministratio
1143 4689 1328 4744 mortis
1358 4695 1503 4742 recte
1549 4687 1688 4740 dicta
1731 4687 1820 4749 sit,
1857 4693 1912 4740 et

315 4794 488 4840 tamen
516 4793 702 4839 sancta
743 4792 796 4838 et
824 4782 967 4852 justa
1006 4790 1060 4836 et
1106 4780 1246 4836 bona
1291 4777 1382 4843 sit,
1439 4777 1568 4832 illud
1611 4776 1912 4831 recolamus

313 4877 454 4946 quod
483 4877 538 4930 in
565 4875 803 4944 Epistola
829 4875 1060 4945 positum
1085 4879 1170 4928 est
1199 4872 1267 4927 ad
1285 4872 1572 4926 Romanos.
1595 4869 1729 4925 Cum
1757 4869 1904 4924 enim

314 4967 570 5032 dixisset,
611 4967 696 5022 Ita
735 4975 792 5022 ut
837 4968 1111 5022 serviamus
1135 4967 1190 5022 in
1217 4966 1434 5020 nouitate
1461 4964 1665 5035 spiritus
1687 5006 1702 5030 ,
1736 4973 1782 5019 et
1811 4979 1912 5018 non

313 5061 364 5116 in
399 5067 650 5116 vetustate
677 5059 892 5126 litteris;
920 5075 1040 5130 qua:
1084 5059 1350 5116 sententia
1399 5058 1664 5112 simillima
1703 5067 1786 5112 est
1837 5057 1912 5114 illi

313 5167 470 5222 quam
499 5152 605 5206 iste
631 5163 736 5204 non
769 5149 1074 5220 intelligens
1101 5149 1278 5220 posuit
1309 5149 1602 5204 :coutinuo
1629 5148 1912 5218 prospexit

317 5245 444 5298 istos
475 5241 684 5298 futuros
707 5241 964 5298 verbosos
991 5249 1150 5312 atque
1175 5239 1538 5309 blasphemas,
1565 5237 1656 5308 qui
1679 5237 1912 5306 putaturi

315 5343 494 5391 essent
529 5347 606 5390 ex‘
640 5335 740 5390 hoc
773 5334 970 5405 Legem
1011 5333 1174 5389 fuisse
1215 5331 1642 5402 reprehensam;
1682 5343 1912 5398 moxque

317 5426 590 5497 subjunxit
635 5443 646 5480 :
693 5425 828 5491 Quid
856 5441 974 5498 ergo
1003 5426 1226 5480 dicemus
1251 5423 1272 5456 ³
1295 5423 1322 5480 1
1347 5421 1456 5480 Lex
1497 5427 1754 5492 peccatum
1797 5427 1868 5476 est
1885 5420 1913 5476 Ρ

315 5520 454 5576 Absit
477 5535 500 5575 :
537 5519 626 5574 sed
662 5530 918 5588 peccatum
939 5537 1040 5574 non
1065 5517 1276 5590 cognoui
1303 5517 1401 5572 nisi
1425 5531 1512 5585 per
1534 5512 1742 5584 Legem.
1771 5511 1914 5570 Nam

378 5653 394 5683 ι
433 5649 624 5720 Aliquot
645 5656 772 5720 uss,
797 5649 972 5712 faciem
993 5651 1058 5702 ad
1082 5649 1256 5715 faciem
1284 5649 1462 5712 :juxta
1483 5657 1717 5710 graecum,
1741 5643 1911 5709 proso-

317 5723 826 5824 “33334133033
849 5776 1004 5827 verbis

382 5838 642 5906 tum.
675 5833 898 5906 αεςεηιιιε-

380 5898 455 5964 (a)
485 5905 668 5971 (taceo,
691 5898 764 5949 eis
780 5905 829 5949 to
850 5899 981 5950 telas.

1649 405 1850 464 LIBER
1887 405 2258 468 SECUNDUS.

3505 425 3613 484 65b

2025 525 2484 595 concupiscentiam
2509 527 2818 596 nesciebam,
2845 530 2947 586 nisi
2973 531 3082 588 Lex
3099 535 3306 604 diceret,
3331 537 3455 594 Non
3485 559 3612 597 con-

2024 618 2267 686 cupisces.
2300 617 2578 676 Occasione
2619 632 2785 677 autem
2810 635 3018 696 accepta
3056 639 3312 698 peccatum
3349 649 3439 700 per
3465 651 3613 691 man-

2025 710 2198 764 datum
2249 717 2512 780 operatum
2564 721 2636 768 est
2683 715 2736 768 in
2783 733 2866 770 me
2899 735 3098 774 onlnem
3139 725 3616 794 concupiscentiam.

2026 799 2151 856 Sine
2173 801 2308 874 Lege
2331 805 2463 858 enim
2485 815 2742 875 peccatum
2769 817 3026 866 mortuum
3045 817 3141 869 est.
3167 814 3277 887 Ego
3299 827 3464 872 autem
3485 827 3620 876 vive-

2026 894 2140 948 bam
2181 895 2456 966 aliquando
2483 900 2592 952 sine
2614 899 2748 970 Lege
2777 918 2792 955 :
2819 903 3114 960 adveniente
3155 919 3324 962 autem
3355 912 3614 982 mandato,

2025 997 2286 1056 peccatum
2321 991 2516 1044 revixit.
2568 992 2678 1062 Ego
2707 1005 2875 1050 autem
2921 1007 3148 1052 mortuus
3182 1017 3314 1066 sum,
3357 1011 3404 1056 et
3439 1004 3619 1060 inuen-

2027 1089 2130 1134 tum
2158 1091 2229 1135 est
2253 1083 2379 1136 mihi
2402 1084 2700 1138 mandatum
2725 1087 2860 1154 quod
2907 1101 3013 1142 erat
3042 1091 3094 1144 in
3119 1093 3292 1160 vitam,
3317 1095 3411 1148 hoc
3437 1113 3543 1150 esse
3563 1098 3618 1152 in

2025 1181 2257 1229 mortem.
2309 1173 2585 1230 Peccatum
2626 1178 2760 1232 enim
2797 1182 3060 1236 occasione
3097 1197 3304 1255 accepta
3347 1204 3436 1256 per
3471 1205 3617 1243 ruan—

2026 1264 2200 1319 datum
2247 1269 2424 1338 fefellit
2483 1286 2592 1335 me,
2648 1280 2696 1324 et
2741 1289 2830 1342 per
2877 1275 3006 1329 illud
3051 1279 3250 1332 occidit.
3283 1280 3465 1352 Itaque
3509 1283 3620 1338 Lex

2025 1357 2226 1426 quidem
2281 1368 2476 1426 sancta,
2523 1371 2572 1415 et
2625 1363 2922 1418 mandatum
2963 1379 3192 1423 sanctum
3235 1379 3284 1426 et
3329 1374 3527 1442 justum
3569 1384 3616 1428 et

2025 1449 2228 1504 bonum.
2275 1450 2424 1517 Quod
2476 1469 2594 1523 ergo
2635 1455 2818 1509 bonum
2847 1467 2938 1525 est,
2979 1461 3102 1514 mihi
3121 1462 3312 1530 factum
3335 1475 3410 1519 est
3433 1468 3617 1522 mors?

2026 1539 2166 1594 Absit
2190 1557 2206 1594 :
2229 1541 2319 1594 sed
2344 1554 2602 1611 peccatum
2628 1555 2684 1600 ut
2729 1560 2974 1618 appareat
3003 1563 3279 1621 peccatum,
3313 1573 3402 1625 per
3429 1557 3615 1612 bonum

2025 1632 2150 1686 mihi
2197 1645 2461 1703 apemtum
2511 1646 2584 1692 est
2621 1649 2832 1694 mortem
2861 1641 3051 1713 (Rom.
3095 1661 3189 1712 vn,
3233 1646 3422 1720 6-13).
3477 1652 3614 1708 Ecce

2025 1725 2148 1795 quid
2173 1737 2256 1782 est
2283 1728 2585 1782 ministratio
2613 1732 2822 1798 mortis;
2839 1747 2966 1788 ecce
2985 1736 3113 1804 quid
3135 1747 3237 1803 est,
3265 1739 3454 1795 Littera
3481 1744 3615 1797 occi-

2025 1818 2096 1873 dit
2119 1819 2138 1890 (
2161 1818 2200 1872 ll
2227 1818 2344 1874 Cor.
2377 1837 2452 1886 ιιι,
2493 1821 2590 1891 6):
2635 1839 2762 1878 ecce
2801 1827 3251 1896 quemadmodum
3279 1831 3390 1887 Lex
3416 1849 3515 1888 non
3543 1843 3617 1889 est

2024 1922 2280 1982 peccatum
2305 1931 2318 1977 ;
2352 1921 2425 1980 et,
2450 1917 2744 1970 mandatum
2771 1927 2878 1971 erat
2903 1919 2958 1973 in
2983 1921 3168 1988 vitam;
3193 1931 3270 1990 et,
3295 1925 3376 1979 lea:
3415 1937 3612 1996 sancta,

2023 2015 2068 2058 et
2095 2007 2392 2060 mandatum
2433 2017 2664 2062 sanctum
2693 2019 2738 2064 et
2767 2011 2967 2080 justum
2995 2023 3041 2066 et
3083 2015 3268 2070 bonum
3301 2033 3321 2072 :
3343 2026 3399 2074 et
3439 2030 3614 2075 tamen

2022 2098 2144 2168 quia
2169 2098 2237 2152 de
2275 2099 2392 2168 ipso
2414 2099 2556 2154 bono
2591 2101 2909 2157 interﬁcitur
2942 2104 3256 2162 iuobediens
3292 2111 3490 2178 anima,
3521 2113 3614 2166 ubi

2024 2189 2120 2246 Dei
2163 2205 2266 2246 non
2312 2192 2528 2260 adjuvat
2568 2193 2756 2262 gratia,
2782 2195 3104 2252 ministratio
3145 2199 3334 2256 mortis
3373 2201 3512 2258 facta
3533 2211 3617 2258 est

2022 2285 2132 2340 Lex
2155 2285 2208 2340 in
2245 2283 2422 2340 Veteri
2459 2286 2808 2342 Testamento
2835 2301 3052 2360 propter
3089 2293 3421 2348 occidentem
3465 2295 3614 2351 litte-

2019 2393 2168 2444 ram;
2195 2389 2248 2434 et
2275 2381 2595 2436 ministratio
2617 2385 2738 2438 vitae
2779 2382 2912 2439 facta
2935 2393 3016 2440 est
3053 2387 3223 2455 gratia
3263 2387 3316 2442 in
3355 2402 3492 2443 novo
3511 2389 3616 2445 Te-

2019 2482 2286 2529 stamento
2335 2483 2554 2545 prapter
2591 2478 2948 2534 viviﬁcantem
3009 2480 3279 2548 spiritum.
3327 2481 3482 2550 Quod
3529 2491 3615 2540 est

2017 2573 2193 2620 autem
2219 2609 2232 2630 ,
2263 2568 2568 2622 ministratio
2615 2572 2788 2624 mortis
2815 2582 2862 2626 et
2891 2573 3192 2628 ministratio
3234 2575 3612 2644 damnationis;

2018 2657 2122 2713 hoc
2161 2669 2278 2726 est,
2305 2658 2580 2716 Occasione
2615 2673 2820 2734 accepta
2863 2677 3124 2733 peccatum
3177 2683 3264 2736 per
3309 2669 3606 2722 mandatum

2017 2761 2275 2822 operatum
2297 2762 2370 2807 est
2389 2754 2438 2806 in
2489 2769 2567 2807 me
2605 2771 2804 2808 onmem
2839 2757 3332 2827 concupiscentiam;
3361 2757 3465 2814 hoc
3499 2769 3606 2828 est,

2017 2843 2322 2898 Adveniente
2349 2845 2588 2900 mandato
2621 2857 2878 2916 peccatum
2909 2849 3124 2912 revixit;
3151 2849 3252 2904 hoc
3274 2860 3375 2916 est,
3418 2850 3612 2906 Inven-

2017 2943 2120 2990 tum
2145 2945 2218 2990 est
2257 2937 2380 2990 mihi
2408 2937 2702 2994 mandatum
2719 2939 2856 3008 quod
2883 2948 2988 2993 erat
3013 2941 3066 2994 in
3097 2941 3276 3007 vitam,
3305 2942 3400 2995 hoc
3426 2959 3532 2999 esse
3557 2945 3612 2998 in

2017 3037 2260 3092 mortem;
2309 3027 2412 3083 hoc
2453 3038 2536 3084 est
2555 3071 2570 3094 ,
2625 3027 2902 3084 Occasione
2951 3041 3158 3100 accepta
3211 3043 3473 3100 peccatum
3521 3051 3612 3105 per

2017 3121 2312 3176 mandatum
2343 3123 2522 3194 fefellit
2563 3140 2664 3188 me,
2711 3133 2758 3178 et
2803 3141 2890 3194 per
2918 3124 3050 3178 illud
3097 3126 3314 3191 occidit;
3357 3127 3461 3183 hoc
3501 3136 3607 3196 est,

2015 3211 2123 3268 Lee:
2149 3213 2466 3280 subintraoit,
2493 3224 2546 3268 ut
2565 3215 2844 3270 abundaret
2869 3215 3114 3270 delictum
3144 3216 3328 3288 (Rom.
3353 3235 3390 3275 ν
3413 3261 3430 3286 ,
3457 3219 3606 3291 20);

2015 3305 2118 3362 hoc
2161 3315 2262 3371 est,
2309 3305 2418 3362 Lex
2467 3307 2598 3364 iram
2637 3307 3024 3382 operatur-(Id.
3059 3313 3297 3382 tv,15);
3347 3313 3452 3370 hoc
3501 3323 3606 3382 est,

2025 3396 2198 3452 Virtus
2225 3399 2418 3470 peccati
2443 3397 2552 3454 Lex
2581 3399 2600 3472 (
2623 3399 2643 3452 l
2669 3397 2788 3456 Cor.
2823 3416 2925 3464 xv,
2951 3402 3018 3457 56
3039 3399 3080 3473 ).
3123 3403 3422 3460 Prohibitio
3465 3407 3609 3460 enim

2016 3492 2217 3560 peccati
2288 3492 2429 3562 quod
2471 3501 2554 3548 est
2591 3492 2724 3560 Lex,
2776 3503 2930 3563 auget
2991 3495 3228 3563 profecto
3277 3497 3607 3572 desiderium

2015 3581 2270 3651 peccandi
2327 3599 2339 3636 :
2395 3582 2538 3652 quod
2593 3599 2695 3636 nou
2751 3584 3127 3654 exstinguitur,
3187 3587 3288 3641 nisi
3333 3590 3608 3646 contrario

2013 3673 2280 3730 desiderio
2331 3683 2476 3732 recte
2523 3673 2770 3741 faciendi,
2831 3675 2918 3730 ubi
2966 3677 3093 3744 ﬁdes
3145 3695 3234 3746 per
3290 3679 3612 3735 dilectionem

2014 3775 2251 3834 operatur
2282 3764 2482 3836 (Colat.
2519 3781 2576 3832 ν,
2614 3767 2694 3836 6).
2729 3766 2841 3822 Hoc
2887 3777 3064 3822 autem
3108 3785 3212 3824 non
3251 3779 3468 3838 praastat
3524 3773 3611 3830 lit-

2017 3867 2124 3914 tera
2147 3857 2362 3927 jubens,
2393 3857 2484 3912 sed
2514 3857 2732 3928 spiritus
2755 3857 2950 3926 juvans
2989 3875 3132 3914 :nou
3161 3861 3272 3916 Lex
3321 3877 3470 3934 ergo,
3509 3865 3609 3920 sed

2013 3952 2214 4021 gratia;
2258 3965 2362 4006 non
2388 3949 2556 4008 Vetus
2595 3951 2992 4006 Testamentum
3037 3952 3090 4006 in
3128 3953 3416 4010 servitutem
3463 3973 3607 4027 gene-

2013 4061 2154 4110 rant,
2187 4043 2324 4114 quod
2349 4051 2420 4098 est
2446 4042 2618 4114 Agar,
2645 4043 2740 4098 sed
2779 4043 2982 4098 Novum
3011 4045 3062 4098 in
3089 4061 3194 4115 quo
3223 4062 3328 4102 non
3359 4059 3480 4102 sunt
3511 4067 3610 4103 an-

2013 4135 2145 4192 cillte
2171 4137 2286 4205 ﬁlii,
2321 4135 2404 4190 sed
2435 4135 2622 4198 liberte,
2649 4151 2751 4202 qua
2773 4135 2998 4190 libertate
3029 4135 3258 4193 Christus
3298 4157 3387 4194 nos
3415 4139 3604 4194 liberta.

2014 4229 2082 4282 vit
2105 4227 2223 4300 (1d.
2251 4243 2326 4294 tv,
2357 4227 2447 4290 24,
2469 4225 2583 4295 51).
2604 4227 2666 4282 Et
2695 4233 2870 4282 tamen
2902 4227 3013 4282 Lex
3039 4239 3222 4284 sancta
3247 4239 3346 4294 est,
3379 4241 3432 4286 et
3453 4248 3608 4286 mau-

2015 4319 2194 4374 datum
2238 4325 2482 4374 sanctum
2509 4327 2562 4372 et
2587 4317 2788 4386 justum
2819 4329 2874 4374 et
2919 4319 3136 4374 bonum.
3180 4319 3284 4376 Per
3307 4323 3412 4378 hoc
3456 4339 3608 4378 man-

2015 4410 2197 4466 datum
2228 4418 2466 4466 sanctum
2507 4419 2562 4464 et
2587 4411 2789 4478 justum
2817 4418 2874 4474 et
2915 4413 3134 4480 bonum,
3185 4414 3235 4466 iu
3266 4414 3348 4468 his
3369 4417 3460 4486 qui
3498 4431 3608 4472 non

2018 4503 2216 4558 habent
2257 4501 2503 4572 spiritum
2544 4499 2742 4556 Christi
2771 4511 3025 4570 operatur
3071 4513 3342 4572 peccatum
3393 4523 3606 4564 omnem
3671 4553 3683 4570 ._

2015 4593 2519 4664 concupiscentiam.
2561 4593 2782 4660 Qualem
2809 4609 2866 4650 se
2895 4594 3062 4652 fuisse
3103 4597 3154 4652 in
3183 4597 3378 4656 Vetere
3417 4601 3604 4658 Testa-

2015 4693 2196 4738 mento
2217 4684 2376 4738 etiam
2407 4683 2521 4754 ipse
2549 4685 2834 4754 Apostolus
2857 4688 3168 4756 ostendens,
3197 4690 3490 4760 Occasione,
3519 4695 3600 4749 iu-

2016 4780 2148 4850 quit,
2179 4787 2387 4850 accepta
2414 4791 2674 4851 peccatum
2719 4798 2808 4851 per
2836 4783 3134 4836 mandatum
3172 4795 3432 4854 apemtum
3457 4797 3526 4840 est
3551 4789 3604 4844 in

2015 4891 2094 4930 me
2123 4891 2318 4930 onmem
2341 4875 2816 4946 concupiscentiam.
2843 4877 2946 4932 Per
2971 4876 3112 4948 quod
3137 4878 3468 4944 mandatum,
3501 4881 3603 4937 nisi

2017 4967 2157 5038 quod
2178 4967 2270 5030 ait,
2301 4965 2772 5036 Concupiscentiam
2797 4969 3095 5034 nesciebant,
3137 4969 3238 5023 nisi
3262 4968 3372 5024 Lea:
3396 4969 3602 5040 diceret,

2020 5057 2140 5112 Non
2165 5058 2810 5128 concupisces?Numquid
2853 5060 3050 5116 malum
3091 5067 3176 5115 est
3217 5077 3320 5114 non
3349 5063 3606 5132 concupi-

2017 5151 2205 5204 scere?
2231 5149 2342 5204 lmo
2368 5150 2598 5206 maxime
2619 5150 2814 5204 bonum
2847 5151 2884 5203 ί.
2917 5150 3063 5206 Bona
3089 5159 3318 5221 estergo
3343 5151 3454 5206 Lex
3474 5169 3596 5222 qua:

2017 5242 2118 5296 hoc
2147 5242 2277 5296 dicit
2303 5258 2313 5292 :
2343 5241 2439 5296 sed
2481 5241 2568 5296 ubi
2594 5257 2697 5298 non
2725 5240 2875 5296 adest
2904 5241 3178 5296 viviﬁcans
3207 5241 3446 5310 Spiritus,
3492 5244 3608 5301 haec

2017 5337 2128 5408 ipsa
2155 5337 2264 5391 Lex
2293 5351 2412 5407 quae
2438 5337 2630 5390 bonum
2675 5335 2884 5400 dicit’,
2931 5334 3126 5388 occidit
3169 5353 3181 5388 :
3225 5337 3348 5406 quia
3403 5338 3610 5407 peccati

2020 5432 2190 5488 virtus
2215 5439 2317 5496 est,
2348 5445 2468 5486 cum
2495 5445 2589 5498 per
2631 5428 2773 5484 illam
2809 5435 3062 5497 operatur
3101 5444 3316 5486 omnem
3355 5435 3612 5502 concupi-

2016 5525 2274 5582 scentiam
2307 5565 2321 5588 .
2371 5521 2751 5578 inflammando
2807 5521 3258 5592 prohibitione';
3321 5525 3462 5596 quod
3499 5543 3609 5582 non

2015 5617 2374 5686 exstinguitur
2395 5631 2490 5685 per
2507 5615 2784 5684 jubentem
2809 5613 3042 5670 litteram
3076 5617 3265 5673 timore
3295 5633 3488 5689 poenae,
3511 5619 3610 5677 sed

2079 5775 2092 5805 ί
2133 5773 2352 5820 Meliores
2371 5775 2499 5828 Mss,
2537 5768 3004 5824 maximumbonum.

2077 5837 2205 5899 iam
2227 5842 2322 5899 Am.
2351 5838 2403 5899 et
2418 5837 2522 5880 Mss.
2552 5837 2606 5899 At
2625 5837 2699 5880 Er.
2725 5839 2929 5899 et__t.oy.,
2954 5847 3099 5899 quam
3120 5836 3286 5888 bonam
3309 5837 3442 5889 dicit.

2081 5891 2268 5956 1mm,
2293 5891 2635 5957 inﬂammando
2649 5891 3030 5954 prohibitionem.
3055 5902 3353 5963 castigantur
3377 5915 3440 5952 ex
3465 5909 3570 5954 Mss.
