4094 6444
448 402 553 461 655

448 538 547 595 per
578 519 850 590 juvautem
898 510 1141 583 spiritum
1187 502 1471 561 dilectione
1500 493 1737 595 justitim.
1784 488 1912 595 ideo
1937 484 2031 548 ait,

451 582 729 671 -Pecc'atum
752 619 806 663 ut
827 612 1071 679 appareat
1092 607 1366 671 peccatum,
1413 607 1499 661 per
1524 589 1710 679 bonum
1754 582 1877 637 mihi
1892 596 2032 679 cpe-

451 715 620 761 ratum
648 710 718 757 est
744 673 968 754 mortem.
990 692 1109 748 Non
1128 688 1268 745 enim
1289 685 1382 749 ait,
1409 682 1511 738 Per
1548 678 1777 743 malum;
1815 673 1929 740 sed,
1955 688 2042 741 per

454 800 660 854 bonum.
686 794 783 850 Hic
806 788 1075 860 evigilent,
1108 782 1152 837 si
1180 784 1424 851 possunt,
1470 774 1561 845 qui
1584 772 1781 841 Legem
1827 766 1921 822 Dei
1960 772 2044 819 at-

456 908 561 963 que
588 890 702 959 ejus
724 885 1027 942 ministrum
1050 878 1265 947 Moysen
1285 885 1431 927 caeco
1469 877 1523 923 et
1549 866 1750 921 furioso
1769 861 1932 917 corde
1954 874 2011 962 re
2032 885 2045 897 -

457 952 813 1055 prehendunt.
875 973 1000 1028 ldeo
1064 968 1262 1041 quippe
1308 971 1391 1020 est
1451 957 1772 1015 ministratio
1834 952 2042 1017 mortis,

459 1076 584 1145 quia
631 1078 904 1141 peccatum
946 1079 1042 1134 per
1086 1061 1284 1114 bonum
1342 1062 1616 1126 operatum
1659 1058 1741 1104 est
1780 1055 2045 1136 mortem

468 1168 592 1222 ideo
611 1174 694 1219 est
722 1158 1043 1217 ministratio
1082 1151 1458 1214 damnationis,
1488 1148 1610 1219 quia
1646 1152 1924 1216 peccatum
1955 1154 2049 1210 per

462 1258 662 1315 bonum
686 1262 963 1325 operatum
984 1259 1066 1305 est
1085 1247 1506 1303 damnationem.

378 1367 391 1427 ς
533 1349 625 1404 29.
654 1347 770 1401 Non
797 1352 975 1398 autem
1003 1354 1191 1395 omnes
1233 1337 1323 1407 qui
1358 1330 1647 1390 Christiani
1687 1328 2044 1399 appellantur,

464 1441 535 1496 ad
556 1440 823 1496 Christum
844 1440 1121 1489 transeunt
1145 1449 1159 1485 :
1181 1427 1278 1485 sed
1298 1426 1488 1497 quibus
1532 1422 1769 1478 aufertur
1786 1420 2048 1480 velamen,

355 1508 373 1607 ξ
464 1534 611 1605 quod
641 1532 691 1585 in
724 1530 950 1585 lectione
966 1524 1175 1582 Veteris
1204 1519 1534 1590 Testamenti
1559 1525 1760 1572 manet.
1790 1514 1889 1581 Qui
1908 1512 2050 1569 enim

378 1678 379 1683 η
465 1633 592 1681 sunt
621 1625 671 1678 in
701 1622 893 1677 Vetere
914 1619 1278 1681 Testamento,
1310 1612 1633 1683 impediente
1656 1608 1921 1664 velamine
1950 1620 2055 1661 nec

370 1750 373 1753 ν
468 1716 636 1772 Vetus
670 1713 989 1783 intelligunt,
1024 1724 1121 1764 nec
1163 1707 1368 1762 Novum
1398 1723 1410 1758 :
1436 1704 1526 1774 qui
1575 1710 1752 1757 autem
1781 1706 2057 1755 transeunt

467 1808 536 1864 ad
556 1806 848 1868 Christum,
877 1811 1082 1857 remoto
1106 1798 1366 1855 velamine
1390 1812 1483 1867 per
1503 1794 1729 1857 Novum,
1754 1792 2057 1861 intelligunt

469 1909 527 1956 et
551 1899 717 1954 Vetus
742 1907 795 1951 et
822 1896 1028 1950 Novum
1057 1891 1134 1964 (Il
1176 1890 1293 1946 Cor.
1318 1892 1394 1955 in,
1422 1887 1642 1957 14-16).
1667 1884 1882 1941 Utinam
1897 1892 1952 1938 et
1971 1882 2057 1936 isti

468 1995 595 2049 cazci
632 1999 1021 2063 oppugnatores
1055 1987 1211 2058 Legis
1250 1996 1303 2040 et
1330 1983 1734 2053 Prophetarum,
1784 1980 1863 2035 sic
1888 1990 2059 2033 trans-

468 2094 595 2140 eant
619 2084 685 2139 ad
710 2082 1003 2147 Christum,
1038 2088 1095 2134 ut
1120 2094 1223 2132 non
1251 2077 1357 2132 sint
1386 2077 1440 2130 in
1469 2076 1546 2130 eis
1577 2075 1629 2128 in
1658 2073 1849 2144 quibus
1892 2071 2057 2125 obve-

467 2179 633 2234 latum
669 2186 749 2231 est
787 2160 843 2231 et
869 2176 1038 2243 ipsum
1062 2171 1428 2240 Evangelium.
1454 2167 1511 2221 In
1538 2166 1621 2220 his
1651 2165 1791 2219 enim
1815 2163 1905 2233 qui
1938 2177 2062 2231 per-

468 2278 636 2335 eunt,
664 2283 783 2322 esse
829 2266 1130 2322 obvelatum
1162 2264 1234 2317 ait
1275 2261 1578 2331 Apostolus,
1615 2257 1681 2312 In
1719 2257 1897 2327 quibus
1922 2254 2060 2308 Deus

468 2360 644 2417 seaculi
690 2361 843 2429 hujus
882 2357 1144 2412 excwcavit
1187 2362 1371 2408 mentes
1399 2352 1699 2421 inﬁdelium,
1730 2358 1784 2401 ut
1828 2363 1929 2400 non
1955 2346 2061 2417 ful-

482 2463 597 2526 geat
623 2452 930 2509 illuminatio
960 2449 1221 2520 Evangelii
1249 2446 1426 2517 gloria:
1450 2444 1658 2512 Christi,
1690 2444 1775 2514 qui
1800 2451 1871 2496 est
1892 2442 2060 2513 imago

468 2547 568 2603 Dei
598 2546 718 2619 (Id.
748 2561 825 2610 1v,
866 2544 955 2612 4).
1004 2542 1105 2599 Ubi
1142 2541 1305 2595 miser
1348 2541 1447 2593 iste
1497 2538 1663 2592 Deum
1694 2535 1876 2590 smculi
1904 2534 2061 2603 hujus

467 2640 584 2695 vult
613 2636 831 2706 intelligi
862 2635 1058 2692 malum
1085 2653 1097 2687 :
1131 2642 1379 2703 tanquam
1403 2630 1476 2685 illi
1498 2628 1743 2684 servierit
1770 2628 1979 2698 Moyses
2008 2626 2061 2680 in

468 2730 667 2787 Vetere
694 2730 1035 2785 Testamento
1055 2769 1070 2795 ,
1104 2726 1254 2796 quasi
1284 2725 1385 2779 hoc
1414 2723 1695 2794 Apostolus
1720 2721 1936 2776 dixerit.
1961 2719 2062 2775 Ubi

468 2824 518 2878 si
565 2836 786 2878 necesse
828 2829 970 2875 esset
1002 2818 1222 2886 intelligi
1253 2818 1418 2871 Deum
1466 2814 1648 2869 saeculi
1679 2814 1856 2883 hujus,
1904 2812 2061 2867 deum

468 2915 780 2985 impiorum,
812 2913 916 2967 hoc
941 2920 1044 2978 est,
1073 2910 1375 2973 diabolum;
1398 2908 1638 2977 quoniam
1658 2922 1827 2960 omnes
1850 2905 1922 2958 dii
1941 2921 2064 2975 gen—

470 3010 598 3063 tium
624 3007 894 3071 daemonia,
919 3014 975 3059 et
996 3004 1179 3073 utique
1207 3003 1374 3079 multo
1410 3002 1640 3056 maxime
1663 2999 1913 3070 princeps
1950 2997 2063 3052 daa-

470 3103 777 3159 moniorum
814 3118 826 3153 :
871 3115 978 3154 non
1023 3098 1215 3153 mirum
1263 3104 1423 3161 esset,
1460 3093 1883 3165 quandoquidem
1925 3106 2060 3162 quo-

471 3196 717 3252 rumdam
748 3195 878 3250 deus
903 3194 1063 3248 etiam
1082 3198 1271 3247 venter
1295 3198 1378 3245 est
1397 3188 1569 3243 dictus
1603 3204 1616 3240 :
1645 3187 1719 3241 ait
1742 3186 1884 3241 enim
1917 3185 2063 3255 Apo-

471 3294 662 3357 stolus,
695 3308 906 3361 quorum
930 3290 1050 3344 deus
1089 3297 1258 3342 venter
1283 3294 1357 3340 est
1385 3284 1643 3358 (Philipp.
1678 3298 1756 3349 Ill,
1792 3281 1894 3350 19)
1922 3297 1935 3345 ;
1964 3294 2065 3335 nec

472 3385 596 3440 ideo
616 3385 748 3439 deus
772 3392 955 3438 venter
982 3390 1081 3436 est.
1108 3380 1185 3435 lta
1206 3379 1251 3432 si
1278 3385 1454 3448 potest
1483 3376 1588 3430 dici
1618 3374 1749 3429 deus
1771 3372 1932 3443 hujus
1958 3387 2063 3427 sae-

475 3479 581 3534 culi
605 3477 865 3543 diabolus,
906 3491 1011 3531 non
1058 3473 1179 3528 ideo
1216 3470 1459 3526 diabolus
1495 3469 1628 3524 deus
1651 3478 1765 3533 est;
1801 3467 1925 3537 quia
1967 3481 2066 3521 nec

477 3572 741 3627 daemonia
762 3578 886 3623 sunt
913 3568 1008 3634 dii,
1042 3565 1284 3637 quamvis
1306 3564 1379 3618 dii
1405 3563 1642 3633 gentium
1669 3563 1777 3615 sint
1801 3560 2065 3615 dmmonia

476 3663 648 3734 (Psal.
674 3678 799 3729 xcv,
829 3661 924 3731 5).
956 3660 1138 3714 Potest
1161 3658 1355 3727 quippe
1375 3653 1628 3709 sacculum
1658 3652 1713 3707 in
1740 3651 1881 3705 malo
1906 3651 2067 3706 intel-

476 3756 572 3826 ligi
604 3775 617 3811 :
648 3756 787 3810 unde
814 3754 942 3809 dicit
967 3751 1238 3821 apostolus
1265 3750 1480 3815 Petrus,
1514 3746 1708 3817 Eripite
1735 3760 1820 3799 vos
1845 3744 1907 3797 de
1932 3758 2067 3814 pra:-

478 3849 605 3901 senti
635 3847 822 3901 sazculo
857 3844 1080 3915 maligno
1126 3842 1210 3916 (ll
1253 3840 1396 3894 Petr.
1421 3856 1460 3907 1,
1494 3838 1585 3911 4).
1625 3837 1732 3893 Sed
1762 3851 1884 3891 cum
1933 3835 2069 3890 alter

479 3946 663 4010 pateat
687 3939 1003 4003 intellectus,
1038 3935 1162 4006 quid
1195 3948 1414 3989 necesse
1440 3940 1522 3987 est
1550 3930 1637 3985 hic
1662 3930 1935 3985 diabolum
1966 3944 2067 3998 pu-

480 4041 596 4086 tare
615 4030 984 4101 signiﬁcatum,
1017 4044 1079 4084 ac
1103 4044 1207 4083 non
1235 4027 1410 4096 potius
1441 4026 1604 4079 Deum
1629 4040 1835 4089 verum,
1864 4023 2067 4092 justum

482 4134 538 4181 et
558 4126 753 4180 bonum
775 4167 789 4193 ,
819 4125 907 4196 qui
939 4121 1287 4179 excmcaverit
1322 4128 1531 4173 mentes
1557 4117 1849 4171 infidelium
1889 4115 2068 4170 swculi

481 4216 641 4286 hujus
674 4234 687 4269 :
718 4226 776 4270 ut
799 4232 905 4269 non
935 4215 1020 4267 hic
1046 4213 1421 4279 distinguatur,
1453 4208 1506 4260 in
1527 4207 1703 4277 quibus
1730 4205 1869 4259 Deus
1895 4206 2071 4260 saeculi

484 4310 655 4380 hujus,
679 4324 740 4363 ac
760 4307 952 4363 deinde
982 4305 1359 4369 subinferatur,
1386 4304 1656 4355 excwcavit
1680 4308 1865 4353 mentes
1885 4298 2071 4367 inﬁde-

483 4402 611 4455 lium
632 4417 652 4465 ;
673 4400 767 4455 sed
794 4400 864 4453 ita
887 4398 1083 4468 potius,
1110 4397 1163 4449 in
1188 4395 1363 4463 quibus
1398 4393 1557 4461 Deus,
1586 4409 1650 4449 ac
1668 4393 1861 4448 deinde
1891 4393 2073 4447 subin-

483 4491 730 4558 feratur,
786 4490 958 4544 διεσαιὶ
1009 4489 1161 4559 hujus
1206 4488 1473 4542 exctecavit
1522 4496 1709 4541 mentes
1750 4486 2067 4555 inﬁdelium,

482 4584 591 4640 hoc
646 4591 729 4638 est
772 4581 1063 4637 inﬁdelium
1113 4580 1296 4636 saeculi
1356 4578 1516 4649 hujus
1564 4587 1777 4635 mentes
1832 4591 2071 4633 excaeca-

482 4676 580 4731 vit.

554 4765 781 4822 CAPUT
804 4763 939 4820 Vlll.
963 4794 1030 4804 —
1066 4763 1155 4820 50.
1186 4762 1291 4819 Sed
1339 4762 1454 4819 istis
1502 4777 1607 4818 non
1633 4762 1809 4833 placet
1854 4760 2074 4815 utDeus

483 4858 658 4914 bonus
674 4866 880 4913 mentes
895 4864 1126 4913 excmcet
1145 4856 1467 4927 aliquorum.
1488 4854 1605 4910 Non
1632 4854 1775 4908 enim
1798 4851 2075 4905 attendunt

484 4952 775 5008 Salvatoris
822 4950 986 5006 verba
1040 4948 1267 5005 dicentis
1315 4947 1424 5002 ειη
1453 4947 1710 5018 judicium
1736 4962 1825 5016 ego
1852 4946 1904 4998 in
1941 4944 2074 4997 hunc

484 5045 731 5101 mundum
760 5045 871 5099 veni
893 5086 908 5111 ,
927 5053 982 5097 ut
1013 5044 1099 5113 qui
1123 5058 1220 5095 non
1250 5041 1437 5105 vident,
1467 5040 1664 5094 videant
1687 5057 1705 5105 ;
1730 5048 1777 5092 et
1792 5039 1876 5109 qui
1886 5039 2070 5103 vident,

485 5137 604 5192 caeci
653 5137 779 5205 ﬁant
806 5132 998 5206 (Joan.
1046 5149 1120 5197 ix,
1151 5132 1271 5202 '59).
1308 5131 1402 5185 llle
1442 5131 1599 5201 igitur
1642 5131 1731 5200 qui
1779 5128 2073 5184 secundum

484 5228 831 5297 apostolicam
850 5226 1189 5291 sententiam,
1226 5224 1373 5293 cujus
1418 5224 1520 5277 vult
1546 5225 1827 5289 miseretur,
1859 5232 1905 5277 et
1930 5238 2075 5292 quem

483 5321 590 5373 uult
633 5320 865 5384 obdurat,
910 5317 1091 5388 procul
1140 5316 1302 5371 dubio
1341 5331 1500 5386 quem
1534 5316 1645 5369 vult
1696 5315 1975 5379 illuminat,
2021 5323 2076 5369 et

485 5428 645 5482 quem
674 5412 787 5466 vult
813 5420 1067 5467 excaecat.
1100 5410 1207 5465 Sed
1232 5424 1336 5464 non
1359 5418 1442 5464 est
1470 5408 1717 5479 iniquitas
1744 5409 1882 5477 apud
1905 5408 2072 5462 Deum

486 5502 677 5572 (Rom.
710 5516 789 5566 ix,
824 5501 909 5565 i8,
937 5501 1069 5571 M),
1098 5501 1182 5555 cui
1202 5500 1332 5554 dicit
1356 5499 1595 5555 Ecclesia
1626 5517 1638 5553 :
1668 5498 2074 5552 Misericordiam

485 5603 532 5649 et
552 5594 807 5665 judicium
824 5594 1033 5647 cantabo
1056 5594 1162 5660 tibi,
1190 5592 1406 5646 Domine
1430 5591 1598 5663 (Psal.
1630 5607 1680 5656 c,
1712 5591 1784 5662 l).
1808 5591 2074 5646 llluminat

484 5698 615 5756 ergo
637 5683 1022 5751 misericordia,
1045 5682 1514 5752 excaecatjudicio,
1540 5683 1721 5751 utique
1741 5681 2069 5752 tequissimo,

483 5778 584 5832 etsi
614 5776 993 5832 occultissimo.
1025 5773 1381 5828 Inscrutabilia
1416 5774 1558 5828 enim
1585 5784 1703 5828 sunt
1736 5776 1937 5845 judicia
1962 5777 2071 5845 ejus

490 5868 674 5938 (Rom.
698 5885 771 5938 xi,
801 5867 922 5939 '53).
955 5866 1051 5923 Cui
1081 5875 1259 5924 tamen
1281 5866 1472 5925 dicitur
1503 5884 1515 5923 :
1542 5867 1734 5926 Sedisti
1759 5885 1910 5940 super
1927 5868 2067 5924 thro-
2100 5926 2135 5943 ε,

960 386 1233 448 CONTRA
1271 373 1762 442 ADVERSARIUM
1790 364 1986 427 LEGIS
2027 360 2115 418 ET
2147 360 2687 430 PROPHETARUM,
2727 360 2784 418 S.
2826 357 3194 419 AUGUSTINI

3629 347 3732 403 (356

2146 499 2287 547 num,
2318 483 2401 552 qui
2417 482 2623 553 judicas
2652 481 2971 550 (equitatem(
2998 478 3142 533 Psal.
3167 494 3244 545 ix,
3267 475 3356 547 5).

2216 577 2303 632 31.
2331 576 2463 630 Huic
2488 575 2597 630 Deo
2620 574 2837 629 servivit
2858 574 3088 645 Moyses,
3116 573 3401 644 cmteriquc
3416 569 3725 640 Prophetas,

2149 686 2283 742 quos
2310 671 2483 740 justos
2504 670 2618 724 sine
2643 668 2805 724 dubio
2826 669 3081 723 Dominus
3108 668 3221 738 ipse
3258 674 3503 723 testatur.
3530 665 3737 720 Horum

2149 764 2343 835 quippe
2372 762 2541 818 Judaei
2593 762 2833 832 sepulcra
2862 760 3241 815 construebant
3271 801 3285 824 ,
3315 766 3369 815 et
3388 767 3739 814 monumenta

2152 860 2433 925 ornabant,
2465 858 2654 928 quibus
2677 856 2806 911 dicit
2839 875 2851 910 :
2877 854 3173 924 lEdiﬁcatis
3192 853 3426 926 sepulcra
3452 852 3743 924 Propheta-

2150 969 2286 1019 rum,
2315 961 2360 1005 et
2402 952 2592 1005 ornatis
2632 959 2955 1005 monumenta
2999 950 3261 1021 justorum
3308 948 3538 1019 (Matth.
3584 964 3738 1016 XXIII,

2152 1044 2275 1118 29).
2299 1045 2401 1101 Sed
2426 1045 2498 1099 illi
2534 1059 2742 1113 omnes,
2772 1045 2875 1099 etsi
2920 1059 3017 1114 pro
3063 1043 3318 1113 temporis
3350 1043 3749 1113 dispensatione

2155 1139 2365 1195 Veteris
2395 1138 2722 1194 Testamenti
2752 1138 3127 1193 ministrabant
3151 1137 3333 1208 ﬁguris
3362 1139 3379 1169 ¹
3405 1180 3420 1205 ,
3449 1138 3514 1193 ad
3541 1138 3748 1193 Novum

2157 1241 2332 1287 tamen
2384 1230 2807 1295 Testamentum,
2860 1230 3101 1299 quamvis
3155 1231 3390 1285 nondum
3430 1231 3746 1295 revelatum,

2157 1339 2255 1394 per
2297 1322 2520 1393 gratiam
2577 1322 2671 1376 Dei
2718 1322 3078 1391 pertinebant,
3137 1322 3202 1377 ad
3258 1322 3399 1393 quod
3450 1324 3751 1394 pertinebat

2157 1413 2448 1469 Abraham.
2492 1412 2626 1467 llinc
2653 1414 2847 1483 quippe
2875 1414 2982 1480 isti,
3014 1413 3058 1467 si
3083 1421 3291 1468 remoto
3312 1414 3576 1469 velamine
3606 1415 3749 1485 lege-

2158 1513 2298 1569 rent,
2332 1505 2685 1575 intelligerent
2714 1505 2784 1559 ita
2819 1521 2924 1559 non
2955 1520 3073 1560 esse
3102 1506 3371 1560 inimicum
3403 1506 3747 1577 Evangelium

2159 1597 2285 1668 Legi
2308 1613 2425 1667 quae
2442 1596 2564 1651 data
2590 1605 2670 1651 est
2689 1612 2785 1667 per
2821 1597 3059 1668 Moysen,
3094 1596 3231 1652 sicut
3252 1597 3389 1651 inter
3416 1614 3474 1653 se
3494 1614 3598 1652 non
3627 1608 3753 1653 sunt

2160 1689 2360 1745 inimici
2389 1689 2655 1743 Abraham
2684 1697 2738 1743 et
2764 1690 2877 1758 ipse
2918 1688 3125 1759 Moyses
3154 1707 3166 1742 :
3199 1704 3333 1759 quos
3363 1689 3543 1759 utique
3585 1699 3638 1744 et
3664 1690 3751 1744 isti

2163 1783 2411 1840 eumdem
2437 1783 2664 1838 coluisse
2688 1783 3012 1837 conﬁtentur
3035 1782 3223 1847 Deum,
3252 1784 3493 1851 quamvis
3522 1799 3642 1837 eum
3674 1784 3754 1838 sic

2162 1877 2550 1947 blasphement,
2581 1885 2636 1930 ut
2656 1892 2776 1931 eum
2806 1877 2965 1929 Deum
2990 1883 3200 1945 negent.
3231 1874 3298 1929 Et
3322 1884 3496 1930 tamen
3520 1878 3750 1945 Aposto-

2162 1968 2245 2023 lus
2272 1969 2672 2039 promissiones,
2719 1984 2836 2039 quae
2865 1968 3015 2023 factm
3053 1977 3177 2022 sunt
3202 1969 3452 2033 Abrahae,
3495 1972 3613 2038 quia
3640 1970 3752 2024 No-

2163 2076 2286 2115 vum
2315 2060 2710 2115 Testamentum
2742 2059 3129 2129 signiﬁcabant,
3163 2060 3241 2115 sic
3265 2062 3479 2130 opponit
3508 2061 3633 2131 Legi
3660 2078 3754 2130 per

2164 2153 2384 2224 Moysen
2409 2153 2566 2218 datrc,
2595 2162 2652 2207 ut
2677 2152 2789 2207 haec
2809 2152 2914 2207 duo
2942 2152 3081 2207 inter
3110 2168 3168 2207 se
3209 2154 3419 2207 inimica
3451 2154 3749 2208 videantur.

2166 2243 2303 2312 Quid
2329 2244 2472 2300 enim
2500 2244 2641 2299 aliud
2669 2244 2732 2298 ad
2757 2244 3027 2300 Romanos
3052 2244 3217 2299 dicit?
3237 2243 3358 2298 Non
3385 2247 3516 2298 enim
3542 2262 3630 2315 per
3660 2245 3751 2299 Le-

2166 2353 2278 2407 gem
2322 2337 2588 2406 promissio
2615 2335 2834 2391 Abraha:
2855 2347 2944 2391 aut
2974 2338 3150 2392 semini
3173 2339 3307 2405 ejus,
3338 2346 3392 2391 ut
3431 2338 3588 2391 haeres
3625 2348 3753 2393 esset

2167 2428 2363 2496 mundi,
2392 2430 2478 2483 sed
2508 2446 2597 2499 per
2608 2431 2860 2502 justitiam
2889 2431 3028 2500 ﬁdei.
3059 2431 3119 2485 Si
3157 2432 3291 2486 enim
3314 2433 3399 2501 qui
3424 2450 3514 2499 per
3546 2431 3751 2503 Legem,

2168 2524 2390 2578 Itwredes
2428 2533 2587 2588 sunt;
2614 2523 2871 2579 exinanita
2901 2535 2972 2581 est
3000 2526 3156 2595 ﬁdes,
3186 2537 3230 2580 et
3268 2536 3506 2581 evacuata
3534 2538 3603 2583 est
3632 2545 3755 2598 prov

2166 2610 2359 2663 missio.
2383 2608 2491 2663 Lex
2506 2610 2638 2663 enim
2662 2612 2791 2664 iram
2820 2620 3073 2681 aperatur.
3110 2610 3207 2666 Ubi
3237 2612 3369 2666 enim
3389 2611 3499 2666 Lex
3523 2630 3622 2667 non
3653 2624 3750 2681 est,

2168 2718 2257 2755 nec
2286 2702 2633 2772 praevaricatio
2656 2703 2831 2776 (Rom.
2861 2720 2937 2769 IV,
2962 2704 3170 2775 15-15).
3195 2705 3483 2760 Attendant
3500 2705 3759 2777 quemad-

2167 2792 2386 2847 modum
2419 2794 2495 2848 sic
2522 2793 2776 2863 disputat,
2818 2794 2980 2848 veluti
3023 2804 3211 2849 contra
3264 2796 3480 2867 Legem,
3540 2807 3598 2852 ut
3641 2814 3706 2853 ex
3732 2800 3756 2830 ’

2168 2885 2348 2954 priore
2388 2886 2478 2940 illa
2524 2901 2642 2955 quae
2691 2886 2827 2940 facta
2876 2886 3049 2941 estad
3077 2887 3344 2942 Abraham
3400 2890 3759 2959 promissione

2168 2978 2467 3042 convincat,
2492 2977 2631 3046 quod
2654 2992 2758 3033 non
2785 2977 2891 3032 sint
2917 2977 3156 3033 hrcredes
3177 2994 3241 3033 ex
3269 2979 3409 3049 Lege
3430 2982 3755 3052 quicumque

2169 3070 2275 3125 sint
2301 3069 2543 3124 haeredes
2554 3069 2669 3135 Dei,
2701 3070 2791 3123 sed
2805 3085 2870 3125 ex
2890 3070 3261 3141 promissione.
3291 3070 3529 3141 Itemque
3553 3072 3618 3126 ad
3641 3071 3754 3128 Ga-

2169 3160 2305 3215 latas
2336 3177 2350 3215 :
2376 3158 2585 3215 Fratres
2609 3202 2625 3226 ,
2657 3159 2847 3230 inquit,
2902 3160 3177 3213 secundum
3221 3160 3476 3214 hominem
3504 3161 3649 3228 dico;
3676 3172 3757 3214 ta-

2170 3273 2284 3311 men
2315 3256 2532 3310 hominis
2573 3256 2927 3323 conﬁrmatum
2972 3264 3316 3309 testamentum
3364 3272 3510 3309 nemo
3558 3256 3760 3309 irritum

2172 3348 2313 3419 facit,
2343 3355 2431 3400 aut
2454 3345 2827 3416 superordinat.
2851 3344 3068 3398 Abi-aha:
3094 3344 3242 3398 dicta:
3269 3354 3384 3398 sunt
3404 3345 3761 3415 promissiones

2170 3450 2218 3495 et
2256 3440 2434 3495 semini
2472 3440 2598 3510 ejus.
2651 3437 2773 3492 Non
2814 3438 2956 3503 dicit,
2993 3434 3062 3491 Et
3101 3438 3402 3503 seminibus,
3442 3447 3675 3506 tanquam
3703 3438 3760 3491 in

2171 3534 2381 3596 multis;
2425 3531 2514 3585 sed
2541 3541 2779 3601 tanquam
2813 3530 2867 3583 in
2894 3545 3017 3593 uno,
3061 3527 3129 3583 Et
3179 3530 3355 3584 semini
3386 3540 3493 3595 tuo,
3523 3530 3655 3599 quod
3682 3538 3759 3584 est

2174 3625 2419 3679 Christus.
2448 3622 2563 3677 Hoc
2594 3634 2759 3677 autem
2787 3623 2898 3676 dico
2923 3664 2937 3690 ,
2970 3630 3314 3676 testamentum
3349 3623 3699 3691 conﬁrmatum
3728 3638 3761 3674 a

2173 3720 2304 3786 Deo,
2328 3735 2441 3790 qua:
2474 3728 2584 3785 post
2608 3718 3001 3789 quadringentos
3036 3726 3082 3770 et
3106 3718 3311 3787 triginta
3334 3732 3492 3770 annos
3512 3716 3647 3784 facta
3684 3724 3760 3770 est

2174 3814 2303 3882 Lex,
2345 3832 2447 3869 non
2487 3815 2711 3883 inﬁrmat
2744 3813 2812 3867 ad
2862 3813 3204 3867 evacuandam
3251 3812 3647 3883 promissionem.
3700 3810 3764 3863 Si

2175 3909 2305 3961 enim
2350 3924 2412 3961 ea:
2457 3906 2591 3978 Lege
2640 3906 2925 3970 hereditas,
2987 3907 3101 3976 jam
3150 3922 3251 3959 non
3300 3921 3364 3959 ea:
3410 3902 3757 3973 promissione.

2174 3999 2393 4053 Abraha:
2465 4008 2630 4051 autem
2700 4014 2787 4067 per
2850 3997 3283 4066 repromissionth
3347 3996 3548 4048 donavit
3587 3993 3773 4047 Deus-

2180 4093 2316 4160 Quid
2339 4109 2454 4163 ergo
2480 4091 2625 4146 Lex?
2668 4090 3103 4160 Transgressionis
3125 4092 3287 4161 gratia
3324 4090 3579 4161 proposita
3613 4098 3686 4141 est
3716 4088 3759 4153 ³,

2176 4187 2333 4240 donec
2375 4186 2561 4240 veniret
2604 4201 2768 4238 semen
2807 4184 2886 4236 cui
2940 4184 3243 4254 promissum
3288 4194 3360 4235 est
3411 4180 3614 4251 (Galat.
3663 4197 3739 4247 Ill,

2178 4280 2343 4334 15-19
2365 4279 2407 4349 ).
2436 4278 2631 4332 Nescio
2668 4287 2846 4331 utrum
2878 4276 2962 4329 isti
2994 4276 3081 4345 qui
3109 4276 3299 4345 Legem
3329 4289 3434 4328 non
3467 4273 3763 4342 intelligen-

2178 4380 2258 4427 tes
2283 4370 2651 4435 criminantur,
2678 4368 2953 4423 inveniant
2973 4367 3171 4437 aliquid
3194 4382 3257 4421 ex
3284 4367 3566 4437 Evangelio
3588 4365 3673 4419 vel
3694 4381 3763 4419 ex

2178 4461 2482 4532 apostolicis
2507 4461 2742 4525 Litteris,
2767 4460 2905 4530 quod
2931 4460 3001 4513 ita
3029 4460 3276 4515 videatur
3297 4459 3471 4514 eidem
3509 4457 3633 4528 Legi
3663 4457 3766 4512 ad.

2178 4570 2391 4611 versum
2437 4568 2556 4609 esse
2596 4562 2754 4622 atque
2779 4552 3129 4619 contrarium,
3172 4550 3618 4621 quemadmodum
3662 4549 3767 4604 hoc

2179 4646 2409 4713 videtur,
2443 4644 2583 4715 quod
2614 4660 2681 4699 ex
2714 4642 3156 4713 promissionibus
3188 4659 3305 4713 qua:
3351 4643 3578 4697 Abraha:
3614 4641 3768 4695 facta:

2180 4749 2304 4795 sunt
2332 4739 2551 4809 opponit
2598 4737 2905 4806 Apostolus.
2976 4735 3031 4792 Si
3074 4750 3201 4806 ergo
3262 4736 3430 4806 legem
3495 4733 3765 4801 oderunt,

2181 4831 2450 4887 Abraham
2478 4831 2715 4900 diligant.

2252 4923 2476 4980 CAPUT
2516 4923 2607 4979 IX.
2645 4954 2717 4965 —
2749 4922 2836 4979 32.
2877 4922 2981 4979 Sed
3020 4937 3119 4979 nec
3157 4922 3260 4977 hoc
3297 4920 3500 4976 volunt.
3541 4918 3673 4973 Nam
3711 4924 3771 4973 et

2181 5017 2282 5089 ipsi
2309 5017 2445 5087 patri
2473 5018 2729 5086 gentium,
2758 5015 2823 5069 ad
2847 5030 3006 5085 quem
3035 5014 3415 5085 promissiones
3438 5013 3601 5067 factas
3625 5023 3769 5065 nunc

2182 5110 2235 5164 in
2263 5110 2509 5164 omnibus
2545 5110 2791 5179 gentibus
2820 5107 3059 5162 videmus
3096 5106 3342 5177 impleri,
3376 5104 3578 5159 crimen
3603 5101 3770 5157 forni-

2182 5202 2406 5257 cationis
2436 5201 2714 5271 objiciunt.
2777 5199 2881 5255 Iste
2906 5199 3101 5270 quippe
3139 5196 3323 5268 procul
3352 5195 3516 5250 dubio
3544 5194 3629 5249 cui
3677 5208 3769 5248 re-

2182 5293 2603 5362 spondemus,ex
2629 5293 2729 5347 illis
2754 5306 2813 5346 se
2836 5305 2955 5346 esse
2980 5288 3304 5353 manifestat,
3319 5286 3388 5342 de
3411 5284 3602 5356 quibus
3626 5297 3770 5353 pra:-

2181 5385 2379 5441 dictum
2405 5396 2487 5441 est
2512 5386 2766 5455 Apostolo
2792 5383 3003 5439 dicente
3027 5400 3038 5435 :
3064 5381 3289 5451 Spiritus
3310 5389 3479 5433 autem
3505 5375 3771 5445 manifeste

2181 5479 2304 5533 dicit
2340 5480 2462 5550 quia
2504 5479 2557 5532 in
2595 5477 2874 5532 novissimis
2913 5474 3214 5546 temporibus
3244 5472 3473 5527 recedent
3503 5468 3709 5542 quidam
3737 5481 3773 5519 a

2244 5621 2264 5653 ι
2299 5620 2399 5660 Am.
2423 5617 2497 5659 ter.
2524 5616 2576 5658 et
2598 5605 2764 5668 plures
2788 5614 2909 5662 Mss,
2937 5602 3266 5654 ministrabant
3286 5598 3488 5666 ﬁguras.

2242 5686 2264 5716 ι
2295 5677 2369 5725 sic
2389 5667 2618 5736 praecipui
2642 5678 2745 5736 Mss:
2775 5675 2828 5716 At
2846 5667 2980 5727 editi,
3005 5674 3056 5716 ut
3076 5679 3200 5736 eccm.

2243 5747 2264 5778 ³
2296 5723 2462 5789 rlures
2487 5723 2609 5791 Mss,
2637 5729 2794 5794 posita
2817 5735 2903 5780 est.
2931 5723 3174 5794 AN'onnullli
3199 5733 3365 5777 autem
3398 5724 3522 5794 intra
3557 5723 3641 5794 ubi
3677 5734 3766 5794 eo-

2179 5785 2530 5864 dem-repetito
2546 5785 2854 5864 locuplegitur
2875 5792 3022 5843 etiam
3044 5791 3171 5855 apud
3211 5798 3340 5852 Lov.,
3366 5789 3523 5853 posita
3550 5791 3640 5849 est,
3677 5785 3768 5833 ha-

2179 5876 2319 5931 bent,
2343 5859 2578 5929 proposita
2600 5862 2685 5907 est.
