4094 6490
338 472 442 529 657

337 589 458 661 ﬁde,
487 586 798 643 attendentes
822 583 1082 657 spiritibus
1104 581 1449 640 seductoribus
1474 590 1521 637 et
1551 580 1796 637 doctrinis
1821 580 1930 636 dte-
1979 593 1982 595 λ

334 683 619 739 moniormn
659 683 714 736 in
743 681 996 752 hypocrisi
1025 680 1519 749 mendaciloquorum
1541 719 1556 744 ,
1599 675 1929 730 canteriatam

333 774 571 830 habentes
599 772 957 828 conscientiam
981 787 1147 839 suam,
1175 769 1490 842 prohibentes
1516 767 1699 824 nubere
1724 767 1768 840 (l
1789 766 1925 824 Tim.

329 883 400 933 iv,
431 860 582 936 με).
609 863 726 920 Νοη
752 863 896 919 enim
925 863 1192 933 reperitur
1217 860 1488 917 Abraham
1511 860 1690 930 aliquo
1713 874 1770 915 se
1794 874 1929 916 con-
1969 860 1983 921 ἐ

332 959 622 1014 taminasse
663 956 923 1012 adulterio
953 973 966 1011 :
995 954 1248 1026 quoniam
1290 969 1396 1009 non
1439 952 1646 1008 lubrico
1688 952 1926 1008 libidinis

333 1051 530 1107 amavit
555 1049 800 1105 ancillam
826 1065 842 1114 ;
868 1047 964 1104 sed
991 1047 1060 1102 ab
1085 1062 1250 1102 uxore
1273 1046 1511 1116 accepit,
1544 1043 1757 1115 quando
1785 1059 1924 1100 uxor

329 1142 444 1213 ejus
470 1141 594 1196 fecit
620 1140 686 1197 de
705 1140 826 1210 jure
850 1154 947 1194 suo
971 1138 1115 1209 quod
1140 1136 1328 1204 voluit,
1357 1137 1540 1192 volens
1564 1136 1760 1192 habere
1781 1135 1920 1192 ﬁlios

329 1235 396 1290 de
434 1234 630 1289 marito
662 1247 780 1298 suo,
824 1230 1065 1302 quamvis
1103 1245 1169 1284 ex
1210 1239 1364 1286 utero
1399 1229 1576 1284 alieno
1613 1226 1762 1298 (Gen.
1801 1243 1914 1296 xvi,

326 1326 450 1397 2-4)
483 1343 497 1379 :
528 1324 615 1380 ubi
648 1323 790 1379 nulla
819 1323 1036 1377 omnino
1065 1321 1391 1386 lasciviendi,
1425 1319 1519 1375 sed
1551 1319 1663 1375 sola
1689 1320 1921 1390 cogitata

326 1428 408 1474 est
439 1432 599 1472 causa
622 1415 932 1488 generandi.
958 1414 1060 1469 lste
1080 1421 1257 1469 autem
1297 1411 1544 1476 Abrahae,
1567 1412 1728 1467 etiam
1753 1425 1920 1481 usque

324 1509 391 1563 ad
437 1509 766 1578 decrepitam
810 1513 1136 1561 senectutem
1161 1546 1176 1571 ,
1210 1504 1575 1559 fornicationis
1605 1503 1786 1574 objicit
1812 1503 1920 1559 cri-

325 1617 471 1662 men,
507 1598 746 1668 profecto
775 1599 896 1668 quia
925 1605 976 1651 et
1008 1606 1126 1666 post
1149 1607 1373 1650 mortem
1402 1595 1548 1651 Sane
1572 1596 1790 1651 alteram
1816 1595 1920 1650 du-

322 1693 401 1746 xit
428 1689 558 1763 (Id.
587 1706 732 1756 xxv,
764 1687 859 1760 1).
900 1688 996 1744 Ubi
1037 1689 1136 1742 etsi
1177 1688 1380 1754 nullum
1421 1687 1804 1758 intelligeretur
1842 1687 1920 1743 rei

323 1782 522 1836 abditae
565 1788 953 1836 sacramentum
979 1822 995 1848 ,
1041 1787 1258 1850 propter
1297 1779 1398 1834 hoc
1435 1782 1607 1834 solum
1647 1779 1698 1833 id
1744 1778 1920 1836 facere

321 1875 508 1931 debuit
537 1875 835 1942 Abraham,
861 1890 929 1930 ne
960 1883 1206 1944 putarent
1231 1871 1464 1928 hazretici
1491 1872 1748 1927 adversus
1774 1873 1918 1942 Apo-

320 1967 748 2037 stolum,quibus
764 1967 924 2020 etiam
952 1965 1322 2020 Tertullianus
1350 1964 1661 2034 astipulator
1685 1965 1914 2034 assistit,

321 2072 443 2132 post
470 2061 654 2116 uxoris
680 2069 930 2126 mortem,
954 2059 1156 2114 crimen
1179 2075 1298 2115 esse
1319 2059 1516 2114 ducere
1538 2074 1782 2114 uxorem.
1810 2059 1917 2116 Sed

320 2155 461 2210 sicut
491 2155 591 2208 sibi
623 2155 724 2209 iste
751 2155 956 2208 videtur
987 2153 1225 2209 invenire
1250 2153 1304 2208 in
1335 2149 1640 2223 apostolicis
1665 2153 1878 2209 Litteris
1897 2196 1912 2222 ,

321 2264 441 2318 qua:
467 2248 613 2303 dicat
639 2256 823 2302 contra
852 2246 1049 2317 Legem
1077 2263 1172 2318 per
1201 2247 1420 2319 Moysen
1446 2247 1646 2313 datam,
1674 2249 1758 2303 vel
1784 2263 1915 2303 con-

322 2349 400 2396 tra
426 2341 829 2395 Testamentum
857 2339 1054 2405 Vetus;
1083 2339 1316 2394 inveniat
1341 2349 1396 2393 et
1413 2338 1612 2410 aliquid
1630 2339 1915 2396 adversum

321 2432 618 2498 Abraham,
646 2431 786 2501 quod
811 2447 877 2488 ex
900 2432 1218 2502 evangelicis
1242 2432 1259 2462 ¹
1281 2430 1498 2486 Litteris
1521 2446 1712 2486 sonare
1736 2431 1915 2487 videa-

321 2537 406 2582 tur
431 2545 444 2580 :
467 2527 688 2582 omnino
715 2541 821 2581 non
845 2527 1099 2581 inveniet.
1129 2525 1462 2595 Ubicumque
1490 2525 1579 2580 ille
1606 2525 1914 2580 nominatur

323 2621 376 2674 in
407 2620 562 2675 libris
587 2619 914 2674 Testamenti
940 2618 1110 2686 Novi,
1141 2633 1261 2674 cum
1293 2617 1497 2673 honore
1525 2617 1706 2674 debito
1719 2619 1913 2674 «tomi-

318 2725 477 2769 natur
514 2732 530 2769 :
570 2715 642 2768 ita
671 2724 730 2768 ut
757 2713 956 2770 Judaeis
996 2714 1198 2770 diceret
1239 2715 1353 2784 ipse
1393 2714 1652 2769 Dominus
1675 2755 1692 2782 ,
1725 2713 1789 2770 Si
1817 2715 1915 2784 ﬁlii

323 2807 544 2860 Abraha:
567 2806 706 2874 estis,
739 2807 873 2877 facta
905 2805 1120 2860 Abrahae
1143 2806 1296 2876 facite
1323 2804 1500 2877 (Joan.
1527 2822 1623 2862 vm
1645 2847 1659 2872 ,
1692 2807 1802 2877 '59).
1835 2807 1914 2863 Ac

321 2917 418 2972 per
445 2902 548 2957 hoc
574 2903 674 2958 iste
699 2903 790 2974 qui
813 2903 1150 2973 blasphemat
1175 2901 1466 2968 Abraham,
1495 2901 1763 2958 Christum
1791 2917 1916 2972 pro-

235 3010 244 3016 ·
321 2994 464 3051 fecto
482 2995 839 3067 blasphemat,
860 2997 953 3069 qui
975 2996 1079 3052 tale
1102 2995 1459 3052 testimonium
1482 2995 1726 3066 perhibet
1743 2994 1913 3052 Abra-

322 3089 426 3144 hae.

389 3181 480 3237 35.
519 3180 625 3236 Sed
654 3181 831 3250 dicat,
862 3181 908 3237 si
945 3189 1158 3251 potest,
1190 3196 1349 3253 quam
1377 3196 1662 3254 personam
1700 3182 1912 3237 illarum

320 3273 556 3343 quinque
603 3274 819 3344 gerebat
857 3274 1144 3343 Apostolus
1184 3272 1258 3345 (α)
1287 3316 1302 3340 ,
1345 3289 1466 3329 eum
1495 3275 1573 3330 sic
1602 3274 1915 3344 praedicaret

322 3365 630 3420 Abraham?
659 3366 713 3421 Si
753 3367 893 3420 enim
928 3367 1006 3420 eis
1036 3366 1124 3436 qui
1156 3367 1272 3422 sine
1302 3366 1442 3436 Lege
1471 3366 1702 3434 fuerant,
1736 3365 1913 3422 factus

320 3469 434 3514 erat
473 3460 623 3529 quasi
656 3470 798 3515 esset
825 3469 878 3514 et
905 3459 1016 3528 ipse
1047 3458 1164 3513 sine
1193 3459 1334 3529 Lege
1354 3499 1370 3526 ,
1401 3459 1478 3514 illi
1507 3458 1777 3514 Abraham
1805 3472 1912 3513 non

319 3561 596 3606 noverant.
627 3551 768 3620 Ergo
791 3551 1020 3619 aliquem
1044 3549 1362 3620 principem,
1387 3549 1503 3606 sive
1523 3549 1909 3615 Romanorum,

317 3642 430 3698 sive
468 3641 801 3707 Grarcorum,
843 3643 960 3697 sive
997 3642 1228 3712 aliquem
1259 3641 1694 3712 philosophorum
1725 3641 1911 3697 debuit

321 3736 562 3790 invenire
591 3751 750 3806 quem
781 3735 977 3791 talibus
1006 3736 1355 3806 praedicaret;
1394 3743 1451 3790 ut
1477 3736 1558 3792 eis
1581 3777 1596 3804 ,
1627 3735 1765 3790 sicut
1789 3735 1913 3790 huic

319 3829 516 3898 placet,
548 3830 706 3884 talem
738 3844 796 3884 se
821 3829 1004 3899 quales
1032 3829 1131 3899 ipsi
1159 3836 1312 3884 erant
1336 3828 1585 3899 ﬁngendo
1607 3870 1620 3893 ,
1648 3843 1911 3898 congrue-

318 3930 400 3976 ret
426 3939 441 3976 :
471 3936 578 3976 non
620 3920 887 3975 Abraham
926 3922 1110 3976 nescio
1138 3937 1297 3992 quem
1329 3921 1678 3992 alienigenam
1706 3930 1911 3991 patrem

318 4013 492 4082 gentis
534 4013 791 4078 llebraize,
836 4013 991 4083 longe
1028 4013 1096 4068 ab
1134 4027 1320 4068 eorum
1360 4013 1618 4076 moribus,
1659 4014 1814 4083 longe
1843 4011 1911 4068 ab

321 4119 509 4158 eorum
551 4103 774 4168 ritibus,
819 4104 974 4174 longe
1011 4104 1078 4157 ab
1116 4119 1302 4159 eorum
1340 4104 1743 4174 cognationibus
1781 4104 1913 4159 alie-

320 4211 468 4250 num.
500 4194 558 4250 Si
588 4205 765 4252 autem
804 4195 1003 4251 Judaeis
1043 4204 1293 4266 tanquam
1321 4195 1538 4250 Judteus
1565 4195 1729 4250 factus
1755 4203 1873 4250 erat
1893 4236 1908 4261 ,

318 4300 407 4344 aut
436 4291 517 4344 eis
546 4292 634 4359 qui
665 4289 763 4344 sub
791 4289 932 4360 Lege
961 4297 1113 4344 erant
1141 4298 1388 4359 tanquam
1423 4297 1565 4343 esset
1589 4297 1644 4344 et
1675 4288 1788 4358 ipse
1811 4287 1912 4342 sub

317 4381 479 4452 Lege,
512 4381 698 4452 utquid
727 4381 936 4436 dicebat
962 4396 1066 4436 non
1091 4395 1211 4436 esse
1240 4380 1480 4436 haeredes
1507 4395 1574 4435 ex
1606 4381 1786 4451 Lege?
1817 4389 1908 4434 ut-

317 4473 441 4543 quid
470 4473 701 4539 dicebat,
730 4471 836 4526 Lea:
861 4473 992 4526 iram
1021 4467 1298 4542 operatur?
1329 4473 1511 4542 utquid
1537 4472 1768 4537 dicebat,
1799 4473 1908 4527 Lex

318 4564 745 4634 praevaricationis
764 4564 928 4635 gratia
949 4564 1111 4634 posita
1131 4565 1238 4618 est?
1254 4563 1393 4634 quod
1415 4578 1568 4632 aequo
1589 4564 1768 4618 animo
1790 4563 1896 4619 fere

319 4671 372 4709 re
404 4670 511 4709 non
551 4664 770 4724 possent
807 4655 894 4726 qui
922 4654 1281 4724 gloriabantur
1310 4655 1364 4709 in
1392 4653 1552 4722 Lege.
1582 4654 1736 4721 Quod
1766 4655 1808 4708 si
1841 4665 1899 4710 ut

319 4748 565 4802 inﬁrmus
590 4747 905 4817 loquebatur
935 4747 1179 4813 inﬁrmis,
1209 4757 1262 4801 et
1287 4747 1364 4802 sic
1389 4762 1483 4802 eos
1509 4789 1523 4814 ,
1554 4756 1612 4800 ut
1641 4746 1913 4802 fallacibus

318 4841 508 4910 placet,
545 4839 775 4894 fallendo
802 4839 1050 4904 lactabat,
1074 4855 1170 4894 cur
1189 4854 1282 4895 eos
1302 4839 1369 4895 ab
1391 4839 1593 4895 umbris
1615 4839 1904 4907 veteribus,

319 4932 366 4984 in
411 4932 606 5002 quibus
636 4930 828 4985 inﬁrmi
859 4931 1200 5000 quiescebant
1228 4973 1242 4998 ,
1277 4932 1352 4987 sic
1380 4931 1729 5002 proturbabat
1752 4932 1771 4961 ’
1799 4972 1813 4997 ,
1848 4937 1906 4985 ut

319 5023 519 5080 diceret
553 5043 566 5078 :
598 5023 726 5078 Ecce
749 5041 838 5095 ego
870 5023 1065 5077 Paulus
1103 5024 1214 5077 dico
1241 5024 1397 5087 vobis,
1429 5025 1547 5095 quia
1572 5025 1616 5077 si
1646 5024 1913 5078 circumci-

320 5118 532 5185 dantini,
568 5117 794 5172 Christus
830 5117 968 5172 vobis
997 5117 1125 5170 nihil
1165 5116 1389 5188 proderit
1430 5114 1624 5187 (Galat.
1654 5131 1710 5184 v,
1741 5115 1826 5187 2)?
1856 5114 1911 5170 Si

323 5228 498 5272 autem
535 5217 588 5270 in
620 5216 704 5270 illa
744 5231 970 5287 persona
1001 5216 1183 5284 quinta
1212 5213 1458 5284 perfectis
1483 5215 1801 5285 sapientiam
1829 5215 1908 5270 lo-

320 5312 620 5381 quebatur,
661 5311 844 5380 quales
884 5310 1026 5365 solos
1069 5310 1167 5363 iste
1205 5308 1396 5378 dignos
1436 5315 1587 5378 putat
1628 5322 1761 5377 quos
1805 5323 1913 5364 non

321 5404 463 5459 fallat
491 5404 811 5473 Apostolus;
837 5417 1002 5473 quare
1026 5418 1053 5456 a
1083 5401 1349 5456 contrario
1373 5401 1484 5454 vult
1507 5416 1626 5456 esse
1646 5401 1758 5470 ipse
1783 5417 1912 5470 per-

320 5497 486 5553 fectus
511 5539 527 5564 ,
573 5506 632 5551 ut
669 5496 1002 5566 blasphemet
1029 5495 1296 5550 Abraham
1322 5535 1338 5562 ,
1367 5509 1525 5564 quem
1553 5494 1630 5548 sic
1657 5492 1912 5563 perfectis

322 5591 500 5646 laudat
525 5590 815 5661 Apostolus
835 5589 878 5656 ³,
906 5588 1135 5644 maxime
1161 5587 1216 5642 in
1245 5587 1348 5642 illis
1373 5585 1578 5641 duobus
1605 5585 1730 5640 ﬁliis
1756 5585 1872 5654 ejus
1893 5626 1908 5652 ,

382 5708 397 5737 ί
436 5707 554 5754 mliti
575 5704 658 5753 hic
679 5703 878 5763 addunt,
901 5706 947 5752 et
969 5699 1270 5766 apostolicis;
1313 5699 1441 5764 quod
1464 5712 1492 5749 a
1515 5697 1766 5762 plerisque
1805 5705 1908 5747 Mss.

319 5767 579 5888 malini,
603 5825 926 5890 perturbabat.
966 5831 1023 5890 at
1055 5833 1183 5883 Mss.,
1218 5821 1554 5890 proturbabat;
1576 5823 1617 5872 si
1639 5823 1912 5872 Vaticanum

322 5891 535 5940 codicem
559 5886 790 5952 eicipias,
817 5889 868 5937 in
889 5901 987 5951 quo
1009 5886 1208 5951 legitur,
1219 5886 1476 5952 avocabat.

383 5954 404 6014 ξ
436 5960 501 6001 tta
535 5950 856 6014 vetus'codex
887 5950 1243 6002 Germanensis.
1281 5950 1587 6014 Remigianus
1618 5959 1766 6012 vero,
1795 5953 1908 6000 Cor-

385 6013 458 6075 (a)
479 6021 645 6075 supra,
669 6027 744 6078 cal
790 6013 836 6064 Ω.

1677 463 1883 521 LIBER
1918 462 2293 524 SECUNDUS.

3519 478 3625 539 658

2040 597 2148 638 uno
2184 583 2253 639 de
2293 583 2503 654 ancilla,
2546 583 2652 640 alio
2686 585 2756 644 de
2783 584 2989 642 libera?
3030 586 3086 644 Si
3115 587 3360 660 displicet
3386 590 3461 646 illi
3503 608 3623 651 eum

2037 673 2260 732 lsmaele
2287 675 2687 734 Testamentum
2715 678 2916 749 Vetus,
2947 694 3069 737 cum
3100 679 3249 738 Isaac
3283 682 3488 754 placeat
3511 685 3619 742 Te-

2037 777 2357 825 stamentum
2391 769 2619 825 Novum.

2107 861 2194 916 54.
2236 861 2319 916 Αη
2360 869 2417 917 et
2453 870 2636 918 contra
2674 863 2990 935 Apostolum
3017 867 3385 938 propositurus
3412 877 3496 926 est
3522 884 3618 928 ca-

2037 951 2280 1008 thedram
2323 955 2656 1025 pestilentias,
2687 964 2742 1012 et
2769 957 3135 1029 disputaturus
3170 960 3238 1017 de
3274 962 3529 1033 qualitate
3553 963 3621 1019 ﬁ-

2031 1061 2282 1117 gurarum
2307 1089 2320 1113 ,
2357 1056 2516 1118 atque
2552 1047 2790 1105 dicturus
2829 1065 2933 1106 non
2969 1066 3093 1108 eum
3131 1052 3380 1110 debuisse
3419 1054 3618 1127 ﬁguras

2032 1153 2212 1193 rerum
2254 1138 2596 1195 honestarum
2638 1139 2705 1196 de
2747 1142 2908 1198 rebus
2947 1145 3188 1214 turpibus
3229 1147 3470 1203 ducere?
3508 1148 3618 1204 Res

2031 1233 2173 1288 enim
2195 1234 2372 1305 turpis
2399 1235 2523 1290 huic
2553 1235 2764 1292 videtur
2783 1277 2799 1304 ,
2831 1238 2989 1294 etiam
3017 1254 3137 1295 cum
3178 1241 3291 1312 ipsa
3319 1242 3450 1299 Sara
3479 1258 3614 1299 con-

2029 1324 2238 1380 cubitus
2275 1326 2602 1397 conjugalis,
2648 1329 3068 1398 quam’liberam
3109 1339 3331 1388 matrem
3372 1340 3613 1390 nostram

2028 1426 2281 1474 aeternam
2318 1418 2611 1475 Jerusalem
2653 1420 2953 1490 signiﬁcare
2991 1431 3213 1478 testatur
3243 1425 3439 1479 Doctor
3464 1424 3613 1480 Gen-

2029 1509 2156 1564 tium
2184 1511 2203 1582 (
2222 1509 2390 1564 Galat.
2421 1526 2478 1566 tv
2502 1553 2517 1578 ,
2547 1511 2754 1582 22-26)
2781 1554 2796 1580 ,
2839 1517 3080 1584 quamvis
3112 1518 3317 1572 narium
3358 1533 3516 1589 rugas
3556 1523 3614 1574 et

2025 1601 2217 1658 frontis
2265 1603 2513 1671 obducat,
2561 1615 2614 1660 et
2653 1607 2884 1676 crispato
2926 1610 3070 1664 vultu
3117 1611 3253 1665 hanc
3299 1613 3612 1681 parabolam

2026 1694 2315 1750 exhorreat
2343 1695 2529 1751 doctor
2559 1697 2917 1767 pestilentium
2953 1718 2966 1754 :
2993 1710 3048 1756 et
3077 1703 3244 1757 multo
3288 1706 3516 1774 amplius
3556 1712 3612 1760 et

2025 1786 2437 1858 aspernabilius,
2469 1789 2681 1858 quando
2710 1790 2856 1845 audit
2883 1792 3128 1847 eumdem
3155 1793 3400 1849 Gentium
3429 1797 3612 1850 docto-

2024 1894 2159 1945 rem,
2191 1879 2331 1948 quod
2358 1879 2609 1950 scriptum
2635 1888 2716 1934 est
2743 1881 2810 1936 de
2837 1884 3075 1938 masculo
3115 1893 3168 1939 et
3195 1885 3409 1952 femina,
3444 1886 3611 1940 Erunt

2024 1971 2123 2024 duo
2147 1972 2199 2024 in
2229 1987 2380 2025 carne
2408 1989 2546 2038 una;
2573 1972 2768 2028 addere
2793 1983 2847 2028 et
2875 1975 3075 2042 dicere,
3105 1977 3489 2033 Sacramentum
3517 1980 3611 2034 hoc

2023 2079 2261 2133 magnum
2300 2071 2401 2128 est,
2434 2071 2718 2133 ego-autem
2744 2065 2855 2120 dico
2880 2068 2932 2120 in
2971 2066 3173 2123 Christo
3209 2080 3255 2124 et
3293 2071 3347 2124 in
3377 2068 3611 2126 Ecclesia

2023 2155 2296 2226 (Ephes.v,
2328 2158 2416 2224 51,
2447 2157 2558 2228 32).
2591 2158 2737 2214 ltane
2769 2176 2894 2216 vero
2923 2163 3011 2217 ubi
3037 2174 3214 2220 essent
3239 2167 3610 2236 cognoscenda

2023 2257 2180 2303 tantae
2219 2250 2296 2304 rei
2336 2262 2686 2317 sacramenta,
2731 2253 2782 2307 id
2826 2265 2927 2324 est,
2970 2272 3122 2313 saera
3157 2259 3325 2330 signa,
3365 2269 3420 2316 et
3454 2262 3506 2316 in
3548 2276 3608 2317 re

2021 2340 2266 2409 pudenda
2292 2383 2307 2408 ,
2339 2349 2499 2411 atque
2537 2342 2589 2395 in
2620 2343 2698 2398 eis
2737 2346 2914 2402 verbis
2944 2350 3136 2419 quibus
3163 2353 3481 2408 verecundia
3507 2353 3605 2410 de-

2019 2430 2212 2499 betur,
2255 2432 2505 2502 cognosci
2547 2449 2652 2488 non
2696 2435 2944 2494 debuisse
2984 2456 3084 2496 nec
3115 2442 3257 2509 dici,
3303 2444 3464 2498 homo
3504 2446 3606 2502 iste

2019 2524 2238 2591 sciebat,
2265 2534 2319 2580 et
2343 2526 2530 2581 beatus
2554 2528 2840 2597 Apostolus
2864 2534 3174 2590 nesciebat?
3200 2537 3300 2591 Eat
3325 2539 3480 2608 plane
3503 2539 3606 2596 iste

2019 2628 2165 2676 retro
2193 2635 2314 2676 cum
2341 2621 2452 2676 suis
2477 2621 2740 2679 similibus
2766 2627 2924 2682 sociis
2949 2669 2963 2694 ,
2995 2629 3082 2699 qui
3114 2629 3399 2698 dixerunt,
3433 2631 3607 2688 Durus

2019 2722 2089 2768 est
2131 2715 2212 2768 hic
2247 2731 2455 2782 sermo;
2490 2720 2600 2790 quis
2635 2734 2747 2772 eum
2777 2729 2936 2790 potest
2965 2724 3141 2777 audire
3168 2723 3345 2792 (Joan.
3371 2741 3444 2790 v1,
3475 2724 3606 2796 6i)?

2018 2805 2124 2863 Nos
2153 2817 2328 2863 autem
2352 2810 2648 2879 audiamus,
2675 2825 2729 2869 et
2753 2815 3108 2885 intelligamus
3133 2815 3239 2870 duo
3263 2817 3606 2872 Testamenta

2018 2899 2072 2954 in
2101 2899 2310 2957 duobus
2349 2902 2475 2958 filiis
2505 2906 2732 2961 Abrahae
2754 2949 2769 2974 ,
2802 2907 3112 2978 duabusque
3141 2909 3452 2964 mulieribus
3489 2910 3606 2980 ejus

2018 2995 2394 3050 commixtione
2422 2996 2595 3054 fetatis
2624 3018 2636 3054 :
2667 2999 2806 3054 sicut
2827 2999 2961 3054 duos
2993 3000 3046 3053 in
3076 3014 3238 3055 carne
3266 3017 3370 3055 una
3396 3042 3410 3068 ,
3441 3000 3605 3056 Chri-

2017 3092 2159 3140 stum
2189 3094 2243 3141 et
2267 3086 2583 3154 Ecclesiam,
2616 3091 2734 3145 istis
2762 3090 3085 3155 nolentibus,
3114 3092 3228 3146 sine
3255 3092 3360 3146 ulla
3391 3093 3601 3148 obscte-

2017 3178 2183 3234 nitate
2220 3182 2589 3250 cognoscimus
2635 3201 2648 3235 :
2693 3184 2830 3237 sicut
2876 3182 3222 3238 mediatorem
3271 3185 3362 3239 Dei
3404 3193 3457 3240 et
3499 3185 3594 3241 bo-

2018 3271 2221 3327 minum
2270 3271 2539 3328 hominem
2587 3273 2856 3330 Christum
2899 3274 3079 3328 Jesum
3125 3282 3142 3344 (
3172 3275 3189 3329 l
3215 3275 3350 3328 Tim.
3379 3292 3451 3342 ιι,
3483 3276 3558 3346 5)
3587 3318 3604 3342 ,

2017 3379 2232 3420 carnem
2259 3382 2408 3421 suam
2437 3367 2592 3423 nobis
2623 3367 3043 3422 manducandum
3071 3367 3464 3439 bibendumque
3489 3383 3608 3423 san-

2017 3457 2232 3527 guinem
2265 3457 2479 3512 dantem
2507 3501 2521 3522 ,
2555 3459 2695 3513 ﬁdeli
2727 3459 2889 3513 corde
2918 3468 3076 3528 atque
3105 3473 3198 3513 ore
3238 3459 3559 3529 suscipimus
3586 3476 3603 3526 ;

2018 3547 2258 3619 quamvis
2287 3547 2594 3605 horribilius
2621 3550 2863 3605 videatur
2892 3550 3176 3605 humanam
3205 3565 3420 3605 carnem
3449 3566 3604 3606 man-

2017 3639 2214 3696 ducare
2237 3655 2395 3711 quam
2441 3640 2724 3710 perimere,
2748 3649 2804 3696 et
2844 3640 3132 3696 humanum
3171 3643 3482 3712 sanguinem
3505 3657 3606 3712 po-

2018 3742 2133 3790 tare
2151 3749 2307 3805 quam
2340 3733 2600 3789 fundere:
2627 3743 2785 3805 atque
2822 3736 2877 3789 in
2927 3735 3176 3790 omnibus
3225 3735 3422 3790 sanctis
3461 3735 3608 3790 Seri-

2018 3829 2211 3898 pturis,
2229 3828 2523 3883 secundum
2554 3842 2698 3883 same
2727 3828 2851 3884 fidei
2886 3829 3123 3899 regulam
3153 3829 3373 3899 ﬁgurate
3401 3829 3605 3885 dictum

1966 3907 1970 3911 ’
2016 3922 2102 3977 vel
2131 3921 2327 3976 factum
2357 3922 2402 3976 si
2433 3921 2560 3991 quid
2584 3921 2886 3990 exponitur,
2915 3920 2984 3975 de
3009 3921 3334 3991 quibuslibet
3361 3920 3527 3976 rebus
3552 3929 3610 3976 et

2017 4013 2194 4068 verbis
2222 4027 2342 4083 qua:
2379 4011 2545 4066 sacris
2585 4011 2788 4082 paginis
2813 4011 3153 4066 continentur
3177 4053 3190 4077 ,
3223 4011 3484 4080 expositio
3513 4011 3609 4067 illa

2018 4105 2275 4170 ducatur,
2311 4119 2414 4158 non
2447 4111 2828 4172 aspernanter,
2861 4101 2956 4157 sed
2986 4102 3254 4172 sapienter
3287 4101 3605 4169 audiamus;

2017 4206 2071 4252 et
2093 4197 2456 4267 relinquamus
2481 4196 2642 4250 istum
2667 4195 2842 4249 inania
2870 4195 3214 4266 garrientem,
3238 4204 3292 4250 et
3311 4193 3601 4250 nesciendo

2017 4290 2142 4362 quid
2167 4291 2431 4360 loquatur,
2458 4287 2710 4359 quadam,
2735 4289 2780 4343 si
2803 4288 2906 4343 dici
2928 4296 3122 4358 potest,
3149 4288 3396 4358 imperita
3418 4287 3606 4358 peritia

2017 4384 2083 4439 de
2111 4384 2398 4454 ﬁgurarum
2430 4381 2690 4452 qualitate
2720 4389 3055 4436 tractantem.
3083 4380 3183 4449 Qui
3213 4396 3332 4436 cum
3362 4380 3489 4435 dicit
3517 4393 3608 4434 re-

2017 4477 2116 4532 bus
2159 4476 2406 4546 congruis
2446 4489 2555 4530 non
2595 4474 2873 4529 contrariis
2911 4473 3108 4544 aliquid
3145 4489 3264 4530 esse
3299 4472 3604 4552 signiﬁcan-

2017 4569 2164 4635 dum,
2195 4576 2370 4639 potest
2394 4583 2562 4623 vanus
2587 4568 2786 4633 dicere,
2817 4583 3027 4637 semper
3053 4568 3220 4622 Deum
3248 4567 3422 4622 lucido
3447 4581 3604 4635 auro,

2019 4675 2286 4730 nunquam
2321 4661 2472 4731 nigro
2501 4668 2799 4714 atramento
2835 4659 2994 4714 scribi
3030 4667 3280 4729 oportere
3311 4673 3324 4712 :
3353 4658 3604 4728 quoniam
3646 4647 3649 4654 ’

2018 4752 2156 4806 Deus
2177 4752 2265 4805 tua:
2283 4760 2377 4819 est,
2401 4760 2446 4805 et
2469 4751 2680 4804 tenebrae
2699 4752 2749 4804 in
2770 4767 2826 4804 eo
2845 4767 2944 4804 non
2958 4760 3075 4805 sunt
3091 4749 3212 4804 ulla:
3231 4749 3271 4819 (1
3287 4748 3442 4803 Joan.
3461 4763 3479 4803 ι
3498 4749 3602 4817 ,5).
3636 4755 3639 4760 ’

2019 4847 2190 4902 Homo
2213 4854 2298 4901 est
2321 4845 2484 4910 enim,
2513 4846 2601 4914 qui
2630 4850 2778 4914 putat
2803 4843 3114 4913 Apostolum
3141 4844 3183 4909 ί,
3210 4852 3266 4896 ut
3285 4849 3609 4910 congrueret
3646 4909 3651 4919 ἢ

2022 4929 2243 4985 inﬁrmis
2273 4939 2326 4985 et
2354 4927 2698 4998 imperfectis,
2731 4929 2894 4982 multa
2920 4929 3050 4983 falsa
3075 4936 3129 4983 et
3155 4924 3501 4996 improbanda
3525 4924 3609 4979 di-
3645 4941 3656 4994 ξ

2020 5022 2162 5077 xisse
2180 5062 2195 5086 ,
2226 5021 2347 5090 quia
2373 5021 2687 5075 testimoniis
2713 5035 2832 5090 quae
2857 5020 2925 5074 de
2951 5020 3091 5090 Lege
3115 5033 3177 5072 ac
3203 5016 3484 5088 Pr0phetis
3510 5031 3607 5086 po-
3647 5006 3676 5079 ἱ(

2019 5115 2093 5168 nit
2116 5155 2130 5179 ,
2169 5127 2325 5182 quam
2359 5111 2732 5167 venerabiliter
2766 5111 3067 5179 Scripturas
3105 5109 3224 5162 illas
3257 5107 3481 5178 accipiat
3512 5123 3609 5177 per

2018 5205 2282 5275 Epistolas
2309 5205 2424 5274 ejus
2449 5211 2686 5274 apparet.
2717 5203 2824 5258 Nec
2850 5203 3048 5272 cogitat
3071 5208 3178 5255 tam
3205 5214 3458 5270 perverso
3481 5214 3607 5255 sen-

2017 5315 2079 5354 su
2107 5313 2264 5368 posse
2283 5297 2495 5352 defendi
2517 5298 2675 5352 etiam
2699 5296 2787 5350 illa
2808 5310 2928 5364 qua:
2948 5295 3000 5348 in
3023 5293 3292 5348 veteribus
3313 5293 3410 5349 Dei
3430 5292 3608 5349 Libris

2020 5390 2325 5447 immundus
2353 5399 2511 5461 atque
2537 5389 2729 5460 impius
2756 5387 2910 5458 quasi
2938 5385 3058 5458 pius
3085 5392 3140 5441 et
3165 5384 3392 5442 mundus
3419 5385 3608 5441 horre-

2016 5611 2251 5680 beiensis,
2289 5607 2876 5680 et.(_:olbertinus,_quare
2913 5603 3186 5678 contrarius
3225 5607 3325 5680 vult
3353 5617 3469 5680 esse
3506 5605 3613 5680 ipse

2016 5667 2257 5736 perfectis,
2284 5677 2335 5720 ut
2353 5668 2640 5734 blasphemet
2659 5667 2917 5729 Abraham,
2931 5681 3074 5732 quem
3091 5667 3162 5719 sic
3183 5669 3421 5732 perfectus
3444 5667 3614 5718 uuida:

2018 5731 2304 5804 Apostolus?
2327 5733 2466 5804 Ε(ιὶιὶζ
2487 5744 2636 5804 quare
2657 5745 2684 5782 e
2707 5731 2949 5804 contrario
2969 5729 3069 5780 vult
3081 5744 3192 5804 esse
3228 5728 3330 5804 ipse
3351 5728 3609 5804 perfectus,

2015 5789 2380 5908 giliiulgsﬂtemet
2412 5789 2668 5856 Abraham,
2706 5805 2848 5857 quem
2875 5793 2945 5845 sic
2984 5789 3257 5858 perfection
3282 5789 3450 5840 laudat
3482 5799 3610 5853 Αρο-

2346 5925 2399 5971 et
2419 5927 2524 5971 MSS.
2551 5925 2607 5971 At
2627 5923 2702 5971 Er.
2728 5925 2780 5972 et
2795 5923 2923 5971 Lov.:
2963 5925 3063 5970 Non
3081 5924 3154 5970 est
3173 5913 3303 5970 enim
3323 5912 3452 5978 Quod
3473 5916 3614 5978 ναίει
