4028 6482
457 456 566 515 659

459 580 579 637 scit.
609 576 740 633 Nam
769 577 811 632 si
840 577 888 631 ei
913 575 1174 646 quispiam
1202 572 1342 626 dicat
1372 569 1558 623 similis
1583 568 1718 636 ejus,
1747 566 1821 620 Ea
1848 580 1966 636 quae
1994 575 2042 617 te

458 671 739 729 offendunt
764 670 817 724 in
841 668 981 737 Lege
1001 681 1063 720 ac
1084 662 1364 734 Prophetis
1389 661 1519 715 falsa
1545 668 1690 726 sunt,
1718 656 1810 713 sed
1831 667 2048 728 propter

457 765 702 821 inﬁrmos
743 771 797 818 et
837 759 1176 831 imperfectos
1205 757 1282 811 sic
1315 771 1374 810 ea
1417 755 1643 824 Spiritus
1680 761 1896 807 sanctus
1922 751 2045 821 poni

456 857 629 914 voluit
652 875 664 910 :
688 855 812 926 quid
841 853 948 923 pari
980 866 1077 906 suo
1103 863 1240 903 vano
1265 853 1449 902 contra
1476 848 1577 901 hoc
1599 844 1917 915 reSpondeat
1941 857 2047 896 non

457 949 695 1006 habebit.
738 945 1080 1002 Convincitur
1109 942 1250 997 enim
1281 941 1458 1011 regula
1488 939 1642 1004 falsa,
1670 937 1760 992 sed
1789 951 1917 1002 sua;
1949 947 2048 989 nec

460 1042 714 1112 sapientis
739 1054 801 1093 ac
831 1036 994 1103 docti,
1027 1035 1119 1089 sed
1149 1034 1316 1100 stulti,
1350 1034 1486 1088 sicut
1513 1033 1627 1101 ipse
1656 1039 1756 1097 est,
1788 1040 1944 1098 atque
1969 1029 2047 1081 in-

459 1134 652 1191 eruditi
681 1147 859 1195 manu,
891 1144 987 1182 suo
1017 1138 1194 1182 tamen
1224 1126 1399 1196 gladio
1422 1124 1711 1194 jugulatur.

529 1222 756 1279 CAPUT
796 1221 864 1276 Χ.
893 1251 961 1260 —-
991 1221 1080 1275 55.
1121 1219 1250 1274 Post
1277 1217 1393 1271 haec
1418 1232 1545 1271 sane
1574 1214 1814 1285 sacrilegi
1844 1224 1896 1267 et
1925 1213 2045 1266 vani

457 1316 689 1372 hominis
715 1313 970 1383 sacrilega
995 1310 1295 1380 vaniloquia
1318 1350 1333 1376 ,
1365 1308 1556 1379 quibus
1592 1321 1678 1361 me
1706 1303 2047 1374 respondisse

460 1410 785 1466 sufficienter
810 1406 1094 1462 existimo:
1119 1403 1221 1458 hoc
1248 1411 1350 1465 est,
1379 1401 1447 1456 de
1475 1399 1622 1454 initio
1647 1399 1952 1462 Gcneseos;
1978 1395 2047 1451 de

457 1500 592 1556 lucis
628 1498 863 1562 fabrica;
892 1497 960 1552 de
995 1495 1080 1550 die
1113 1494 1198 1549 vei
1225 1494 1375 1556 sole;
1409 1491 1476 1546 de
1503 1504 1660 1544 causa
1690 1486 2046 1543 constituendi

457 1594 728 1649 hominem
755 1610 769 1657 ;
807 1592 876 1647 de
912 1597 1130 1661 peccato
1159 1586 1325 1652 Adae;
1357 1587 1423 1641 de
1455 1584 1649 1639 fabrica
1679 1583 1945 1648 hominis;
1977 1582 2046 1638 de

457 1700 717 1757 persuasu
755 1683 1054 1754 serpentis;
1096 1680 1163 1734 de
1205 1678 1488 1733 maledicto
1527 1678 1578 1730 iu
1617 1675 1850 1741 homine,
1893 1684 1946 1728 et
1977 1674 2046 1729 de

459 1781 581 1834 vitae
611 1778 841 1841 arbore;
869 1775 934 1830 de
962 1771 1268 1844 pmnitentia
1302 1771 1392 1825 Dei
1421 1787 1434 1836 ;
1465 1769 1532 1824 de
1559 1769 1758 1823 diluvio
1783 1784 1796 1833 ;
1826 1767 1893 1823 de
1917 1781 2043 1822 arcu

457 1872 512 1927 in
545 1870 802 1934 nubibus;
835 1868 901 1923 de
927 1865 1261 1921 induratione
1287 1863 1464 1920 cordis
1490 1861 1814 1926 Pharaonis;
1846 1859 1912 1914 de
1937 1860 2044 1929 spi-

457 1967 565 2022 ritu
593 1964 854 2021 mendacii
885 1962 1174 2018 secundum
1203 1959 1473 2014 Micbzeam
1503 1955 1843 2026 prophetam;
1872 1953 1939 2008 de
1967 1963 2045 2008 te-

457 2057 711 2113 stimonio
752 2055 898 2110 Isaia:
938 2052 1240 2124 prophetae,
1286 2058 1500 2120 propter
1541 2047 1683 2118 quod
1712 2047 1785 2100 ait
1829 2063 1841 2098 :
1882 2044 2044 2099 Filios

458 2154 604 2224 genui
632 2162 680 2206 et
706 2149 923 2206 exaltavi
945 2164 962 2202 :
989 2147 1180 2218 quibus
1207 2159 1417 2199 rursum
1445 2141 1604 2206 dicit,
1647 2138 1773 2193 Filii
1813 2138 2002 2192 scelesti
2024 2179 2037 2200 ,

459 2261 622 2298 semen
664 2243 931 2311 pessimum
969 2255 986 2292 :
1024 2247 1077 2293 et
1114 2236 1252 2307 quod
1293 2235 1418 2289 item
1462 2231 1599 2302 apud
1630 2247 1750 2285 eum
1789 2229 2043 2298 scriptum

457 2352 578 2393 esse
605 2335 758 2400 dixit,
793 2333 906 2404 Ego
928 2347 1040 2386 sum
1066 2329 1204 2383 Deus
1232 2328 1421 2400 faciens
1447 2325 1574 2379 bona
1597 2333 1646 2378 et
1671 2338 1846 2376 creaus
1871 2320 2006 2374 mala
2025 2336 2044 2374 :

457 2430 525 2486 de
554 2429 846 2499 perditione
876 2425 1055 2495 populi
1077 2464 1091 2488 ,
1121 2421 1372 2476 mandato
1408 2419 1572 2489 Moysi
1600 2417 1639 2482 ¹;
1669 2415 1736 2470 de
1761 2412 2044 2470 maledicto

456 2520 599 2592 quod
631 2531 780 2588 turpe
808 2516 1110 2580 existimat;
1142 2513 1209 2568 de
1239 2512 1366 2577 Dei,
1399 2525 1555 2581 quam
1588 2516 1770 2578 putat,
1801 2504 2044 2560 confessa

456 2614 795 2677 crudelitate;
825 2612 892 2667 de
915 2609 1090 2666 studio
1111 2607 1252 2679 quod
1281 2613 1431 2676 putat
1452 2602 1687 2669 malitias,
1709 2601 1857 2670 juxta
1882 2598 2042 2652 David

457 2721 678 2777 regem;
712 2704 778 2758 de
816 2717 880 2758 eo
911 2700 1049 2772 quod
1098 2699 1350 2768 scriptum
1381 2705 1462 2752 est
1485 2737 1501 2762 ,
1543 2694 1758 2747 Paenitet
1799 2707 1876 2744 me
1909 2690 2044 2759 quod

457 2798 800 2853 constituerim
844 2795 972 2850 Saitl
1001 2795 1052 2847 in
1090 2809 1256 2864 regem
1287 2810 1300 2846 :
1337 2790 1403 2844 de
1440 2789 1629 2858 spiritu
1665 2785 1850 2856 Moysi,
1892 2782 2043 2852 cujus

456 2891 754 2960 Scripturas
784 2897 933 2958 putat
955 2886 1155 2941 dixisse
1183 2882 1492 2954 Apostolum
1522 2880 1726 2934 fabulas
1750 2877 1949 2940 aniles;
1977 2875 2044 2929 de

457 2985 710 3054 qualitate
754 2984 1074 3053 ﬁgurarum;
1108 2979 1174 3034 de
1205 2977 1510 3038 Abraham;
1540 2974 1607 3028 de
1649 2973 1770 3027 ﬁliis
1799 2970 1914 3026 Heli
1953 2984 2043 3025 sa-

457 3076 690 3131 cerdotis
717 3093 730 3141 ;
759 3075 826 3129 de
854 3071 1130 3127 sacriﬁciis
1155 3111 1172 3137 ,
1201 3086 1319 3140 qua:
1351 3077 1496 3138 putat
1526 3081 1632 3120 non
1661 3064 1759 3119 nisi
1789 3062 2044 3117 daemoni—

457 3167 558 3222 bus
584 3166 822 3221 exhiberi
851 3182 864 3229 ;
897 3164 965 3218 de
992 3161 1270 3231 Prophetis
1300 3160 1391 3214 Dei
1415 3200 1428 3225 ,
1461 3174 1595 3228 quos
1624 3164 1772 3227 putat
1797 3163 1922 3208 ante
1946 3153 2043 3208 ad-

456 3266 675 3315 ventum
708 3256 914 3312 Dmnini
947 3271 1050 3310 non
1082 3253 1276 3317 fuisse;
1305 3252 1372 3307 de
1397 3266 1460 3306 eo
1486 3250 1626 3319 quod
1654 3250 1703 3303 in
1729 3248 1870 3317 Lege
1899 3246 2042 3316 posi-

457 3360 572 3407 tum
598 3361 701 3418 est,
729 3349 1039 3420 sanguinem
1066 3362 1187 3403 esse
1212 3347 1476 3409 animam;
1507 3343 1572 3397 de
1601 3343 1708 3397 Deo
1729 3341 1813 3395 cui
1839 3339 2045 3410 Moyses

460 3446 709 3510 servivit,
759 3459 916 3514 quem
968 3451 1116 3512 putat
1161 3442 1324 3494 Deum
1369 3453 1552 3492 verum
1594 3449 1700 3490 non
1746 3433 1939 3494 fuisse;
1977 3431 2045 3486 de

457 3539 713 3594 varietate
740 3552 1088 3608 personarum
1109 3576 1122 3598 ,
1159 3536 1209 3588 in
1236 3532 1426 3604 quibus
1450 3539 1600 3600 putat
1627 3529 1937 3599 Apostolum
1967 3526 2045 3580 Io—

457 3639 637 3686 cutum
679 3643 800 3684 esse
842 3628 1122 3683 fallaciter.
1171 3626 1300 3694 Quae
1345 3624 1521 3678 omnia
1565 3638 1670 3676 non
1715 3619 1816 3673 hoc
1858 3617 2046 3672 ordine

456 3727 770 3792 persecutus
791 3736 929 3786 sum,
958 3721 1044 3789 qui
1067 3725 1149 3774 est
1168 3718 1220 3771 iu
1245 3717 1377 3784 libro
1397 3714 1548 3785 ejus;
1577 3712 1671 3768 sed
1693 3711 1829 3765 sicut
1849 3717 2046 3764 nostra:

457 3813 828 3884 disputationis
857 3813 1070 3867 sibimet
1094 3825 1331 3866 connexa
1359 3808 1530 3863 series
1560 3803 1863 3876 postulavit.

529 3906 755 3961 CAPUT
782 3905 948 3960 XL—
971 3905 1062 3960 56.
1084 3905 1211 3958 Post
1229 3903 1341 3956 inec
1363 3916 1492 3972 ergo
1525 3896 1924 3954 omniatitulum
1953 3907 2047 3962 po-

460 3998 589 4062 suit,
609 3998 680 4050 ita
708 4011 767 4050 se
791 3995 1074 4050 habentem
1109 4013 1122 4048 :
1155 3993 1398 4048 Discretio
1428 3991 1698 4062 spirituum
1719 3985 2046 4056 malignitatis

460 4100 505 4144 et
521 4091 807 4145 bonitatis'.
828 4089 896 4142 Et
925 4090 1088 4158 coapit
1107 4086 1391 4142 contrariis
1421 4087 1556 4138 inter
1573 4099 1632 4138 se
1647 4083 1898 4138 brevibus
1925 4099 2045 4139 cre-

459 4183 676 4252 brisque
715 4181 989 4236 sententiis
1018 4179 1232 4234 laudare
1261 4177 1558 4240 Christum,
1581 4183 1636 4229 et
1663 4189 1915 4230 accusare
1941 4174 2045 4229 Le-

461 4275 544 4346 gis
572 4275 736 4328 Deum
756 4315 769 4338 ,
824 4273 924 4328 hoc
967 4271 1128 4325 modo
1147 4313 1159 4331 ,
1189 4269 1333 4322 velut
1358 4283 1480 4322 eum
1507 4266 1573 4321 ad
1600 4261 1753 4335 quem
1782 4265 2049 4320 scribebat

465 4364 756 4420 exhortans
784 4381 797 4418 :
829 4363 996 4429 Quare
1037 4362 1209 4432 igitur,
1243 4364 1418 4430 frater,
1448 4359 1646 4428 inquit,
1676 4357 1959 4410 recedentes
1985 4357 2048 4410 ab

460 4455 725 4524 iniquitate
749 4455 988 4524 praeteriti
1012 4452 1215 4517 erroris,
1244 4449 1559 4505 intendamus
1591 4448 1844 4503 Christum
1878 4463 2048 4501 verum

462 4567 524 4605 ac
565 4565 814 4603 summum
871 4547 1069 4614 Deum,
1115 4563 1215 4600 non
1263 4545 1416 4615 hujus
1458 4543 1629 4598 steculi
1681 4544 1958 4614 principem
2000 4552 2048 4597 et

462 4641 642 4696 mundi
665 4645 926 4712 factorem,
954 4641 1006 4693 in
1029 4655 1126 4710 quo
1148 4655 1237 4692 nos
1255 4637 1565 4709 peregrinari
1587 4637 1861 4706 sarpissime
1877 4637 2046 4690 decla-

459 4741 629 4787 ratum
648 4741 740 4786 est.
771 4731 1133 4797 lntendamus,
1159 4731 1364 4801 inquam
1382 4769 1398 4796 ,
1425 4729 1572 4783 illum
1603 4729 1740 4798 pium
1769 4744 1827 4780 ac
1855 4729 2044 4793 mitem,

464 4824 552 4893 qui
580 4839 671 4877 nos
695 4839 800 4877 ante
827 4822 1139 4893 cognationis
1169 4819 1433 4874 ostendens
1453 4861 1466 4882 ,
1504 4817 1681 4871 mundi
1710 4818 1878 4870 lumen
1903 4833 2050 4870 voea-

462 4916 529 4968 vit
553 4930 572 4967 :
594 4931 694 4967 non
722 4914 869 4967 illum
893 4913 978 4984 qui
1006 4913 1280 4968 secundum
1319 4911 1596 4980 scripturas
1619 4908 1866 4961 Judaicas
1893 4918 2046 4962 terre-

462 5025 586 5064 num
613 5010 754 5063 nobis
782 5009 983 5063 initium
1010 5009 1276 5078 assignans
1294 5047 1308 5070 ,
1335 5006 1389 5058 in
1432 5014 1564 5058 terra
1606 5002 1749 5056 nobis
1789 5003 1941 5070 ﬁnem
1966 5001 2048 5053 in-

461 5103 612 5158 dixit.
659 5101 989 5156 Intendamus
1025 5101 1171 5154 illum
1195 5100 1279 5168 qui
1329 5114 1419 5152 nos
1447 5097 1628 5166 fratres
1656 5095 1919 5166 appellans
1940 5137 1954 5161 ,
1985 5094 2050 5147 vi-

465 5194 628 5265 gilare
655 5210 715 5247 ac
742 5196 910 5248 divina
932 5207 1110 5264 sapere
1133 5189 1381 5262 persuasit
1405 5205 1422 5241 :
1441 5203 1538 5242 non
1560 5186 1708 5240 illum
1723 5187 1805 5256 qui
1831 5202 1919 5239 nec
1939 5185 2052 5256 dig-

465 5287 735 5339 noscentiar
763 5285 963 5356 quidem
985 5299 1188 5338 sensum
1239 5281 1419 5335 habere
1463 5277 1710 5350 permisit.
1742 5279 1914 5347 Atque
1952 5277 2051 5331 hoc

470 5379 631 5433 modo
650 5388 842 5434 caetera
871 5379 1037 5432 multa
1055 5375 1343 5431 contexuit.

547 5473 634 5525 57.
657 5472 750 5527 Cui
779 5473 896 5526 loco
916 5471 1033 5526 libri
1056 5470 1169 5540 ejus
1197 5470 1270 5522 ita
1300 5461 1728 5536 respondendum
1759 5461 1972 5530 putavi,
1997 5470 2053 5514 ut

409 5563 423 5634 ξ
469 5565 632 5620 etiam
662 5581 764 5634 ego
789 5581 884 5619 vos
911 5565 1222 5620 exhortarer
1249 5579 1260 5615 :
1291 5557 1630 5614 Intendamus
1657 5553 1924 5608 Christum
1954 5567 2048 5605 ve-

471 5673 590 5712 rum
619 5663 672 5713 et
710 5671 974 5715 summum
1021 5657 1180 5710 Deum
1200 5696 1213 5718 ,
1238 5650 1354 5706 veri
1397 5658 1451 5704 et
1493 5647 1685 5703 summi
1717 5644 1809 5698 Dei
1840 5643 2053 5697 unicum

531 5769 547 5799 ι
588 5777 687 5820 am.
708 5776 761 5820 et
779 5776 905 5828 Mss,
928 5765 1156 5828 mandata
1180 5761 1346 5828 Moysi.
1371 5769 1471 5812 Non
1493 5760 1652 5810 minus
1672 5757 1823 5816 bene,
1847 5762 1902 5805 ut
1924 5761 2060 5818 patet

371 5855 380 5919 ξ
413 5817 426 5856 ¹
469 5817 686 5919 expulso
713 5817 987 5919 I,.cap.'16,
1014 5827 1159 5919 [11:32.

789 5878 921 5951 aliis...
1182 5894 1226 5940 et
1273 5881 1508 5938 bonitatis.
1533 5888 1671 5932 Forte
1716 5895 1821 5945 pro,
1862 5878 2060 5942 maligm

984 453 1259 511 CONTRA
1298 447 1785 506 ADVERSAIUUM
1824 444 2024 500 LEGIS
2063 442 2151 499 ET
2193 446 2725 518 PROPHETARUM,
2765 451 2822 508 S.
2864 453 3229 511 AUGUSTINI

3631 458 3732 515 660

2156 565 2350 622 Filium
2369 611 2385 638 ,
2416 585 2524 626 non
2554 572 2711 642 hujus
2740 574 2922 628 steculi
2951 575 3236 643 malignum
3275 575 3566 646 principem
3589 617 3604 643 ,
3639 578 3728 632 sed

2155 668 2330 716 tamen
2370 665 2586 730 mundi,
2619 665 2719 721 hoc
2747 675 2862 733 est,
2889 668 3013 723 cmli
3042 677 3303 737 terraeque
3328 667 3581 724 factorem
3601 711 3617 738 ,
3649 671 3733 740 qui

2154 768 2251 807 nos
2280 762 2528 826 tanquam
2583 759 2898 829 peregrinos
2945 759 3104 814 vitam
3153 761 3496 830 temporalem
3543 761 3594 815 in
3638 760 3735 817 hac

2153 859 2311 914 agere
2339 849 2662 904 mortalitate
2692 851 2961 919 prmcepit.
2991 850 3366 917 Intendamus,
3399 852 3642 922 inquam,
3671 854 3732 907 il-

2153 935 2258 989 lum
2281 937 2679 994 misericordem
2705 956 2767 995 ac
2793 942 2981 996 mitem
3003 982 3017 1006 ,
3049 942 3139 1012 qui
3162 958 3258 995 nos
3285 941 3476 996 fratres
3502 959 3628 998 suos
3653 943 3733 999 fe-

2151 1027 2223 1082 cit
2241 1029 2409 1097 gratia
2429 1071 2444 1096 ,
2469 1045 2576 1085 non
2601 1042 2808 1086 natura.
2836 1033 2950 1102 Ipse
2976 1043 3058 1087 est
3079 1035 3241 1096 enim,
3273 1049 3377 1088 non
3407 1035 3562 1100 alius,
3599 1036 3737 1091 sicut

2151 1118 2238 1175 hic
2266 1131 2444 1191 putat,
2472 1125 2558 1192 qui
2590 1125 2880 1180 secundum
2913 1127 3216 1196 Scripturas
3263 1135 3532 1182 terrenum
3579 1129 3733 1182 nobis

2151 1227 2366 1282 corpus,
2397 1215 2626 1270 animam
2654 1232 2780 1271 vero
2808 1218 2931 1272 flatu
2963 1217 3136 1285 dedit,
3168 1229 3457 1287 utrumque
3499 1217 3730 1284 faciens,

2152 1322 2258 1361 non
2289 1322 2474 1362 eorum
2497 1309 2696 1379 aliquid
2725 1313 2964 1382 gignens.
2986 1311 3082 1379 Qui
3104 1327 3201 1366 nos
3227 1312 3445 1382 vigilare
3474 1326 3536 1366 ac
3555 1312 3732 1366 divina

2150 1413 2338 1470 sapere
2361 1401 2521 1470 jussit
2547 1411 2598 1456 et
2630 1403 2772 1457 fecit.
2803 1403 2919 1473 Ipse
2946 1414 3028 1459 est
3055 1406 3196 1459 enim
3219 1446 3232 1469 ,
3265 1421 3368 1459 non
3399 1406 3562 1467 alius,
3599 1406 3736 1460 sicut

2149 1491 2235 1548 hic
2257 1503 2428 1564 putat,
2443 1495 2530 1564 qui
2553 1495 2972 1566 dignoscmitiam
3001 1498 3126 1552 boni
3147 1513 3209 1552 ac
3226 1499 3352 1553 mali
3381 1515 3446 1554 ne
3465 1498 3734 1568 peccando

2148 1587 2532 1656 experiremur,
2557 1587 2848 1643 admonuit.
2882 1590 2979 1656 Qui
3023 1606 3121 1645 nos
3166 1589 3231 1645 ad
3280 1591 3732 1645 immortalitatem

2149 1695 2345 1735 vocans
2365 1722 2380 1746 ,
2402 1682 2637 1738 caelestia
2666 1683 2816 1737 nobis
2842 1699 3002 1753 regna
3031 1684 3292 1754 promisit.
3317 1684 3432 1753 Ipse
3458 1695 3539 1739 est
3565 1683 3729 1750 enim,

2149 1788 2254 1828 non
2302 1775 2464 1842 alius,
2507 1775 2644 1829 sicut
2695 1773 2781 1828 hic
2829 1783 2994 1844 putat,
3024 1776 3238 1845 quinos
3286 1785 3408 1845 post
3458 1783 3734 1844 peccatum

2149 1883 2290 1933 reos,
2321 1868 2388 1923 ab
2415 1877 2628 1924 :eternae
2655 1868 2776 1924 vitae
2827 1868 3076 1924 felicitate
3122 1869 3388 1936 secrevit,
3435 1877 3490 1923 et
3519 1876 3737 1923 terreno

2148 1961 2331 2017 labore
2357 1963 2579 2033 punivit.
2608 1963 2708 2030 Qui
2741 1977 2837 2018 nos
2860 2004 2874 2028 ,
2925 1978 3031 2018 non
3084 1962 3222 2016 sicut
3258 1962 3359 2016 iste
3401 1959 3568 2026 dicit,
3597 1960 3731 2014 nihil

2149 2055 2426 2125 ignorare,
2477 2055 2572 2111 sed
2625 2056 2770 2110 utilia
2820 2055 2957 2110 scire
2985 2054 3286 2124 praecepit:
3329 2067 3428 2108 nec
3470 2052 3606 2107 sicut
3637 2054 3736 2108 iste

2147 2149 2309 2204 sentit
2333 2159 2490 2218 atque
2517 2163 2546 2201 a
2567 2148 2789 2204 veritate
2813 2147 3061 2202 dissentit
3079 2187 3094 2209 ,
3141 2145 3415 2200 scientiam
3463 2143 3739 2197 damnavit

2149 2239 2199 2294 in
2226 2240 2378 2294 nobis
2398 2281 2412 2307 ,
2439 2255 2558 2309 qum
2582 2239 2642 2294 ﬁt
2667 2238 2921 2310 sapiendo
2940 2239 3199 2308 justitiam
3219 2279 3232 2302 ,
3267 2236 3361 2292 sed
3387 2251 3505 2306 quas
3532 2237 3592 2289 fit
3644 2251 3737 2290 ex-

2149 2331 2403 2401 periendo
2428 2338 2724 2402 peccatum.
2751 2331 2849 2400 Qui
2868 2347 2965 2386 nos
2991 2329 3132 2400 quod
3160 2343 3342 2384 errore
3371 2328 3738 2382 moriebamur

2148 2427 2432 2480 miseratus
2455 2433 2560 2481 est.
2592 2423 2709 2496 Ipse
2737 2434 2819 2480 est
2837 2427 2978 2480 enim
2997 2465 3011 2489 ,
3041 2438 3146 2477 non
3172 2422 3331 2489 alius,
3362 2421 3500 2475 sicut
3521 2420 3609 2474 hic
3644 2435 3740 2489 pu-

2147 2525 2242 2586 tat,
2272 2519 2363 2589 qui
2389 2533 2488 2573 nos
2515 2518 2698 2584 morti,
2724 2533 2831 2572 non
2861 2531 2928 2573 ex
2955 2531 3060 2586 quo
3075 2529 3264 2585 sapere
3287 2515 3569 2584 cmpimus,
3589 2512 3735 2583 quod

2148 2613 2247 2667 iste
2275 2613 2376 2677 ait,
2411 2612 2502 2668 sed
2530 2627 2596 2667 ex
2637 2627 2744 2683 quo
2787 2610 3125 2681 deliquimus,
3156 2607 3458 2663 destinavit.
3491 2606 3593 2674 Qui
3641 2620 3738 2661 nos

2147 2706 2390 2778 proprias
2421 2705 2696 2760 facultates
2729 2705 2964 2759 hortatur
2991 2716 3276 2772 spernere,
3311 2701 3416 2754 imo
3443 2714 3572 2754 vero
3617 2699 3739 2752 loco

2147 2800 2342 2855 tutiore
2371 2798 2660 2855 recondere
2687 2796 2894 2868 (Matth.
2925 2811 2999 2860 vi,
3035 2794 3121 2857 I9,
3149 2792 3240 2863 20)
3273 2810 3286 2846 :
3317 2805 3439 2846 cum
3485 2791 3602 2861 ipse
3633 2790 3735 2853 sit,

2148 2906 2254 2946 non
2281 2893 2438 2957 alius,
2469 2899 2528 2946 ut
2547 2889 2634 2945 hic
2664 2887 2942 2960 putat,qui
2961 2902 3019 2940 se
3039 2900 3146 2940 non
3175 2893 3377 2939 tantum
3406 2882 3733 2946 caelestium,

2147 2999 2330 3038 verum
2353 2985 2511 3038 etiam
2541 2992 2868 3037 terrenorum
2901 2977 3180 3033 Dominum
3203 2975 3512 3041 ostendens,
3532 2989 3598 3029 ea
3616 2989 3739 3044 qua:

2148 3077 2295 3147 impii
2340 3077 2716 3147 possidebant,
2769 3071 3154 3142 exspoliatione
3202 3066 3527 3139 plectendi‘,
3570 3080 3737 3129 suos,

2148 3172 2342 3242 quibus
2380 3171 2482 3226 hoc
2526 3185 2621 3240 pro
2657 3177 2896 3238 tempore
2923 3163 3282 3234 congruebat,
3324 3161 3537 3215 auferre
3579 3167 3741 3227 atque

2149 3263 2368 3330 habere,
2401 3265 2512 3317 sive
2537 3259 2729 3332 jussit,
2759 3261 2872 3314 sive
2897 3257 3157 3329 permisit.
3189 3255 3289 3322 Qui
3339 3252 3500 3307 donat
3542 3250 3739 3306 delicta

2150 3360 2424 3416 conversis
2447 3377 2460 3413 :
2483 3371 2602 3412 cum
2636 3357 2749 3427 ipse
2769 3355 2870 3418 sit,
2897 3370 3001 3408 non
3026 3352 3163 3406 alius
3183 3391 3196 3416 ,
3231 3357 3290 3403 ut
3319 3348 3403 3401 hic
3430 3355 3617 3416 putat,
3652 3342 3744 3412 qui

2150 3455 2202 3509 in
2231 3454 2437 3508 tertiam
2467 3462 2519 3506 et
2538 3459 2780 3520 quartam
2810 3447 3113 3518 progeniem
3141 3441 3389 3500 retribuit
3417 3438 3579 3508 digna
3609 3452 3743 3507 per-

2150 3545 2339 3601 versis.
2370 3543 2469 3610 Qui
2513 3557 2618 3596 uon
2659 3541 2928 3604 omnium,
2958 3538 3095 3590 sicut
3139 3535 3238 3588 iste
3287 3532 3390 3596 ait,
3422 3529 3512 3585 sed
3543 3541 3742 3582 eorum

2150 3650 2285 3705 quos
2306 3645 2427 3688 ante
2453 3633 2714 3703 praescivit
2739 3639 2795 3685 et
2819 3627 3244 3700 praedestinavit,
3273 3622 3464 3677 delicta
3490 3619 3744 3674 dimittit.

2152 3729 2270 3799 Ipse
2288 3739 2367 3783 est
2388 3737 2563 3782 autem
2585 3767 2599 3791 ,
2630 3740 2737 3781 non
2765 3725 2926 3788 alius,
2955 3721 3090 3774 sicut
3111 3718 3198 3771 hic
3225 3724 3403 3786 putat,
3422 3713 3510 3783 qui
3541 3711 3749 3766 delicta

2111 3879 2125 3892 .
2151 3823 2503 3894 quorumdam
2522 3864 2536 3888 ,
2557 3819 2621 3874 ad
2645 3818 2908 3889 pmnalem
2937 3813 3096 3868 animi
3113 3811 3352 3866 dolorem
3371 3817 3752 3874 terroremque

2151 3917 2410 3985 majorem
2431 3957 2443 3978 ,
2474 3914 2632 3968 etiam
2662 3911 2872 3965 illorum
2897 3907 2985 3977 qui
3012 3920 3073 3960 ea
3102 3919 3208 3957 non
3236 3900 3602 3961 admiserant,
3639 3911 3750 3950 non

2153 4007 2514 4078 spiritualibus
2531 4047 2543 4068 ,
2569 4003 2662 4059 sed
2684 3999 3049 4071 corporalibus
3064 3994 3322 4050 mortibus
3348 3989 3670 4053 vindicavit,
3696 3997 3758 4041 ut

2153 4099 2390 4154 conditio
2419 4095 2720 4151 mortalium
2751 4107 2854 4162 qua
2882 4089 3091 4144 fuerant
3117 4094 3238 4156 post
3266 4081 3540 4154 paululum
3575 4079 3756 4134 mori-

2153 4194 2292 4261 turi,
2317 4193 2474 4247 etiam
2500 4192 2601 4245 isto
2625 4188 2782 4243 modo
2805 4185 3028 4240 serviret
3059 4182 3151 4236 Dei
3180 4176 3527 4250 providentiae
3545 4215 3566 4243 ,
3611 4184 3670 4230 et
3701 4174 3757 4228 in

2153 4303 2306 4341 usum
2337 4285 2546 4338 cederet
2575 4279 2888 4348 disciplina).
2914 4275 3013 4343 Qui
3042 4288 3139 4328 nos
3167 4286 3274 4326 non
3305 4271 3357 4324 itt
3388 4276 3564 4322 totum
3591 4264 3759 4320 irasci

2153 4377 2452 4451 prohibuit,
2485 4370 2909 4444 quandoquidem
2938 4377 2992 4423 et
3021 4369 3133 4436 ipse
3162 4365 3328 4418 iratus
3355 4370 3438 4416 est
3467 4360 3560 4414 ubi
3586 4373 3760 4427 opor-

2152 4473 2252 4526 tuit
2285 4487 2297 4523 :
2332 4470 2423 4524 sed
2454 4466 2609 4522 irasci
2636 4473 2812 4519 etnon
2838 4474 3057 4530 peccare
3085 4455 3355 4528 praecepit.
3389 4454 3508 4523 Ipse
3531 4461 3624 4506 est
3657 4465 3757 4504 au-

2155 4575 2260 4620 tem
2283 4607 2296 4630 ,
2319 4579 2424 4617 non
2456 4561 2610 4623 alius,
2644 4572 2750 4612 non
2779 4556 2866 4626 qui
2898 4548 3200 4608 vindicandi
3230 4562 3447 4612 causas,
3475 4546 3627 4599 sicut
3658 4545 3768 4598 iste

2155 4657 2413 4718 afﬁrmat,
2450 4651 2698 4721 inquirit;
2742 4648 2834 4703 sed
2879 4641 3221 4699 vindicandas
3248 4638 3492 4698 causas’,
3528 4636 3768 4707 quando

2155 4751 2270 4819 ipse
2303 4747 2480 4810 novit,
2513 4742 2760 4798 advertit.
2790 4740 2888 4808 Qui
2920 4753 3036 4801 nos,
3069 4750 3136 4789 ne
3166 4730 3375 4803 quando
3399 4730 3732 4799 juraremus
3754 4771 3770 4793 ,

2154 4840 2364 4896 monuit
2393 4856 2405 4891 :
2441 4846 2497 4891 ut
2533 4834 2784 4904 quoniam
2813 4830 2923 4884 falli
2964 4839 3245 4898 possumus
3270 4865 3284 4887 ,
3327 4823 3482 4889 longe
3515 4821 3708 4874 simus
3741 4835 3772 4872 a

2156 4931 2391 5004 perjurio
2417 4944 2521 4983 non
2559 4924 2806 4996 jurando.
2839 4922 2957 4991 Ipse
2980 4927 3062 4975 est
3089 4927 3298 4982 autem,
3329 4929 3434 4968 non
3465 4913 3621 4968 alius
3644 4954 3662 4978 ,
3715 4923 3779 4966 ut

2157 5027 2244 5080 hic
2267 5031 2414 5094 putat
2432 5066 2445 5087 ,
2485 5021 2572 5090 qui
2598 5035 2707 5072 suae
2736 5015 3017 5071 sententi?
3037 5011 3313 5066 veritatem
3340 5005 3406 5060 ad
3437 5005 3780 5059 incredulos

2157 5115 2507 5187 increpaudos
2530 5157 2542 5177 ,
2574 5112 2662 5167 ubi
2691 5126 2822 5180 opus
2855 5124 2974 5164 esse
2999 5103 3290 5175 judicavit,
3317 5101 3476 5154 etiam
3513 5100 3782 5167 jurando

2159 5209 2409 5265 ﬁrmavit.
2440 5207 2589 5263 Sicut
2617 5212 2793 5257 autem
2841 5201 3003 5254 homo
3045 5197 3232 5267 jurans
3282 5191 3502 5248 adhibet
3563 5202 3780 5245 testem

2159 5303 2350 5364 Deum,
2378 5299 2448 5353 ita
2479 5313 2536 5352 se
2571 5297 2742 5365 ipsum
2774 5294 2929 5348 Deus.
2969 5291 3070 5358 Qui
3119 5304 3215 5342 nos
3246 5288 3296 5341 in
3325 5286 3428 5339 fide
3458 5285 3624 5338 verbi
3658 5285 3785 5339 veri

2159 5403 2302 5450 stare
2328 5391 2504 5461 jussit.
2535 5388 2653 5458 Ipse
2677 5395 2761 5440 est
2783 5384 2948 5447 enim,
2977 5395 3082 5435 non
3113 5380 3268 5441 alius,
3298 5377 3436 5430 sicut
3458 5375 3554 5428 hic
3589 5385 3785 5444 putat,

2162 5499 2267 5540 non
2294 5484 2382 5556 qui
2405 5481 2726 5536 voluntatem
2757 5490 2929 5539 suam,
2953 5473 3089 5528 sicut
3116 5470 3216 5523 iste
3259 5466 3611 5535 blaSpbetnat
3634 5509 3651 5531 ,
3686 5466 3790 5521 sed

2162 5580 2250 5651 qui
2273 5592 2360 5632 res
2381 5589 2513 5645 quas
2538 5570 2724 5635 voluit,
2744 5583 2847 5622 nou
2876 5575 3074 5621 mutata
3095 5563 3366 5617 voluntate
3386 5561 3658 5612 mutavit.
3680 5560 3794 5624 Qui

2163 5650 2262 5726 nos
2278 5670 2414 5722 viam
2441 5661 2680 5720 veritatis
2700 5660 2900 5716 docuit.
2928 5656 3046 5725 Ipse
3073 5663 3154 5710 est
3179 5652 3320 5707 enim
3349 5659 3406 5706 et
3446 5650 3605 5704 Deus
3640 5650 3793 5706 Pro-

2231 5873 2246 5903 ί
2274 5869 2521 5917 Vaticanus
2539 5861 2714 5917 codex,
2735 5854 2997 5921 plectentia.

2233 5937 2254 5966 ²
2277 5931 2444 5982 Plures
2464 5934 2594 5985 Mss,
2607 5918 2902 5986 iudicandas
2924 5927 3109 5968 causas.
