4094 6452
335 363 432 420 661
1756 355 1962 414 LIBER
1993 351 2373 416 SECUNDUS.

336 483 654 556 phetarum,
681 479 774 552 qui
799 492 1068 548 nunquam
1089 517 1104 546 ,
1132 477 1270 534 sicut
1287 477 1390 532 iste
1403 475 1792 540 calumniatur,
1821 473 1922 528 fal—

335 579 408 632 sis
437 573 882 648 promissionibus
899 587 1032 628 suos
1053 570 1272 641 decipit.
1299 569 1399 637 Qui
1423 585 1522 626 nos
1539 568 1924 639 irreprehensi—

331 669 470 726 biles
489 683 610 726 esse
630 666 922 726 mandavit.
945 665 1064 736 Ipse
1091 673 1178 722 est
1199 666 1344 722 enim
1365 675 1420 720 et
1447 665 1588 721 Deus
1625 661 1922 733 Pmpheta—

329 777 452 818 rum
473 803 488 826 ,
518 763 608 832 qui
647 774 950 830 nunquam,
989 758 1130 814 sicut
1171 758 1272 814 iste
1317 757 1652 821 criminatur,
1697 770 1760 812 se
1807 756 1923 826 ipse

328 855 716 930 reprehendit,
745 870 844 910 nec
867 870 990 910 eum
1027 853 1167 910 sicut
1196 852 1466 908 hominem
1491 849 1778 922 quidquam
1807 861 1922 920 pm-

327 951 494 1006 nituit
525 968 538 1004 :
567 949 664 1004 sed
711 964 890 1006 rerum
919 947 1220 1004 futurarum
1253 946 1599 1001 mutationem
1626 985 1640 1010 ,
1683 957 1816 1015 quas
1864 957 1924 998 se

331 1052 666 1098 mutaturum
689 1042 805 1096 sine
829 1041 936 1096 ulla
959 1040 1040 1096 sui
1071 1040 1362 1094 mutatione
1385 1039 1452 1094 ab
1468 1039 1764 1093 aeternitate
1781 1047 1922 1106 prte-

331 1136 528 1198 scivit,
561 1135 702 1190 velut
743 1135 972 1188 humana
1005 1132 1314 1186 hominibus
1341 1131 1610 1186 locutione
1651 1125 1919 1199 praedixit.

331 1227 434 1296 Qui
457 1227 612 1282 nobis
633 1227 768 1282 iram
795 1227 886 1280 Dei
909 1224 1252 1282 metuendam
1285 1233 1340 1278 et
1377 1223 1428 1278 in
1459 1221 1750 1292 Evangelia
1773 1233 1921 1276 com-

333 1318 628 1374 mendavit.
665 1317 784 1385 Ipse
809 1325 894 1370 est
933 1315 1074 1372 enim
1105 1325 1160 1370 et
1185 1315 1572 1385 Prophetarum
1622 1313 1766 1368 Deus
1786 1353 1800 1378 ,
1833 1311 1924 1381 qui

333 1424 445 1465 non
472 1410 556 1466 sui
595 1409 758 1464 animi
785 1407 1274 1478 perturbationem,
1307 1405 1398 1460 sed
1426 1405 1626 1476 justam
1651 1417 1923 1460 severam-

335 1519 442 1573 que
477 1501 766 1558 vindictam
793 1542 807 1566 ,
837 1501 932 1554 ira:
959 1499 1044 1554 vel
1073 1498 1450 1568 indignationis
1479 1497 1694 1552 nomine
1719 1509 1924 1550 nuncu-

333 1594 502 1664 pavit.
527 1592 628 1661 Qui
657 1593 885 1654 alterum
911 1591 978 1646 ab
999 1592 1167 1646 altero
1192 1603 1296 1644 non
1326 1599 1614 1658 utcumque
1651 1586 1804 1652 laedi,
1830 1583 1924 1640 sed

331 1684 530 1754 injuria
575 1682 696 1738 la-di
731 1682 918 1738 noluit.
967 1681 1085 1750 Ipse
1129 1689 1213 1736 est
1255 1681 1397 1734 enim
1439 1687 1493 1734 et
1535 1679 1923 1748 Prophetarum

333 1777 498 1840 Deus,
527 1775 616 1845 qui
643 1775 756 1830 sive
775 1789 870 1846 per
899 1773 1164 1840 homines,
1187 1774 1300 1828 sive
1317 1787 1412 1843 per
1427 1773 1658 1843 Angelos
1680 1779 1922 1839 sanctos,

331 1871 498 1924 etiam
528 1869 909 1938 temporalibus
929 1881 1216 1938 corporum
1247 1867 1530 1934 mortibus,
1561 1881 1696 1937 quas
1719 1865 1920 1934 voluit,

331 1963 536 2018 utiliter
561 1971 652 2016 aut
677 1961 952 2026 multavit,
983 1969 1076 2014 aut
1103 1960 1310 2014 terruit.
1339 1959 1442 2026 Qui
1477 1959 1660 2014 docuit
1687 1959 1752 2013 ad
1792 1973 1922 2014 con-

327 2053 712 2122 cupiscendum
743 2067 852 2106 non
877 2051 1160 2106 videndam
1184 2067 1306 2106 esse
1335 2051 1608 2105 mulierem
1629 2049 1844 2121 (Matth.
1863 2063 1920 2118 ν,

329 2145 446 2212 28).
476 2146 598 2215 Ipse
623 2155 704 2200 est
731 2145 874 2200 enim
912 2145 1000 2212 qui
1049 2154 1104 2200 et
1135 2145 1186 2198 in
1217 2144 1362 2214 Lege
1389 2143 1552 2206 dixit,
1581 2142 1706 2198 Non
1735 2159 1924 2198 concu-

329 2239 494 2310 pisces
519 2237 718 2309 (Exod.
749 2253 846 2304 xx,
873 2235 968 2310 i7)
997 2257 1006 2290 :
1037 2253 1137 2292 nec
1156 2277 1170 2300 ,
1199 2237 1336 2292 sicut
1361 2237 1464 2290 iste
1488 2235 1821 2300 criminatur,
1843 2236 1924 2290 in-
1965 2237 1972 2244 ’

328 2329 470 2386 dixit
497 2337 746 2398 septenas
775 2329 997 2399 singulis
1027 2328 1270 2397 nuptias,
1299 2327 1392 2382 sed
1417 2327 1743 2398 pr0pagaudi
1765 2341 1923 2382 causa

329 2423 596 2478 connubia
617 2431 760 2476 casta
779 2421 1036 2492 permisit.
1052 2421 1238 2476 Patres
1252 2427 1434 2476 autem
1451 2421 1678 2475 ﬁliarum
1705 2421 1924 2476 maritos

329 2529 436 2570 non
491 2516 666 2570 solum
723 2515 836 2585 ipse
888 2529 994 2570 non
1045 2514 1206 2580 fecit;
1247 2529 1428 2568 verum
1455 2515 1613 2567 etiam
1641 2527 1710 2569 ne
1737 2513 1920 2580 ﬁeret,

328 2608 467 2662 sicut
495 2607 598 2662 alia
624 2607 846 2672 incesta,
875 2606 1159 2676 prohibuit.
1189 2606 1288 2674 Qui
1315 2621 1412 2662 nos
1441 2606 1732 2682 secundum
1787 2606 1926 2660 inte-

329 2698 528 2754 riorem
551 2699 954 2756 renovationem
977 2699 1030 2754 in
1051 2699 1240 2769 spiritu
1271 2699 1466 2754 mentis
1483 2735 1500 2765 ,
1533 2713 1632 2756 nec
1657 2700 1922 2754 masculos

329 2790 382 2844 in
413 2805 508 2855 se,
537 2805 636 2844 nec
661 2789 886 2846 feminas
915 2805 1036 2846 esse
1081 2790 1294 2856 docuit;
1321 2800 1376 2844 et
1413 2790 1552 2846 sicut
1589 2791 1826 2860 Angelos
1867 2791 1922 2845 in

329 2891 590 2938 aeternum
627 2897 808 2940 secum
837 2883 1041 2938 futuros
1066 2897 1186 2940 esse
1228 2883 1490 2954 promisit.
1521 2883 1641 2952 Ipse
1669 2890 1754 2938 est
1775 2883 1920 2938 enim

329 2983 384 3030 et
425 2975 814 3046 Prophetarum
847 2975 1024 3042 Deus,
1075 2976 1164 3046 qui
1215 2974 1512 3030 masculum
1565 2983 1620 3030 et
1667 2973 1922 3029 feminam

331 3067 660 3138 propagandi
681 3067 894 3138 generis
921 3081 1080 3124 causa
1103 3067 1322 3138 nuptiali
1341 3067 1583 3122 castitate
1609 3066 1920 3137 conjunxit;

331 3169 384 3218 et
407 3160 676 3216 secundas
703 3161 934 3232 nuptias,
957 3175 1078 3231 quae
1105 3162 1158 3216 in
1177 3160 1326 3216 Novo
1353 3173 1564 3230 quoque
1579 3159 1926 3214 Testamento

329 3255 730 3324 permittuntur,
765 3253 936 3310 licitas
965 3267 1086 3310 esse
1112 3245 1448 3308 monstravit.
1494 3253 1700 3310 Uxores
1741 3263 1922 3310 autem

327 3342 588 3410 fratrum,
615 3345 710 3400 sed
741 3345 860 3402 sine
885 3345 1008 3402 ﬁliis
1033 3344 1410 3402 defunctorum
1429 3387 1446 3412 ,
1475 3346 1542 3400 ad
1587 3346 1920 3402 excitandam

329 3437 570 3493 defuncti
593 3440 610 3470 ²
628 3439 1012 3508 posteritatem,
1045 3454 1147 3493 non
1173 3438 1430 3506 libidinis,
1457 3437 1552 3494 sed
1575 3437 1924 3508 pietatisal’fe-

329 3539 420 3584 ctu
440 3569 456 3594 ,
489 3529 542 3584 in
573 3529 970 3584 matrimonium
1013 3530 1112 3585 sibi
1139 3531 1393 3599 copulare
1423 3531 1708 3600 praecepit:
1739 3537 1920 3602 patres

330 3633 462 3674 vero
493 3619 720 3674 ﬁliarum
747 3620 1010 3688 conjugiis
1037 3619 1252 3674 misceri
1282 3621 1502 3674 omnino
1517 3620 1922 3690 prohibuit.Qui

331 3726 434 3766 nos
457 3727 621 3781 super
645 3727 808 3768 omne
829 3725 997 3782 genus
1021 3721 1326 3780 serpentum
1348 3713 1551 3766 calcare
1579 3711 1924 3781 spiritualiter

327 3802 509 3874 jussit.
549 3803 665 3873 Ipse
707 3813 792 3860 est
817 3806 960 3858 enim
989 3811 1044 3860 et
1072 3803 1458 3873 Prophetarum
1500 3803 1672 3870 Deus,
1703 3805 1792 3872 qui
1825 3819 1922 3874 po-

333 3893 460 3964 pulo
487 3894 690 3966 inﬁdeli
719 3895 784 3948 ad
811 3894 1156 3963 signiﬁcanda
1197 3903 1436 3964 peccata,
1463 3909 1688 3964 quorum
1715 3909 1926 3950 veneno

335 3988 673 4042 invisibiliter
701 3989 1085 4056 moriebantur,
1125 3987 1364 4042 visibiles
1403 3997 1685 4057 serpentes
1731 3989 1924 4057 quibus

334 4080 773 4146 admonerentur,
807 4079 1062 4145 immisit;
1083 4088 1137 4134 et
1166 4079 1316 4150 plaga
1333 4078 1696 4134 cmendatoria
1725 4089 1924 4135 mortes

335 4170 658 4238 animarum,
689 4171 952 4227 mortibus
995 4185 1282 4240 corporum
1329 4170 1594 4242 ﬁguravit.
1627 4171 1728 4239 Qui
1753 4171 1922 4239 dixit,

335 4262 468 4317 Date
513 4263 916 4334 eiecmosynam;
964 4274 1014 4318 rt
1066 4279 1174 4318 ecce
1199 4264 1369 4318 omnia
1395 4264 1588 4318 munda
1630 4273 1748 4318 sunt
1787 4263 1926 4318 vobis

335 4351 486 4424 (Luc.
523 4370 602 4420 ιι,
632 4355 744 4426 41).
783 4356 902 4426 Ipse
931 4365 1014 4412 est
1059 4355 1202 4412 enim
1241 4364 1294 4410 et
1338 4355 1722 4426 Prophetarum
1751 4356 1922 4424 Deus,

335 4447 422 4515 qui
450 4445 576 4500 talia
605 4447 764 4502 etiam
795 4447 1180 4516 Prophetarum
1211 4462 1342 4502 voce
1371 4447 1656 4502 mandavit.
1688 4447 1798 4504 Nec
1823 4448 1924 4504 sibi

335 4536 504 4590 voluit
533 4537 914 4608 primogenitos
963 4537 1242 4596 hominum
1289 4537 1426 4592 ﬁlios
1477 4539 1775 4604 immolari,
1829 4539 1926 4596 sed

337 4629 640 4684 consecrari
674 4629 1020 4700 :signiﬁcans
1060 4630 1472 4701 primogenitum
1501 4645 1534 4688 a
1561 4631 1819 4697 mortuis,
1869 4631 1926 4686 in

338 4735 440 4790 quo
470 4722 755 4790 oportebat
793 4738 982 4777 omnes
1003 4739 1033 4776 a
1061 4731 1234 4778 morte
1282 4731 1534 4792 perpetua
1559 4723 1794 4778 liberari.
1823 4721 1926 4790 Qui

337 4812 774 4882 corruptibilibus
819 4813 952 4868 cibis
981 4813 1408 4882 incorruptibiles
1455 4813 1776 4883 anteposuit.
1809 4812 1928 4882 Ipse

336 4913 416 4960 est
444 4907 588 4959 enim
617 4914 670 4961 et
699 4905 1084 4976 Prophetarum
1115 4905 1252 4960 Deus
1272 4947 1287 4973 ,
1317 4907 1406 4976 qui
1445 4906 1702 4961 sacriﬁcia
1733 4907 1928 4977 quibus

337 5011 444 5050 non
466 4995 726 5066 indiguit,
757 4997 822 5050 ad
853 4995 1260 5066 signiﬁcandum
1291 5013 1474 5052 verum
1504 4998 1842 5063 sacriﬁcium,
1871 5000 1924 5054 in

335 5086 542 5142 umbris
563 5085 858 5142 futurorum
884 5088 1186 5158 praecedere
1211 5087 1405 5152 voluit;
1439 5097 1492 5142 et
1518 5089 1647 5144 disci
1657 5091 1814 5158 plinas
1836 5105 1925 5146 se-

337 5180 560 5236 veritate
598 5179 859 5234 mortibus
883 5194 1201 5248 corporum,
1227 5179 1384 5248 longe
1427 5178 1724 5234 mitioribus
1767 5195 1926 5250 quam

339 5281 460 5328 sunt
505 5279 704 5324 acterna
730 5271 982 5340 supplicia
1008 5270 1400 5340 gehennarum,
1435 5279 1732 5339 perpetrata
1761 5272 1926 5327 sacri-

341 5362 478 5434 legia
501 5363 806 5418 vindicavit.
833 5363 934 5431 Qui
967 5371 1208 5418 terrenas
1227 5361 1468 5430 divitias,
1501 5377 1608 5416 non
1650 5363 1788 5418 sicut
1828 5364 1928 5419 iste

341 5455 500 5522 dicit,
526 5457 764 5512 damnari
777 5457 936 5527 jussit
951 5497 966 5523 ,
991 5455 1084 5512 sed
1105 5454 1410 5527 spirituales
1425 5456 1776 5526 caelestesque
1789 5471 1927 5528 prae-

343 5550 538 5619 posuit.
571 5550 690 5620 Ipse
707 5558 792 5606 est
814 5551 956 5606 enim
981 5559 1034 5604 et
1060 5549 1447 5619 Pr0phetarum
1471 5549 1616 5606 Deus
1633 5591 1649 5616 ,
1681 5550 1772 5620 qui
1803 5551 1928 5606 facit

297 5701 302 5704 _
348 5651 398 5694 et
423 5641 614 5697 divites
635 5641 1014 5712 benignissime
1039 5641 1346 5710 largiendo,
1370 5647 1424 5694 et
1456 5655 1714 5710 pauperes
1739 5641 1918 5711 justis-

297 5741 317 5792 t
347 5733 482 5790 time
505 5732 590 5787 vel
615 5747 720 5788 non
741 5735 938 5800 dando,
971 5731 1057 5788 vel
1077 5731 1385 5788 auferendo.
1419 5730 1522 5799 Qui
1561 5745 1660 5788 nos
1685 5747 1782 5804 pro
1826 5733 1924 5788 ini-

409 5826 424 5856 '
450 5831 612 5888 Forte,
651 5825 906 5890 defamata.

2031 473 2184 530 micis
2203 489 2358 532 orare
2381 477 2558 549 jussit.
2579 479 2696 551 Ipse
2711 491 2794 539 est
2816 483 2959 540 enim
2983 495 3036 542 et
3050 485 3433 560 Prophetarum
3449 493 3612 566 Deuttr

2031 569 2120 638 qui
2141 569 2278 626 ﬁlios
2301 583 2576 642 parentum
2602 573 2848 633 manibus
2865 577 3131 637 immolari
3152 583 3250 638 sibi
3271 627 3286 652 ,
3310 595 3368 640 ut
3397 585 3498 643 iste
3509 587 3610 646 cri-

2032 663 2285 730 minatur,
2316 677 2424 720 non
2453 667 2626 722 solum
2653 681 2922 740 nunquam
2945 667 3130 740 voluit,
3155 689 3340 731 verum
3365 677 3526 736 etiam
3548 695 3617 738 ne

2030 753 2082 808 id
2110 754 2263 810 ﬁeret
2282 799 2296 823 ,
2325 757 2376 810 in
2405 757 2544 829 Lege
2571 761 2866 817 constituit.
2899 759 2998 832 Qui
3027 766 3142 822 sine
3158 769 3468 838 acceptione
3491 787 3616 842 per-

2029 859 2280 902 sonarum
2313 849 2754 907 benefaciendum
2798 857 3046 912 omnibus
3075 851 3355 914 intimavit.
3387 859 3509 930 Ipse
3534 871 3620 918 est

2030 942 2171 998 enim
2197 951 2252 998 et
2277 943 2663 1014 Prophetarum
2694 947 2832 1003 Deus
2852 992 2866 1014 ,
2894 949 2984 1020 qui
3024 951 3237 1020 quando
3267 953 3384 1008 sine
3409 951 3620 1010 discre-

2033 1036 2176 1090 tione
2201 1036 2373 1092 aetatis
2397 1045 2487 1092 aut
2516 1053 2675 1093 sexus
2705 1041 2870 1096 occidi
2901 1041 3144 1098 homines
3158 1043 3336 1114 jussit,
3356 1045 3498 1102 unde
3519 1047 3620 1102 scit

2031 1129 2131 1184 iste
2157 1129 2239 1184 vel
2265 1129 2540 1200 quisquam
2574 1129 2704 1202 quid
2750 1131 2826 1187 eis
2857 1141 2975 1202 poSt
3003 1147 3231 1192 mortem
3273 1138 3426 1193 bonae
3463 1153 3613 1194 com-

2029 1223 2359 1292 pensationis
2386 1223 2655 1292 attribuit,
2685 1237 2912 1295 quorum
2943 1225 3204 1284 mortibus
3253 1230 3494 1285 viventes
3526 1233 3620 1284 aut

2029 1313 2339 1368 emendavit
2363 1325 2454 1368 aut
2477 1315 2830 1383 terruit?Qui
2856 1332 2955 1373 nos
2997 1333 3149 1389 atquo
3189 1321 3369 1378 animo
3395 1319 3618 1390 injurias

2029 1405 2292 1461 sustinere
2318 1413 2372 1462 et
2401 1406 2599 1462 donare
2631 1407 2901 1478 praecepit.
2945 1407 3062 1479 Ipse
3091 1421 3173 1466 est
3210 1411 3352 1466 enim
3384 1421 3435 1467 et
3481 1407 3615 1468 Pro-

2029 1498 2310 1568 phetarum
2357 1497 2524 1567 Deus,
2567 1501 2658 1570 qui
2685 1501 2896 1558 oculum
2923 1517 3022 1572 pro
3063 1503 3250 1573 oculo,
3279 1505 3490 1562 dentem
3519 1521 3617 1577 pro
3691 1535 3694 1540 -

2027 1590 2223 1656 dente,
2257 1591 2470 1645 modum
2503 1592 2680 1661 posuit
2707 1605 2916 1662 poenae,
2959 1609 3026 1648 ne
3055 1596 3334 1666 quisquam
3360 1595 3458 1652 sibi
3497 1611 3614 1650 am-
3667 1597 3676 1636 ἒ

2029 1682 2167 1752 plius
2197 1691 2406 1753 putaret
2427 1681 2613 1739 deberi
2639 1683 2886 1740 vindictae
2907 1726 2922 1752 ,
2955 1699 3112 1756 quam
3143 1687 3449 1756 pertulisset
3477 1689 3617 1759 inju-
3667 1691 3672 1698 ’

2029 1774 2142 1828 riae.
2171 1774 2238 1828 Et
2267 1775 2364 1830 hoc
2387 1774 2508 1830 ideo
2532 1818 2546 1842 ,
2583 1775 2708 1846 quia
2754 1775 2822 1830 de
2861 1775 3118 1846 sapientia
3145 1778 3239 1833 Dei
3264 1775 3464 1834 dictum
3495 1785 3611 1848 est,

2029 1866 2172 1936 quod
2198 1866 2394 1938 Legem
2421 1881 2475 1922 et
2519 1867 2938 1923 misericordiam
2985 1871 3037 1923 in
3063 1867 3239 1940 lingua
3269 1879 3461 1942 portet.
3507 1869 3617 1928 Nec

2029 1971 2124 2026 per
2140 1957 2562 2013 misericordiam
2584 1957 2762 2013 debita
2783 1957 3110 2015 debitoribus
3150 1962 3348 2016 nostris
3387 1957 3618 2019 scienter

2028 2049 2420 2105 dimitteremus
2441 2091 2457 2118 ,
2481 2050 2581 2104 nisi
2609 2063 2705 2120 per
2725 2049 2920 2121 Legem
2951 2049 3064 2121 ipsa
3090 2051 3266 2107 debita
3282 2051 3615 2110 discernere-

2029 2143 2200 2196 must.
2229 2139 2330 2209 Qui
2355 2143 2410 2195 in
2437 2149 2580 2197 tanta
2605 2149 2868 2212 potestate
2897 2157 2956 2198 se
2983 2143 3267 2200 humilians
3295 2143 3362 2201 ad
3387 2155 3615 2202 conver—

2029 2231 2218 2288 tendos
2241 2236 2261 2266 ²
2281 2247 2380 2290 nos
2405 2233 2575 2290 factus
2603 2234 2785 2301 homo,
2803 2249 2924 2290 cum
2945 2233 3252 2293 hominibus
3273 2245 3356 2293 est
3381 2237 3612 2295 locutus.

2031 2327 2147 2397 Ipse
2173 2339 2253 2384 est
2277 2328 2418 2382 enim
2447 2339 2500 2384 et
2531 2329 2670 2384 Deus
2697 2327 3083 2400 PrOphetarum
3103 2371 3119 2398 ,
3152 2329 3242 2401 qui
3283 2345 3403 2386 cum
3431 2331 3616 2402 primis

2028 2419 2265 2490 patribus
2291 2431 2374 2476 est
2403 2421 2610 2476 locutus
2635 2438 2648 2474 :
2681 2419 2800 2476 ideo
2831 2429 3024 2491 praeter
3061 2433 3121 2477 se
3148 2421 3332 2478 dicens
3359 2439 3465 2478 non
3493 2437 3617 2480 esse

2028 2513 2190 2567 alium
2221 2515 2416 2580 Deum,
2465 2513 2586 2585 quia
2616 2513 2776 2570 etiam
2806 2529 3013 2570 summa
3047 2515 3282 2572 Trinitas
3304 2558 3318 2582 ,
3365 2525 3615 2572 manente

2029 2621 2376 2674 personarum
2407 2605 2729 2663 discretione
2751 2608 2772 2639 ³
2801 2621 2938 2662 unus
2961 2615 3043 2663 est
3077 2607 3232 2664 Deus.
3261 2607 3361 2678 Qui
3387 2609 3616 2680 Aposto-

2027 2701 2092 2754 lis
2119 2701 2233 2755 suis
2257 2711 2314 2755 ut
2329 2701 2494 2770 gratis
2519 2699 2709 2756 darent
2735 2715 2854 2772 quae
2879 2701 3044 2772 gratis
3071 2711 3408 2772 acceperant,
3421 2701 3610 2774 jussit:

2027 2791 2094 2845 ad
2121 2792 2558 2848 sustentationem
2591 2799 2766 2848 tamen
2789 2807 2939 2847 suam
2969 2809 3067 2848 nec
3085 2793 3250 2869 aliam
3283 2794 3514 2849 tunicam
3537 2809 3614 2849 se-

2027 2899 2147 2940 cum
2189 2883 2330 2940 ferre
2379 2883 2500 2941 ideo
2525 2885 2830 2951 constituit,
2890 2885 3014 2956 quia
3071 2893 3286 2942 secutus
3338 2885 3610 2956 adjunxit,

2029 2974 2225 3046 Dignus
2248 2985 2319 3030 est
2341 2975 2472 3031 enim
2492 2977 2752 3046 aperart'us
2765 2975 2992 3032 mercede
3008 2993 3100 3032 sua
3116 2975 3330 3048 (Matth.
3353 2993 3410 3044 x,
3425 2977 3610 3048 8-i0);

2029 3073 2084 3121 ut
2109 3066 2199 3137 qui
2229 3065 2574 3137 Evangelium
2599 3067 2982 3122 annuntiabant
3003 3109 3018 3135 ,
3051 3081 3117 3123 ex
3155 3067 3446 3139 Evangelio
3470 3067 3614 3124 vive-

2026 3165 2148 3213 rent
2171 3157 2212 3228 (l
2243 3155 2361 3212 Cor.
2385 3173 2458 3222 IX,
2483 3155 2574 3230 i4)
2601 3175 2612 3211 :
2635 3155 2744 3213 Deo
2769 3165 2945 3213 tamen
2974 3173 3194 3214 munera
3209 3157 3478 3214 offerenda
3495 3171 3615 3214 esse

2028 3249 2378 3312 monstravit,
2413 3249 2502 3320 qui
2525 3247 2722 3304 nullius
2750 3247 2983 3320 indiget,
3015 3257 3069 3306 et
3095 3263 3314 3305 munera
3351 3249 3614 3305 sumendo

2029 3341 2146 3412 plus
2171 3341 2397 3396 confert.
2427 3340 2546 3411 Ipse
2571 3351 2655 3396 est
2683 3341 2823 3396 enim
2851 3349 2906 3398 et
2927 3339 3313 3410 Pr0phetarum
3341 3342 3501 3410 Deus,
3521 3341 3613 3412 qui

2026 3441 2080 3487 et
2120 3443 2342 3487 munera
2385 3443 2513 3488 suos
2537 3433 2782 3503 accipere
2823 3437 3002 3498 vetat,
3044 3433 3236 3503 quibus
3279 3441 3616 3489 exerceantur

2027 3525 2166 3580 oculi
2185 3525 2534 3596 judicamium
2551 3541 2565 3592 ;
2585 3529 2641 3582 et
2661 3539 2880 3582 munera
2907 3527 3041 3598 ipse,
3055 3523 3296 3596 quamvis
3311 3539 3414 3582 non
3437 3535 3608 3597 egeat,

2026 3618 2246 3687 accipit,
2265 3625 2325 3673 ut
2341 3619 2535 3688 pietate
2561 3619 2719 3674 faciat
2733 3619 3012 3688 opulentas
3031 3621 3236 3674 animas
3251 3617 3612 3674 oﬂ‘erentium.

2027 3710 2128 3776 Qui
2175 3710 2411 3765 sabbatis
2459 3709 2732 3766 hominem
2759 3712 2996 3778 curavit,
3029 3709 3319 3766 ostendens
3352 3713 3461 3782 jam
3489 3725 3610 3768 esse

2029 3811 2238 3871 tempus
2254 3843 2269 3868 ,
2289 3809 2346 3856 ut
2373 3801 2664 3856 secundum
2695 3799 3026 3871 prophetiam
3053 3801 3258 3857 Cantici
3280 3802 3612 3858 canticorum

2027 3895 2290 3966 aspiraret
2313 3893 2456 3960 dies,
2478 3901 2530 3948 et
2549 3901 2956 3949 removerentur
2985 3893 3186 3949 umbrae
3217 3893 3387 3966 (Cant.
3417 3909 3476 3961 ιι,
3497 3895 3610 3966 i7).

2029 3987 2146 4058 Ipse
2175 3995 2257 4043 est
2281 3989 2421 4042 enim
2464 3995 2519 4042 et
2547 3985 2931 4057 Prophetarum
2985 3989 3155 4054 Deus,
3205 3987 3296 4058 qui
3341 3985 3611 4044 hominem

2027 4079 2168 4150 ligna
2190 4079 2424 4136 sabbatis
2449 4079 2806 4148 colligentem,
2829 4077 2953 4150 quia
2973 4079 3209 4135 nondum
3235 4077 3498 4136 duorum‘
3513 4077 3616 4136 'I‘e-

2027 4175 2412 4226 stamentorum
2445 4154 2686 4240 teinpora
2715 4167 3093 4241 distinguebat,
3123 4169 3220 4226 sed
3259 4167 3458 4242 Legem
3514 4169 3610 4227 Dei

2028 4265 2328 4320 contumaci
2354 4271 2409 4320 et
2435 4263 2596 4334 impia
2619 4271 2797 4319 tuente
2822 4271 3248 4334 contempserat,
3273 4263 3612 4334 iapidandum

2029 4371 2148 4412 esse
2175 4355 2481 4425 mandavit;
2512 4357 2735 4428 ejusque
2771 4357 3034 4427 corporali
3063 4363 3236 4412 morte
3281 4371 3464 4428 (quam
3495 4365 3615 4427 post

2031 4449 2302 4520 paululum
2351 4451 2495 4504 omni
2566 4449 2767 4504 homini
2811 4451 2930 4520 quis
2979 4449 3184 4504 dubitet
3233 4445 3617 4522 adfuturam?)

2030 4542 2206 4597 sanxit
2230 4541 2422 4598 timore
2451 4541 2808 4596 obedientiam
2855 4541 3064 4596 caeteris
3111 4539 3464 4610 profuturam.
3515 4535 3619 4607 Qui

2031 4641 2250 4703 propter
2271 4632 2556 4687 salvandos
2601 4631 2845 4687 homines
2882 4645 2941 4687 se
2967 4631 3178 4688 venisse
3207 4629 3358 4687 dixit.
3395 4629 3511 4702 Ipse
3539 4637 3625 4688 est

2031 4729 2256 4783 enimet
2281 4727 2670 4798 Prophetarum
2716 4725 2892 4792 Deus,
2934 4725 3024 4796 qui
3067 4725 3214 4794 justo
3245 4723 3441 4796 judicio
3485 4735 3621 4794 quos

2035 4823 2142 4877 vult
2162 4821 2390 4877 obdurat
2417 4837 2432 4874 ε
2459 4821 2595 4876 sicut
2621 4819 2672 4874 in
2702 4817 2989 4890 Evangelio
3005 4819 3047 4884 ',
3085 4815 3232 4873 Venit
3253 4818 3308 4871 in
3325 4815 3582 4889 judicium
3603 4859 3620 4883 ,

2033 4931 2137 4969 non
2165 4915 2337 4968 solum
2363 4922 2417 4967 ut
2442 4915 2526 4984 qui
2573 4927 2674 4966 non
2693 4911 2881 4978 vident,
2905 4909 3108 4965 videant
3123 4925 3144 4975 ;
3164 4908 3258 4964 sed
3284 4907 3444 4964 etiam
3461 4913 3518 4963 ut
3534 4923 3622 4978 qut

2033 5007 2221 5074 vident,
2269 5008 2389 5061 circi
2418 5005 2545 5076 ﬁant
2575 5003 2751 5080 (Joan.
2779 5021 2861 5070 ix,
2891 5001 3002 5076 59).
3061 5001 3162 5070 Qui
3206 4999 3452 5056 mandata
3499 4999 3622 5055 vitae

2033 5109 2302 5171 perpetuat
2325 5097 2478 5154 nobis
2520 5097 2686 5154 dedit.
2713 5095 2833 5168 Ipse
2855 5105 2938 5152 est
2962 5095 3105 5152 enim
3129 5103 3183 5150 et
3229 5091 3618 5163 Prophetarum

2035 5196 2205 5255 Deus.
2233 5193 2322 5258 qui
2350 5191 2594 5246 mandata
2627 5199 2808 5246 sancta
2837 5195 2892 5245 et
2914 5190 3054 5260 justa
3085 5199 3140 5243 et
3169 5187 3307 5242 bona
3328 5228 3343 5254 ,
3372 5185 3620 5255 superbis

2033 5297 2210 5343 tamen
2227 5328 2241 5352 ,
2273 5301 2379 5342 non
2408 5285 2475 5340 de
2503 5285 2667 5356 ipsius
2695 5281 2883 5353 gratia,
2907 5277 3001 5337 sed
3026 5281 3095 5337 de
3117 5295 3211 5336 sua
3229 5279 3424 5336 virtute
3453 5279 3624 5335 ﬁden-

2033 5381 2206 5446 tibus,
2240 5395 2345 5435 non
2371 5379 2561 5450 quibus
2588 5377 2861 5443 viverent,
2891 5373 2986 5430 sed
3027 5373 3220 5446 quibus
3248 5383 3588 5431 morerentur
3608 5414 3625 5442 ,

2098 5517 2114 5548 ι
2143 5514 2310 5564 Plures
2323 5521 2449 5570 Mss,
2478 5511 2787 5564 disceremus.

2095 5579 2115 5609 ¹
2140 5584 2186 5626 tn
2205 5567 2615 5687 prmstantioribus
2655 5580 2780 5633 Mss,
2808 5567 3160 5644 cmfortandos.

2098 5641 2118 5672 ³
2141 5647 2188 5687 tn
2225 5639 2376 5687 isdem
2398 5643 2528 5687 Mss.
2543 5645 2856 5687 personant!!!
2877 5637 3160 5687 eranth

2098 5641 2118 5672 ³
2141 5647 2188 5688 tn
2205 5637 2376 5688 iisdem
2398 5643 2528 5696 Mss,
2543 5645 2856 5699 personarum
2877 5637 3184 5699 proprietate.

2096 5701 2116 5768 ξ
2141 5700 2328 5768 aliquot
2347 5695 2660 5768 probarepotes
2681 5705 2810 5768 alas.)
3069 5696 3294 5768 duortgn.
3331 5755 3362 5768 η
3580 5749 3604 5768 ,Σ

2097 5763 2118 5794 ι
2141 5763 2213 5824 sic
2227 5751 2436 5811 itss.'At
2457 5759 2588 5824 editi,
2613 5757 2712 5823 qui,
2749 5751 2873 5810 sicut
2915 5751 2966 5811 iii
3001 5753 3256 5824 Evangelia
3293 5755 3380 5816 ait,
3411 5751 3536 5805 venit
3577 5751 3629 5803 I't

2037 5823 2290 5886 interdum,
2313 5835 2408 5875 non
2428 5821 2597 5886 sonuit,
2623 5821 2720 5874 etc.
