4094 6454
420 356 527 414 663
595 352 871 412 CONTRA
908 351 1405 413 ADVERSARIUM
1441 352 1639 412 LEGIS
1674 352 1766 410 ET
1801 354 2342 434 PROPHETARUM,
2382 363 2439 421 S.
2480 365 2849 425 AUGUSTINI
2900 368 3105 428 LIBER
3142 371 3520 433 SECUNDUS.
3599 378 3703 437 664

418 481 479 527 ut
528 471 973 527 convincerentur
1046 470 1210 526 dedit.
1277 470 1425 525 Sicut
1477 466 1755 537 Apostoli,
1801 468 2013 526 dicente

422 581 531 623 uno
586 567 858 636 ipsorum,
890 566 1047 620 bonus
1096 565 1221 619 odor
1271 562 1457 616 Christi
1507 571 1694 628 erant,
1733 570 1789 619 et
1833 564 1887 616 in
1934 565 2013 618 his

416 658 506 728 qui
560 655 687 710 salvi
735 656 943 726 ﬁebant,
991 665 1038 710 et
1079 656 1135 709 in
1182 655 1260 710 his
1299 655 1388 725 qui
1433 654 1683 724 peribant;
1731 656 1847 710 aliis
1901 657 2015 727 qui-

418 754 535 806 dem
582 750 707 806 odor
745 752 858 805 vitae
895 750 948 803 in
990 749 1181 815 vitam,
1212 748 1327 803 aliis
1369 748 1495 802 odor
1544 748 1719 804 mortis
1770 749 1824 803 in
1872 764 2012 803 mor-

420 855 522 901 tem
575 844 641 916 (ll
692 841 810 899 Cor.
853 858 911 909 ιι,
944 841 1031 908 15,
1087 838 1199 912 16).
1231 840 1331 910 Qui
1378 841 1683 896 vitiatorum
1742 842 1884 897 salus
1920 856 2017 912 ap-

415 938 624 1012 paruit,
656 936 789 991 dans
811 935 1077 990 incessum
1103 932 1309 989 claudis
1327 974 1342 999 ,
1367 934 1603 1005 linguam
1628 934 1790 990 mutis
1812 976 1825 1001 ,
1858 933 2013 989 audi-

415 1040 537 1087 tum
570 1028 766 1092 surdis,
799 1028 979 1082 lumen
1010 1027 1187 1082 caecis.
1219 1026 1337 1098 lpse
1360 1036 1444 1083 est
1468 1027 1611 1083 enim
1640 1035 1693 1083 et
1718 1027 2015 1096 Pr0pheta-

414 1138 539 1180 rum
584 1122 757 1185 Deus,
789 1120 879 1191 qui
907 1119 1096 1175 eadem
1130 1119 1256 1174 vitia
1286 1135 1393 1174 non
1419 1121 1592 1175 solum
1620 1119 2013 1174 misericordis-

414 1218 553 1275 sime
577 1222 765 1281 sanat,
796 1229 981 1269 verum
1009 1213 1169 1268 etiam
1194 1213 1487 1282 justissima
1526 1213 1796 1284 importat.
1827 1211 2013 1282 Neque

415 1311 561 1367 enim
591 1308 751 1364 debet
778 1322 900 1363 eum
932 1306 1210 1376 quisquam
1235 1321 1343 1360 non
1386 1306 1565 1360 minus
1587 1303 1746 1374 impia
1777 1304 2015 1359 vanitate

414 1402 633 1458 Christo
671 1408 859 1473 putare
887 1398 1214 1454 contrarium
1236 1439 1251 1465 ,
1295 1404 1350 1452 et
1376 1396 1534 1451 istum
1568 1397 1768 1452 bonum
1794 1394 2011 1461 dicere,

415 1494 690 1550 Christum
716 1500 894 1547 autem
921 1489 1155 1554 malum;
1184 1504 1249 1544 eo
1278 1488 1421 1559 quod
1447 1489 1548 1543 iste
1582 1487 1637 1541 in
1659 1486 1807 1556 virga
1832 1486 2014 1541 Aaron

416 1588 623 1645 aridum
672 1587 908 1658 lignum,
958 1593 1013 1640 et
1050 1583 1195 1639 nulla
1236 1582 1417 1637 radice
1472 1581 1755 1635 subnixum
1779 1622 1791 1646 ,
1824 1579 2014 1634 ﬂorem

414 1679 557 1736 ferre
575 1678 699 1734 fecit
724 1686 778 1733 et
802 1676 1070 1742 fructum;
1098 1674 1340 1730 Christus
1362 1681 1541 1727 autem
1567 1671 1817 1727 arborem
1847 1669 2015 1727 male-

416 1773 562 1829 dicto
607 1771 827 1828 arefecit
850 1812 866 1839 ,
909 1769 1031 1841 quia
1062 1768 1196 1823 nihil
1242 1766 1295 1821 in
1326 1781 1388 1827 ea
1436 1779 1718 1837 pomorum
1740 1803 1756 1832 ,
1786 1778 2014 1835 quorum

418 1865 657 1923 nondum
684 1872 801 1920 erat
830 1871 1059 1933 tempus,
1092 1860 1316 1915 invenit.

487 1956 713 2013 CAPUT
740 1955 855 2011 Xll.
878 1985 948 1995 —
978 1954 1066 2010 58.
1094 1952 1288 2008 Dicens
1313 1958 1489 2006 autem
1513 1949 1676 2004 alium
1719 1962 1839 2005 esse
1866 1950 2016 2021 pacis

416 2058 474 2107 et
497 2049 774 2105 charitatis
806 2059 1031 2120 patrem,
1064 2048 1226 2101 alium
1256 2046 1381 2102 belli
1408 2053 1461 2100 et
1485 2044 1680 2099 furoris
1702 2052 2011 2112 auctorem;

412 2142 567 2197 illum
598 2142 782 2197 volens
811 2140 1033 2210 intelligi
1060 2138 1332 2193 Christum
1358 2179 1373 2202 ,
1406 2138 1549 2191 hunc
1574 2144 1752 2191 autem
1778 2135 1933 2205 Legis
1961 2143 2015 2191 et

413 2233 803 2303 Prophetarum
834 2232 1003 2287 Deum
1030 2248 1043 2284 :
1067 2236 1243 2300 potest
1262 2243 1431 2283 vanus
1457 2227 1636 2282 dicere
1657 2227 1831 2296 ipsum
1859 2225 2016 2282 Chri-

413 2334 557 2385 Stum
584 2326 685 2382 sibi
704 2339 824 2381 esse
843 2322 1193 2389 contrarium,
1217 2329 1310 2375 aut
1327 2320 1461 2375 duos
1482 2317 1671 2386 fuisse,
1696 2332 1801 2372 non
1823 2334 2008 2385 unum,

412 2420 556 2476 inter
585 2434 644 2474 se
669 2419 871 2474 scilicet
896 2423 1283 2487 repugnantes;
1317 2414 1476 2468 alium
1506 2413 1593 2483 qui
1622 2412 1788 2477 dixit,
1825 2411 2015 2467 Pacem

415 2509 483 2564 da
508 2510 646 2564 vobis
672 2508 851 2579 (Joan.
884 2524 996 2573 xw,
1028 2508 1150 2577 27);
1179 2514 1233 2560 et
1261 2505 1424 2558 alium
1451 2503 1542 2574 qui
1568 2503 1721 2569 dixit,
1750 2502 1872 2557 Non
1902 2503 2015 2557 veni

415 2618 593 2673 pacem
622 2602 814 2655 mittere
848 2601 901 2654 in
933 2609 1139 2664 terram,
1172 2598 1259 2652 sed
1284 2597 1512 2668 gladium
1546 2595 1762 2663 (Matth.
1790 2611 1845 2659 Χ,
1878 2595 1967 2665 54)
1996 2613 2008 2649 :

413 2696 647 2753 maxime
672 2695 794 2766 quia
821 2694 1067 2763 displicet
1093 2692 1142 2746 ei
1180 2706 1269 2746 res
1308 2691 1513 2760 aliquas
1541 2688 1712 2744 bonas
1751 2689 2013 2744 malarum

414 2787 721 2842 nominibus
761 2786 993 2856 ﬁgurari.
1043 2782 1194 2852 Quod
1226 2798 1354 2838 vero
1400 2781 1562 2836 alium
1610 2781 1742 2835 dicit
1783 2795 1902 2835 esse
1931 2781 2014 2835 in-

414 2889 595 2935 cestus
619 2888 672 2934 et
699 2879 1081 2934 adulteriorum
1117 2875 1420 2940 conscium,
1449 2874 1610 2927 alium
1650 2888 1779 2928 vero
1808 2872 2014 2942 pudica:

416 2972 678 3028 castitatis
716 2979 770 3025 et
798 2967 1162 3025 sanctimoniae
1205 2966 1478 3022 dominum
1507 2982 1519 3018 :
1551 2964 1698 3019 illum
1740 2963 2012 3023 diabolum

411 3064 708 3135 intelligat;
761 3062 1144 3132 Prophetarum
1193 3068 1373 3113 autem
1422 3057 1588 3111 Deum
1639 3054 1853 3111 noverit
1902 3070 2012 3111 non

413 3159 596 3215 minus
621 3155 885 3212 castitatis
927 3163 980 3210 et
1009 3150 1376 3209 sanctimoniae
1401 3148 1677 3204 dominum
1705 3162 1827 3203 esse
1853 3162 2012 3218 quam

412 3250 691 3307 Christum
715 3267 728 3302 :
761 3248 885 3319 quia
914 3247 1054 3301 Deus
1080 3242 1458 3314 Apostolorum
1489 3240 1628 3295 idem
1656 3240 1769 3311 ipse
1793 3247 1850 3295 et
1878 3239 2011 3294 Pro-

412 3344 720 3416 phetarum,
749 3342 984 3412 priorum
1024 3338 1131 3394 illis
1158 3346 1417 3406 tempore,
1450 3332 1546 3389 sed
1572 3331 1675 3388 ﬁde
1704 3331 2010 3399 sociorum;

414 3436 532 3507 ipse
571 3442 654 3491 est
695 3434 831 3489 Deus
874 3433 926 3487 iu
958 3439 1182 3501 utroque
1224 3427 1569 3483 Testamento
1604 3422 1736 3495 justi
1778 3432 1929 3479 actus
1958 3430 2014 3479 et

413 3528 623 3600 piarum
651 3526 985 3590 orationum,
1031 3523 1146 3594 ipse
1174 3527 1258 3578 est
1284 3520 1338 3576 in
1380 3526 1610 3589 utroque
1656 3522 1846 3573 auctor
1885 3514 2011 3572 reli-

415 3622 689 3692 giosorum
716 3618 1119 3675 sacriﬁciorum.

490 3712 579 3770 59.
616 3712 805 3768 Videte
830 3725 959 3766 sane
984 3709 1125 3765 unde
1148 3705 1376 3779 probare
1396 3702 1626 3760 voluerit
1650 3700 2012 3757 humanorum

415 3820 704 3877 corporum
732 3804 861 3859 vitia
881 3845 896 3870 ,
926 3817 1032 3857 non
1060 3800 1127 3855 ad
1164 3800 1331 3855 Deum
1376 3804 1685 3859 auctorem,
1714 3791 1810 3848 sed
1835 3791 2013 3861 potius

417 3898 484 3953 ad
511 3896 781 3952 diabolum
810 3894 1081 3964 pertinere
1104 3909 1119 3947 :
1148 3890 1269 3961 quia
1296 3888 1552 3943 Dominus
1580 3885 1655 3940 ait
1680 3883 1737 3939 in
1765 3884 2013 3954 Evange-

416 3992 512 4056 lio,
539 3989 608 4044 de
636 3987 858 4043 muliere
883 4001 1039 4056 quam
1077 3997 1261 4038 sanam
1288 3980 1413 4035 fecit
1430 4021 1445 4047 ,
1485 3976 1627 4049 quod
1652 3990 1772 4032 eam
1800 3984 2014 4031 satanas

417 4084 729 4154 alligaverat
761 4080 944 4135 decem
981 4086 1036 4133 ct
1076 4084 1198 4131 octo
1239 4087 1439 4138 annos;
1473 4079 1690 4141 propter
1733 4068 1875 4138 quod
1900 4074 2016 4127 erat

418 4177 638 4231 incurva
659 4214 674 4239 ,
708 4187 807 4227 nec
850 4185 909 4225 se
946 4168 1154 4238 erigere
1182 4171 1392 4235 poterat
1422 4160 1571 4232 (Luc.
1605 4175 1730 4224 χιιι,
1779 4157 1965 4227 11-16)
1996 4175 2011 4212 :

420 4266 571 4337 quasi
601 4274 814 4319 satanas
835 4303 851 4329 ,
894 4276 1013 4315 cum
1060 4257 1253 4311 habeat
1299 4269 1513 4324 semper
1539 4251 1881 4322 cupiditatem
1910 4263 2014 4304 no-

420 4358 609 4424 cendi,
658 4369 852 4409 nocere
879 4352 1125 4420 cuiquam
1154 4347 1354 4418 possit,
1400 4345 1501 4400 nisi
1528 4345 1595 4400 ab
1637 4343 2016 4413 Omnipotente

419 4448 691 4517 acceperit
717 4452 1053 4516 potestatem.
1086 4440 1216 4495 Nam
1247 4438 1374 4510 quid
1401 4437 1539 4492 aliud
1560 4479 1576 4504 ,
1611 4452 1719 4492 non
1759 4436 1932 4491 solum
1958 4434 2014 4488 in

424 4540 564 4595 libro
593 4538 714 4602 Job,
746 4552 906 4607 quem
944 4532 1181 4606 profecto
1210 4532 1310 4587 iste
1338 4546 1444 4586 non
1470 4531 1681 4601 accipit,
1712 4528 1805 4585 sed
1846 4526 2015 4598 magis

420 4632 478 4688 in
507 4631 623 4701 ipso
652 4628 942 4699 Evangelio
987 4625 1313 4680 declaratum
1355 4631 1471 4689 est,
1523 4621 1613 4676 ubi
1652 4621 1868 4691 spiritus
1912 4619 2014 4673 im-

420 4724 605 4782 mundi
654 4738 753 4777 nec
801 4723 853 4776 in
884 4733 1074 4791 porcos
1121 4719 1294 4783 irent,
1348 4715 1448 4770 nisi
1478 4714 1581 4769 hoc
1609 4714 1710 4768 illis
1755 4712 2017 4781 benignus

420 4819 537 4888 ipse
560 4816 803 4872 Salvator
842 4811 1164 4884 petentibus,
1195 4822 1330 4877 quos
1359 4814 1505 4862 certe
1534 4805 1587 4859 in
1616 4805 1866 4875 abyssum
1897 4817 2020 4872 pos-

420 4918 504 4966 set
528 4909 796 4979 relegare,
845 4902 1163 4961 concederet
1192 4898 1404 4971 (Matth.
1438 4912 1559 4960 Vill,
1591 4895 1691 4960 51,
1735 4892 1827 4965 52)
1858 4911 1871 4948 :
1901 4907 2016 4949 rem

424 5002 780 5059 necessariam
810 4998 1004 5054 docere
1031 5010 1130 5051 nos
1151 4992 1359 5056 volens,
1387 4999 1446 5045 ut
1474 4988 1677 5043 scilicet
1711 4986 2019 5042 noverimus

424 5094 593 5149 multo
625 5092 800 5147 minus
837 5103 932 5144 eos
956 5101 1115 5159 posse
1144 5099 1239 5140 sua
1261 5088 1523 5154 potestate
1550 5093 1746 5134 nocere
1783 5077 2019 5131 homini-

423 5186 561 5254 bus,
606 5185 697 5255 qui
742 5197 842 5238 nec
868 5180 1151 5252 pecoribus
1195 5174 1668 5247 qualibuscumque
1699 5172 2019 5242 potuerunt?

423 5276 576 5333 Hanc
601 5284 780 5331 autem
805 5280 1125 5344 potestatem
1150 5269 1291 5323 Deus
1319 5266 1491 5320 bonus
1519 5263 1727 5319 occulta
1752 5262 1909 5320 nobis
1934 5262 2020 5333 ju-

423 5369 566 5423 stitia
592 5366 721 5421 dare
749 5372 945 5436 potest,
972 5362 1167 5431 injuste
1192 5373 1297 5414 non
1324 5362 1520 5428 potest.

495 5458 588 5514 40.
622 5456 822 5512 Deinde
846 5453 986 5526 quod
1012 5452 1080 5509 de
1104 5448 1419 5507 Antichristi
1443 5446 1678 5502 adventu
1706 5452 1761 5501 et
1789 5443 2021 5500 elatione

424 5552 590 5623 impia
634 5549 767 5605 dixit
808 5547 1093 5618 Apostolus
1114 5586 1130 5611 ,
1159 5544 1271 5598 vult
1299 5543 1399 5597 iste
1429 5539 1495 5596 ad
1538 5539 1640 5594 hoc
1684 5536 1895 5592 trahere
1916 5577 1930 5603 ,
1962 5543 2023 5592 ut

428 5646 602 5716 ipsum
631 5642 988 5713 intelligamus
1024 5638 1412 5709 Pr0phetarum
1442 5635 1646 5690 Deum:
1675 5630 1816 5687 unde
1846 5630 2019 5700 potius

429 5738 762 5795 convincitur
792 5735 919 5790 illud
963 5733 1058 5787 Dei
1102 5746 1223 5788 esse
1271 5729 1564 5800 templum,
1611 5726 1703 5781 ubi
1748 5723 2019 5779 hominem

429 5832 656 5904 peccati,
685 5829 852 5885 ﬁlium
884 5826 1152 5894 interitus,
1180 5823 1520 5880 extollentem
1547 5836 1605 5877 se
1626 5833 1784 5891 super
1803 5832 2018 5874 omnem

430 5922 623 5992 Deum,
652 5928 707 5981 et
726 5934 888 5991 super
914 5932 1075 5979 omne
1109 5916 1255 5990 quod
1277 5915 1489 5986 colitur,
1519 5911 1807 5983 Apostolus
1830 5923 2012 5969 sessu-

2117 492 2234 531 rum
2262 490 2383 534 esse
2408 478 2543 534 dixit
2574 478 2640 552 (ll
2666 479 2844 536 Thess.
2889 498 2960 549 ιι,
3004 485 3057 551 5,
3087 483 3166 556 4).
3210 485 3352 542 Deus
3379 488 3522 545 enim
3548 505 3708 546 verus

2114 575 2218 635 est,
2253 570 2305 623 in
2333 571 2487 640 cujus
2509 573 2708 643 templo
2731 572 2896 630 falsus
2925 575 3014 631 ille
3037 592 3283 634 sessurus
3304 589 3424 637 est:
3456 583 3523 638 ad
3546 600 3709 655 quem

2115 660 2349 729 pertinet
2370 663 2528 717 etiam
2554 664 2654 719 iste
2672 706 2686 730 ,
2718 665 2808 735 qui
2836 668 2935 722 sub
2962 670 3177 725 nomine
3203 669 3432 741 Christi,
3461 676 3601 745 quod
3626 685 3712 732 est

2119 767 2313 810 nomen
2347 755 2474 823 Dei,
2516 756 2618 811 hoc
2655 765 2765 825 est,
2810 760 3160 817 christianum
3203 778 3263 819 se
3286 764 3456 821 videri
3486 767 3707 837 volens,

2118 845 2555 913 superextollitur
2582 856 2768 902 contra
2807 848 3114 918 Christum;
3146 868 3309 925 seque
3334 857 3567 912 ostendit
3606 873 3708 913 an-

2118 933 2439 1001 tichristum,
2471 952 2576 993 non
2602 955 2766 994 unum
2796 940 2946 996 illum
2972 942 3229 1011 majorem
3255 947 3487 1013 exteris,
3517 949 3612 1003 sed
3641 965 3712 1005 ex

2118 1024 2203 1081 his
2228 1027 2459 1098 aliquem
2480 1028 2549 1085 de
2576 1031 2766 1101 quibus
2785 1032 2914 1087 dicit
2931 1034 3165 1090 Joannes
3182 1040 3528 1109 evangelista,
3556 1041 3715 1096 Nunc

2117 1121 2397 1175 antichristi
2434 1123 2581 1177 multi
2621 1125 2744 1195 facti
2772 1135 2888 1180 sunt
2933 1125 2974 1197 (l
2996 1128 3154 1184 Joan.
3182 1146 3255 1197 ιι,
3287 1130 3401 1202 18).
3440 1132 3545 1187 Eos
3565 1134 3713 1190 enim

2116 1211 2329 1267 dicebat
2356 1212 2634 1269 haereticos
2651 1257 2667 1283 ,
2709 1216 2800 1286 qui
2824 1219 3155 1287 temporibus
3181 1222 3558 1291 Apostolorum
3589 1238 3715 1281 esse

2113 1303 2224 1374 jam
2253 1314 2546 1376 eruperant.
2577 1306 2641 1362 Hi
2668 1315 2844 1363 autem
2892 1320 3170 1379 cmperunt
3208 1327 3328 1368 esse
3367 1324 3490 1384 post
3526 1330 3716 1370 ascen-

2116 1396 2322 1451 sionem
2350 1397 2607 1453 duntaxat
2646 1399 2702 1454 in
2745 1400 2939 1456 caelum
2983 1403 3193 1458 Domini
3221 1403 3348 1459 Jesu
3372 1404 3603 1474 Christi,
3643 1406 3714 1462 ab

2117 1487 2209 1543 illo
2235 1488 2453 1544 Simone
2478 1505 2654 1561 mago,
2700 1508 2859 1563 quem
2887 1494 3110 1565 legimus
3153 1496 3206 1551 in
3235 1497 3454 1552 Actibus
3482 1502 3715 1569 Apostoo

2115 1579 2287 1634 lorum
2328 1581 2651 1653 baptizatum
2693 1582 2831 1653 (Act.
2862 1601 2985 1652 VIII,
3027 1585 3141 1657 15).
3173 1587 3304 1644 Post
3342 1588 3485 1644 hunc
3529 1600 3713 1645 autem

2116 1668 2332 1727 fuerunt
2374 1674 2615 1729 nonnulli
2641 1674 2884 1746 discipuli
2915 1677 3061 1747 ejus,
3112 1678 3167 1733 in
3208 1680 3395 1735 eadem
3439 1680 3716 1751 impietate

2115 1766 2440 1837 posteriores
2484 1767 2756 1838 prioribus
2803 1770 3190 1826 succedentes:
3223 1787 3448 1842 quorum
3488 1774 3542 1828 in
3585 1789 3714 1829 suc-

2117 1859 2360 1914 cessione
2384 1868 2607 1929 quartus
2629 1860 2832 1915 exstitit
2856 1860 3113 1918 Basilides
3141 1864 3181 1929 ί,
3213 1864 3303 1933 qui
3333 1865 3534 1934 primus
3554 1880 3716 1935 aper-

2118 1950 2223 2005 tius
2250 1965 2412 2007 ausus
2435 1960 2519 2006 est
2543 1950 2720 2007 dicere
2736 1993 2752 2019 ,
2781 1952 2949 2007 Deum
2973 1969 3134 2023 quem
3160 1969 3292 2025 gens
3316 1954 3497 2010 Judaea
3521 1957 3711 2023 coluit,

2116 2058 2226 2098 non
2252 2042 2417 2100 fuisse
2437 2059 2623 2099 verum
2653 2045 2832 2099 deum.
2867 2046 2997 2101 Post
3023 2047 3154 2103 istos
3179 2046 3279 2102 fuit
3304 2047 3517 2118 quidam
3547 2050 3712 2105 etiam

2118 2134 2467 2205 Carpocrates
2488 2177 2504 2202 ,
2536 2136 2624 2207 qui
2652 2138 2867 2207 negavit
2910 2138 3068 2193 istum
3100 2138 3364 2195 visibilem
3396 2141 3652 2196 mundum
3677 2156 3712 2198 a

2116 2242 2329 2283 summo
2369 2229 2481 2284 Deo
2522 2238 2792 2297 creatum,
2841 2231 2936 2285 sed
2988 2247 3018 2285 a
3066 2232 3384 2302 quibusdam
3427 2235 3711 2290 virtutibus

2116 2318 2503 2375 daemoniorum
2526 2322 2546 2351 ²
2571 2336 2585 2374 :
2617 2336 2817 2391 negans
2841 2323 2998 2377 etiam
3022 2322 3219 2394 Legem
3238 2340 3358 2395 qua:
3379 2340 3475 2394 per
3492 2327 3709 2399 Moysen

2116 2409 2239 2465 data
2266 2418 2376 2476 est,
2407 2411 2572 2466 Deum
2598 2411 2831 2467 dedisse.
2860 2412 3071 2469 Cerdon
3094 2424 3280 2484 postea
3322 2418 3586 2484 surrexit,
3616 2418 3711 2489 qui

2116 2505 2319 2575 primus
2342 2505 2611 2561 invenitur
2638 2506 2841 2561 dixisse
2865 2506 3001 2563 duos
3025 2507 3176 2573 deos,
3207 2524 3373 2564 unum
3406 2509 3625 2575 bonum,
3656 2521 3713 2566 et

2115 2596 2341 2652 alterum
2360 2597 2577 2663 malum,
2590 2597 2744 2668 longe
2759 2606 3044 2668 antequam
3063 2598 3280 2654 haeresis
3294 2599 3712 2657 Manichaeorum

2117 2690 2445 2758 emersisset,
2474 2706 2700 2761 quorum
2730 2692 2783 2746 in
2815 2691 2917 2747 hoc
2946 2691 3153 2747 furioso
3181 2693 3534 2749 deliramento
3559 2710 3714 2751 error

2115 2790 2201 2840 est
2236 2783 2433 2839 notior.
2474 2783 2643 2853 Hujus
2683 2784 2942 2839 Cerdonis
2977 2784 3210 2841 Marcion
3253 2785 3549 2856 discipulus
3590 2788 3707 2843 fuit.

2113 2876 2331 2948 Apelles
2373 2891 2583 2947 quoque
2632 2878 2753 2931 talia
2796 2878 2994 2933 docuit.
3056 2879 3296 2934 Fuerunt
3332 2881 3491 2934 etiam
3519 2895 3549 2935 a
3573 2895 3711 2951 quo-

2115 2966 2240 3024 dam
2270 2968 2498 3023 Patricio
2525 2969 2764 3025 nonnulli
2789 2969 3096 3035 Patriciani,
3118 2972 3205 3026 vel
3232 2981 3356 3027 sunt
3382 2971 3426 3039 ³,
3466 2972 3713 3029 similiter

2113 3060 2460 3116 adversantes
2485 3060 2679 3117 divinis
2704 3062 2975 3117 veteribus
3004 3062 3199 3117 Libris.
3245 3064 3310 3119 Hi
3335 3078 3524 3119 omnes
3550 3079 3707 3135 aper-

2114 3152 2320 3209 tissime
2357 3162 2543 3208 contra
2573 3153 2740 3209 Deum
2770 3154 3005 3209 sentiunt
3029 3154 3188 3226 Legis
3215 3162 3270 3211 et
3293 3155 3706 3225 Pr0phetarum,

2115 3244 2219 3301 hoc
2238 3254 2351 3312 est,
2390 3246 2558 3301 Deum
2588 3261 2795 3313 verum,
2833 3261 2864 3301 a
2894 3262 3001 3318 quo
3034 3246 3206 3303 factus
3231 3256 3315 3304 est
3351 3248 3600 3304 mundus.
3634 3249 3712 3305 De

2112 3338 2291 3410 aliqua
2340 3339 2569 3395 istorum
2605 3338 2797 3395 haeresi
2842 3347 2927 3396 est
2968 3339 3072 3397 iste
3099 3358 3114 3395 :
3144 3354 3269 3397 nam
3300 3355 3409 3397 non
3431 3356 3554 3397 eum
3578 3348 3708 3413 puto

2115 3445 2236 3489 esse
2256 3432 2631 3488 Manichaeum.

2184 3525 2276 3581 41.
2318 3522 2740 3594 Sed'cujuslibet
2783 3526 2855 3579 sit
2898 3522 3137 3580 haeretici
3174 3524 3401 3591 erroris,
3431 3525 3516 3581 vel
3550 3524 3665 3595 ipse
3686 3567 3703 3593 ,

2113 3617 2198 3673 vel
2246 3617 2521 3673 Fabricius
2567 3616 2748 3672 nescio
2798 3615 2951 3687 quis,
3001 3617 3151 3687 cujus
3194 3632 3254 3673 se
3294 3618 3550 3688 gloriatur
3586 3633 3708 3675 esse

2114 3708 2468 3779 discipulum,
2516 3714 2773 3779 quantum
2800 3706 2869 3761 ad
2900 3707 3039 3763 hunc
3078 3707 3274 3763 librum
3317 3709 3508 3765 attinet
3546 3725 3707 3781 quem

2115 3803 2372 3869 misistis,
2423 3801 2552 3857 satis
2596 3801 2647 3857 ei
2698 3808 2828 3872 puto
2870 3815 2991 3856 esse
3018 3814 3360 3872 responsum.
3408 3801 3482 3856 Ea
3510 3804 3709 3874 quippe

2115 3894 2308 3950 furoris
2335 3892 2454 3964 ejus
2482 3891 2688 3960 deiecta
2717 3899 2842 3946 sunt
2884 3891 3111 3956 robora,
3157 3907 3225 3947 ex
3267 3891 3457 3961 quibus
3497 3908 3706 3961 omnes,

2114 3974 2249 4061 quas
2268 3989 2323 4042 in
2350 4001 2415 4043 eo
2439 3985 2709 4041 volumine
2728 3984 2960 4055 scripsit,
2984 3983 3331 4055 blasphemia:
3356 3984 3706 4054 pullularunt,

2117 4082 2450 4153 impiissimis
2478 4082 2533 4135 in
2572 4082 2739 4136 Deum
2769 4078 3065 4135 maledictis
3095 4087 3255 4149 atque
3278 4079 3534 4133 conviciis
3562 4079 3709 4133 varia

2117 4176 2438 4248 loquacitate
2488 4172 2818 4229 frondentes.
2868 4171 3102 4239 Quarum
3160 4185 3349 4225 omnes
3398 4170 3709 4240 singillatim

2116 4283 2295 4325 ramos
2334 4266 2528 4331 ferire,
2573 4263 2733 4319 nimis
2778 4263 2994 4333 longum
3043 4262 3179 4316 fuit:
3210 4261 3305 4316 sed
3343 4261 3548 4315 radices
3578 4261 3707 4329 ipsae

2117 4362 2329 4417 fuerant
2351 4357 2708 4429 amputandae.
2737 4354 2793 4411 Si
2821 4364 2998 4409 autem
3022 4353 3347 4409 recenseatis
3376 4368 3494 4423 quas
3519 4360 3707 4407 contra

2117 4453 2373 4509 Faustum
2402 4448 2753 4505 mauichteum
2786 4446 3118 4515 scripsimus,
3152 4453 3206 4499 et
3230 4453 3417 4497 contra
3447 4442 3709 4497 Adiman-

2118 4557 2264 4612 tum,
2310 4546 2401 4617 qui
2430 4542 2708 4599 Manichaai
2748 4548 2979 4596 sectator
3020 4554 3141 4594 cum
3186 4538 3277 4592 ille
3300 4536 3503 4591 viveret
3549 4535 3712 4590 fuisse

2114 4641 2366 4713 jactatur,
2397 4637 2563 4693 multa
2591 4634 2871 4705 reperietis
2901 4647 3021 4702 quas
3046 4631 3303 4686 adversus
3327 4631 3487 4684 istum
3512 4627 3713 4698 pariter

2117 4735 2350 4790 valeant.
2410 4731 2481 4786 Et
2528 4729 2756 4785 fortasse
2814 4726 2859 4781 si
2925 4725 3013 4780 illa
3066 4715 3408 4794 legerentur,
3462 4721 3547 4776 vel
3604 4734 3708 4775 nou

2119 4826 2368 4892 omnino,
2408 4822 2493 4879 vel
2538 4835 2647 4877 non
2693 4819 2918 4874 multum
2965 4815 3327 4873 necessarium
3372 4814 3557 4870 fuisset
3594 4812 3708 4869 haec
3758 4841 3765 4858 ι

2119 4918 2377 4975 scribere.

2190 5009 2280 5065 42.
2308 5007 2450 5063 Sane
2477 5010 2601 5076 post
2633 5003 2794 5058 ﬁnem
2831 5000 2951 5056 libri
2974 5040 2990 5067 ,
3031 4999 3085 5054 in
3123 5012 3230 5069 quo
3260 4996 3364 5052 ﬁne
3388 4995 3713 5067 paucitatem

2120 5101 2397 5158 hominum
2441 5099 2494 5154 in
2541 5112 2641 5153 suo
2685 5109 2870 5151 errore
2896 5090 3262 5154 commendat,
3314 5089 3439 5161 quia
3465 5089 3716 5145 videlicet

2121 5206 2413 5266 paucorum
2440 5198 2524 5245 est
2558 5186 2817 5259 sapientia
2844 5204 2857 5239 :
2887 5184 3028 5255 quod
3054 5183 3302 5238 omnibus
3329 5181 3593 5236 hmretieis
3619 5181 3715 5235 ad-

2124 5284 2377 5341 versariis
2404 5280 2658 5338 Ecclesia:
2686 5277 2966 5334 catholica:
2984 5317 3000 5343 ,
3049 5290 3170 5346 quae
3208 5290 3305 5344 per
3328 5287 3518 5328 omnes
3545 5282 3714 5329 terras

2122 5381 2339 5451 copiosa
2368 5376 2639 5433 fertilitate
2662 5372 3009 5438 diffunditur,
3052 5370 3107 5425 in
3146 5384 3239 5424 sua
3280 5370 3471 5440 cuique
3498 5368 3715 5438 propria

2122 5472 2357 5529 vanitate
2376 5482 2661 5526 commune
2685 5474 2798 5532 est;
2826 5479 3011 5520 omnes
3039 5463 3181 5518 enim
3209 5460 3277 5516 de
3304 5460 3573 5531 paucitate
3597 5460 3716 5530 glo-

2123 5566 2350 5630 riantur,
2381 5571 2435 5619 et
2475 5570 2535 5618 ut
2581 5559 2837 5617 seducere
2879 5557 3088 5629 possint
3130 5554 3528 5611 multitudinem
3569 5568 3715 5625 quae~

2188 5728 2204 5759 ί
2233 5730 2378 5774 Vetus
2400 5728 2479 5771 Ms.
2503 5720 2825 5782 Remigianus,
2849 5711 3121 5765 Bassitides.

2185 5791 2205 5821 ³
2230 5794 2277 5835 tu
2298 5793 2425 5843 Mss,
2446 5780 2697 5833 uirtutibus
2716 5780 2932 5843 deorum.

2184 5852 2205 5883 ³
2229 5857 2358 5905 Lov.,
2383 5836 2467 5905 qui
2488 5850 2613 5895 sunt.
2637 5842 2755 5905 Editi
2777 5841 2857 5905 alii
2874 5874 2888 5899 ,
2910 5837 2983 5905 uel
3015 5841 3140 5888 sunt.
3164 5836 3246 5905 His
3275 5836 3586 5905 consentiunt
3607 5842 3716 5890 lu.

2121 5914 2174 5970 in
2192 5895 2369 5977 quibus
2390 5895 2512 5971 loco,
2532 5901 2813 5969 Patriclani,
2836 5895 3037 5966 legitur,
3061 5895 3311 5953 Patriciui.
