4094 6444
277 524 406 578 mut
434 513 452 547 ¹
480 529 493 567 :
523 518 646 583 post
687 509 833 566 hunc
873 522 1002 581 ergo
1040 507 1201 564 ﬁnem
1245 508 1399 575 libri,
1440 523 1623 565 rursus
1653 508 1873 564 alterius

277 616 500 680 apparet
525 603 825 671 exordium,
853 603 1093 673 ejusdem
1116 603 1338 658 forsitan
1365 603 1597 659 hominis
1615 603 1869 670 auctoris,

277 701 518 773 ejusdem
544 708 720 754 tamen
744 739 758 762 ,
801 696 941 767 quod
969 712 1074 751 non
1111 696 1402 763 dubitatur,
1434 696 1653 750 erroris.
1682 695 1873 764 Dispu-

279 806 393 850 tare
422 801 600 848 autem
627 798 892 859 coeperat,
931 789 1072 858 quod
1117 802 1244 843 caro
1269 789 1429 842 alium
1461 787 1682 844 haberet
1710 788 1872 843 fabri~

276 897 536 952 catorem,
569 899 674 938 non
705 883 905 937 Deum:
936 881 1080 937 unde
1108 896 1228 936 cum
1257 897 1521 952 perpauca
1545 881 1786 947 dixisset,
1817 881 1870 936 in

276 988 395 1052 Ipso
423 978 646 1034 exordio
669 986 841 1046 empta
871 975 1018 1030 ﬁnita
1044 984 1186 1030 sunt.
1217 973 1322 1031 Sed
1352 984 1525 1030 utrum
1551 975 1664 1044 ipse
1685 984 1871 1031 auctor

274 1090 340 1129 an
368 1073 602 1142 scriptor
621 1069 821 1126 codicis
848 1084 953 1123 non
984 1068 1214 1138 potuerit
1245 1068 1466 1138 implere
1505 1068 1646 1138 quod
1683 1082 1866 1138 caepe-

273 1176 388 1229 rat.
436 1164 639 1220 nescio.
674 1164 749 1218 De
792 1162 893 1217 hac
924 1170 1100 1216 tamen
1143 1161 1410 1216 dementia
1455 1161 1727 1216 hominum
1760 1178 1866 1218 non

272 1255 730 1313 considerantium
769 1254 895 1324 quid
921 1255 1226 1323 loquantur,
1267 1253 1521 1308 adversus
1547 1253 1866 1310 Manichaeos

273 1349 441 1405 multa
464 1348 578 1419 jam
607 1347 937 1417 scripsimus.
968 1347 1031 1401 Et
1052 1349 1105 1402 in
1129 1347 1287 1417 hujus
1316 1347 1481 1417 ipsius
1506 1349 1684 1418 operis
1716 1349 1866 1404 initio

270 1440 502 1506 idonea,
533 1447 789 1510 quantum
827 1439 1105 1504 existimo,
1140 1439 1284 1509 jacta
1328 1447 1453 1494 sunt
1489 1438 1862 1510 fundamenta,

270 1533 466 1603 quibus
511 1532 745 1602 prudens
789 1540 843 1586 et
880 1531 1002 1601 pius
1046 1532 1216 1586 lector
1257 1531 1546 1602 intelligat,
1596 1547 1700 1586 non
1747 1533 1868 1588 ideo

269 1623 692 1681 subtrahendam
727 1638 942 1678 carnem
988 1623 1242 1693 Operibus
1285 1624 1410 1689 Dei,
1461 1625 1602 1694 quod
1646 1625 1866 1695 Spiritus

270 1728 463 1773 natura
491 1717 562 1771 sit
586 1716 790 1786 potior;
821 1730 922 1770 nec
945 1715 1067 1770 ideo
1088 1716 1226 1770 mala
1249 1730 1368 1770 esse
1399 1715 1499 1770 ista
1529 1717 1862 1785 temporalia,

268 1809 394 1880 quia
422 1809 616 1864 merito
643 1807 723 1862 eis
747 1817 1134 1877 praeponuntur
1165 1816 1398 1873 aeterna;
1445 1824 1544 1864 nec
1579 1809 1698 1863 ideo
1726 1811 1865 1864 bona

270 1901 551 1956 terrestria
599 1899 942 1964 detestanda,
990 1901 1112 1969 quia
1157 1909 1280 1954 sunt
1321 1901 1559 1956 caelestia
1603 1903 1862 1958 meliora:

269 2006 394 2047 cum
424 1992 566 2046 Deus
594 1990 858 2046 creaverit
884 1992 1063 2046 omnia
1093 1991 1252 2060 bona,
1278 2008 1503 2065 magnus
1533 1994 1585 2048 in
1626 1996 1861 2065 magnis,

333 2107 354 2138 ι
376 2111 444 2155 tta
467 2107 516 2154 in
534 2112 641 2154 Mss.
664 2109 720 2154 At
735 2104 786 2153 in
807 2103 978 2167 editis,
1003 2110 1050 2155 et
1067 2105 1297 2158 seducere
1320 2107 1364 2159 si
1384 2107 1562 2172 possint
1594 2106 1864 2161 multitudi-

265 2181 379 2218 nem
396 2173 637 2232 qum-amt.

285 2303 1247 2353 ﬁ

1234 389 1707 450 CONSULTATIO
1742 389 1967 449 OROSll
2005 390 2098 447 AD
2137 391 2600 454 AUGUSTINUM.

1247 2425 1330 2485 IN
1364 2424 1969 2499 SUBSEQUENTES
2013 2430 2551 2508 SCRIPTIONES,

3461 417 3568 476 666

1978 505 2071 561 sed
2097 521 2203 562 non
2230 523 2428 579 parvus
2451 512 2502 566 in
2523 512 2722 583 parvis.
2749 514 2866 570 Jam
2894 516 3025 573 illud
3049 519 3192 576 aliud
3217 525 3359 594 quod
3391 529 3444 584 in
3473 545 3570 588 eo-

1976 597 2098 653 dem
2126 600 2310 657 codice
2338 603 2498 659 scribi
2525 616 2789 677 caaperat,
2816 608 3086 667 Adimanti
3116 627 3250 683 Opus
3279 627 3393 686 est,
3423 620 3567 678 illius

1976 688 2219 761 discipuli
2259 693 2530 751 Manichzei
2556 738 2570 763 ,
2617 700 2706 768 qui
2755 703 3082 770 pramomine
3125 706 3304 764 Addas
3335 711 3351 742 ³
3394 711 3570 771 dictus

1977 792 2058 837 est
2083 801 2095 837 :
2125 784 2214 840 ubi
2242 785 2310 840 de
2345 796 2574 858 utroque
2611 790 2954 848 Testamento
2994 797 3140 851 velut
3177 799 3317 856 inter
3347 817 3405 857 se
3433 819 3568 860 con-

1974 875 2137 928 traria
2189 878 2490 933 testimonia
2535 880 2876 949 proferuntur
2927 889 3193 958 versipelli
3248 892 3566 968 dolositatc,

1973 967 2121 1022 velut
2151 969 2276 1024 inde
2301 972 2612 1028 ostendatur
2641 985 2924 1047 utrumque
2961 980 3029 1034 ab
3051 997 3156 1036 uno
3182 983 3291 1038 Deo
3311 1002 3434 1043 esse
3463 1005 3568 1046 non

1973 1076 2152 1132 posse,
2188 1063 2282 1118 sed
2314 1066 2540 1120 alterum
2577 1068 2644 1123 ab
2677 1069 2866 1124 altero.
2897 1071 3092 1128 Contra
3121 1076 3220 1132 hoc
3245 1088 3422 1134 autem
3457 1098 3570 1137 ma-

1972 1155 2172 1226 lignttm
2197 1157 2681 1215 machinamentum
2697 1163 2806 1230 jam
2824 1165 2950 1219 olim
2972 1167 3301 1239 scripsimus,
3327 1182 3385 1227 ut
3408 1177 3566 1243 paulo

1971 1257 2095 1303 ante
2138 1253 2582 1320 commemoravi,
2633 1262 2688 1308 et
2731 1255 2903 1324 ipsum
2955 1261 3269 1327 apusculum
3320 1277 3563 1324 nostrum

1971 1342 2170 1399 habere
2196 1361 2289 1400 vos
2315 1347 2496 1401 credo.
2526 1348 2779 1416 Quamvis
2809 1351 3054 1420 quzndam
3080 1355 3187 1410 sint
3222 1373 3480 1428 perpauca
3511 1363 3563 1416 in

1974 1433 2079 1488 ﬁne
2125 1436 2290 1504 ipsius
2332 1438 2509 1506 operis
2547 1438 2843 1504 Adimanti,
2887 1443 3076 1512 quibus
3125 1461 3228 1501 non
3268 1452 3560 1518 respondi:

1971 1525 2154 1579 nescio
2197 1527 2387 1596 quibus
2429 1529 2606 1595 enim,
2654 1539 2712 1584 ut
2754 1531 2870 1587 ﬁeri
2917 1534 3088 1599 solet,
3135 1537 3560 1610 incurrentibus,

1970 1631 2088 1686 qua:
2118 1619 2286 1687 magis
2315 1619 2633 1676 videbantur
2671 1638 2892 1692 urgere,
2924 1625 3010 1678 illa
3038 1627 3330 1698 interrupta
3373 1633 3450 1686 sic
3477 1649 3564 1688 re-

1969 1717 2298 1763 manserunt.
2352 1710 2496 1777 Sed,
2531 1721 2590 1766 ut
2636 1712 2764 1781 dixi,
2821 1716 2874 1768 in
2939 1716 3042 1771 ﬁne
3086 1734 3347 1788 perpauca
3404 1732 3559 1791 sunt,

1971 1815 2090 1869 qua:
2120 1801 2163 1856 si
2207 1803 2465 1860 Dominus
2505 1807 2767 1876 voluerit,
2813 1811 3129 1880 quantocius
3168 1813 3435 1884 explicare
3463 1831 3560 1870 cu-

1969 1895 2121 1950 rabo.
2497 1904 2500 1906 ‘

1973 2171 2006 2222 ά
2033 2112 2051 2142 ί
2076 2112 2149 2161 Sic
2170 2113 2470 2176 antiquiores
2503 2121 2610 2167 Mss.
2636 2123 2691 2168 At
2725 2118 2870 2180 editi,
2894 2117 2980 2183 qui
3018 2119 3215 2184 praprio
3251 2123 3436 2175 nomine
3462 2125 3560 2176 Λά-

2008 2186 2080 2222 as.

2008 2186 2080 2222 αδ.

3179 2317 3247 2327 ...ο

2551 2319 3540 2369 ﬁ

276 2566 437 2631 Vide
462 2565 572 2630 lib.
604 2566 665 2642 2,
713 2585 852 2648 cap.
884 2565 986 2643 Mt,
1019 2568 1598 2667 Retractatiomll‘r'nn,
1635 2578 1761 2631 tom
1776 2573 1851 2667 '1',
1887 2573 2184 2667 co‘l.._.6ft\8,
2215 2574 2647 2667 verbis,_lnter
2674 2579 2811 2642 haec
2853 2581 2939 2662 (a)
2972 2582 3210 2659 Orosii,
3259 2604 3450 2667 usque
3479 2587 3564 2651 ad

1312 2648 1432 2709 col.
1475 2648 1616 2724 61:9,
1660 2651 1885 2722 verbis,
1924 2653 2046 2714 Fili
2095 2654 2306 2717 Orosi.
2395 2657 2480 2717 M.

332 2791 543 2872 ((1)..ng
560 2791 642 2865 ilia
658 2792 709 2872 in
725 2791 1411 2872 ιέειςιιειςιςιιὶριιὶιιιιξριξφξὶιιιξδΔ
1420 2801 1542 2872 ante
1550 2802 1737 2872 notata,
1760 2799 1867 2872 sive
1898 2805 2139 2872 tempora,
2159 2803 2283 2872 s_ive_
2299 2805 2546 2872 opuscula,
2573 2807 2702 2857 inter
2725 2822 2834 2872 qua:
2851 2825 2909 2860 se
2942 2814 3102 2869 Orosii,
3129 2814 3473 2865 consultationi
3496 2816 3562 2867 de

267 2852 638 2905 PriSclllianistis
657 2861 709 2905 et
729 2855 1016 2916 Origenistis
1032 2852 1340 2917 respondisse
1365 2862 1572 2906 testatur
1595 2852 1906 2923 Augustinus,
1933 2852 2149 2913 incidunt
2171 2865 2222 2912 in
2239 2852 2414 2916 Christi
2430 2852 2956 2923 hh‘aaih‘aici‘iéiiisl

401 2986 740 2996 ————_——.

741 2986 935 2996 w—

1330 2988 1594 3000 :———-'-—O~

1929 2996 2294 3010 ——m
2200 3009 2209 3010 κ

2309 3001 2556 3010 -—_.___

2139 3039 2459 3049 Ἥ

944 3489 1037 3547 DE
1074 3489 1358 3548 ERRORE
1397 3492 2134 3559 PRISCILLIANISTARUM
2174 3504 2262 3562 ET
2301 3506 2882 3571 ORIGENISTARUM.

1772 3633 2039 3692 omne

369 3761 690 3818 Beatissimo
708 3761 847 3833 patri
870 3761 1177 3820 Ancus'rmo
1199 3763 1468 3834 episcopo,
1499 3765 1746 3823 ansms.

334 3855 391 3911 1.
421 3854 542 3911 Jam
585 3855 798 3926 quidem
842 3870 1211 3928 suggesseram
1257 3845 1536 3915 SancTitati
1583 3870 1718 3930 tuae,
1760 3861 1859 3919 sed

263 3943 745 4003 Commonitorium
778 3958 1038 4019 suggestce
1065 3949 1141 4004 rei
1170 3959 1294 4004 tunc
1319 3950 1514 4007 oﬁ'erre
1539 3953 1855 4024 meditabar,

263 4051 383 4093 cum
416 4045 470 4093 te
508 4037 812 4110 expeditum
854 4041 1032 4094 animo
1057 4040 1122 4094 ab
1143 4041 1260 4095 aliis
1287 4041 1523 4096 dictandi
1567 4045 1857 4100 necessita-

266 4132 409 4186 tibus
435 4147 559 4188 esse
583 4133 893 4187 sensissem.
927 4131 1030 4188 Sed
1067 4135 1317 4204 quoniam
1351 4134 1553 4190 domini
1592 4138 1732 4204 mei,
1765 4137 1858 4193 ﬁlii

265 4225 357 4289 tui,
389 4224 679 4294 Eutrapius
707 4233 762 4279 et
789 4225 984 4280 Paulus
1011 4225 1284 4295 episcopi,
1319 4225 1504 4281 eadem
1545 4242 1648 4298 qua
1676 4237 1730 4284 et
1759 4244 1858 4300 ego

264 4334 395 4387 puer
415 4319 434 4349 ¹
464 4327 660 4384 vester,
692 4318 876 4372 salutis
906 4319 1142 4372 omnium
1185 4319 1410 4374 utilitate
1427 4321 1655 4389 permoti
1675 4361 1688 4385 ,
1711 4337 1860 4377 com-

262 4414 611 4469 monitorium
637 4413 747 4483 jam
785 4413 1050 4468 dederunt
1092 4412 1160 4468 de
1197 4412 1480 4482 aliquantis
1527 4414 1855 4486 hazresibus,

261 4521 358 4560 nec
387 4515 569 4560 tamen
598 4519 783 4559 omnes
807 4505 1198 4575 signiﬁcaram;
1228 4520 1446 4561 necesse
1474 4505 1573 4560 fuit
1601 4523 1685 4563 me
1712 4509 1858 4564 festi-

261 4607 385 4652 nato
417 4598 581 4652 edere
609 4607 664 4652 et
704 4611 1022 4653 coacervare
1071 4597 1123 4650 in
1166 4612 1328 4650 unum
1373 4612 1562 4653 omnes
1605 4600 1858 4669 perditio-

257 4705 384 4743 num
418 4689 642 4743 arbores
668 4703 790 4744 cum
821 4689 1086 4744 radicibus
1117 4697 1172 4745 et
1201 4689 1364 4743 ramis
1394 4689 1502 4743 suis
1522 4732 1536 4756 ,
1571 4698 1624 4744 et
1663 4691 1857 4748 oﬁ'errc

257 4780 480 4849 ignienti
510 4780 716 4850 spiritui
757 4789 878 4846 tuo,
911 4789 969 4835 ut
994 4789 1050 4835 tu
1085 4781 1200 4835 viso
1227 4780 1440 4851 agmine
1471 4792 1857 4854 perspectaque

257 4872 516 4942 nequitia,
549 4872 885 4942 permetiaris
918 4888 1076 4942 quam
1120 4873 1296 4943 possis
1323 4872 1724 4943 dispositionem
1755 4876 1856 4930 ad-

256 4964 443 5019 hibere
469 4965 684 5020 virtutis
707 4967 752 5018 ².
787 4965 864 5020 Tu
895 4973 1100 5019 tantum
1121 5007 1135 5030 ,
1171 4965 1480 5020 beatissime
1502 4975 1672 5036 pater,
1699 4969 1855 5023 mali-

254 5073 384 5128 gnas
417 5052 647 5113 aliorum
687 5059 1045 5128 plantationes
1070 5057 1154 5114 vel
1193 5059 1512 5113 insertiones
1537 5074 1665 5115 erue
1689 5072 1854 5132 atque

255 5152 510 5217 succide,
558 5161 613 5207 et
646 5167 826 5206 veram
869 5166 1058 5221 sparge
1085 5159 1409 5219 sementem,
1458 5153 1614 5208 nobis
1641 5153 1707 5209 de
1752 5157 1855 5211 tuis

255 5241 494 5297 fontibus
523 5242 791 5313 rigaturis.
823 5241 935 5312 Ego
975 5250 1162 5298 testem
1196 5243 1359 5296 Deum
1397 5243 1658 5311 spondeo,
1688 5253 1741 5300 et
1769 5246 1853 5300 in-

255 5343 593 5389 crementum
621 5334 800 5404 operis
827 5334 899 5387 lui
927 5349 1106 5402 spero,
1141 5334 1262 5404 quia
1287 5343 1426 5388 terra
1456 5333 1541 5388 illa
1563 5351 1680 5406 qua:
1715 5353 1855 5394 nunc

256 5425 500 5496 ingratos
539 5423 748 5480 fructus
793 5425 1061 5480 insincere
1099 5425 1240 5479 culta
1282 5425 1516 5492 exhibet,
1542 5427 1587 5479 si
1629 5442 1746 5482 eam
1787 5429 1854 5484 de

257 5533 452 5571 manna
501 5517 594 5572 illo
623 5515 898 5572 recondito
930 5525 985 5571 tu
1013 5517 1154 5588 apud
1187 5531 1274 5572 me
1316 5516 1616 5574 mandando
1641 5518 1662 5550 ³
1686 5529 1741 5574 et
1769 5535 1855 5576 re-

320 5610 821 5736 1523353902.?
835 5683 931 5735 qua
950 5669 1104 5735 possis
1130 5669 1436 5736 dispositione
1467 5672 1679 5725 studium
1709 5673 1853 5727 adhi-

259 5728 788 5858 ὣςεεέῗίῗέῗᾪηεενα
809 5793 1002 5846 cultura
1022 5795 1232 5858 exhibet,
1274 5797 1317 5849 si
1357 5799 1576 5852 eamdem
1611 5813 1736 5852 anno
1769 5797 1855 5851 illo

259 5855 509 5930 recondito
544 5857 675 5930 apud
711 5864 756 5908 te
782 5858 1097 5930 mandando.
1139 5855 1436 5926 CaStigantur
1496 5864 1710 5918 subsidio
1767 5871 1850 5918 Ms.

260 5920 526 5984 ασκεω
339 5921 350 5930 ’
527 5919 644 5987 nais,
665 5933 759 5977 seu
777 5928 823 5975 Β.
845 5919 1102 5985 οἱαίηωιί.

1967 3773 2164 3846 piendo
2218 3776 2554 3848 visitavens,
2613 3798 2780 3855 usque
2829 3786 2884 3841 in
2929 3788 3557 3848 centesimum‘l‘mctum

1965 3866 2181 3936 profusa
2217 3870 2503 3941 aliquando
2543 3875 2762 3933 liberius
2791 3879 3036 3936 ubertate
3075 3881 3335 3952 proﬁciet.
3365 3885 3468 3942 Per
3505 3894 3558 3942 te

1968 3957 2226 4014 Dominus
2252 3961 2393 4019 Deus
2417 3973 2620 4034 noster,
2657 3985 2754 4041 per
2797 3980 2875 4037 te,
2917 3972 3160 4043 inquam,
3200 3975 3355 4032 beate
3384 3985 3555 4047 pater,

1966 4067 2103 4123 quos
2126 4058 2492 4127 castigavit'in
2541 4063 2714 4132 gladio
2735 4106 2749 4128 ,
2777 4065 3026 4121 emendet
3069 4067 3122 4121 in
3154 4069 3337 4123 verbo.
3384 4070 3465 4125 Ad
3504 4078 3558 4128 te

1966 4159 2063 4215 per
2100 4146 2266 4202 Deum
2309 4151 2506 4206 missus
2549 4168 2702 4220 sum;
2734 4155 2802 4211 de
2833 4164 2884 4211 te
2922 4172 3019 4227 per
3046 4173 3169 4213 eum
3199 4174 3393 4229 spero,
3425 4160 3554 4216 dum

1966 4237 2249 4292 considero
2295 4241 2524 4310 qualiter
2564 4253 2742 4299 actum
2796 4255 2907 4313 est,
2960 4248 3101 4318 quod
3145 4248 3250 4304 huc
3294 4251 3554 4306 venirem.

1966 4329 2214 4398 Agnosco
2238 4347 2335 4386 cur
2365 4336 2599 4390 venerim
2627 4355 2641 4392 :
2671 4338 2787 4394 sine
2824 4341 3128 4407 voluntate,
3176 4343 3291 4398 sine
3319 4345 3557 4398 necessi-

1966 4427 2107 4487 tate,
2150 4423 2266 4478 sine
2300 4439 2565 4481 consensu
2593 4427 2660 4482 de
2690 4431 2860 4498 patria
2891 4447 3138 4502 egressus
3172 4448 3319 4500 sum,
3351 4437 3557 4494 occulta

1964 4513 2190 4582 quadam
2219 4515 2268 4570 vi
2295 4525 2474 4582 actus,
2507 4517 2680 4574 donec
2720 4520 2772 4575 in
2807 4521 2961 4578 istius
2993 4532 3147 4577 terrae
3193 4524 3338 4579 littus
3364 4526 3557 4584 allatus

1964 4618 2102 4658 sum.
2133 4605 2229 4660 llic
2255 4606 2469 4663 domum
2497 4609 2550 4663 in
2579 4625 2699 4664 eum
2727 4613 2926 4682 resipui
2953 4614 3280 4670 intellectum
3324 4621 3465 4688 quod
3490 4620 3556 4676 ad

1967 4703 2018 4750 te
2042 4697 2226 4752 venire
2253 4699 2565 4754 mandabar.
2595 4702 2960 4772 lmpudentem
2987 4723 3092 4762 non
3116 4707 3326 4776 judiccs
3345 4751 3358 4774 ,
3391 4711 3434 4763 si
3464 4725 3555 4764 ac-

1962 4787 2095 4851 cipis
2149 4789 2510 4846 conﬁtentem.
2562 4792 2669 4848 Fac
2719 4811 2807 4850 me
2861 4796 2926 4849 ad
2984 4797 3234 4853 dilectam
3285 4800 3554 4854 dominam

1963 4897 2138 4936 meam
2185 4883 2202 4912 ί
2256 4882 2504 4938 idoneum
2559 4888 2942 4958 negotiatorem
2997 4891 3210 4945 inventa
3271 4893 3555 4961 margarita

1963 4970 2172 5042 (Matth.
2205 4989 2328 5040 xm,
2362 4975 2475 5048 46),
2510 4992 2615 5032 non
2658 4977 2934 5050 fugitivum
2964 4997 3178 5036 servum
3206 4997 3398 5037 eversa
3429 4983 3555 5038 sub-

1962 5065 2154 5118 stantia
2199 5067 2414 5120 reverti.
2464 5068 2744 5126 Dilacerati
2785 5074 2996 5141 gravius
3025 5088 3054 5126 a
3083 5073 3392 5129 doctoribus
3433 5093 3553 5146 pra-

1959 5153 2060 5220 vis,
2093 5169 2250 5224 quam
2277 5170 2306 5208 a
2333 5160 2720 5214 cruentissimis
2747 5160 2990 5217 hostibus
3015 5179 3218 5218 sumus.
3251 5164 3357 5220 Nos
3379 5168 3551 5221 conﬁ-

1961 5253 2134 5298 temur
2179 5243 2467 5315 oﬁensam,
2520 5261 2576 5304 tu
2620 5253 2861 5320 pervides
2909 5254 3150 5324 plagam:
3196 5257 3338 5326 quod
3376 5261 3549 5317 solum

1960 5347 2233 5407 superest,
2276 5339 2559 5411 adjuvante
2584 5343 2807 5398 Domino
2837 5344 3027 5414 largire
3053 5347 3388 5404 medicinam.
3421 5352 3550 5409 Bre-

1959 5430 2094 5486 viter
2145 5445 2272 5502 ergo
2325 5441 2381 5488 et
2448 5433 2575 5504 quid
2629 5444 2756 5488 ante
2815 5435 2957 5491 male
3008 5437 3302 5508 plantatum
3351 5457 3550 5500 conva-

1958 5522 2093 5589 luit,
2158 5532 2212 5578 et
2267 5524 2395 5594 quid
2460 5533 2643 5596 postea
2706 5527 2856 5598 pejus
2914 5529 3172 5587 insertum
3233 5537 3545 5606 prtevaluit,

1958 5615 2258 5669 ostendam.

2029 5707 2083 5761 2.
2115 5707 2492 5774 Priscillianus,
2519 5708 2750 5780 primum
2779 5711 2834 5766 in
2859 5727 2924 5769 eo
2950 5713 3255 5775 Mauichznis
3280 5720 3543 5788 miserior,

2025 5861 2041 5929 ξ
2066 5860 2204 5921 Editi,
2229 5857 2457 5911 dilectum
2749 5877 2924 5916 meum.
2958 5875 3014 5918 At
3036 5875 3165 5929 Mss,
3197 5867 3421 5920 dilectam
3460 5874 3543 5926 (lo-

1956 5920 2141 5980 ltt'nam
2160 5920 2317 5980 meam
2344 5936 2362 5980 .'
2387 5921 2588 5990 patriam
2608 5925 2816 5996 scilicet,
2836 5930 2898 5985 ad
2913 5944 3059 5993 quam
3081 5920 3270 5985 reverti
3303 5934 3450 5996 cupit.
