4028 6434
551 380 660 441 687

548 493 692 568 quod
719 508 787 552 ex
822 491 1006 550 Veteri
1033 504 1242 564 quoque
1281 488 1621 546 Testamento
1655 487 1903 544 haeresim
1935 484 2133 541 contir—

552 588 750 653 mavit,
778 586 979 643 docens
1003 585 1233 640 animam
1262 596 1382 652 qum
1408 595 1439 634 a
1468 579 1579 635 Deo
1616 588 1740 635 nata
1765 579 1867 643 sit,
1896 578 1967 635 de
1998 591 2134 649 quo-

549 678 672 736 dam
704 677 1065 749 promptuario
1086 672 1402 745 procedere,
1433 671 1673 745 proﬁteri
1709 680 1832 727 ante
1869 671 2037 727 Deum
2071 684 2133 725 se

546 779 920 842 pugnaturam,
967 767 1155 825 instrui
1192 764 1473 820 adhortatu
1503 764 1520 795 ¹
1566 763 1873 834 angelorum
1901 780 1914 816 :
1941 761 2137 817 dehinc

550 863 964 919 descendentem
993 876 1088 929 per
1111 857 1369 929 quosdam
1410 856 1640 913 circulos
1680 871 1712 910 a
1755 853 2137 925 principatibus

548 953 794 1025 malignis
817 952 955 1021 capi,
988 960 1042 1006 et
1060 949 1352 1005 secundum
1385 948 1712 1004 voluntatem
1740 946 1957 1001 victoris
1984 946 2135 1015 prin-

548 1043 684 1114 cipis
730 1044 784 1098 in
830 1055 1054 1113 corpora
1099 1040 1308 1095 diversa
1352 1038 1633 1103 contrudi,
1678 1040 1861 1107 eisque
1904 1035 2137 1091 adscribi

546 1136 979 1206 chirographum.
1026 1133 1182 1190 Unde
1220 1141 1275 1189 ct
1308 1132 1586 1187 Mathesim
1629 1132 1919 1202 prtevalere
1958 1131 2140 1186 ﬁrma-

546 1228 670 1294 bat,
701 1242 950 1283 asserens
989 1226 1134 1298 quod
1174 1225 1277 1281 hoc
1301 1225 1711 1296 chirographum
1739 1224 1958 1281 solverit
1984 1222 2139 1279 Chri-

544 1328 693 1385 stus,
740 1328 795 1375 et
842 1318 1070 1374 afﬁxerit
1112 1318 1256 1373 cruci
1308 1333 1403 1387 per
1438 1318 1737 1388 passionem
1770 1333 1961 1372 suam:
2003 1316 2139 1371 sicut

545 1412 660 1481 ipse
688 1410 1063 1471 Priscillianus,
1079 1411 1131 1465 in
1154 1410 1383 1481 quadam
1406 1410 1630 1480 epistola
1651 1426 1745 1466 sua
1767 1410 1895 1465 dicit
1918 1429 1932 1466 :
1960 1428 1979 1461 ι
2010 1409 2135 1464 llzcc

546 1504 716 1575 prima
764 1504 1021 1575 sapientia
1067 1513 1185 1572 est,
1228 1504 1281 1558 in
1324 1504 1619 1559 animarum
1668 1501 1805 1573 typis
1835 1502 2133 1557 divinarum

546 1597 802 1651 virtutum
851 1596 1146 1666 intelligere
1174 1604 1424 1660 naturas,
1457 1603 1510 1649 et
1551 1595 1791 1663 corporis
1832 1593 2140 1663 dispositio—

547 1702 693 1742 nem.
733 1686 791 1742 ln
830 1702 933 1758 qua
967 1687 1255 1757 obligatum
1285 1686 1479 1742 cmlum
1506 1686 1716 1741 videtur
1742 1694 1797 1741 et
1827 1695 1997 1753 terra,
2024 1699 2138 1741 om-

548 1794 752 1850 nosque
794 1780 1115 1851 principatus
1148 1779 1329 1834 smculi
1366 1777 1611 1833 videntur
1650 1776 1891 1832 adstricti
1931 1784 2140 1832 sancto-

548 1886 669 1926 rum
696 1872 1074 1941 dispositiones
1103 1885 1376 1941 superare.
1413 1870 1544 1924 Nam
1576 1870 1800 1937 primum
1842 1868 1933 1922 Dei
1963 1868 2138 1924 circu-

551 1966 659 2020 lum
706 1975 757 2019 et
814 1963 1192 2019 mittendarnm
1238 1963 1290 2018 iu
1347 1978 1507 2017 carne
1555 1962 1852 2016 animarum
1902 1960 2138 2016 divinum

549 2055 961 2127 chirographum
982 2096 996 2121 ,
1038 2056 1361 2126 Angelorum
1396 2063 1450 2109 et
1481 2054 1571 2107 Dei
1600 2063 1652 2107 et
1676 2052 1910 2107 omnium
1938 2054 2141 2108 anima-

548 2161 667 2201 rum
697 2148 1045 2202 conscnsibus
1067 2146 1380 2201 fabricatum
1412 2143 1735 2199 Patriarchze
1767 2152 1971 2211 tenent,
1997 2144 2085 2214 qui
2117 2146 2138 2177 ²

549 2248 731 2293 contra
762 2238 1000 2293 l'ormalis
1029 2239 1229 2292 militiae
1255 2253 1389 2307 opus
1424 2235 1699 2307 possident
1729 2254 1741 2290 :
1778 2256 1795 2289 ι
1831 2243 1886 2292 et
1915 2237 2138 2308 reliqua.

550 2328 792 2384 Tradidit
820 2338 997 2384 autem
1039 2330 1251 2383 nomina
1289 2326 1715 2383 Patriarcbarum
1751 2328 1991 2383 membra
2020 2344 2141 2385 esse

550 2422 772 2484 animm,
801 2435 867 2476 eo
894 2420 1034 2491 quod
1071 2428 1213 2474 essﬂ.
1253 2419 1440 2473 Ruben
1467 2419 1521 2473 in
1564 2420 1737 2488 capite
1758 2461 1773 2485 ,
1800 2418 1935 2473 Juda
1963 2419 2015 2474 in
2047 2435 2143 2491 pe—

551 2524 717 2580 ctore,
753 2514 879 2569 Levi
929 2514 979 2568 in
1012 2514 1172 2568 corde
1194 2555 1209 2581 ,
1237 2512 1513 2582 Benjamin
1562 2512 1613 2566 in
1644 2512 1967 2566 femoribus:
1995 2521 2049 2566 et
2072 2513 2143 2567 si-

551 2608 717 2662 milia.
745 2606 943 2661 Contra
973 2615 1149 2659 autem
1179 2605 1230 2658 in
1262 2603 1518 2658 membris
1555 2603 1816 2673 corporis,
1843 2602 1963 2658 ρωιί
1993 2603 2140 2673 signa

551 2716 670 2755 esse
697 2700 951 2770 dispos'ta
975 2740 989 2764 ,
1022 2698 1071 2752 id
1098 2707 1213 2764 est,
1259 2698 1479 2752 arietem
1511 2695 1562 2749 in
1590 2696 1792 2765 capite,
1841 2702 2047 2749 taurum
2088 2695 2139 2749 in

551 2792 782 2856 cervice,
808 2792 1051 2862 geminos
1073 2791 1128 2844 in
1151 2789 1400 2853 brachiis,
1427 2802 1680 2843 cancrum
1700 2789 1751 2841 in
1777 2797 2008 2857 pectore,
2033 2797 2139 2844 etc.

555 2882 754 2937 Volens
790 2882 1111 2952 subintelligi
1139 2880 1389 2935 tenebras
1432 2888 1690 2946 :eteruas,
1719 2888 1771 2933 et
1797 2895 1861 2933 ex
1889 2878 1972 2933 his
1998 2879 2147 2948 prin-

553 2977 726 3046 cipem
756 2974 937 3030 mundi
978 2974 1324 3046 processisse.
1371 2972 1437 3026 Et
1477 2971 1580 3027 hoc
1608 2972 1777 3041 ipsum
1818 2971 2144 3027 conﬁrmans

553 3085 615 3124 cx
649 3070 786 3123 libro
812 3067 1072 3138 quodam,
1116 3067 1204 3137 qui
1236 3065 1544 3119 inscribitur
1568 3064 1819 3119 Memoria
1854 3064 2141 3135 Apostolo-

553 3178 695 3229 rum,
725 3161 812 3215 ubi
840 3160 1083 3216 Salvator
1118 3159 1431 3228 interrogari
1462 3171 1491 3210 a
1518 3155 1790 3226 discipulis
1818 3155 2027 3210 videtur
2054 3171 2142 3212 se-

554 3263 734 3319 creto,
766 3262 819 3308 et
846 3251 1134 3308 ostendere
1157 3251 1279 3321 quia
1309 3249 1375 3304 de
1405 3249 1652 3319 parabola
1681 3250 1979 3320 evangelica
2026 3264 2143 3321 qua:

557 3346 738 3413 habet,
758 3344 893 3399 Exiit
908 3344 1160 3399 seminans
1175 3342 1425 3401 seminare
1449 3357 1775 3399 semensuum
1794 3340 2001 3412 (Matth.
2024 3357 2142 3409 ιω,

557 3435 636 3508 '5),
654 3452 758 3491 non
775 3435 931 3490 fuerit
944 3435 1236 3489 seminator
1262 3434 1431 3488 bonus
1455 3450 1467 3487 :
1484 3447 1749 3497 asserens,
1765 3432 1886 3503 quia
1900 3432 1942 3486 si
1972 3432 2146 3489 bonus

555 3529 776 3592 fuisset,
812 3543 916 3581 non
958 3525 1147 3581 fuisset
1187 3525 1492 3595 negligens,
1522 3539 1626 3578 non
1662 3523 1743 3578 vel
1782 3537 1938 3578 secus
1967 3523 2139 3590 viam,

554 3623 639 3677 vel
669 3622 719 3676 iu
752 3622 979 3691 petrosis
1004 3661 1019 3686 ,
1050 3619 1134 3674 vel
1163 3619 1216 3673 in
1244 3618 1456 3673 incultis
1482 3616 1683 3687 jaceret
1708 3631 1924 3681 semen;
1959 3617 2147 3671 volens

556 3716 779 3785 intelligi
824 3713 965 3767 hunc
1004 3727 1127 3767 esse
1166 3711 1549 3773 seminantem,
1582 3709 1669 3779 qui
1714 3708 1918 3762 animas
1963 3717 2145 3778 captas

557 3815 832 3879 spargeret
860 3807 910 3861 in
938 3820 1161 3875 corpora
1190 3803 1399 3859 diversa
1425 3817 1542 3872 qua:
1561 3801 1741 3856 vellet.
1767 3800 1882 3868 Quo
1903 3799 2061 3855 etiam
2094 3801 2146 3854 in

556 3899 695 3953 libro
741 3899 807 3952 de
854 3897 1093 3967 principe
1134 3894 1470 3950 humidorum
1516 3900 1571 3948 et
1617 3893 1684 3947 de
1731 3892 1969 3963 principe
2011 3890 2147 3962 ignis

557 3988 784 4060 plurima
814 3988 955 4044 dicta
986 3996 1129 4053 sunt,
1163 3988 1347 4041 volens
1372 3985 1617 4056 intelligi,
1650 3992 1785 4049 arte,
1822 4000 1926 4037 non
1957 3991 2146 4052 poten-

557 4082 629 4135 tia
658 4081 786 4146 Dei,
818 4081 994 4134 omnia
1035 4081 1171 4134 bona
1214 4078 1297 4148 agi
1344 4078 1395 4131 in
1444 4077 1545 4133 hoc
1585 4077 1802 4131 mundo.
1836 4076 1973 4130 Dicit
2002 4074 2144 4129 enim

559 4187 681 4228 esse
708 4173 964 4242 virginem
998 4168 1278 4241 quamdam
1318 4169 1522 4233 lucem,
1562 4182 1718 4236 quam
1754 4166 1923 4232 Deus,
1963 4166 2148 4220 volens

561 4264 689 4321 dare
718 4264 945 4334 pluviam
972 4260 1297 4325 hominibus,
1336 4257 1560 4328 principi
1598 4255 1932 4310 humidorum
1963 4264 2147 4309 osten-

559 4358 688 4413 dat:
734 4356 821 4427 qui
871 4355 996 4410 dum
1041 4369 1157 4408 eam
1188 4351 1587 4425 apprehendere
1628 4350 1804 4419 cupit,
1849 4358 2149 4407 commotus

561 4450 843 4515 consudet,
872 4458 924 4503 et
954 4447 1181 4517 pluviam
1217 4446 1402 4512 faciat,
1435 4452 1488 4499 et
1511 4443 1794 4499 destitutus
1823 4443 1889 4498 ab
1914 4459 1997 4512 ea,
2028 4459 2147 4498 mu-

560 4542 670 4613 gitu
720 4555 816 4594 suo
862 4539 1093 4594 tonitrua
1142 4538 1389 4592 concitet.
1441 4534 1753 4590 Trinitatem
1810 4543 1985 4590 autem
2032 4535 2149 4591 solo

562 4634 731 4689 verbo
760 4633 1073 4703 loquebatur
1097 4648 1109 4684 :
1141 4645 1265 4685 nam
1293 4628 1542 4684 unionem
1569 4628 1766 4698 absque
1787 4626 1894 4681 ulla
1918 4629 2151 4683 existen-

561 4728 632 4781 tia
660 4734 751 4780 aut
790 4724 1113 4796 proprietate
1153 4735 1430 4789 asserens,
1476 4719 1686 4776 sublato
1726 4729 1810 4786 et,
1861 4719 2072 4774 Patrem
2103 4720 2147 4789 ³,

561 4818 778 4884 Filium,
812 4827 866 4872 et
893 4817 1147 4887 Spiritum
1178 4825 1439 4880 sanctum,
1474 4811 1616 4867 hunc
1644 4826 1764 4868 esse
1792 4827 1953 4866 unum
1994 4810 2152 4867 Chri-

562 4919 703 4964 stum
732 4909 962 4965 dicebat.

636 5002 690 5056 3.
722 5000 872 5056 Tunc
910 5000 1017 5055 duo
1044 4998 1187 5054 cives
1228 4995 1367 5064 mei,
1411 4993 1630 5057 Avitus,
1670 5000 1723 5048 et
1762 4990 1898 5046 alius
1927 4991 2147 5060 Avitus,

563 5110 683 5150 cum
701 5095 808 5164 jam
830 5105 935 5148 tam
961 5101 1168 5163 turpem
1190 5087 1554 5144 confusionem
1580 5102 1674 5157 per
1694 5101 1751 5141 se
1769 5085 1935 5156 ipsam
1956 5086 2151 5142 veritas

560 5187 673 5241 Snla
704 5185 958 5251 nudaret,
989 5182 1265 5254 peregrina
1294 5180 1577 5250 petierunt.
1608 5177 1741 5233 Nam
1770 5191 1907 5231 unus
1931 5176 2151 5232 Jeroso-

562 5279 792 5349 lymam,
835 5277 973 5331 alius
1011 5276 1233 5331 Romam
1278 5271 1544 5342 profectus
1585 5278 1683 5325 est.
1735 5268 1985 5334 Reversi,
2017 5284 2152 5325 unus

564 5367 742 5421 retulit
774 5366 1057 5437 Origenem
1079 5409 1093 5429 ,
1126 5365 1261 5418 alius
1287 5363 1615 5441 Victorinum
1644 5378 1658 5415 :
1690 5376 1751 5414 ex
1783 5360 1866 5415 his
1908 5359 2146 5427 duobus,

566 5460 700 5514 alter
729 5459 880 5514 alteri
906 5459 1094 5523 cessit;
1125 5455 1516 5511 Priscillianum
1547 5460 1722 5508 tamen
1751 5451 1908 5505 ambo
1929 5451 2153 5505 damna-

568 5561 710 5607 runt.
741 5552 1069 5607 Victorinum
1115 5565 1302 5621 parum
1343 5548 1621 5612 novimus;
1652 5544 1773 5615 quia
1804 5542 1977 5597 adhuc
2019 5556 2154 5612 pene

627 5736 644 5769 ί
670 5740 737 5787 Ita
768 5731 974 5782 Vaticani
994 5737 1099 5781 Mss.
1126 5735 1179 5779 At
1198 5725 1332 5789 editi,
1355 5724 1576 5777 odoratu.

626 5800 648 5830 ί
670 5798 772 5830 enla
796 5796 945 5830 mlirin
967 5801 1091 5830 lnv,,
1112 5804 1237 5830 mmo-

629 5800 648 5830 ³
670 5798 773 5847 Sola
796 5796 945 5846 editio
967 5801 1096 5854 Lov.,
1112 5804 1239 5856 quas.
1710 5846 1722 5858 .

629 5860 725 5913 ἰιι
754 5859 991 5914 vaticanis
1018 5844 1943 5922 ωηαώιαοαρανᾳῆωιοω.

1507 370 1976 432 οοηδυιτλτιο
2013 368 2238 428 οειοειι
2273 370 2365 426 AD
2401 369 2864 429 AUGUSTINUI.

2243 494 2368 541 ante
2391 486 2653 544 editiones
2679 503 2826 552 suas,
2862 486 3113 543 Victorini
3140 495 3376 547 sectator
3400 488 3565 545 cessit
3585 487 3806 562 Origcui.

2242 576 2535 651 Coeperunt
2571 596 2700 651 ergo
2721 596 2788 636 ex
2815 580 3043 652 Origene
3071 581 3353 651 magniﬁca
3382 581 3533 651 plura
3562 587 3808 656 proponi,

2241 689 2363 743 qua:
2385 687 2452 728 ex
2478 674 2685 728 modica
2710 674 2990 730 occasione
3009 674 3204 728 veritas
3227 673 3341 744 ipsa
3367 673 3708 743 precedent.
3730 676 3813 733 Di.

2242 765 2470 822 dicimus
2513 767 2655 820 enim
2699 764 2768 821 de
2813 765 3072 821 Trinitate
3099 765 3393 822 doctrinam
3440 768 3573 822 satis
3614 783 3807 836 sanam,

2241 858 2421 914 omnia
2451 874 2571 928 qua:
2601 857 2735 914 facta
2769 866 2983 924 essent,
3012 873 3042 912 a
3080 858 3190 913 Deo
3214 857 3348 913 facta
3373 874 3527 924 esse,
3555 869 3611 915 et
3643 863 3811 918 omnia

2241 951 2381 1007 bona
2405 949 2590 1014 valde,
2630 958 2686 1005 et
2707 950 2842 1004 facta
2874 949 2943 1004 de
2973 948 3178 1005 nihilo:
3210 958 3337 1006 tunc
3359 949 3554 1006 deinde
3578 949 3810 1021 Scriptu-

2242 1059 2420 1100 rarum
2464 1043 2757 1100 solutiones
2798 1042 2927 1097 satis
2975 1042 3184 1097 sobrias
3210 1043 3251 1096 ι.
3280 1042 3471 1098 Omnia
3506 1044 3620 1098 haec
3644 1044 3809 1099 statim

2241 1151 2273 1191 a
2301 1136 2627 1206 sapientibus
2648 1134 2787 1190 ﬁdeli
2813 1135 3156 1204 pristinorum
3178 1136 3558 1205 expurgatione
3578 1145 3812 1205 suscepta

2241 1238 2384 1283 sunt.
2420 1228 2697 1283 Reinansit
2729 1227 2841 1282 sola
2870 1227 3071 1283 oti'ensa
3099 1226 3169 1282 de
3207 1225 3393 1281 nihilo.
3424 1226 3662 1282 Credere
3683 1228 3814 1282 enim

2242 1333 2552 1390 persuasum
2579 1325 2695 1375 erat
2730 1332 2852 1375 esse
2878 1318 3109 1374 animam
3135 1335 3149 1373 :
3180 1332 3285 1373 non
3314 1327 3488 1374 tamen
3518 1318 3813 1387 persuaderi

2240 1420 2451 1483 poterat
2488 1410 2682 1467 factam
2721 1425 2842 1466 esse
2877 1415 2946 1466 de
2972 1410 3170 1476 nihilo;
3198 1420 3668 1482 argumentantes,
3703 1413 3815 1481 quia

2246 1504 2492 1558 voluntas
2537 1502 2605 1559 de
2649 1500 2819 1558 nihilo
2847 1516 2968 1558 esse
2994 1517 3098 1557 non
3129 1503 3317 1572 possit.
3348 1503 3459 1557 Hoc
3494 1517 3630 1572 pene
3661 1517 3817 1571 usque

2241 1593 2307 1650 ad
2336 1609 2474 1650 nunc
2503 1602 2683 1649 manet
2706 1595 2744 1648 '.
2782 1593 3021 1648 lsti‘vero
3047 1594 3185 1649 Aviti
3213 1592 3340 1659 duo,
3367 1600 3568 1649 etcum
3595 1592 3679 1647 his
3706 1608 3818 1648 san-

2242 1697 2361 1741 ctus
2387 1686 2609 1741 Basilius
2647 1685 2864 1742 Grcecus
2890 1686 2981 1756 qui
3008 1686 3123 1742 hzec
3152 1686 3458 1742 beatissime
3492 1685 3757 1742 docebant
3777 1686 3815 1753 ³,

2241 1780 2485 1851 qua-dam
2510 1796 2577 1834 ex
2606 1779 2755 1834 libris
2780 1779 2944 1849 ipsius
2973 1779 3219 1849 Origenis
3245 1793 3350 1833 non
3372 1787 3542 1845 recta,
3576 1790 3637 1833 ut
3661 1793 3818 1847 nuper

2244 1873 2480 1945 intelligo
2503 1872 2546 1940 ⁸,
2586 1872 2937 1929 tradiderunt.
2985 1873 3218 1928 Primum
3262 1872 3500 1926 omnium
3541 1880 3816 1942 antequam

2244 1964 2382 2021 facta
2409 1974 2746 2035 apparerent,
2775 1979 2986 2033 semper
3009 1966 3066 2021 in
3101 1965 3192 2019 Dei
3222 1963 3479 2033 sapientia
3510 1962 3647 2017 facta
3677 1977 3820 2017 man-

2244 2061 2378 2116 sisse
2406 2060 2680 2127 dicentes,
2732 2058 2834 2113 hoc
2873 2056 3077 2114 verbo:
3123 2057 3261 2112 Deus
3298 2057 3440 2112 enim
3479 2069 3821 2126 qumcumque

2244 2152 2365 2205 fecit
2395 2149 2635 2205 faciendo
2656 2165 2760 2204 non
2782 2149 2963 2218 coepit.
2990 2147 3189 2203 Deinde
3209 2147 3456 2201 dixerunt
3480 2146 3818 2216 Angelorum,

2243 2239 2637 2313 Principatuum
2654 2281 2668 2303 ,
2701 2240 3024 2294 Potestatum
3041 2280 3058 2307 ,
3085 2238 3381 2292 animarum
3409 2252 3472 2293 ac
3494 2237 3819 2305 daemonum,

2242 2350 2405 2389 unum
2444 2333 2785 2404 principium,
2816 2340 2872 2387 et
2907 2347 3067 2386 unam
3092 2346 3212 2386 esse
3240 2330 3626 2386 substantiam:
3663 2336 3717 2384 et
3740 2329 3823 2384 vel

2243 2425 2584 2494 archangelo,
2615 2423 2700 2477 vel
2722 2422 2936 2490 animae,
2966 2416 3049 2477 vel
3078 2422 3304 2477 daemoni
3335 2422 3511 2476 locum
3540 2434 3638 2490 pro
3668 2420 3823 2475 meri-

2246 2530 2417 2576 torum
2445 2519 2698 2591 qualitate
2736 2517 2918 2572 datum
2953 2531 3092 2584 esse,
3120 2525 3333 2572 utentes
3359 2514 3465 2571 hoc
3486 2516 3654 2571 verbo
3679 2534 3692 2569 :
3721 2515 3822 2570 Ma-

2240 2612 2413 2684 jorem
2436 2613 2609 2666 locum
2639 2610 2813 2665 minor
2836 2610 2989 2680 culpa
3016 2609 3328 2679 promeruit.
3362 2607 3613 2663 Mundum
3654 2608 3823 2663 novis-

2245 2706 2380 2761 sime
2404 2705 2522 2760 ideo
2552 2718 2670 2759 esse
2699 2704 2893 2757 factum
2914 2744 2929 2769 ,
2959 2713 3014 2757 ut
3044 2702 3095 2755 in
3134 2716 3199 2756 eo
3227 2702 3419 2755 animae
3442 2710 3823 2771 purgarentur,

2244 2814 2363 2871 qua:
2406 2808 2529 2852 ante
2574 2803 2946 2868 peccaverunt.
2991 2793 3166 2865 ignem
3215 2808 3343 2849 sane
3393 2803 3694 2862 aeternum,
3732 2808 3828 2864 quo

2246 2898 2555 2961 peccatores
2585 2889 2891 2958 puniantur,
2922 2901 3094 2956 neque
3119 2900 3240 2941 esse
3272 2886 3444 2956 ignem
3479 2900 3674 2940 verum
3694 2925 3708 2948 ,
3744 2900 3829 2939 ne-

2245 2997 2349 3056 que
2374 2993 2659 3046 mtct‘num,
2704 2977 3129 3050 prmdicaverunt
3146 3020 3162 3045 ,
3189 2977 3427 3032 dicentes
3445 3018 3461 3043 ,
3490 2976 3697 3033 dictum
3718 2990 3828 3031 esse

2246 3078 2422 3148 ignem
2446 3117 2461 3142 ,
2502 3073 2734 3148 propria:
2779 3071 3119 3127 conscientia:
3166 3070 3534 3140 punitionem:
3575 3078 3826 3124 aeternum

2246 3159 2424 3225 autem
2460 3168 2609 3238 juxta
2649 3164 3022 3238 etymologiam
3062 3178 3319 3235 grzecam,
3354 3176 3459 3217 non
3494 3176 3621 3217 esse
3651 3176 3828 3232 perpe-

2246 3272 2396 3318 tuum
2416 3304 2431 3329 ,
2464 3262 2624 3318 etiam
2670 3259 2836 3313 latino
2862 3254 3167 3314 testimonio
3206 3253 3450 3326 adjecto;
3477 3254 3607 3324 quia
3636 3254 3824 3308 dictum

2248 3358 2337 3421 sit,
2359 3357 2413 3409 in
2428 3362 2688 3418 internum,
2710 3361 2785 3420 et,
2801 3352 2856 3405 in
2870 3350 3112 3406 circulum
3130 3346 3305 3404 saeculi
3322 3346 3491 3421 (Ρωι.
3511 3362 3595 3414 lx,
3615 3347 3671 3413 6,
3711 3346 3823 3409 etc.)

2247 3447 2610 3521 postposuerit
2642 3453 2848 3500 aeterno
2876 3461 2891 3499 :
2921 3457 2984 3498 ac
3012 3442 3090 3497 sic
3123 3455 3310 3495 omnes
3334 3447 3674 3510 peccatorum
3713 3433 3826 3486 ani-

2246 3557 2362 3597 mas
2390 3548 2509 3611 post
2551 3535 2915 3608 purgationem
2961 3533 3303 3588 conscientiae
3349 3531 3400 3584 in
3430 3530 3687 3585 unitatem
3712 3541 3830 3582 cor—

2247 3635 2395 3707 poris
2420 3630 2618 3687 Christi
2649 3643 2767 3683 esse
2791 3627 3071 3682 redituras.
3104 3624 3404 3678 Voluerunt
3429 3621 3591 3677 etiam
3621 3620 3689 3675 de
3717 3619 3830 3674 dia-

2248 3726 2372 3781 bolo
2399 3736 2641 3783 asserere
2660 3762 2675 3787 ,
2712 3718 2809 3774 sed
2839 3733 2943 3773 non
2984 3715 3410 3787 prrevaluerunt:
3446 3726 3513 3768 eo
3535 3708 3689 3783 quod
3714 3724 3829 3765 eum

2252 3816 2549 3879 substantia
2575 3814 2630 3870 in
2656 3828 2721 3869 eo
2748 3812 2882 3868 bona
2920 3809 3055 3865 facta
3083 3807 3261 3880 perire
3293 3821 3399 3863 non
3427 3805 3622 3879 possit,
3653 3810 3832 3861 exusta

2249 3913 2496 3968 inlotum
2526 3907 2760 3973 malitia,
2803 3904 2998 3961 diaboli
3036 3900 3321 3973 aliquando
3361 3898 3680 3955 salvandam
3721 3910 3839 3952 esse

2250 3989 2621 4061 substantiam.
2651 3999 2727 4054 De
2745 4011 2971 4068 corpore
2990 4009 3117 4051 vero
3140 3992 3348 4049 Domini
3365 3991 3442 4047 sic
3466 3990 3834 4046 tradidertmt:

2250 4094 2369 4167 quia
2406 4107 2524 4149 cum
2571 4104 2743 4161 usque
2786 4086 2852 4143 ad
2893 4101 2993 4141 nos
3021 4086 3240 4140 veniens
3265 4082 3431 4139 Filius
3471 4081 3569 4136 Dei
3616 4087 3739 4152 post
3766 4085 3841 4133 tot

2251 4186 2412 4243 millia
2437 4198 2722 4248 annorum,
2749 4179 2953 4235 otiosus
2972 4192 3037 4232 eo
3057 4190 3225 4246 usque
3250 4189 3355 4229 non
3382 4173 3565 4236 fuerit,
3590 4171 3687 4227 sed
3709 4183 3842 4240 pra:-

2250 4278 2434 4333 dicans
2463 4273 2835 4331 remissionem
2862 4269 3084 4339 angelis,
3115 4265 3465 4337 potestatibus
3484 4306 3500 4332 ,
3532 4272 3697 4335 atque
3720 4261 3844 4317 uni-

2250 4366 2423 4423 versis
2461 4362 2860 4437 superioribus,
2904 4374 3027 4413 cum
3067 4358 3370 4428 qualitatem
3420 4354 3611 4409 forma:
3655 4366 3843 4408 eorum

2251 4474 2384 4530 quos
2425 4456 2665 4512 visitaret
2713 4459 3041 4516 assumeret,
3091 4462 3258 4518 usque
3303 4445 3372 4501 ad
3421 4444 3845 4515 palpabilitatem

2251 4550 2429 4607 carnis
2452 4545 2830 4618 assumptiouis
2850 4543 3031 4616 specie
3051 4541 3396 4597 transivisse:
3426 4538 3526 4595 hoc
3552 4538 3806 4610 passione
3825 4538 3846 4568 '

2252 4653 2308 4702 et
2336 4640 2729 4699 resurrectione
2758 4635 3143 4702 determinans,
3174 4648 3359 4690 rursus
3382 4632 3557 4688 donec
3585 4647 3762 4705 usque
3784 4629 3850 4687 ad

2252 4737 2465 4792 Patrem
2491 4731 2697 4787 veniret
2740 4726 3077 4785 ascendendo
3103 4736 3389 4782 tenuasse:
3430 4723 3502 4783 ita
3540 4739 3729 4795 neque
3756 4722 3849 4777 de-

2251 4828 2485 4898 positum
2516 4836 2746 4893 unquam
2774 4820 2797 4852 ⁶
2826 4818 2991 4874 fuisse
3018 4831 3237 4887 corpus,
3266 4831 3364 4871 nec
3389 4815 3441 4870 in
3464 4829 3704 4884 corpore
3742 4812 3851 4869 ullo

2253 4926 2565 4991 regnantem
2611 4912 2977 4971 circumscribi
3032 4910 3217 4966 Deum.
3268 4907 3583 4964 Creaturam
3638 4919 3854 4976 quoque

2254 5012 2545 5083 subjectam
2572 5003 2919 5077 corruptioni,
2946 5018 3055 5059 nou
3078 5000 3342 5056 volentem
3362 5041 3376 5064 ,
3406 4995 3847 5069 intelligendam'

2254 5118 2373 5160 esse
2392 5101 2679 5166 dicebant,
2708 5097 2873 5153 solem
2898 5105 2953 5151 et
2999 5094 3175 5149 lunam
3198 5100 3251 5148 et
3275 5090 3491 5155 stellas;
3522 5098 3580 5145 et
3606 5088 3731 5144 haec
3750 5102 3853 5143 non

2256 5192 2631 5250 elementarios
2658 5203 2777 5245 esse
2804 5187 3056 5256 fulgores,
3081 5182 3175 5239 sed
3196 5180 3485 5238 rationales
3510 5188 3852 5250 potestates:

2258 5287 2502 5359 praebere
2536 5292 2712 5338 autem
2739 5278 3012 5337 servitium
3058 5273 3416 5344 corruptioni,
3460 5280 3693 5343 propter
3733 5284 3857 5327 eum

2320 5395 2886 5455 Hniisdemcodlcibus,
2918 5390 3147 5445 solutione
3182 5385 3695 5449 satissobriamtmia
3731 5385 3860 5448 hoc.

2258 5474 2353 5519 etc.

2320 5513 2353 5563 ἴ
2366 5526 2574 5577 Vaticani
2589 5522 2799 5581 codices,
2823 5529 2971 5586 usque
2993 5513 3155 5586 adiam
3166 5517 3346 5586 met,

2322 5592 2343 5622 ι
2364 5570 2845 5651 έίῖςῖιξιῦἱιὲὶιέίᾁμξ..
2862 5570 2967 5651 [nec
2988 5570 3555 5651 (rectissim

2320 5651 2344 5684 δ
2365 5637 2438 5699 δίὲ
2457 5655 2565 5698 uss.
2592 5653 2646 5696 At
2660 5646 2807 5712 editi,
2820 5637 2870 5694 ut
2889 5654 3015 5712 me

2322 5714 2344 5745 ⁸
2370 5698 2466 5759 itm.
2494 5718 2546 5759 et
2562 5715 2654 5767 Er.,
2676 5698 2833 5769 specie
2855 5698 3065 5754 crassius
3087 5714 3137 5753 se
3158 5699 3250 5750 hac
3272 5698 3510 5763 passiam
3526 5698 3639 5750 αι.

2324 5774 2346 5808 ⁸
2368 5772 2575 5823 Vaticani
2592 5777 2693 5820 Mss.
2719 5780 2829 5816 cum
2844 5774 2945 5815 Am.
2968 5771 3023 5816 et
3049 5771 3148 5826 En,
3170 5773 3389 5827 tum

2324 5827 2983 5897 εωθιειηὺωθυοααι.
