4094 6448
267 398 383 462 669

270 516 365 588 qui
391 514 622 586 subjecit
645 514 702 571 in
724 518 821 586 'spe
855 515 1027 586 (Rom.
1062 531 1180 583 vm,
1205 514 1323 589 20).

342 608 400 664 4.
432 606 587 674 Hoc,
634 607 776 663 sicut
818 606 1055 663 retinere
1080 608 1262 677 potui,
1303 608 1538 664 breviter
1564 609 1863 681 expositum

269 710 391 773 est,
429 711 484 755 ut
519 701 811 770 perspectis
852 700 1099 757 omnibus
1125 702 1325 758 morbis
1360 702 1680 759 medicinam
1706 702 1864 758 adhi-

269 794 404 849 bere
434 792 681 849 festines.
712 792 806 848 Est
836 794 1034 848 veritas
1058 792 1256 849 Christi
1282 794 1337 850 in
1362 810 1470 863 me,
1500 794 1622 866 quia
1648 804 1867 866 propter

268 886 636 941 venerabilem
672 887 1025 942 reverentiam
1054 884 1364 943 Sanctitatis
1403 897 1506 943 tuae
1529 904 1660 950 csse
1689 889 1866 960 impu-

267 975 405 1033 dens
425 992 534 1033 non
560 977 838 1046 auderem,
861 978 963 1033 nisi
984 977 1213 1035 evidenti
1235 979 1434 1050 judicio
1455 991 1505 1037 et
1528 981 1862 1037 ordinatione

274 1116 893 1167 ﬁ

888 1158 1259 1166 .-_—_._..u.—.
1288 1159 1543 1165 wn
1556 1159 1578 1164 —
1588 1158 1855 1165 ————.——o—.-

893 1159 2958 1372 Ξῖῦῐιέῐίίῖἱπὶῐὲῖιιίᾖί

615 399 708 456 AD
744 397 1046 459 OROSWM
1078 400 1356 458 CONTRA
1392 402 1716 463 P31801111.
1758 401 1846 458 ET
1882 397 2180 468 ORIGEN,
2221 398 2281 456 ὃ.
2320 397 2687 462 AUGUSTI?“
2724 404 2932 462 LIBER
2968 404 3175 465 UNUS.

1714 1117 1897 1125 —-—.——-—

3447 411 3554 467 670

1972 520 2065 576 Dei
2093 520 2158 575 ad
2188 520 2331 576 illius
2359 523 2489 577 tanti
2524 530 2580 577 et
2608 522 2726 578 talis
2763 522 2977 593 populi,
3008 523 3097 578 cui
3136 525 3275 581 sicut
3321 534 3559 598 peccandi

1972 613 2123 683 plaga
2155 613 2400 682 imposita
2427 621 2529 680 est,
2557 615 2634 669 sic
2663 623 2785 685 post
2807 615 3015 686 plagam
3040 630 3169 673 cura
3194 615 3437 687 debetur,
3467 635 3560 674 re-

1973 704 2147 759 media
2184 704 2502 774 proferenda
2540 716 2595 761 te
2624 707 2851 763 electum
2872 750 2887 774 ,
2932 722 3022 762 me
3057 708 3280 764 missum
3320 724 3442 766 esse
3466 724 3561 767 co-

1971 812 2305 868 gnoscerem.
2338 797 2537 853 Memor
2562 799 2687 863 mei,
2721 799 3027 855 beatissime
3051 808 3222 870 pater,
3250 801 3557 858 multorum-

1973 903 2077 958 que
2103 889 2193 959 qui
2224 903 2434 944 mecum
2458 889 2602 943 velut
2620 904 2710 945 ros
2733 890 3001 962 eloquium
3023 901 3172 949 tuum
3198 902 3259 949 ut
3278 907 3441 964 super
3465 908 3562 950 eos

1974 980 2264 1037 descendat
2288 989 2622 1053 expectant,
2652 997 2772 1039 esse
2796 982 3035 1055 dignare.

2958 1123 3536 1134 ψ-

2958 1135 3537 1173 ᾗ

2910 1165 2935 1172 Φ
3028 1161 3035 1162 ,
3116 1161 3119 1162 ν

1449 1440 1964 1505 HIPPONENSIS
2004 1442 2360 1508 EPISCOPI

807 1605 1244 1827 AD
1418 1600 3089 1901 mu)st

1746 1951 2071 2019 CONTRA

274 2107 1890 2243 PRISCILLIANISTAS
2010 2113 2242 2244 ET
2362 2116 3452 2255 ORIGENISTA

1549 2309 1827 2407 imber

1968 2331 2120 2409 “11$
2164 2333 2267 2409 (α).
3418 2389 3425 2396 .

1592 2483 2227 2538 W

334 2596 566 2655 CAPUT
602 2597 888 2655 PRIMUM.
916 2629 986 2640 —
1009 2598 1063 2655 l.
1087 2597 1434 2670 Bespondere
1457 2597 1551 2655 tibi
1574 2598 1858 2670 quaerenti,

267 2689 617 2745 dilectissime
641 2689 716 2746 fili
740 2689 927 2756 Orosi,
973 2705 1073 2746 nec
1097 2691 1165 2746 ad
1195 2690 1374 2745 omnia
1415 2689 1620 2759 debeo,
1663 2704 1782 2761 quae
1809 2689 1863 2745 in

268 2790 358 2836 tuo
384 2781 812 2838 Commonitorio
850 2782 1101 2853 posuisti,
1140 2796 1240 2837 nec
1264 2781 1482 2836 omnino
1520 2796 1626 2837 non
1667 2778 1859 2849 debeo,

268 2889 334 2929 ne
361 2873 598 2929 studium
627 2880 806 2941 tuum,
843 2873 985 2945 quod
1012 2874 1141 2929 mihi
1178 2873 1536 2944 gratissimum
1575 2881 1658 2927 est
1682 2914 1696 2937 ,
1729 2886 1861 2927 con-

266 2969 555 3039 tempsisse
585 2967 789 3034 videar,
816 2975 872 3023 et
895 2968 965 3023 ob
991 2967 1093 3022 hoc
1128 2967 1547 3038 intemperanter
1570 2964 1857 3020 offendam.

266 3058 397 3116 Nam
425 3060 480 3115 in
509 3060 826 3130 quibusdam
851 3059 1119 3129 opusculis
1145 3057 1362 3124 nostris,
1394 3073 1511 3128 qua:
1537 3057 1621 3112 vel
1652 3055 1857 3126 legisti,

264 3152 347 3207 vel
376 3151 561 3222 legere
585 3158 804 3221 poteris,
832 3151 995 3205 multa
1029 3150 1170 3205 dicta
1198 3158 1350 3216 sunt,
1382 3164 1501 3219 qua:
1529 3149 1737 3202 valeant
1761 3146 1860 3201 ad-

263 3260 457 3304 versus
482 3246 732 3301 haeresim
757 3245 1272 3300 Priscillianistarum
1296 3260 1308 3296 :
1336 3243 1582 3314 quamvis
1602 3257 1707 3297 non
1730 3239 1859 3295 mibi

263 3352 356 3394 eos
382 3337 753 3408 proposuerim
782 3334 1138 3401 refellendos;
1170 3334 1264 3390 sed
1293 3349 1412 3390 cum
1441 3333 1584 3387 aliud
1619 3346 1855 3402 agerem,

263 3431 426 3485 etiam
458 3430 562 3484 boe
592 3444 677 3484 me
708 3429 884 3499 egisse
910 3441 1052 3483 nunc
1078 3426 1336 3498 intelligo,
1365 3425 1578 3496 quando
1606 3438 1673 3479 ex
1703 3434 1755 3478 te
1773 3438 1860 3476 au-

262 3521 350 3578 dio
378 3522 509 3594 quid
538 3521 613 3577 illi
648 3522 897 3577 sentiant.
928 3519 1080 3589 Quod
1121 3520 1262 3575 enim
1302 3527 1385 3575 est
1409 3514 1664 3573 adversus
1693 3517 1857 3572 Manio

263 3612 446 3669 cbaeos
470 3614 654 3669 multis
691 3628 721 3668 a
759 3596 849 3668 me
880 3613 1012 3667 locis
1042 3611 1109 3667 de
1137 3612 1313 3666 anima
1342 3611 1697 3681 disputatum,
1739 3622 1858 3679 quae

264 3707 389 3762 licet
417 3707 712 3762 secundum
740 3705 1023 3777 quemdam
1053 3704 1270 3760 modum
1293 3720 1446 3760 suum
1483 3704 1553 3758 sit
1578 3703 1855 3758 immorta-

264 3797 364 3865 lis,
398 3807 581 3853 tamcn
611 3798 664 3852 in
700 3797 935 3852 deterius
964 3795 1260 3852 deiicienda
1297 3803 1349 3851 et
1381 3796 1433 3849 iu
1470 3794 1658 3849 melius
1698 3791 1859 3862 proﬁ-

263 3887 457 3944 ciendo
505 3887 776 3943 mutabilis
818 3902 938 3943 esse
982 3886 1330 3951 convincitur,
1370 3894 1425 3941 et
1468 3901 1562 3955 per
1603 3884 1707 3939 hoc
1749 3899 1855 3939 non

262 3995 386 4036 esse
417 3979 486 4035 de
514 3979 603 4034 Dei
631 3979 928 4035 substantia
952 3978 1337 4034 dilucidissime
1360 3977 1672 4042 ostenditur,
1697 3974 1856 4030 simul

264 4088 478 4144 quoque
521 4072 835 4127 Priscilliani
875 4071 1068 4142 dogma
1106 4071 1384 4126 subvertit.
1416 4070 1527 4124 Hoc
1568 4068 1709 4123 enim
1752 4082 1859 4122 uno

264 4164 577 4220 firmissime
613 4165 925 4231 constituto,
957 4163 1097 4234 quod
1131 4172 1184 4218 et
1207 4163 1547 4219 verissimum
1587 4171 1697 4225 est,
1727 4161 1857 4215 etin

268 4256 453 4327 seipso
480 4256 844 4327 unusquisque
873 4255 1177 4310 admonitus
1199 4254 1448 4309 facillime
1476 4252 1733 4324 agnoscit,
1765 4267 1860 4307 ne—

267 4368 370 4423 que
391 4351 494 4418 illi,
522 4366 697 4419 neque
718 4350 807 4405 isti
827 4350 1101 4403 inveniunt
1127 4348 1265 4403 unde
1290 4362 1413 4402 suas
1432 4346 1636 4402 fabulas
1657 4352 1856 4400 texant.

267 4442 407 4510 Quid
433 4453 612 4497 autem
648 4455 781 4510 opus
813 4450 897 4497 est
927 4441 1005 4495 ire
1048 4454 1141 4510 per
1177 4438 1528 4510 amputandos
1558 4452 1737 4492 ramos
1774 4436 1860 4491 lo-

267 4528 581 4609 quacissimi
628 4533 856 4599 erroris,
890 4534 1042 4602 cujus
1068 4531 1299 4587 radicem
1330 4531 1560 4585 effodere
1586 4539 1744 4599 atque
1769 4545 1860 4584 ex-

269 4629 503 4698 stirpare
527 4625 897 4696 compendium
922 4634 1037 4689 est;
1068 4638 1188 4679 cum
1212 4621 1507 4693 praesertim
1533 4630 1587 4676 et
1607 4620 1721 4690 ipse
1739 4635 1863 4691 gra-

271 4721 460 4776 tulcris
482 4763 499 4788 ,
526 4719 635 4791 jam
680 4719 768 4774 illa
808 4718 1199 4774 fabulosissima
1229 4716 1576 4773 deliramenta
1604 4714 1743 4785 apud
1766 4728 1863 4770 vos

270 4829 391 4868 esse
410 4812 660 4867 convicta
673 4811 699 4865 ‘I

341 4901 572 4959 CAPUT
602 4902 664 4957 ll.
691 4932 763 4944 —
788 4901 842 4956 2.
870 4900 975 4957 Sed
1005 4900 1074 4956 de
1101 4900 1275 4955 anima
1313 4899 1660 4970 quaestionem
1690 4896 1864 4954 adhuc

276 5010 442 5065 Isque
472 4994 698 5057 versari,
727 5000 904 5047 utrum
932 5007 1048 5047 eam
1081 4992 1219 5046 Deus
1249 4989 1520 5060 (quoniam
1546 4988 1860 5060 particulam

275 5090 357 5145 vel
386 5087 747 5144 deﬂuxiouem
774 5086 890 5156 ejus
915 5100 1021 5140 non
1048 5098 1167 5140 esse
1191 5084 1300 5153 jam
1330 5084 1564 5151 constat)
1596 5097 1661 5136 ex
1693 5079 1863 5134 nihilo

277 5196 490 5237 creasse
526 5180 785 5237 dicendus
823 5180 926 5246 sit,
953 5192 1019 5233 eo
1047 5176 1189 5249 quod
1214 5176 1404 5245 durum
1443 5185 1497 5231 et
1529 5174 1750 5244 impium
1778 5172 1861 5227 vi-

279 5274 467 5330 deatur
491 5273 817 5330 voluntatem
857 5272 950 5328 Dei
980 5270 1160 5327 dicere
1189 5269 1321 5325 nihil
1351 5283 1492 5333 esse,
1523 5282 1629 5338 quo
1652 5267 1864 5322 volente

1968 2607 2145 2653 creata
2172 2608 2291 2654 est:
2321 2597 2426 2656 hoc
2462 2600 2673 2671 quidem
2706 2601 2817 2673 jam
2861 2619 2966 2660 non
3006 2605 3237 2675 pertinet
3273 2605 3341 2662 ad
3377 2604 3561 2663 redar-

1971 2688 2234 2760 guendam
2259 2689 2572 2747 Priscilliani
2601 2693 2909 2765 sacrilegam
2931 2697 3237 2752 vanitatem.
3261 2696 3388 2754 Sive
3415 2698 3558 2753 enim

1972 2796 2037 2837 ex
2069 2782 2234 2837 nihilo
2260 2782 2397 2838 facta
2435 2784 2504 2839 sit
2543 2784 2719 2839 anima
2739 2820 2761 2852 ί
2788 2785 2900 2842 sive
2927 2786 3029 2842 hoc
3057 2799 3337 2859 propterea
3375 2788 3560 2843 dicen-

1971 2872 2096 2928 dum
2127 2889 2233 2928 non
2264 2874 2366 2941 sit,
2397 2875 2520 2944 quia
2563 2874 2657 2930 Dei
2682 2876 2952 2931 voluntate
2999 2876 3130 2932 facta
3162 2886 3273 2951 est,
3319 2894 3437 2949 quae
3464 2892 3562 2933 vo-

1968 2964 2146 3035 luntas
2175 2966 2358 3037 utique
2384 2981 2491 3021 non
2521 2975 2603 3021 est
2634 2966 2763 3023 nihil
2792 2986 2805 3021 :
2839 2978 3013 3023 tamen
3041 2972 3160 3039 quia
3188 2969 3344 3033 facta,
3377 2978 3431 3025 et
3463 2969 3564 3025 Dei

1967 3066 2157 3112 natura
2193 3073 2299 3113 non
2339 3067 2422 3115 est
2443 3060 2484 3127 ¹,
2516 3058 2760 3132 profecto
2788 3060 3006 3118 hmresis
3033 3062 3119 3117 illa
3138 3061 3417 3132 refellitur,
3444 3078 3564 3134 qua:

1967 3150 2200 3204 animam
2233 3150 2481 3220 primitus
2509 3162 2751 3206 naturam
2775 3152 2870 3208 Dei
2901 3168 3018 3209 esse
3044 3154 3350 3221 contendit,
3382 3161 3439 3209 ut
3466 3154 3563 3209 ha-

1965 3240 2091 3295 beat
2114 3242 2256 3297 unde
2283 3242 2567 3298 concinnet
2595 3244 2617 3275 ³
2647 3243 2716 3298 ibi
2741 3244 2997 3317 quidquid
3020 3245 3162 3300 aliud
3194 3245 3439 3300 falsitatis
3462 3244 3561 3299 ad-

1961 3332 2156 3404 jungit.
2191 3333 2386 3388 Verum
2423 3334 2546 3404 quia
2581 3336 2825 3390 et-istam
2852 3337 3201 3407 quaestionem
3229 3351 3483 3408 spernere
3510 3342 3565 3391 et

1966 3426 2318 3481 indiscussam
2352 3427 2653 3497 relinquere
2693 3443 2799 3483 non
2837 3438 3081 3501 oportet;
3112 3428 3455 3501 quaerendum
3481 3434 3565 3483 est

1965 3517 2034 3573 ab
2054 3518 2189 3584 istis,
2213 3520 2305 3589 qui
2327 3527 2607 3589 propterea
2634 3520 2820 3574 nolunt
2839 3522 3069 3575 animam
3092 3536 3157 3576 ex
3181 3521 3346 3576 nihilo
3368 3518 3561 3575 factam

1966 3609 2212 3679 credere,
2227 3626 2292 3665 ne
2310 3611 2636 3665 voluntatem
2657 3611 2748 3667 Dei
2762 3627 2864 3683 qua
2886 3611 3024 3666 facta
3040 3619 3121 3667 est
3137 3612 3264 3666 nihil
3285 3625 3406 3667 esse
3424 3625 3563 3666 asse-

1966 3708 2107 3765 rant,
2127 3700 2475 3771 quaerendum
2491 3712 2569 3755 est
2585 3717 2714 3773 ergo
2735 3702 2803 3757 ab
2814 3703 2913 3770 eis,
2935 3710 3112 3757 utrum
3127 3702 3323 3757 nullam
3346 3711 3562 3757 creatu-

1964 3806 2081 3847 ram
2102 3807 2173 3847 ex
2195 3792 2362 3847 nihilo
2382 3793 2573 3847 factam
2594 3809 2713 3849 esse
2734 3793 3016 3850 fateantur.
3041 3793 3099 3849 Si
3115 3794 3256 3849 enim
3278 3793 3328 3849 id
3348 3803 3556 3865 putant,

1967 3882 2264 3938 verendum
2280 3891 2364 3938 est
2386 3898 2453 3939 ne
2468 3884 2626 3939 aliam
2643 3884 2928 3955 quamdam
2948 3893 3189 3939 naturam
3207 3892 3468 3939 conentur
3486 3883 3560 3939 in-

1965 3974 2183 4041 ducere,
2208 3990 2325 4046 quae
2342 3990 2512 4046 neque
2536 3976 2675 4062 Deus
2693 3977 2781 4045 sit,
2806 3992 2904 4033 nec
2925 3986 3102 4032 tamen
3131 3977 3261 4032 nihil
3283 3977 3371 4040 sit,
3400 3992 3559 4047 quam

1965 4066 2114 4122 velut
2138 4067 2415 4122 materiam
2442 4066 2543 4122 sibi
2564 4068 2857 4137 subjectam
2880 4069 2980 4124 nisi
3003 4068 3143 4124 Deus
3160 4068 3401 4137 haberet,
3422 4068 3563 4124 unde

1963 4159 2168 4214 faceret
2194 4159 2450 4231 quidquid
2479 4160 2602 4215 fecit
2634 4161 2873 4216 invenire
2903 4177 3009 4217 non
3046 4169 3247 4232 posset.
3272 4161 3403 4217 Nam
3432 4160 3561 4215 dmn

1965 4253 2224 4324 quaeritur
2237 4256 2377 4308 unde
2400 4262 2701 4309 creaturam
2723 4269 2875 4309 suam
2903 4254 3044 4310 Deus
3071 4253 3285 4322 fecerit,
3315 4254 3561 4325 qumdam

1964 4347 2216 4401 materies
2237 4347 2529 4417 quaaritur:
2560 4348 2712 4402 sicuti
2734 4356 2817 4402 est
2840 4330 2988 4402 fabro
3010 4349 3232 4419 lignum,
3260 4347 3343 4401 vel
3365 4348 3565 4418 quodli-

1966 4438 2057 4494 bet
2080 4452 2274 4508 eorpus
2291 4479 2306 4506 ,
2331 4436 2475 4507 quod
2498 4437 2602 4493 nisi
2626 4438 2901 4506 habuerit,
2925 4454 2988 4494 ea
3010 4437 3187 4494 facere
3215 4455 3334 4510 qua:
3360 4438 3428 4493 ab
3447 4438 3565 4510 ejus

1967 4538 2083 4584 arte
2126 4538 2463 4598 expetuntur,
2508 4528 2729 4583 omnino
2758 4544 2863 4584 non
2894 4530 3103 4603 poterit.
3136 4529 3270 4584 Cum
3318 4544 3446 4601 ergo
3471 4544 3563 4584 re—

1968 4619 2279 4691 spondetur,
2329 4619 2407 4674 Ex
2437 4619 2640 4687 nihilo;
2678 4620 2807 4690 quid
2835 4620 3207 4691 resriondetur,
3236 4620 3338 4675 nisi
3368 4620 3563 4674 nullam

1968 4710 2017 4768 ei
2042 4711 2334 4782 subjectam
2368 4711 2533 4767 fuisse
2562 4714 2861 4779 materiam,
2888 4729 3047 4784 quam
3074 4714 3188 4784 ipse
3213 4729 3319 4768 non
3345 4713 3559 4778 fecerat,

1970 4815 2029 4860 ut
2065 4805 2288 4861 haberet
2312 4805 2452 4861 unde
2483 4805 2711 4876 faceret,
2745 4807 2788 4861 si
2816 4806 2940 4878 quid
2970 4807 3159 4871 vellet,
3192 4814 3248 4860 et
3276 4820 3431 4875 quam
3461 4806 3563 4861 nisi

1971 4897 2212 4964 haberet,
2246 4895 2424 4953 facere
2449 4913 2555 4952 non
2579 4898 2822 4953 valeret?
2847 4897 3092 4953 Materies
3123 4897 3317 4967 quippe
3345 4896 3524 4951 mundi
3549 4938 3563 4963 ,

1971 5004 2091 5058 quae
2132 4988 2184 5043 in
2224 4989 2384 5043 rebus
2422 4989 2766 5044 mutabilibus
2797 4999 3079 5058 utcumque
3123 4987 3467 5057 dignoscitur,
3500 4986 3568 5042 ab

1970 5069 2089 5150 ipso
2113 5081 2400 5135 consntuta
2436 5090 2547 5148 est,
2599 5097 2626 5134 a
2671 5097 2777 5152 quo
2816 5082 3134 5135 constitutus
3179 5087 3261 5133 est
3312 5080 3562 5135 mundus.

1972 5172 2306 5242 Quapropter
2351 5172 2449 5227 etsi
2478 5171 2606 5228 fecit
2646 5170 2844 5243 aliquid
2877 5173 3016 5225 Deus
3059 5178 3150 5224 aut
3200 5169 3325 5224 facit
3366 5186 3433 5225 ex
3462 5171 3581 5226 alia

1972 5279 2305 5335 quacumque
2347 5279 2437 5332 re;
2471 5281 2578 5320 non
2623 5275 2798 5321 tamen
2830 5281 2894 5321 ex
2923 5279 2985 5319 ea
3030 5278 3089 5318 re
3118 5262 3243 5319 fecit
3280 5274 3371 5320 aut
3405 5264 3564 5334 facit,

1464 5394 1751 5436 ΑωιοΝιτιο
1788 5393 1869 5432 PP.
1911 5391 2390 5433 BBNEDICTINORUM.

338 5480 480 5529 Liber
499 5480 559 5529 ad
580 5479 800 5532 omium
821 5484 987 5529 contra
1009 5474 1387 5526 Pnseillianistas
1405 5482 1457 5524 et
1476 5475 1798 5536 Origemstas,
1820 5482 1884 5519 ex
1907 5470 2144 5536 Vaticanis
2165 5469 2355 5519 duobus
2376 5475 2481 5520 Mss.
2513 5482 2576 5520 ex
2596 5470 2812 5536 quinque
2831 5466 3081 5520 Gallicanis
3096 5504 3111 5531 ,
3136 5469 3434 5534 Colbertino,
3456 5480 3563 5524 Sor-

282 5539 470 5601 bonico,
488 5531 852 5605 Sigiratnnensn,
875 5540 1125 5591 “olorinis
1143 5538 1348 5597 duobus,
1376 5545 1429 5587 et
1446 5550 1509 5586 ex
1531 5531 1881 5598 antiquioribus
1903 5531 2196 5581 editionibus
2217 5540 2466 5581 correctus
2483 5539 2575 5582 est.

3274 5573 3311 5599 μ

364 5624 872 5705 Comparavimus
893 5633 1198 5703 praterea
1225 5639 1323 5683 eas
1354 5638 1558 5681 omnes
1588 5617 1889 5680 editiones
1922 5614 2112 5677 t'm'tio
2136 5614 2303 5675 Retr.
2330 5620 2388 5673 et
2406 5612 2721 5690 Confess,
2743 5624 2790 5675 ε.
2820 5616 2879 5688 1,
2911 5625 3298 5679 memoratas.
3393 5620 3476 5686 M.

350 5896 426 5963 (ι)
445 5900 659 5964 Scriptus
673 5912 803 5955 anno
818 5900 995 5953 Cm
1008 5897 1120 5952 415.

2043 5776 2059 5839 ξ
2086 5781 2213 5836 Mss,
2236 5776 2499 5839 qmafacta
2518 5782 2607 5837 est,
2635 5775 2725 5829 Dei
2745 5783 2924 5830 natura
2951 5792 3045 5833 non
3063 5788 3150 5832 est.

1979 5837 2077 5950 om;
2106 5842 2155 5886 In
2201 5837 2449 5889 \‘iCtorinis
2509 5839 2717 5905 aliisque
2761 5840 3007 5893 nonnullis
3057 5842 3335 5908 codicibus,
3386 5854 3564 5898 corm-

3090 6071 3119 6094 Ι
