4094 6442
552 392 651 447 671
1148 395 1241 451 AD
1276 394 1574 452 OROSIUM
1610 394 1882 453 CONTRA
1921 395 2245 456 PRISCILL.
2287 398 2377 456 ET
2412 399 2714 473 ORIGEN.,
2744 404 2802 463 S.
2841 406 3210 467 AUGUSTINI

550 520 710 578 quam
737 505 852 577 ipse
877 520 982 562 non
1009 507 1215 564 fecerit.
1256 508 1611 575 Quamobrem
1643 520 1969 580 sequestrata
1995 526 2130 581 pau-

548 599 717 655 lulum
742 601 932 655 anima:
959 610 1166 667 natura,
1195 600 1238 654 si
1266 600 1498 654 fatentur
1523 600 1688 655 Deum
1720 602 1915 672 aliquid
1943 602 2133 659 fecisse

549 692 617 748 de
645 692 843 759 nihilo,
885 694 1158 748 attendant
1187 701 1239 747 et
1274 693 1517 758 videant,
1552 695 1808 764 quidquid
1856 696 1982 751 illud
2014 707 2129 764 est,

548 798 670 837 eum
701 784 969 838 voluntate
998 783 1215 849 fecisse;
1250 798 1355 838 non
1398 786 1539 839 enim
1569 786 1769 857 aliquid
1810 786 2023 843 fecisset
2048 789 2129 843 in-

546 874 687 929 vitus
711 891 723 926 :
748 889 845 928 nec
868 882 1041 929 tamen
1069 874 1188 929 ideo
1210 875 1451 930 eamdem
1477 878 1801 933 voluntatem
1831 879 1963 933 nihil
1987 896 2127 948 esse,

544 966 671 1035 quia
709 965 977 1019 voluntate
1017 966 1083 1019 ab
1124 966 1214 1020 illo
1249 968 1445 1037 aliquid
1477 985 1544 1024 ex
1588 971 1753 1025 nihilo
1794 971 1987 1026 factum
2027 982 2128 1028 est.

545 1056 654 1110 Cur
677 1070 804 1125 ergo
828 1055 895 1110 de
920 1057 1093 1111 anima
1126 1059 1311 1113 timent
1346 1060 1555 1124 dicere,
1588 1062 1729 1130 quod
1756 1063 1821 1117 de
1855 1064 1973 1119 aliis
2009 1065 2130 1137 qui-

542 1147 773 1203 buslibet
800 1148 961 1203 rebus
988 1165 1094 1205 non
1139 1152 1381 1207 dubitant
1410 1154 1627 1208 dicere?
1674 1156 1777 1209 Aut
1819 1157 1861 1209 si
1899 1158 2130 1212 animam

544 1243 908 1296 tantummodo
934 1245 1202 1300 voluntate
1232 1247 1321 1300 Dei
1367 1247 1644 1315 perhibent
1684 1248 1870 1302 factam
1893 1292 1906 1316 ,
1937 1261 2129 1305 caztcra

541 1347 661 1385 eum
692 1348 796 1387 non
826 1334 1094 1390 voluntate
1136 1336 1328 1392 fecisse
1357 1338 1718 1403 contendunt;
1764 1341 1890 1410 quid
1938 1342 2128 1398 absur-

538 1422 688 1487 dius,
723 1425 846 1493 quid
892 1426 1126 1482 insanius
1155 1428 1257 1481 dici
1298 1430 1507 1498 potest?
1539 1432 1694 1496 Quod
1722 1433 1765 1485 si
1798 1436 1973 1488 omnia
2010 1452 2129 1505 qua;

539 1511 698 1581 fecit,
720 1516 989 1572 voluntate
1016 1520 1197 1589 utique
1224 1520 1378 1586 fecit;
1406 1537 1504 1576 nec
1535 1532 1733 1591 tamen,
1763 1541 1881 1579 cum
1915 1528 2015 1582 hoc
2044 1529 2127 1583 di-

537 1604 737 1673 cimus,
784 1607 1026 1662 eamdem
1054 1611 1376 1666 voluntatem
1418 1614 1547 1668 nihil
1573 1630 1692 1670 esse
1720 1616 1944 1673 dicimus
1974 1637 1987 1674 :
2027 1619 2128 1675 hoc

538 1706 591 1749 et
618 1697 684 1751 de
723 1698 896 1751 anima
928 1701 1204 1770 accipiant.

607 1790 831 1848 CAPUT
865 1794 948 1849 Ill.
980 1827 1045 1835 —
1071 1798 1123 1851 5.
1146 1796 1278 1851 Cum
1304 1798 1446 1853 enim
1470 1798 1680 1867 dicitur,
1706 1801 1844 1857 Deus
1870 1818 1933 1859 ex
1960 1805 2128 1861 nihilo

536 1880 695 1948 fecit;
728 1884 857 1938 nihil
890 1886 1031 1941 aliud
1058 1887 1269 1953 dicitur,
1302 1890 1401 1944 nisi
1425 1932 1439 1955 ,
1466 1891 1579 1945 Non
1608 1902 1721 1947 erat
1745 1895 1881 1948 unde
1904 1894 2123 1964 faceret,

536 1984 593 2030 et
620 1984 795 2031 tamen
824 1980 944 2048 quia
984 1981 1150 2036 voluit
1191 1982 1334 2037 fecit.
1389 1983 1568 2054 Usque
1603 1986 1736 2041 adeo
1779 1988 1935 2058 igitur
1961 1990 2015 2043 in
2060 2006 2127 2046 eo

534 2070 677 2139 quod
698 2086 763 2125 ex
785 2072 949 2126 nihilo
971 2074 1115 2139 fecit,
1140 2077 1386 2131 voluntas
1410 2094 1513 2132 non
1539 2078 1667 2133 nihil
1695 2080 1907 2145 dicitur,
1932 2094 1990 2137 ut
2009 2084 2125 2154 ipsa

533 2163 800 2233 praecipue
828 2166 1250 2222 commendetur.
1275 2168 1405 2223 Nam
1425 2171 1509 2224 cui
1535 2170 1747 2239 dicitur,
1780 2172 1962 2229 Subest
1990 2176 2124 2230 enim

533 2256 622 2309 tibi
666 2274 779 2310 cum
819 2258 953 2314 voles
994 2277 1140 2329 posse
1182 2260 1335 2334 (Sap.
1369 2279 1438 2316 χιι
1461 2304 1475 2327 ,
1507 2263 1594 2334 l8)
1625 2282 1636 2317 :
1670 2266 1782 2320 sive
1812 2266 1949 2321 adsit
1981 2270 2124 2325 unde

532 2347 655 2413 fiat,
689 2352 802 2405 sive
827 2368 930 2405 non
962 2353 1133 2418 adsit;
1163 2364 1244 2408 sat
1270 2363 1352 2410 cst
1377 2357 1620 2412 voluntas
1640 2399 1654 2421 ,
1687 2359 1775 2413 ubi
1803 2375 2010 2415 summa
2041 2370 2123 2417 est

529 2450 786 2510 potestas.
818 2443 1095 2509 Quomodo
1120 2462 1247 2517 ergo
1275 2448 1325 2500 in
1354 2463 1422 2504 eo
1446 2448 1584 2517 quod
1608 2449 1674 2504 de
1700 2449 1865 2505 nihilo
1888 2460 2118 2519 creatur,

529 2534 775 2589 voluntas
800 2538 1033 2591 creantis
1060 2538 1192 2592 nihil
1214 2554 1331 2595 esse
1361 2539 1702 2609 perhibetur;
1733 2556 1851 2596 cum
1878 2552 2121 2613 propter-

526 2643 591 2685 ea
619 2628 687 2683 de
707 2629 873 2684 nihilo
899 2632 1067 2685 creari
1089 2632 1286 2702 aliquid
1311 2635 1495 2703 possit,
1520 2635 1639 2703 quia
1663 2634 1907 2691 voluntas
1932 2651 2120 2692 crean-

527 2720 595 2774 tis
620 2720 778 2775 etiam
809 2721 924 2776 sine
953 2723 1171 2776 materia
1197 2724 1297 2778 sibi
1328 2724 1550 2779 sufficit?
1580 2726 1729 2792 Quod
1752 2727 1796 2780 si
1827 2727 1983 2794 forte,
2010 2743 2117 2783 non

525 2812 697 2865 solum
727 2814 977 2878 animam,
1007 2814 1100 2869 sed
1128 2816 1325 2870 nullam
1358 2818 1574 2872 omnino
1602 2828 1900 2875 creaturam
1930 2822 2117 2878 volunt

525 2900 679 2956 fateri
716 2917 780 2957 ex
808 2903 973 2957 nihilo
1002 2904 1223 2971 factam,
1252 2906 1371 2961 ideo
1400 2909 1649 2978 quoniam
1683 2912 1939 2982 quidquid
1973 2913 2114 2969 Deus

523 2992 664 3057 fecit,
682 2996 953 3050 voluntate
966 2996 1110 3060 fecit,
1126 3014 1244 3068 qua:
1261 2999 1503 3055 voluntas
1521 3001 1704 3071 utique
1724 3018 1830 3059 non
1851 3013 1932 3060 est
1948 3004 2110 3071 nihil;

523 3087 806 3156 respiciant
836 3089 976 3144 unde
1018 3090 1312 3145 secundum
1360 3107 1553 3162 corpus
1604 3093 1774 3150 factus
1814 3098 1884 3151 sit
1924 3097 2111 3156 homo.

521 3178 679 3234 Certe
709 3181 870 3249 enim,
898 3183 1033 3236 sicut
1058 3181 1329 3252 Scriptura
1359 3193 1600 3251 testatur,
1630 3202 1750 3241 eum
1777 3188 1844 3243 de
1872 3189 1998 3243 limo
2026 3190 2114 3245 vel

520 3271 586 3326 de
612 3272 829 3342 pulvere
858 3283 1011 3328 terra}
1038 3275 1178 3329 Deus
1204 3274 1329 3329 fecit
1354 3275 1503 3347 (Gen.
1531 3293 1587 3340 ιι,
1617 3276 1693 3349 7),
1726 3288 1779 3333 et
1803 3281 1986 3349 procul
2015 3280 2113 3337 du-

519 3364 607 3419 bio
639 3366 906 3421 voluntate
931 3365 1091 3421 fecit:
1142 3382 1240 3422 nec
1290 3376 1464 3447 tamen
1510 3368 1751 3424 voluntas
1794 3371 1888 3425 Dei
1939 3372 2110 3442 pulvis

517 3467 608 3512 aut
646 3458 802 3513 limus
830 3467 931 3513 est.
966 3458 1115 3513 Sicut
1142 3474 1269 3531 ergo
1295 3459 1347 3514 in
1378 3473 1443 3515 eo
1482 3460 1622 3530 quod
1658 3475 1725 3515 ex
1754 3460 1882 3516 limo
1911 3462 2108 3519 factum

515 3560 628 3615 est,
672 3551 913 3619 quamvis
950 3551 1226 3607 voluntate
1264 3552 1336 3606 sit
1366 3552 1590 3617 factum,
1620 3568 1723 3607 non
1751 3561 1833 3609 est
1863 3555 2108 3612 voluntas

513 3641 709 3708 limus;
741 3643 812 3697 ita
843 3644 894 3697 in
920 3658 985 3699 eo
1008 3644 1151 3714 quod
1177 3660 1242 3699 ex
1272 3644 1439 3700 nihilo
1460 3645 1654 3700 factum
1682 3653 1764 3702 est
1791 3647 1834 3715 ί,
1867 3649 2109 3718 quamvis

512 3733 785 3789 voluntate
811 3735 879 3789 sit
906 3735 1119 3803 factum,
1152 3750 1258 3790 non
1284 3746 1371 3791 est
1398 3736 1641 3793 voluntas
1669 3737 1819 3792 nihil.

582 3824 807 3881 CAPUT
845 3826 933 3879 ιν.
964 3857 1035 3866 -
1061 3827 1113 3881 4.
1144 3826 1262 3882 Jam
1294 3843 1422 3883 vero
1459 3829 1600 3899 quod
1628 3829 1918 3886 dolendum
1949 3831 2105 3887 addi-

512 3916 658 3985 disti,
690 3934 756 3972 ex
782 3918 1094 3975 Priscilliani
1122 3920 1313 3977 haeresi
1338 3921 1405 3977 ad
1429 3938 1669 3979 errorem
1694 3923 1941 3996 Origenis
1961 3926 2105 3996 apud

510 4025 607 4066 vos
637 4011 879 4068 homines
922 4014 1085 4070 fuisse
1126 4010 1439 4085 delapsos,‘
1459 4032 1556 4071 nec
1584 4016 1652 4071 ab
1682 4018 1769 4072 illa
1814 4028 1963 4089 peste
2002 4036 2099 4091 po-

511 4104 678 4158 tuisse
706 4105 902 4170 sanari,
930 4105 1029 4161 nisi
1058 4115 1111 4161 et
1138 4107 1252 4176 ipsa
1279 4107 1538 4162 medicina
1566 4108 1866 4163 morbidum
1898 4110 2101 4180 aliquid

512 4194 810 4261 intulisset;
844 4212 949 4250 non
981 4205 1064 4251 est
1093 4196 1307 4266 quidem
1334 4196 1490 4250 dolor
1517 4202 1615 4252 iste
1644 4200 1938 4268 culpandus
1963 4219 1976 4255 :
2006 4216 2101 4256 ve-

508 4286 638 4341 ritas
657 4286 799 4341 enim
821 4287 1021 4353 debuit,
1046 4302 1152 4341 non
1178 4286 1381 4341 falsitas
1411 4287 1607 4357 pellere
1629 4288 1946 4356 falsitatem;
1975 4307 2099 4347 nam

506 4375 639 4443 hoc,
685 4386 892 4432 mutare
929 4386 1013 4432 est
1051 4378 1279 4443 malum,
1324 4394 1433 4433 non
1466 4379 1685 4435 evitare.
1720 4379 2097 4438 Verumtamen

506 4470 629 4537 quia
655 4468 722 4524 de
749 4470 864 4539 ipso
886 4470 995 4524 Deo
1017 4479 1379 4525 creaturarum
1402 4473 1641 4527 omnium
1667 4474 1961 4541 conditore,
1992 4474 2097 4531 hoc

506 4567 616 4626 est,
654 4559 719 4615 de
746 4561 859 4631 ipsa
889 4572 1149 4618 coaeterna
1178 4572 1231 4619 et
1262 4564 1677 4621 incommutabili
1704 4566 1963 4623 Trinitate
1982 4609 1996 4633 ,
2029 4568 2096 4623 ab

507 4650 586 4708 eis
606 4651 696 4721 qui
720 4653 788 4708 ad
817 4668 914 4709 vos
940 4654 1105 4711 libros
1133 4654 1379 4727 Origenis
1406 4658 1727 4723 attulerunt,
1757 4658 1808 4713 id
1842 4659 2094 4715 traditum

503 4758 624 4799 esse
660 4758 1049 4802 commemoras
1080 4748 1218 4816 quod
1249 4749 1445 4803 veritas
1475 4749 1661 4813 habet;
1709 4758 1893 4803 contra
1933 4766 2091 4820 quam

504 4838 780 4893 veritatem
811 4838 1175 4895 Priscillianus
1214 4839 1572 4896 Sabellianum
1598 4842 1869 4911 antiquum
1897 4842 2090 4912 dogma

505 4929 765 4995 restituit,
815 4930 906 4985 ubi
932 4931 1046 5001 ipse
1087 4933 1243 4987 Pater
1272 4933 1361 5003 qui
1398 4932 1593 4998 Filius,
1636 4933 1726 5003 qui
1770 4942 1823 4988 et
1863 4932 2091 5003 Spiritus

501 5029 715 5074 sanctus
754 5021 1094 5089 perhibetur,
1138 5022 1239 5077 hoc
1277 5024 1376 5077 iste
1418 5022 1586 5093 pejor,
1636 5022 1778 5092 quod
1822 5024 1981 5079 etiam
2022 5026 2091 5083 de

498 5111 673 5164 anima
704 5111 777 5165 ita
805 5114 995 5177 sentit,
1038 5125 1094 5167 ut
1138 5128 1243 5167 non
1269 5128 1386 5167 eam
1430 5113 1701 5183 propriam
1732 5114 1863 5170 velit
1890 5114 2089 5171 habere

499 5210 781 5270 naturam,
824 5202 918 5257 sed
961 5203 1028 5257 de
1075 5203 1191 5275 ipso
1233 5203 1341 5257 Deo
1372 5212 1619 5274 tanquam
1651 5206 1961 5273 particulam
1988 5206 2086 5261 de-

498 5294 697 5362 fluere,
728 5303 781 5349 et
823 5303 931 5349 tam
962 5294 1272 5350 deformiter
1298 5296 1560 5367 inquinari
1588 5306 1745 5367 atque
1769 5297 1821 5353 in
1853 5298 2087 5354 deterius

499 5386 815 5441 commutari
863 5403 981 5442 cum
1026 5387 1327 5443 Manichteis
1373 5388 1564 5444 audeat
1610 5389 1923 5445 affirmare:
1976 5407 2083 5447 non

497 5495 683 5549 parum
711 5480 833 5536 boni
863 5496 929 5535 ex
972 5480 1122 5536 libris
1152 5482 1256 5536 illis
1299 5482 1568 5551 provincia
1606 5493 1780 5539 vestra
1811 5486 2081 5555 percepit,

493 5572 547 5626 ir.
573 5587 633 5626 ea
660 5587 719 5626 re
746 5574 973 5629 maxime
1006 5574 1055 5628 in
1090 5589 1193 5644 qua
1217 5575 1512 5644 capitaliter
1536 5587 1781 5643 erratur;
1815 5576 1885 5632 de
1910 5577 2082 5633 Crea-

493 5670 609 5717 tore
639 5663 867 5734 quippe,
921 5678 1026 5719 non
1066 5664 1132 5720 de
1162 5674 1401 5720 creatura
1424 5708 1439 5733 ,
1475 5675 1583 5721 tam
1614 5668 1744 5723 falsa
1771 5678 1825 5724 et
1852 5678 1957 5723 tam
1991 5685 2084 5724 ne-

492 5754 621 5811 faria
661 5757 980 5811 sentiuntur.
1021 5756 1144 5812 Sive
1165 5772 1291 5827 ergo
1328 5758 1377 5812 in
1408 5756 1544 5813 hanc
1573 5760 1733 5817 fidem
1776 5759 1865 5833 qui
1895 5760 2079 5817 devia-

553 5889 571 5920 ι
593 5888 666 5938 Sic
682 5894 785 5939 Mss.
813 5890 895 5952 [ex
914 5887 1065 5943 nihilo
1084 5890 1279 5954 factum,
1305 5891 1559 5955 quamam]

3724 426 3830 484 672

2242 524 2431 570 verant
2456 519 2683 574 restituti
2713 530 2857 589 sunt,
2886 524 2998 579 sive
3022 526 3110 596 qui
3135 543 3252 583 eam
3281 530 3513 589 nondum
3546 548 3825 608 noverant,

2240 609 2447 665 illarum
2470 612 2884 683 disputationum
2908 618 3133 676 lectione
3153 621 3472 694 didicerunt,
3498 628 3600 685 hoc
3620 645 3678 686 se
3697 648 3826 703 gau-

2240 701 2399 757 deant
2423 703 2672 762 didicisse
2700 708 2841 777 quod
2866 725 3052 766 sanum
3081 724 3184 769 est.
3210 715 3361 783 Quod
3383 730 3558 775 autem
3591 730 3644 777 et
3673 701 3723 778 in
3746 726 3831 783 eis

2239 797 2439 852 erroris
2464 806 2564 865 est,
2593 816 2894 872 quanquam
2923 812 2973 859 te
2999 808 3313 877 cognovisse
3332 796 3441 880 jam
3466 813 3672 870 videam
3698 835 3711 881 ;
3749 828 3830 872 ta-

2238 901 2359 939 men
2386 889 2832 957 quemadmodnm
2873 904 3056 950 contra
3096 898 3216 951 talia
3248 899 3563 967 disseratur,
3605 906 3674 959 ibi
3707 923 3825 963 me-

2238 976 2339 1031 lius
2374 978 2579 1035 discere
2626 984 2825 1052 poteris
2849 1027 2864 1053 ,
2910 986 2997 1041 ubi
3027 1004 3176 1044 error
3217 991 3332 1061 ipse
3360 1001 3414 1048 et
3452 995 3577 1050 olim
3606 1008 3826 1056 exortus

2237 1079 2339 1139 est,
2367 1081 2423 1128 et
2448 1090 2550 1128 non
2577 1076 2703 1131 olim
2732 1079 2993 1147 proditus.

2306 1165 2531 1222 CAPUT
2574 1169 2635 1223 V.
2666 1200 2738 1210 —
2765 1171 2817 1225 5.
2861 1172 3125 1240 Quantum
3174 1192 3391 1246 possum
3438 1189 3613 1239 tamen
3662 1186 3825 1243 etiam

2236 1273 2335 1327 ego
2360 1274 2697 1329 commoneo,
2725 1273 2781 1318 ut
2802 1265 2867 1320 de
2898 1267 3094 1323 diaboli
3120 1274 3537 1345 angelorumque
3559 1278 3671 1348 ejus
3697 1296 3821 1335 cor,

2236 1353 2471 1407 rec-tione
2509 1363 2560 1409 et
2604 1356 2658 1410 in
2698 1358 2977 1427 pristinum
3029 1372 3222 1418 statum
3256 1371 3587 1436 reparatione
3632 1388 3823 1444 sapere

2237 1444 2366 1498 nihil
2392 1446 2588 1503 audeas
2619 1468 2633 1503 :
2662 1465 2765 1504 non
2796 1454 2917 1521 quia
2943 1454 3154 1510 diabolo
3179 1469 3232 1512 et
3255 1458 3587 1519 daemonibus
3614 1467 3821 1523 invide-

2234 1553 2374 1604 mus,
2405 1549 2458 1594 et
2478 1556 2543 1596 eo
2570 1544 2729 1598 modo
2764 1548 2913 1615 quasi
2953 1549 3119 1603 vicem
3151 1553 3538 1612 malevolentiae
3566 1562 3822 1629 rependi-

2233 1648 2383 1701 rnus,
2415 1649 2533 1689 cum
2580 1637 2655 1691 illi
2685 1654 2789 1692 non
2835 1641 2903 1695 ob
2932 1642 3072 1695 aliud
3120 1646 3218 1699 nisi
3250 1646 3552 1704 invidentia:
3591 1655 3824 1710 stimulis

2232 1727 2433 1796 agitati,
2466 1739 2648 1785 nostra
2678 1731 3085 1803 itinera'quibus
3110 1736 3162 1791 in
3196 1739 3360 1793 Deum
3404 1743 3667 1799 tendimus
3699 1762 3823 1815 per-

2235 1819 2447 1875 turbare
2473 1832 2761 1889 conentur;
2794 1825 2886 1879 sed
2915 1827 3037 1896 quia
3068 1829 3267 1885 ultima:
3306 1835 3584 1889 sententize
3622 1839 3823 1894 summi

2232 1920 2287 1965 et
2316 1914 2643 1969 veracissimi
2687 1916 2920 1985 Judicis,
2962 1934 3032 1974 ex
3065 1930 3243 1976 nostra
3277 1930 3688 1997 praesumptione
3717 1931 3820 1986 ad-

2231 2003 2358 2059 dere
2388 2006 2519 2061 nihil
2565 2007 2842 2065 debemus.
2891 2012 3009 2082 lpse
3048 2015 3187 2070 enim
3233 2032 3292 2073 se
3333 2021 3592 2076 similibus
3630 2039 3821 2083 eorum

2229 2095 2495 2151 dicturum
2523 2113 2641 2154 esse
2683 2103 2963 2170 praedixit:
3011 2105 3091 2160 Ite
3134 2109 3185 2163 in
3216 2110 3379 2181 ignem
3414 2124 3657 2185 ueternum
3683 2161 3698 2185 ,
3730 2121 3823 2188 qui

2230 2199 2438 2257 paratus
2461 2201 2532 2244 est
2559 2192 2757 2248 diabolo
2784 2204 2831 2248 et
2856 2197 3051 2268 angelis
3076 2201 3202 2270 ejus.
3234 2201 3341 2257 Nec
3374 2220 3590 2263 movere
3618 2210 3817 2280 debet,

2227 2288 2284 2333 ut
2311 2280 2412 2335 hoc
2442 2282 2559 2336 loco
2589 2291 2847 2341 aeternum
2877 2304 2973 2358 pro
3000 2290 3248 2347 diuturno
3278 2296 3628 2366 accipiamus,
3668 2303 3822 2371 quod

2228 2372 2353 2426 alibi
2378 2374 2633 2443 scriptum
2680 2387 2795 2446 est,
2844 2379 2910 2434 In
2935 2392 3177 2438 wternum
3207 2393 3252 2439 et
3288 2388 3339 2441 in
3374 2392 3611 2445 amulum
3640 2397 3821 2450 seaculi

2228 2464 2397 2537 (Psal.
2423 2484 2495 2534 ix,
2524 2468 2600 2540 6).
2631 2469 2850 2526 Latinus
2887 2475 3082 2545 quippe
3113 2477 3373 2549 interpres
3399 2482 3567 2536 noluit
3596 2484 3815 2557 dicere,

2226 2558 2282 2612 ln
2314 2568 2570 2617 teternum
2598 2572 2652 2618 et
2693 2564 2745 2619 in
2790 2576 3048 2623 aeternum
3084 2577 3291 2628 aeterni.
3334 2574 3439 2630 Sed
3477 2578 3729 2647 quoniam
3763 2580 3818 2635 id

2224 2652 2365 2721 quod
2394 2662 2509 2705 αἰών
2536 2670 2710 2725 graece
2738 2656 2948 2726 dicitur,
2968 2669 3035 2731 ‘et
3074 2664 3328 2718 sarculum
3359 2676 3412 2721 et
3439 2677 3700 2725 aeternum
3728 2672 3815 2726 in-

2225 2747 2508 2815 terpretari
2536 2757 2727 2817 potest,
2759 2752 3091 2810 commodius
3116 2755 3207 2810 alii
3233 2757 3550 2828 interpretes
3578 2770 3817 2818 transtu-

2222 2839 2419 2906 lerunt,
2450 2840 2515 2894 In
2544 2843 2785 2898 swcnlum
2808 2854 2855 2899 et
2882 2847 2935 2899 in
2958 2848 3199 2902 sreculum
3224 2850 3417 2905 swculi.
3443 2852 3551 2908 Sed
3574 2870 3680 2909 non
3709 2855 3817 2914 hoc

2221 2932 2421 2986 dictum
2452 2943 2533 2987 cst
2559 2935 2649 2990 ubi
2679 2935 2877 2990 dictum
2902 2946 3001 3005 est,
3033 2940 3113 2993 Ite
3133 2941 3184 2994 in
3211 2942 3377 3013 ignem
3399 2953 3661 2999 retentum.
3691 2948 3817 3004 Non

2221 3024 2365 3079 enim
2394 3025 2587 3081 dictum
2618 3037 2702 3082 est
2728 3038 2897 3096 αἰῶνα,
2926 3030 3018 3085 scd
3045 3040 3233 3095 «tam»
3265 3051 3276 3086 :
3307 3035 3445 3105 quod
3473 3036 3583 3107 sia
3610 3040 3815 3096 saeculo

2220 3115 2540 3173 declinatum
2594 3130 2769 3187 esset,
2832 3124 3087 3179 smculare
3144 3125 3304 3182 latine
3359 3128 3645 3198 diceretur,
3700 3150 3811 3189 non

2220 3220 2497 3277 :eternum,
2529 3214 2671 3283 quod
2701 3230 2857 3270 nemo
2884 3217 3144 3288 interpres
3170 3236 3345 3291 unqua
3369 3238 3585 3279 mausus
3614 3233 3696 3280 est
3723 3226 3813 3281 di-

2216 3316 2359 3357 cere.
2405 3303 2739 3375 Quapropter
2783 3307 2903 3362 licet
2949 3309 3111 3364 latine
3153 3313 3403 3366 smeulum
3462 3330 3583 3370 cum
3626 3318 3812 3387 aliquo

2218 3394 2323 3451 fine
2348 3397 2691 3468 intelligatur,
2722 3409 2977 3454 aeternum
3004 3418 3130 3458 vero
3157 3404 3255 3457 nisi
3298 3405 3347 3458 id
3375 3407 3516 3476 quod
3541 3408 3657 3463 sine
3698 3411 3812 3467 fine

2215 3497 2315 3553 est,
2344 3502 2449 3543 non
2473 3488 2644 3544 soleat
2671 3491 2959 3560 appellari;
2988 3502 3103 3546 add»
3122 3504 3297 3549 autem
3319 3512 3493 3565 grarce
3514 3499 3810 3569 aliquando

2214 3587 2493 3647 aeternum,
2524 3581 2809 3653 aliquando
2838 3585 3089 3640 saeculum
3121 3586 3419 3657 significare
3439 3590 3763 3661 intelligatur
3790 3612 3806 3649 :

2214 3683 2393 3730 tamen
2423 3675 2563 3746 quod
2592 3693 2655 3731 ex
2702 3676 2802 3732 hoc
2839 3679 3054 3734 nomine
3094 3680 3365 3736 derivatur
3408 3692 3461 3738 et
3506 3685 3809 3754 appellatur

2211 3777 2416 3835 αἰώνιον,
2443 3784 2543 3824 nec
2570 3769 2667 3838 ipsi
2697 3769 2902 3834 Grreci,
2935 3780 3189 3841 quantum
3220 3774 3486 3842 existimo,
3517 3777 3692 3831 solent
3718 3778 3804 3832 in-

2213 3859 2450 3929 telligere
2471 3900 2484 3923 ,
2518 3860 2619 3914 nisi
2662 3860 2713 3915 id
2742 3861 2881 3932 quod
2917 3878 3022 3917 non
3051 3863 3210 3919 habet
3257 3865 3436 3921 finem.
3480 3867 3592 3922 Nos
3621 3878 3804 3925 autem

2210 3950 2322 4005 sive
2348 3961 2499 4005 αἰῶνα
2533 3951 2645 4008 sive
2673 3962 2863 4007 αἰώνιον
2898 3968 3003 4009 non
3034 3956 3268 4011 solemus
3294 3957 3471 4014 dicere
3497 3959 3598 4014 nisi
3637 3970 3803 4016 teter-

2209 4058 2363 4108 num;
2411 4043 2505 4099 sed
2547 4056 2696 4099 αἰῶνα
2721 4045 2944 4101 dicimus
2987 4056 3039 4102 et
3070 4049 3359 4117 saeculum,
3389 4059 3574 4105 αὶώνιον
3616 4061 3801 4108 autem

2208 4149 2317 4187 non
2348 4133 2445 4189 nisi
2476 4145 2754 4189 mternum.
2783 4137 3033 4202 Quamvis
3075 4139 3290 4209 quidam
3338 4142 3600 4196 interdum
3632 4144 3800 4199 etiam

2206 4224 2458 4279 aeternale
2483 4225 2714 4280 audeant
2738 4226 2934 4293 dicere,
2969 4244 3035 4284 ne
3066 4230 3242 4285 latinte
3273 4232 3466 4302 linguae
3496 4232 3683 4289 deesse
3714 4236 3799 4289 vi-

2205 4316 2393 4372 deatur
2420 4318 2488 4373 ab
2511 4318 2699 4374 eodem
2727 4322 2940 4377 nomine
2966 4321 3243 4379 derivatio.

2275 4412 2327 4465 6.
2374 4409 2442 4463 Et
2468 4411 2691 4466 fortasse
2711 4412 2922 4482 quidem
2943 4415 3233 4470 secundum
3255 4432 3455 4473 morem
3488 4417 3796 4489 Scriptura-

2203 4519 2320 4559 rum
2352 4505 2620 4561 inveniant
2645 4506 2728 4560 isti
2776 4507 2975 4577 aliquid
3000 4510 3160 4564 etiam
3190 4520 3378 4566 αἱώνιον
3399 4511 3620 4575 dictum.
3644 4514 3796 4584 quod

2203 4595 2319 4650 sine
2336 4596 2438 4651 fine
2450 4613 2553 4652 non
2576 4598 2663 4665 sit,
2683 4599 2821 4653 sicut
2837 4600 2975 4655 Deus
2996 4601 3044 4654 in
3060 4600 3210 4655 libris
3242 4603 3443 4658 Veteris
3461 4603 3794 4662 Testamenti

2201 4689 2411 4744 assidue
2428 4690 2583 4755 dicit;
2612 4690 2723 4745 Hoc
2750 4692 2886 4746 vobis
2912 4694 3006 4747 erit
3023 4695 3299 4765 legitimum
3324 4707 3569 4751 aeternum
3588 4697 3789 4767 (Exod.

2199 4795 2382 4846 xxvm,
2415 4782 2519 4845 45;
2550 4781 2708 4836 Let'it.
2738 4800 2849 4847 xvt,
2882 4786 2969 4850 54,
3001 4785 3119 4858 etc.)
3161 4804 3174 4852 ;
3204 4788 3341 4857 quod
3371 4805 3580 4859 graecus
3622 4791 3792 4847 habet

2198 4881 2384 4925 aio'wtov
2407 4890 2419 4925 :
2437 4887 2556 4927 cum
2571 4874 2636 4929 de
2656 4875 2849 4931 talibus
2868 4880 3214 4932 sacramentis
3226 4894 3289 4934 eo
3306 4880 3464 4934 modo
3480 4897 3624 4951 saepe
3645 4897 3791 4952 prte-

2198 4965 2399 5034 ciperet
2422 5007 2436 5030 ,
2467 4982 2584 5037 qua:
2612 4967 2771 5023 finem
2820 4969 3034 5025 fuerant
3062 4971 3346 5038 habitura;
3387 4990 3687 5045 quanquam
3740 4980 3793 5035 si

2197 5057 2500 5127 diligentius
2531 5060 2668 5115 dicta
2721 5062 3101 5133 intelligantur,
3151 5081 3212 5121 ea
3240 5065 3470 5124 fortasse
3522 5085 3639 5138 qua:
3681 5070 3789 5127 illis

2196 5153 2546 5208 sacramentis
2569 5155 3018 5223 significabantur,
3036 5156 3192 5212 finem
3214 5173 3317 5212 non
3340 5169 3490 5214 erant
3516 5160 3784 5216 habitura.

2196 5243 2269 5297 Ita
2292 5246 2455 5311 enim,
2481 5262 2546 5300 ne
2574 5246 2779 5317 longius
2804 5249 3010 5313 abeam,
3040 5249 3266 5305 dicimus
3292 5259 3547 5306 aeternum
3590 5252 3784 5321 Deum,

2195 5351 2299 5390 non
2332 5338 2513 5407 utique
2537 5339 2662 5393 istas
2694 5340 2826 5395 duas
2854 5341 3194 5396 brevissimas
3215 5344 3465 5414 syllabas,
3513 5345 3607 5398 sed
3637 5346 3784 5414 quod

2194 5428 2271 5482 eis
2301 5429 2645 5499 significatur.
2688 5433 2752 5486 Et
2794 5433 2927 5487 dixit
2978 5435 3267 5503 Apostolus
3297 5448 3495 5507 acterna
3536 5446 3782 5507 tempora

2195 5519 2368 5590 priora
2391 5531 2443 5577 et
2469 5524 2679 5592 antiqua
2709 5524 2771 5593 (ll
2801 5525 2934 5578 Tim.
2964 5542 3000 5591 ι,
3038 5525 3116 5595 9),
3147 5528 3361 5597 quodin
3387 5504 3562 5599 graeco
3588 5504 3785 5600 legitur

2192 5622 2279 5684 πρὸ
2302 5625 2476 5686 χρόνων
2502 5624 2718 5670 αἰωνίων.
2748 5616 2828 5671 Ad
2852 5617 3026 5671 Titum
3050 5618 3191 5673 enim
3219 5620 3459 5675 scribens
3479 5620 3556 5675 ait
3580 5639 3593 5676 :
3618 5620 3780 5693 Spem

2190 5705 2305 5758 vita?
2324 5718 2521 5761 aeternae
2548 5725 2699 5779 quant
2728 5709 2959 5779 promisit
2981 5726 3079 5763 non
3104 5711 3321 5765 mendax
3350 5712 3485 5766 Deus
3505 5722 3622 5767 ante
3642 5722 3774 5768 tem-

2190 5814 2316 5867 pora
2336 5808 2521 5851 a'tcrna
2561 5799 2684 5868 (Tit.
2711 5816 2748 5867 ι,
2778 5798 2859 5871 2).
2890 5800 3026 5856 Cum
3075 5812 3251 5857 autem
3287 5814 3580 5859 retrorsum
3633 5816 3773 5860 tem-

2188 5901 2317 5958 pora
2341 5903 2372 5945 a
2401 5891 2777 5949 constitutione
2798 5893 2983 5951 mundi
3002 5894 3202 5954 habere
3225 5895 3507 5956 videantur
3532 5896 3771 5970 initium,
