4028 6430
537 388 648 452 ω

497 505 501 509 ’
545 503 902 564 habitaculum
950 513 1255 560 sanctorum
1297 511 1454 572 atque
1484 499 1551 553 ab
1593 497 1740 554 omni
1794 495 1917 550 labe
1969 490 2127 562 hujus

541 601 724 657 saeculi
754 607 1101 671 purgatarum
1130 595 1301 668 (ικαὶ.
1336 607 1482 659 LXVI,
1507 591 1581 646 εἳ
1607 592 1647 661 ),
1676 604 1781 661 qua
1809 586 2024 643 tandem
2054 583 2132 638 af-

544 692 788 747 ﬁrmatur
816 689 1056 755 audacia,
1089 702 1193 742 non
1230 684 1468 745 biturum
1523 683 1686 738 fuisse
1715 679 1976 735 mundum
2003 719 2019 745 ,
2073 675 2128 731 id

541 795 627 843 est
645 828 660 851 ,
686 785 881 841 etelum
907 795 961 838 et
984 792 1200 846 terram,
1232 778 1333 834 nisi
1365 785 1580 848 propter
1603 774 1974 831 necessitatem
2001 784 2130 841 pur-

543 881 837 952 gandorum
856 877 1138 947 spirituum
1168 872 1506 927 rationalium
1528 913 1541 937 ,
1572 868 1665 940 qui
1684 868 1769 923 vel
1794 866 1845 920 in
1878 864 2015 921 caelo
2037 862 2123 919 vel

542 976 596 1031 in
651 984 797 1029 terra
830 986 935 1026 nou
964 970 1156 1026 essent
1207 966 1309 1022 nisi
1343 982 1440 1036 pro
1488 964 1691 1019 meritis
1732 959 2125 1033 peccatorum?

545 1067 680 1135 Quid
702 1079 828 1136 ergo
851 1063 1088 1134 purgatis
1109 1076 1243 1132 epus
1274 1070 1352 1115 cst
1379 1058 1517 1115 caelo
1554 1071 1695 1112 novo
1716 1064 1769 1111 et
1800 1064 1941 1110 terra
1967 1068 2125 1119 nova,

492 1192 495 1193 ν
543 1162 586 1215 si
631 1159 837 1230 purgati
886 1157 952 1211 ad
986 1156 1086 1208 hoc
1115 1152 1505 1214 restituuntur,
1547 1157 1607 1204 ut
1639 1149 1747 1203 sint
1776 1144 2128 1217 quemadmo-

543 1252 670 1305 dum
701 1248 913 1304 fuerunt
934 1245 1281 1302 anteeaalum
1312 1252 1365 1299 et
1395 1250 1591 1297 terram
1621 1239 1738 1295 sine
1761 1237 1900 1294 ctelo
1921 1244 1975 1291 et
2014 1244 2125 1290 ter-

541 1343 643 1398 ra?
690 1341 844 1409 Quod
882 1340 927 1395 si
975 1339 1193 1393 omnino
1222 1351 1406 1392 verum
1452 1342 1630 1398 esset,
1682 1345 1779 1387 nos
1817 1344 1988 1400 usque
2012 1330 2028 1359 ¹
2059 1327 2127 1382 ad

542 1436 671 1491 illud
707 1433 848 1504 quod
908 1432 1169 1502 promittit
1234 1429 1507 1497 Scriptura
1555 1440 1706 1496 spem
1738 1432 1975 1478 nostram
2011 1427 2127 1475 ten-

540 1528 669 1581 dere
695 1526 1049 1580 deberemus;
1065 1524 1130 1578 Et
1152 1522 1197 1577 si
1225 1520 1349 1575 inde
1368 1533 1609 1574 essemus
1631 1517 1682 1570 in
1714 1514 1912 1586 aliquid
1936 1513 2127 1568 melius

541 1616 921 1681 transferendi,
950 1615 1119 1668 multo
1156 1609 1527 1666 rationabilius
1568 1608 1668 1662 hoc
1717 1615 1847 1660 tunc
1899 1604 2009 1674 jam
2053 1602 2127 1657 ibi

542 1709 701 1779 positi
729 1708 1081 1772 disceremus,
1105 1719 1263 1775 quam
1293 1715 1432 1755 nunc
1455 1714 1557 1754 non
1581 1699 1755 1752 solum
1784 1704 1984 1751 temere
2011 1709 2129 1749 cre-

542 1801 815 1864 deremus;
832 1810 1019 1853 verum
1041 1798 1199 1851 etiam
1224 1793 1562 1864 impudenter
1573 1793 1769 1846 docere
1784 1801 2121 1844 conaremur.
2154 1786 2155 1789 “

539 1891 677 1960 Quid
724 1900 807 1947 est
844 1899 1023 1945 autem
1073 1887 1380 1951 absurdius,
1409 1900 1567 1956 quam
1604 1883 1807 1947 dicere,
1833 1881 2040 1935 Cutlum
2072 1886 2129 1935 et

541 1994 683 2040 terra
707 1999 816 2038 non
847 1991 1048 2045 essent,
1099 1980 1201 2035 nisi
1246 1978 1548 2034 necessaria
1579 1983 1723 2033 esset
1763 1974 1948 2029 mundi
1980 1981 2124 2027 stru-

539 2085 689 2131 ctura
719 2073 1036 2146 purgandis;
1056 2089 1176 2128 cum
1204 2072 1427 2126 alterum
1459 2069 1656 2125 etelum
1679 2076 1734 2124 et
1757 2067 1981 2123 alteram
2021 2073 2128 2120 ter-

538 2182 652 2223 ram
675 2167 952 2238 promittat
976 2165 1249 2234 Scriptura
1279 2162 1561 2232 purgatis?

609 2258 697 2314 ll.
747 2258 915 2313 Porro
944 2257 1010 2312 de
1056 2258 1167 2312 sole
1208 2266 1261 2311 et
1303 2254 1429 2308 luna
1466 2253 1780 2322 eaeterisque
1833 2247 2121 2311 sideribus,

536 2349 678 2421 quod
704 2349 939 2406 coelestia
970 2350 1077 2402 sint
1121 2361 1349 2417 corpora
1383 2344 1662 2408 videmus;
1711 2341 1852 2413 quod
1892 2340 2123 2395 animata

538 2442 648 2496 sint
671 2456 780 2496 non
808 2439 1070 2495 videmus.
1125 2440 1200 2493 De
1231 2438 1426 2492 divinis
1452 2436 1555 2491 hoc
1589 2434 1765 2489 Libris
1807 2434 2030 2503 legatur,
2069 2438 2125 2485 et

538 2533 827 2589 credimus.
877 2531 1007 2587 Nam
1063 2530 1425 2586 testimonium
1491 2542 1560 2583 ex
1597 2525 1836 2597 Apostoli
1888 2524 2123 2594 Epistola

537 2626 680 2697 quod
706 2626 775 2681 ab
792 2626 871 2681 eis
898 2624 1001 2679 dici
1028 2624 1203 2678 solere
1228 2621 1473 2693 posuisti,
1503 2619 1661 2674 etiam
1697 2618 1766 2674 de
1795 2616 1922 2672 solis
1945 2616 2118 2670 homi-

536 2716 695 2772 nibus
722 2716 940 2786 intelligi
981 2722 1192 2785 potest;
1219 2713 1471 2783 quoniam
1502 2711 1555 2764 in
1589 2723 1909 2780 unoquoque
1951 2706 2125 2761 homi-

536 2822 606 2861 ne
649 2816 731 2860 est
776 2808 953 2861 omnis
997 2813 1264 2868 creatura,
1292 2821 1399 2858 non
1429 2800 1804 2858 universaliter
1845 2799 1982 2854 sicut
2040 2803 2124 2852 est

536 2897 730 2953 calum
762 2905 812 2952 et
843 2905 984 2950 terra
1015 2904 1071 2950 et
1098 2896 1275 2949 omnia
1304 2910 1424 2963 quae
1464 2895 1515 2946 in
1543 2892 1621 2945 eis
1649 2899 1794 2957 sunt,
1827 2888 1921 2945 sed
1960 2901 2121 2957 gene-

536 2989 691 3043 ratim
730 2987 960 3058 quodam
1013 2984 1355 3055 modozquia
1402 2991 1455 3038 et
1481 2981 1757 3036 rationalis
1802 2980 1855 3034 in
1898 2979 1990 3034 illo
2016 2989 2117 3043 est,

534 3095 692 3150 quam
712 3079 794 3135 vel
817 3078 1107 3148 probantur
1126 3076 1324 3131 habere
1347 3073 1552 3145 Augeli,
1578 3071 1664 3127 vel
1688 3069 1979 3126 creduntur
2003 3087 2018 3136 ;
2044 3077 2117 3135 et,

536 3180 592 3224 ut
625 3171 692 3225 ita
747 3169 941 3237 dicam,
997 3167 1285 3231 sensualis,
1319 3179 1420 3236 qua
1450 3173 1504 3218 ct
1530 3162 1714 3217 bestiae
1740 3177 1844 3215 non
1889 3168 2072 3215 carent
2104 3177 2118 3214 :

535 3273 755 3319 utuntur
796 3264 938 3319 enim
967 3272 1020 3317 et
1064 3261 1309 3316 sensibus
1357 3266 1413 3313 et
1440 3255 1775 3312 sensualibus
1799 3253 2030 3308 motibus
2054 3250 2121 3306 ad

534 3357 833 3429 appetenda
873 3356 1025 3411 utilia
1053 3363 1107 3410 et
1132 3352 1343 3409 vitanda
1396 3349 1703 3405 contraria:
1736 3355 1790 3401 et
1813 3343 1985 3400 vitalis
2016 3344 2123 3414 pri-

535 3460 656 3507 vata
676 3466 859 3517 sensu,
884 3448 1055 3519 qualis
1079 3446 1283 3502 adverti
1304 3446 1353 3499 in
1372 3443 1654 3499 arboribus
1675 3449 1884 3513 potest;
1919 3453 2038 3492 nam
2066 3445 2122 3492 et

533 3542 589 3598 in
620 3540 774 3598 nobis
803 3540 919 3595 sine
940 3552 1101 3594 sensu
1132 3546 1315 3592 nostro
1344 3536 1476 3589 ﬁunt
1503 3532 1743 3603 corporis
1769 3532 2120 3594 incrementa,

535 3643 592 3692 et
627 3633 803 3705 capilli
835 3647 934 3687 nec
958 3644 1079 3686 cum
1131 3627 1493 3700 przeciduntur
1538 3625 1796 3690 sentiunt,
1837 3631 1891 3677 et
1942 3629 2135 3676 tamen

538 3732 807 3781 crescunt.
845 3722 961 3778 Jam
996 3736 1127 3775 vero
1152 3720 1266 3788 ipsa
1312 3717 1608 3787 corporalis
1634 3723 1877 3771 creatura
1905 3712 2123 3768 eviden-

535 3819 649 3874 tius
665 3824 883 3889 apparet
914 3817 965 3869 in
993 3813 1166 3879 nobis,
1209 3827 1327 3883 qua:
1356 3810 1482 3866 licet
1512 3825 1581 3865 ex
1613 3818 1754 3864 terra
1787 3806 1921 3861 facta
1961 3814 2123 3875 atque

539 3908 763 3963 formata
788 3908 873 3969 sit,
910 3906 1092 3959 insunt
1120 3911 1298 3959 tamen
1326 3901 1405 3956 illi
1436 3916 1503 3956 ex
1545 3899 1793 3954 omnibus
1814 3897 1973 3966 hujus
1998 3912 2121 3951 cor-

536 3998 682 4069 porei
711 3996 894 4050 mundi
924 3995 1208 4051 elementis
1235 3991 1479 4063 quasdam
1509 3991 1784 4060 particulae
1821 3989 1885 4043 ad
1918 3997 2123 4055 tempe-

535 4092 668 4148 riem
696 4088 1036 4144 valetudinis.
1062 4086 1196 4142 Nam
1239 4094 1294 4141 et
1316 4086 1494 4139 calore
1522 4083 1760 4137 membra
1787 4091 2120 4153 vegetamur,

543 4182 633 4254 qui
661 4178 744 4237 est
770 4180 837 4235 ab
862 4179 1002 4250 igne,
1032 4178 1188 4254 cujus
1210 4176 1371 4231 etiam
1405 4176 1495 4230 lux
1528 4190 1621 4244 per
1661 4174 1845 4228 oculos
1891 4174 2120 4238 emicat;

537 4284 594 4331 et
639 4288 765 4330 aere
805 4286 1062 4327 venarum
1126 4249 1417 4337 discursus,
1456 4284 1589 4340 quas
1635 4268 1857 4323 arterias
1886 4277 2078 4322 vocant
2105 4307 2120 4333 ,

536 4376 696 4438 atque
726 4366 1052 4437 spiramenta
1080 4364 1345 4435 pulmonis
1376 4363 1700 4432 implentur;
1725 4374 1778 4418 et
1809 4364 1999 4419 humor
2020 4365 2122 4419 nisi

537 4468 712 4523 esset,
739 4457 885 4512 nulla
917 4466 1253 4527 sputamenta
1282 4454 1636 4521 conﬂuerent,
1666 4456 1937 4525 vitamque
1959 4456 2120 4510 absu-

541 4558 713 4605 meret
749 4547 981 4603 siccitas.
1029 4546 1160 4601 Nam
1216 4556 1272 4603 et
1314 4548 1428 4618 ipse
1454 4549 1670 4618 sanguis
1721 4547 1944 4603 humido
1971 4549 2121 4618 lapsu

537 4642 672 4697 alias
699 4654 862 4696 venas
901 4639 1114 4709 replens
1141 4680 1156 4704 ,
1212 4639 1361 4709 quasi
1415 4639 1545 4694 rivis
1581 4647 1635 4695 et
1677 4639 1983 4695 ﬂuminibus
2028 4655 2123 4709 per

534 4742 727 4791 cuncta
766 4730 1097 4788 diﬁunditur.
1130 4731 1202 4785 ita
1239 4730 1441 4786 nullum
1475 4739 1557 4785 est
1592 4740 1851 4786 creaturae
1902 4744 2074 4802 genus
2103 4772 2118 4796 ,

537 4824 677 4896 quod
718 4838 824 4879 non
855 4825 907 4878 in
938 4823 1156 4879 homine
1202 4823 1372 4893 possit
1421 4823 1637 4893 agnosci
1671 4841 1681 4875 :
1715 4837 1779 4878 ac
1828 4823 1906 4878 sic
1946 4824 2123 4879 omnis

533 4924 779 4973 creatura
801 4916 854 4970 in
879 4930 949 4977 eo,
967 4914 1314 4984 congemisclt
1330 4920 1384 4970 et
1408 4913 1571 4985 dolet,
1591 4914 1968 4969 revelationem
1987 4914 2123 4970 ﬁlio-

535 5020 654 5062 rum
703 5005 799 5061 Dei
827 5014 1147 5075 exspectans
1192 5004 1211 5076 (
1245 5005 1393 5060 Rom.
1423 5020 1538 5073 Vill,
1558 5004 1650 5072 22,
1677 5005 1750 5062 25
1781 5007 1851 5077 );’
1879 5022 1999 5077 quae
2027 5021 2122 5077 per

536 5099 787 5170 corporis
805 5098 967 5154 etiam
994 5098 1469 5167 resurrectionem,
1501 5098 1603 5152 etsi
1646 5114 1749 5152 non
1779 5099 1829 5152 in
1870 5100 2120 5155 omnibus

533 5190 874 5257 hominibus,
904 5191 1080 5246 omnis
1110 5198 1285 5245 tamen
1319 5190 1731 5260 acorruptionis
1777 5201 2031 5247 servitute
2054 5193 2120 5246 Ιί-

535 5283 828 5350 berabitur,
855 5283 979 5353 quia
1000 5289 1053 5338 et
1080 5283 1132 5336 in
1160 5281 1381 5353 singulis
1406 5281 1583 5337 omnis
1610 5291 1712 5337 est.
1738 5282 1865 5338 Etsi
1886 5297 1990 5344 auo
2014 5284 2122 5339 alio

537 5374 700 5430 modo
746 5374 939 5429 melius
964 5380 1142 5445 potest
1167 5373 1308 5430 idem
1334 5373 1484 5429 locus
1511 5373 1922 5444 apostolicarum
1949 5374 2121 5431 Litte-

533 5480 717 5522 rarum
744 5465 1001 5538 intelligi:
1025 5480 1131 5521 non
1175 5474 1354 5521 tamen
1379 5480 1446 5521 ex
1472 5465 1676 5522 eisdem
1702 5466 1881 5522 verbis
1924 5481 2121 5523 conse-

535 5568 706 5629 quens
743 5566 826 5614 est
851 5566 910 5613 ut
933 5559 1104 5616 solem
1145 5566 1201 5614 et
1228 5558 1407 5614 lunam
1440 5564 1495 5615 et
1522 5559 1699 5616 sidera
1724 5559 2125 5639 congemiscere

536 5648 820 5706 credamus
835 5689 852 5715 ,
872 5649 1046 5706 donec
1070 5651 1129 5705 in
1151 5652 1334 5707 saeculi
1363 5651 1470 5708 ﬁne
1492 5666 1523 5709 a
1550 5653 1913 5725 corruptionis
1956 5653 2124 5709 servi-

602 5830 2027 5901 ‘Rditiotov.,nanusque.limendaturexmuscriptb.

905 388 998 448 AD
1034 382 1334 447 oaosmu
1369 380 1645 443 CONTRA
1686 372 2011 438 PRISCILL.
2058 366 2142 430 ET
2178 364 2573 445 oatesu.,'s.
2619 377 2983 439 AUGUSTINI
3021 379 3228 440 LIBER
3263 362 3465 440 UNUS.

3709 366 3814 445 67‘s

2240 494 2349 548 tute
2368 492 2678 552 liberentur.

2308 585 2533 645 CAPUT
2572 590 2662 645 IX.
2694 621 2760 634 »-
2795 589 2881 647 i2.
2913 586 3053 649 Sane
3078 608 3325 664 quoniam
3348 593 3455 650 dixi
3480 637 3496 660 ,
3525 594 3605 651 De
3631 595 3810 652 divinis

2238 678 2414 736 Libris
2439 681 2664 754 legatur,
2687 693 2742 739 et
2764 686 3032 741 credimus
3056 704 3070 753 ;
3100 702 3166 741 ne
3194 696 3244 743 te
3268 684 3489 743 forsitan
3511 687 3655 743 fallat
3675 690 3816 761 quod

2237 770 2305 828 de
2330 772 2465 829 libro
2491 776 2665 831 sancti
2706 774 2806 832 Job
2850 776 3089 849 proferre
3132 780 3368 835 assolent
3410 780 3498 852 qui
3532 782 3644 836 haec
3675 797 3814 837 asse-

2237 875 2361 920 runt
2386 907 2401 932 ,
2429 865 2519 921 ubi
2568 867 2821 939 scriptum
2853 878 2980 925 est:
3018 869 3281 938 Quomodo
3325 870 3419 923 erit
3465 870 3611 925 homo
3648 873 3809 942 justas

2237 974 2408 1013 coram
2438 958 2673 1027 Domino,
2705 963 2783 1015 vel
2807 960 3056 1028 quomodo
3080 978 3134 1017 se
3159 960 3420 1016 mundabit
3446 972 3595 1016 natus
3621 980 3681 1017 ea
3704 981 3812 1017 mu-

2241 1050 2358 1106 liere
2376 1052 2402 1106 7
2437 1053 2482 1106 si
2520 1051 2653 1107 lance
2681 1053 2943 1125 praecipit,
2975 1062 3024 1107 et
3058 1069 3158 1107 non
3187 1053 3317 1108 lucet
3341 1095 3357 1119 ,
3387 1068 3476 1108 nec
3519 1052 3682 1108 stellae
3705 1064 3813 1109 sunt

2243 1142 2440 1198 mundae
2478 1153 2594 1197 ante
2632 1161 2744 1199 eum
2785 1162 2806 1210 ;
2846 1154 3035 1216 quanto
3081 1145 3242 1216 magis
3282 1146 3431 1199 homo
3472 1147 3723 1217 putredo,
3769 1156 3813 1202 et

2245 1234 2376 1304 filius
2415 1235 2633 1290 hominis
2677 1237 2856 1292 vermis
2901 1235 2922 1312 (
2960 1235 3061 1291 Job
3109 1250 3232 1305 xxv,
3278 1236 3457 1308 4-6)?
3500 1234 3637 1293 Hinc
3677 1238 3811 1295 enim

2236 1328 2422 1383 volunt
2441 1328 2684 1400 intelligi,
2708 1336 2762 1384 et
2789 1329 3099 1385 rationalem
3127 1330 3373 1400 Spiritum
3396 1330 3593 1385 habere
3616 1331 3809 1399 stellas,

2237 1427 2289 1472 et
2315 1419 2542 1474 mundas
2568 1434 2672 1474 non
2699 1434 2817 1474 esse
2837 1434 2864 1473 a
2891 1431 3110 1491 peccato
3133 1420 3261 1475 :sed
3288 1420 3404 1475 ideo
3432 1420 3483 1475 in
3505 1421 3811 1488 etelis’esse,

2237 1512 2357 1582 quia
2389 1512 2645 1582 majorem
2672 1513 2755 1567 vel
2786 1511 3063 1568 meliorem
3103 1513 3275 1568 locum
3306 1512 3480 1566 minor
3504 1512 3662 1583 culpa
3693 1529 3811 1584 pro-

2237 1607 2448 1660 mernit.
2483 1605 2599 1660 Non
2630 1619 2727 1676 pro
2756 1607 3069 1661 auctoritate
3096 1605 3271 1661 divina
3310 1606 3465 1660 istam
3496 1607 3812 1661 sententiam

2236 1697 2598 1767 recipiendam
2628 1712 2746 1753 esse
2775 1698 3025 1753 existimo
3068 1715 3081 1751 :
3129 1714 3235 1753 non
3264 1698 3406 1754 enim
3431 1712 3547 1753 eam
3576 1700 3694 1768 ipse
3719 1698 3810 1754 Job

2236 1789 2568 1857 enuntiavit,
2597 1786 2682 1844 cui
2713 1789 2979 1861 singulare
3006 1789 3235 1860 quodam
3268 1789 3426 1845 modo
3457 1790 3809 1845 testimonium

2234 1880 2490 1935 divinitus
2515 1881 2826 1950 perhibetur
2849 1925 2863 1950 ,
2893 1882 3034 1953 quod
3080 1899 3181 1937 non
3213 1880 3486 1952 peccaverit
3528 1881 3679 1938 labiis
3718 1884 3812 1939 suis

2234 1982 2351 2026 ante
2375 1972 2650 2027 Dominum
2680 1973 2807 2046 (Id.
2840 1990 2878 2042 ι,
2906 1974 3050 2046 2‘2);
3082 1975 3174 2031 sed
3207 1991 3342 2031 unus
3371 1990 3434 2030 ex
3466 1976 3581 2047 ejus
3611 1978 3809 2046 amicis,

2234 2065 2321 2136 qui
2361 2064 2486 2120 dicti
2528 2076 2652 2121 sunt
2695 2066 3033 2121 consolatores
3070 2071 3321 2120 mutorum
3348 2082 3525 2123 omnes
3550 2068 3674 2140 (Id.
3705 2084 3809 2137 xvt,

2232 2158 2322 2229 2),
2351 2168 2404 2213 et
2427 2160 2602 2214 divina
2630 2161 2895 2215 sententia
2923 2160 3193 2231 reprobati
3218 2169 3362 2215 sunt.
3388 2152 3543 2217 Sicut
3567 2170 3742 2217 autem
3763 2164 3810 2218 in

2235 2253 2565 2325 Evangelio,
2600 2255 2841 2324 quamvis
2885 2268 3069 2309 verum
3120 2255 3189 2308 sit
3230 2255 3451 2309 omnino
3496 2254 3639 2326 quod
3681 2255 3814 2311 dicta

2233 2348 2360 2412 sint,
2389 2362 2493 2401 non
2525 2357 2698 2401 tamen
2727 2347 2904 2401 omnia
2932 2361 3052 2416 quae
3092 2345 3229 2401 dicta
3262 2358 3385 2401 sunt
3410 2362 3534 2402 vera
3560 2362 3680 2402 esse
3703 2362 3813 2403 cre-

2233 2437 2463 2502 duntttr;
2496 2438 2745 2508 quoniam
2776 2437 2937 2491 multa
2966 2452 2994 2490 a
3027 2436 3224 2492 Judaiis
3252 2436 3382 2492 faISa
3413 2446 3469 2492 et
3493 2437 3655 2508 impia
3682 2437 3812 2492 dicta

2233 2544 2351 2584 esse
2380 2545 2538 2584 verax
2582 2528 2857 2599 Evangelii
2898 2528 3173 2597 Scriptura
3217 2537 3444 2584 testatur
3473 2548 3487 2584 :
3518 2531 3596 2584 sic
3640 2530 3691 2585 in
3720 2529 3813 2585 hoc

2232 2622 2389 2689 libro,
2417 2622 2504 2677 ubi
2532 2621 2713 2676 multae
2746 2637 2989 2692 persona:
3018 2622 3209 2676 locuta‘.
3232 2637 3351 2679 esse
3379 2631 3686 2689 narrantur,
3717 2639 3812 2679 non

2231 2715 2405 2770 solum
2428 2714 2554 2783 quid
2577 2714 2806 2779 dicatur,
2834 2714 2928 2769 sed
2957 2730 2984 2768 a
3012 2730 3116 2785 quo
3145 2714 3310 2770 etiam
3340 2714 3545 2770 dicatur
3569 2716 3812 2771 conside-

2231 2809 2455 2865 randum
2477 2819 2557 2865 est
2574 2827 2589 2876 ;
2609 2825 2677 2865 ne
2691 2809 2888 2880 passim
2905 2824 3022 2879 quae
3034 2809 3086 2863 in
3103 2816 3285 2863 saneto
3299 2809 3432 2865 libro
3447 2808 3688 2880 quolibet
3701 2808 3816 2865 seri~

2233 2909 2316 2971 pta
2335 2910 2460 2957 sunt
2477 2902 2815 2973 recipientes,
2830 2914 3080 2972 cogamur
3092 2899 3267 2965 fateri,
3287 2900 3427 2972 quod
3440 2901 3598 2969 absit,
3622 2916 3743 2956 vera
3764 2909 3813 2957 et

2224 2991 2367 3061 justa
2396 2992 2557 3048 fuisse
2577 3035 2590 3057 ,
2622 3008 2741 3061 quae
2767 2992 2961 3046 marito
2991 3002 3175 3047 sancto
3200 2993 3391 3047 mulier
3417 2992 3677 3063 insipiens
3700 3009 3812 3064 sug-

2228 3084 2485 3154 gerebat,
2514 3093 2571 3139 ut
2600 3083 2799 3154 aliquid
2843 3084 3100 3140 adversus
3147 3085 3313 3139 Deum
3358 3084 3588 3156 loquens
3624 3085 3691 3141 ab
3730 3083 3811 3141 illa

2230 3176 2549 3231 intolerabili
2592 3192 2747 3246 [KBtla
2795 3176 3071 3232 moriendo
3115 3177 3429 3232 liberaretur
3474 3177 3604 3250 (Id.
3638 3195 3697 3247 tt,
3724 3179 3807 3248 9).

2229 3268 2382 3341 Quod
2409 3285 2512 3326 non
2543 3269 2662 3326 ideo
2691 3270 2916 3326 dixerim
2939 3313 2953 3335 ,
2988 3270 3109 3341 quia
3138 3270 3211 3326 illi
3236 3272 3390 3327 amici
3414 3287 3445 3327 a
3484 3271 3713 3328 Domino
3736 3288 3812 3328 re-

2230 3362 2472 3435 probati,
2500 3372 2555 3419 et
2581 3363 2647 3419 ab
2676 3364 2793 3433 ipso
2833 3371 3017 3419 sancto
3058 3364 3149 3419 Dei
3181 3378 3339 3418 servo
3366 3363 3560 3419 merito
3586 3364 3809 3435 eulpati,

2230 3457 2362 3512 nihil
2390 3456 2499 3511 veri
2529 3456 2670 3525 loqui
2704 3465 2989 3525 potuerunt
3025 3472 3038 3509 :
3068 3454 3161 3510 sed
3190 3455 3309 3525 quia
3348 3471 3453 3509 non
3484 3456 3658 3510 omnia
3697 3471 3812 3526 qua:

2231 3548 2393 3603 locuti
2424 3557 2564 3610 sunt,
2590 3562 2716 3602 vera
2748 3546 2979 3617 putanda
3006 3554 3149 3600 sunt.
3177 3545 3430 3614 Quamvis
3458 3547 3604 3601 enim
3634 3546 3813 3601 adver-

2231 3654 2348 3695 sum
2376 3638 2476 3694 Job
2512 3638 2641 3693 nihil
2673 3654 2853 3693 verum
2882 3637 3131 3694 dixerunt
3156 3639 3196 3705 ¹,
3231 3647 3403 3707 potest
3449 3647 3629 3694 tamen
3659 3638 3809 3694 etiam

2230 3746 2297 3786 ex
2328 3745 2511 3785 eorum
2542 3730 2722 3785 verbis
2752 3730 2983 3796 aliquam
3014 3742 3196 3782 sanam
3229 3730 3545 3784 sententiam
3587 3731 3638 3783 in
3669 3730 3813 3785 testi-

2232 3823 2469 3878 monium
2501 3821 2736 3877 veritatis
2760 3836 3033 3877 assumere
3057 3864 3070 3886 ,
3095 3822 3183 3892 qui
3213 3823 3358 3877 novit
3386 3823 3659 3893 sapienter
3680 3823 3813 3878 dicta

2232 3915 2537 3969 discernere
2574 3931 2585 3966 :
2618 3912 2711 3967 sed
2753 3912 2965 3983 quando
3012 3913 3376 3984 inquirentes,
3419 3914 3638 3985 probari
3671 3914 3813 3969 nobis

2231 4005 2427 4077 aliquid
2458 4007 2700 4060 volumus
2740 4006 3046 4060 testimonio
3091 4016 3397 4061 sanctorum
3437 4008 3809 4079 eloquiorum,

2233 4112 2337 4153 non
2379 4097 2535 4152 nobis
2577 4096 2783 4151 dicatur
2829 4096 3150 4151 credendum
3197 4113 3317 4152 esse
3366 4097 3524 4153 etiam
3576 4098 3717 4168 quod
3763 4098 3812 4152 in

2233 4188 2524 4257 Evangelio
2555 4188 2808 4257 scriptum
2848 4196 2950 4249 est,
2981 4187 3025 4240 si
3050 4187 3186 4243 forte
3215 4189 3539 4259 evangelista
3569 4205 3689 4244 eum
3716 4189 3814 4243 hoc

2232 4280 2428 4335 dixisse
2452 4287 2853 4344 commemorat,
2880 4279 2961 4333 cui
2994 4280 3125 4334 ﬁdes
3155 4279 3392 4334 habenda
3423 4295 3526 4335 non
3558 4291 3654 4336 est.
3682 4280 3811 4334 Nam

2231 4372 2427 4427 dictum
2466 4380 2548 4426 est
2575 4371 2680 4424 illic
2708 4387 2736 4423 a
2764 4370 2963 4426 Iudaeis
2991 4371 3214 4426 Domino
3244 4371 3487 4439 Christo,
3526 4371 3711 4426 Nonne
3738 4388 3817 4426 ve-

2229 4480 2344 4517 rum
2370 4463 2580 4517 dicimus
2605 4504 2618 4528 ,
2648 4463 2769 4531 quia
2796 4462 3154 4518 Samaritanus
3182 4480 3233 4517 es
3261 4473 3306 4518 et
3336 4464 3644 4518 daemonium
3671 4464 3816 4517 habes

2231 4556 2422 4629 (Joan.
2451 4572 2542 4612 vm
2567 4599 2581 4624 ,
2614 4556 2766 4629 48)?
2803 4555 2968 4622 Quam
3002 4571 3185 4612 vocem
3232 4566 3376 4612 tanto
3412 4557 3646 4629 amplius
3675 4555 3816 4612 dete-

2229 4657 2434 4703 stamur
2454 4690 2467 4715 ,
2500 4656 2696 4717 quanto
2722 4647 2875 4702 nobis
2900 4647 3145 4703 Christus
3171 4657 3255 4704 est
3281 4649 3491 4704 citarier
3519 4667 3533 4702 :
3567 4651 3814 4705 emissam

2230 4748 2407 4795 tamen
2434 4754 2552 4794 esse
2599 4754 2629 4792 a
2676 4738 2874 4794 Judais
2921 4740 3161 4796 dubitare
3208 4757 3311 4796 non
3359 4756 3687 4811 possumus,
3731 4740 3813 4811 qui

2229 4830 2587 4902 evangelicam
2629 4830 2987 4884 narrationem
3027 4832 3356 4885 verissimam
3403 4833 3699 4887 credimus.
3744 4831 3815 4886 Ita

2227 4934 2326 4978 nec
2355 4921 2706 4992 Evangelistm
2731 4921 3046 4992 derogamus
3074 4922 3232 4977 tidem
3261 4922 3536 4989 scribenti,
3565 4934 3623 4979 et
3652 4922 3816 4979 Judaai

2227 5029 2411 5071 vocem
2441 4998 2857 5084 blasphemantis
2896 5032 3255 5071 exsecramur.
3304 5014 3411 5072 Nec
3436 5016 3615 5071 solum
3650 5017 3817 5086 impiis

2228 5120 2283 5167 et
2314 5109 2558 5165 nefandis
2588 5109 2889 5163 hominibus
2915 5152 2929 5176 ,
2962 5108 3054 5165 sed
3085 5125 3184 5164 nec
3213 5109 3341 5179 ipsis
3370 5109 3421 5164 in
3452 5108 3555 5163 [ille
3589 5109 3818 5181 parvulis

2228 5214 2386 5278 atque
2411 5205 2585 5261 adhuc
2610 5206 2827 5260 rudibus
2858 5213 2913 5259 et
2938 5205 3186 5270 indoctis,
3215 5204 3305 5274 qui
3334 5202 3469 5260 forte
3494 5202 3568 5258 ibi
3594 5205 3819 5274 loqueno

2230 5313 2311 5358 tes
2346 5306 2833 5358 commemorantur
2856 5340 2870 5364 ,
2915 5307 3163 5369 tanquam
3207 5299 3478 5352 canonica:
3517 5294 3819 5352 auctoritati

2231 5391 2697 5449 accommodamus
2728 5389 2905 5446 (idem.
2956 5388 3140 5462 Neque
3190 5390 3355 5459 enim,
3381 5390 3501 5462 quia
3552 5390 3647 5443 ille
3675 5388 3826 5459 cujus

2232 5486 2357 5543 emci
2385 5484 2492 5539 nati
2522 5484 2705 5540 oculos
2735 5482 2994 5538 Dominus
3020 5492 3321 5553 aperuerat,
3350 5483 3441 5549 ait,
3473 5482 3683 5540 Scimus
3708 5480 3823 5551 quia

2230 5587 2513 5650 peccatores
2543 5575 2681 5630 Deus
2708 5592 2810 5630 non
2835 5574 3039 5631 exaudit
3068 5572 3196 5649 (Id.
3229 5591 3281 5630 lx
3304 5616 3321 5644 ,
3350 5576 3411 5632 5i
3438 5574 3480 5648 ),
3512 5573 3637 5629 ideo
3668 5574 3823 5627 istam

2230 5773 2329 5887 ν
2341 5768 2699 5833 Mss.:Quamvis
2730 5783 2846 5838 ergo
2901 5771 3159 5824 adversum
3197 5769 3283 5823 Job
3478 5781 3646 5820 verum
3680 5766 3822 5821 dsu-
