4094 6478
253 403 360 466 σιτ

255 513 580 574 sententiam
615 525 716 583 pro
757 509 1068 582 evangelica
1111 513 1430 566 auctoritate
1471 511 1550 566 sic
1595 510 1856 567 debemus

257 609 520 680 accipere,
549 615 609 662 ut
627 607 754 676 ipsis
780 609 836 660 in
863 603 1154 676 Evangelia
1183 604 1356 660 verbis
1383 605 1597 660 Domini
1627 607 1846 662 resista-

259 717 402 770 mus,
423 702 516 773 qui
541 717 668 756 eum
707 701 798 771 qui
840 699 976 755 dixit
997 741 1012 766 ,
1045 699 1260 754 Domine
1282 742 1296 766 ,
1323 701 1576 771 propitius
1600 711 1704 754 esto
1733 702 1854 754 mihi

261 797 534 869 percntari,
561 795 730 865 magis
754 794 1100 863 justiﬁcatnm
1139 792 1484 848 descendisse
1515 793 1582 846 de
1629 795 1850 863 templo,

261 903 423 959 quam
453 885 780 940 Phariszeum
805 883 1039 954 justitias
1078 897 1204 939 suas
1231 891 1738 938 commemorantem
1768 893 1852 938 at—

262 993 368 1048 que
391 977 682 1048 jactantem
706 1015 722 1040 ,
747 975 924 1030 divina
949 989 1082 1030 voce
1125 973 1354 1028 ﬁrmavit
1382 974 1540 1042 (Luc.
1573 991 1722 1044 xvnl,
1757 977 1854 1031 10-

267 1069 334 1122 14
353 1067 392 1134 ).
425 1068 536 1123 Nec
559 1075 870 1122 succenseat
899 1065 997 1120 iste
1027 1081 1218 1121 recens
1245 1065 1571 1122 illuminatns
1595 1069 1644 1120 in
1666 1081 1851 1132 carne,

263 1159 408 1230 quod
425 1175 548 1214 eum
571 1159 802 1213 diximus
825 1157 876 1212 in
896 1171 1006 1212 suae
1027 1155 1152 1212 ﬁdei
1167 1157 1447 1228 tyrocinio,
1461 1159 1676 1228 quando
1686 1157 1856 1212 adhuc

267 1251 388 1322 quis
413 1261 560 1307 esset
596 1251 686 1320 qui
715 1264 838 1306 eum
881 1257 1162 1304 sanaverat
1207 1249 1514 1316 nesciebat,
1545 1251 1722 1304 minus
1749 1251 1855 1304 cir-

265 1353 630 1412 cumspectam
682 1341 966 1413 protulisse
1007 1342 1326 1396 sententiam
1352 1381 1370 1407 ,
1413 1343 1530 1411 quia
1575 1352 1860 1412 peccatores

267 1435 412 1494 Deus
437 1454 542 1492 non
588 1437 838 1492 exaudit:
869 1451 988 1492 cum
1037 1435 1138 1504 ipsi
1187 1435 1428 1505 Apostoli
1451 1477 1468 1502 ,
1515 1451 1622 1506 pce
1651 1437 1858 1492 caeteris

268 1531 432 1588 electi
456 1541 512 1588 et
551 1529 760 1584 Domini
806 1529 1060 1584 lateribus
1103 1528 1440 1582 cohaerentes
1470 1531 1484 1559 ¹
1518 1529 1738 1599 ejusque
1765 1543 1860 1585 ore

271 1622 569 1693 pendentes
594 1663 608 1687 ,
650 1620 814 1674 multa
861 1619 1195 1689 reperiantur
1235 1620 1580 1688 improbanda
1623 1620 1856 1686 dixisse,

273 1729 392 1784 qua!
419 1725 844 1768 commemorare
866 1711 1130 1779 prolixum
1153 1717 1255 1772 cit,
1285 1710 1354 1762 ita
1379 1719 1435 1764 ut
1458 1710 1641 1764 beatus
1673 1711 1862 1765 Petrus

271 1805 338 1859 de
365 1803 681 1874 quibusdam
707 1803 884 1857 verbis
904 1803 1034 1868 suis,
1066 1815 1172 1856 non
1201 1802 1372 1856 solum
1402 1803 1740 1872 reprehendi,
1767 1801 1862 1856 sed

269 1895 430 1950 etiam
463 1905 674 1950 satanas
701 1893 960 1964 appellari
1005 1891 1264 1948 meruerit
1293 1895 1310 1961 (
1337 1892 1522 1946 Matth.
1557 1909 1646 1946 xv:
1669 1935 1682 1956 ,
1725 1893 1798 1948 25
1819 1892 1860 1966 ).

340 1988 574 2044 CAPUT
611 1987 756 2042 1.-
787 1987 874 2042 15.
912 1987 1224 2055 Quanquam
1269 1985 1322 2040 in
1353 1985 1748 2054 comparatiOne
1781 1987 1868 2054 ju-

273 2081 432 2136 stitite
459 2081 586 2146 Dei,
619 2081 662 2135 si
689 2095 790 2136 nec
819 2081 986 2136 sancti
1019 2081 1070 2134 in
1099 2080 1252 2135 cmlis
1278 2081 1464 2149 Angeli
1489 2079 1615 2148 justi
1640 2095 1756 2134 esse
1779 2081 1864 2134 di-

273 2183 466 2229 cantur
489 2215 506 2240 ,
537 2189 642 2230 non
677 2173 810 2230 mihi
837 2174 1048 2228 videtur
1093 2173 1394 2242 importuna
1427 2175 1688 2228 sententia
1719 2191 1730 2226 :
1759 2189 1864 2228 non

275 2266 394 2336 quia
419 2273 480 2320 ut
506 2265 608 2320 hoc
632 2273 834 2332 essent,
865 2281 894 2319 a
919 2265 1126 2334 jnstitia
1153 2263 1286 2334 lapsi
1319 2274 1476 2330 sunt;
1509 2266 1602 2320 sed
1631 2267 1754 2335 quia
1785 2265 1866 2318 fa-

273 2357 342 2410 cti
365 2365 530 2422 sunt,
559 2365 612 2411 et
639 2357 775 2410 Deus
802 2371 908 2410 non
949 2363 1074 2410 sunt
1095 2398 1110 2422 ,
1139 2363 1446 2426 tantumque
1471 2357 1759 2426 spiritualis
1787 2357 1868 2409 lu-

275 2448 434 2503 minis
459 2447 655 2504 habere
681 2463 786 2502 non
815 2457 1072 2518 possunt,
1103 2457 1358 2519 quantum
1389 2449 1546 2503 habet
1585 2449 1674 2502 illc
1701 2463 1730 2502 a
1762 2465 1868 2518 quo

275 2539 397 2595 facti
423 2549 568 2594 sunt.
603 2540 678 2595 lbi
720 2541 860 2598 enim
889 2555 1096 2596 summa
1137 2541 1338 2609 justitia
1365 2583 1380 2606 ,
1413 2541 1500 2595 ubi
1532 2555 1737 2595 summa
1779 2557 1866 2594 sa-

275 2633 474 2704 pientia
505 2651 520 2688 :
547 2641 601 2689 et
629 2633 730 2688 hoc
761 2633 898 2688 Deus
925 2643 1025 2696 est,
1056 2633 1124 2688 de
1149 2649 1255 2702 quo
1285 2633 1479 2686 dictum
1510 2647 1612 2700 est,
1645 2633 1756 2687 Soli
1785 2649 1868 2686 sa-

275 2725 434 2796 pienti
461 2723 570 2778 Deo
602 2721 792 2796 (Rom.
843 2739 970 2788 xvr,
1013 2723 1144 2794 27).
1189 2725 1296 2779 Sed
1338 2723 1436 2777 alia
1481 2724 1705 2793 quzt-stio
1745 2734 1864 2790 est,

275 2827 534 2888 quantum
562 2817 780 2888 justitite
809 2817 974 2888 ipsius
1013 2817 1226 2886 capiant
1255 2817 1440 2886 Angeli
1465 2858 1478 2880 ,
1507 2825 1870 2886 quantumque

275 2923 380 2964 non
419 2910 652 2982 capiant.
706 2907 868 2978 Cujus
917 2923 1056 2962 enim
1113 2907 1516 2977 participatione
1551 2907 1681 2976 justi
1723 2915 1866 2972 sunt,

275 2999 390 3070 ejus
417 2999 817 3069 comparatione
845 3013 944 3054 nec
965 2997 1093 3068 justi
1123 3006 1266 3052 sunt.

343 3089 575 3146 CAPUT
603 3089 774 3144 XL—
799 3091 883 3144 14.
927 3089 1032 3144 Sed
1060 3089 1160 3143 alia
1192 3097 1274 3143 est
1297 3131 1311 3154 ,
1343 3098 1398 3142 ut
1425 3087 1569 3152 dixi,
1603 3089 1700 3141 ista
1727 3103 1874 3157 quae-

276 3181 408 3246 stio;
437 3181 546 3236 alia
571 3180 638 3236 de
665 3179 928 3236 sideribus
956 3187 1011 3235 et
1035 3181 1146 3234 sole
1176 3189 1228 3234 et
1269 3180 1388 3233 luna
1416 3220 1430 3244 ,
1459 3187 1636 3232 utrum
1667 3179 1752 3232 vel
1781 3195 1870 3232 ra-

277 3273 504 3328 tionales
537 3273 766 3328 habeant
789 3273 1008 3344 spiritus
1035 3273 1086 3327 in
1117 3272 1198 3326 his
1227 3272 1528 3342 conspicuis
1557 3272 1872 3341 corporibus

275 3365 576 3434 lncidisque
605 3384 618 3416 :
649 3380 766 3436 qua:
805 3381 1026 3435 corpora
1070 3381 1189 3420 esse
1231 3366 1320 3435 qui
1363 3365 1607 3432 dubitat,
1636 3364 1762 3435 quid
1803 3365 1872 3420 sit

275 3457 498 3510 omnino
525 3471 720 3526 corpus
763 3457 990 3525 ignorat.
1038 3457 1220 3526 Neque
1271 3463 1366 3510 ista
1413 3459 1632 3510 multum
1673 3456 1742 3510 ad
1775 3471 1872 3510 nos

277 3550 566 3618 pertinent,
589 3555 730 3602 utea
756 3562 966 3602 summo
995 3547 1172 3602 studio
1199 3547 1446 3617 indagare
1465 3561 1734 3612 curemus,
1753 3563 1872 3617 quae

275 3648 480 3694 remota
511 3645 638 3694 sunt
663 3653 696 3692 a
729 3637 976 3694 sensibus
1003 3638 1200 3692 nostris
1225 3647 1280 3691 et
1308 3638 1376 3692 ab
1407 3637 1674 3692 intellectu
1718 3637 1870 3691 inﬁr-

275 3731 478 3784 mitatis
505 3730 752 3784 humana:
775 3770 792 3795 ,
825 3743 923 3784 nec
953 3729 1004 3782 in
1035 3729 1161 3798 ipsis
1187 3727 1472 3798 Scripturis
1493 3729 1564 3782 ita
1592 3729 1782 3798 posita,
1816 3738 1872 3785 ut

277 3823 432 3879 nobis
457 3837 642 3878 eorum
671 3823 740 3876 sit
778 3822 1024 3876 mandata
1051 3823 1304 3892 cognitio.
1335 3821 1444 3876 lmo
1469 3837 1596 3876 vero
1637 3837 1703 3876 ne
1737 3839 1872 3892 prte—

341 3956 358 3986 ¹
385 3957 460 4025 Sic
489 3967 602 4025 CF!“
767 3955 897 4025 [εμηι
939 3953 1035 4025 ipsi
1057 3953 1262 4025 {lposjoli
1287 3951 1494 4018 Dontt'ni,
1537 3965 1644 4019 prw
1684 3955 1870 4007 cwteris

277 4016 418 4068 electi
438 4025 486 4067 et
509 4016 736 4068 lateribus
749 4016 1080 4080 coherentes]

1565 391 1798 454 SERMO
1833 389 2242 454 ARIANORUM

3433 399 3538 465 6‘78

1961 511 2107 580 cipiti
2135 509 2434 580 suspsﬁone
2463 512 2518 566 in
2545 509 2752 568 fabulas
2781 513 3066 584 sacrilegas
3097 516 3360 574 irruamus
3387 560 3402 586 ,
3429 521 3541 576 cla-
3571 491 3592 542 θ

1962 613 2072 658 mat
2093 604 2362 674 Scriptura
2379 603 2580 670 divina,
2603 605 2798 660 Altiora
2817 615 2864 661 te
2887 626 2950 663 ne
2967 611 3244 680 quaesieris,
3263 623 3310 667 et
3335 616 3547 684 fortiora

1963 705 2010 750 te
2035 713 2100 750 ne
2124 705 2372 750 scrutatus
2401 698 2556 766 fuerit
2579 713 2599 762 ;
2624 699 2713 752 sed
2735 715 2850 770 quia
2885 701 2974 754 tibi
2999 705 3234 775 praecepit
3259 703 3506 762 Dominus
3528 749 3548 776 ,

1963 789 2052 842 illa
2076 789 2242 859 cogita
2288 805 2483 858 semper
2510 789 2527 860 (
2546 790 2708 844 Eccli.
2741 807 2816 856 Ill,
2849 791 2950 864 22)
2986 810 3000 846 :
3031 803 3092 848 ut
3133 797 3306 865 magis
3335 797 3389 852 in
3433 798 3548 854 istis

1965 881 2246 934 temeraria
2271 881 2632 951 praesumptio,
2655 897 2812 952 quam
2833 895 2984 940 cauta
3009 885 3266 956 ignoratio
3285 889 3548 958 culpanda
3573 873 3577 900 λ

1965 974 2224 1029 videatur.
2255 973 2413 1030 Certe
2437 975 2510 1030 ait
2539 977 2845 1044 Apostolus,
2881 977 2998 1033 Siue
3024 979 3184 1034 Sedes
3202 1024 3216 1046 ,
3245 983 3346 1036 sive
3373 981 3552 1038 Domi-

1965 1067 2190 1120 nationes
2212 1109 2227 1134 ,
2257 1066 2359 1120 sive
2409 1065 2730 1138 Principatus
2753 1109 2767 1133 ,
2795 1069 2897 1122 sive
2933 1069 3214 1128 Potestates
3261 1071 3480 1146 (Coloss.
3511 1093 3550 1142 l,

1965 1157 2091 1229 16).
2133 1157 2200 1212 Et
2237 1172 2356 1214 esse
2395 1159 2569 1228 itaque
2603 1157 2792 1224 Sedes,
2825 1161 3243 1230 Dominationes,
3277 1164 3552 1236 Principa-

1967 1259 2069 1315 tus,
2103 1249 2402 1305 Potestates
2429 1251 2480 1304 in
2507 1251 2812 1306 caelestibus
2837 1253 3178 1321 apparatibus
3201 1295 3216 1320 ,
3247 1256 3554 1312 ﬁrmissime

1964 1340 2146 1408 credo,
2165 1349 2218 1395 et
2237 1339 2450 1396 diﬂ‘erre
2471 1343 2608 1395 inter
2623 1355 2682 1396 se
2701 1341 2896 1412 aliquid
2921 1344 3210 1400 indubitata
3235 1345 3338 1402 ﬁde
3361 1355 3516 1402 teneo
3537 1365 3550 1402 :

1966 1433 2060 1488 sed
2087 1475 2100 1500 ,
2129 1447 2235 1503 quo
2263 1449 2347 1487 me
2385 1441 2694 1489 contemnas
2719 1475 2734 1500 ,
2763 1449 2920 1504 quem
2967 1451 3214 1506 magnum
3259 1445 3412 1507 putas
3437 1455 3556 1494 esse

1967 1524 2263 1590 doctorem,
2287 1539 2528 1594 quamam
2559 1524 2656 1578 ista
2687 1525 2813 1590 sint,
2841 1534 2896 1580 et
2923 1525 3046 1596 quid
3077 1528 3213 1582 inter
3231 1544 3291 1584 se
3311 1529 3557 1584 dilferant

1969 1616 2169 1671 nescio.
2201 1615 2306 1670 Nec
2333 1629 2394 1669 ea
2441 1629 2570 1670 sane
2615 1617 2909 1686 ignorantia
2953 1619 3234 1686 periclitari
3279 1635 3364 1674 me
3389 1631 3553 1689 puto,

1971 1711 2106 1764 sicut
2134 1709 2511 1776 inobedicntia,
2541 1709 2582 1762 si
2617 1709 2822 1762 Domini
2853 1717 3118 1779 praecepta
3144 1711 3428 1780 neglexero
3457 1730 3470 1778 ;
3504 1721 3559 1767 et

1971 1803 2090 1856 ideo
2119 1802 2473 1872 puto'Spiritu
2507 1801 2599 1856 Dei
2631 1817 2725 1870 per
2751 1811 2994 1857 auctores
3017 1813 3246 1866 nostros,
3271 1804 3557 1872 scriptores

1971 1907 2272 1951 sanctorum
2293 1896 2644 1966 eloquiorum,
2667 1909 2771 1950 non
2795 1895 2951 1966 plene
2973 1895 3230 1964 exposita,
3255 1896 3348 1951 sed
3367 1897 3557 1966 raptim

1972 1997 2107 2042 tacta
2138 1997 2298 2058 atque
2327 1987 2642 2058 perstricta;
2685 1995 2740 2040 ut
2783 1987 2826 2040 si
2857 1987 2941 2040 cui
2973 1986 3108 2042 forte
3139 1989 3226 2041 tali
3253 1987 3436 2057 quales
3463 2003 3560 2044 nos

1972 2097 2154 2137 sumus
2181 2127 2194 2149 ,
2231 2097 2322 2152 per
2351 2083 2590 2135 altiorem
2623 2081 2999 2136 revelationem
3027 2081 3222 2150 aliquid
3253 2081 3560 2151 hujusmodi

1973 2175 2124 2228 fuerit
2156 2173 2610 2238 demonstratum,
2640 2187 2746 2226 non
2775 2187 2834 2226 se
2881 2171 3158 2226 inferiores
3189 2171 3352 2226 fuisse
3377 2173 3561 2226 credat

1972 2281 2084 2331 eos,
2113 2281 2206 2336 per
2225 2281 2359 2336 quos
2383 2265 2536 2319 nobis
2561 2265 2934 2318 canonicarnm
2963 2265 3354 2336 Seriplurarum
3377 2274 3560 2320 sancta

1973 2357 2238 2428 pratconia
2285 2359 2580 2410 ministrata
2629 2365 2774 2411 sunt.
2827 2357 3088 2425 Quantum
3148 2359 3286 2412 enim
3337 2359 3562 2428 quisque

1973 2451 2190 2506 sciendo
2219 2447 2502 2520 profecerit
2526 2493 2540 2517 ,
2575 2459 2722 2505 tanto
2750 2467 2809 2505 se
2837 2451 2974 2506 infra
3005 2451 3119 2505 illas
3148 2451 3375 2506 Litteras
3404 2452 3560 2506 inve-

1976 2545 2076 2598 niet
2108 2584 2122 2609 ,
2151 2557 2280 2612 quas
2319 2543 2457 2597 Deus
2487 2551 2734 2612 tanquam
2777 2545 3168 2598 ﬁrmamentum
3197 2559 3355 2614 supra
3383 2547 3560 2600 omnia

1975 2635 2200 2688 humana
2232 2634 2392 2689 corda
2441 2637 2732 2689 constituit.
2775 2634 2891 2689 Non
2943 2636 3122 2706 itaque
3163 2651 3298 2705 opus
3327 2647 3407 2690 est
3445 2636 3562 2707 plus

1974 2741 2181 2794 sapere,
2222 2725 2308 2778 sed
2349 2741 2526 2793 sapere
2571 2725 2638 2777 tul
2683 2727 3060 2795 temperantiam
3083 2767 3096 2789 ,
3131 2727 3258 2780 sicut
3297 2727 3564 2798 unicuique

1975 2815 2111 2870 Deus
2137 2817 2350 2885 partitus
2380 2827 2448 2869 est
2479 2831 2762 2869 mensuram
2787 2816 2908 2884 fidei
2935 2815 3111 2886 (Rom.
3145 2831 3240 2880 xu,
3271 2817 3358 2886 5).
3389 2818 3560 2872 Doce—

1975 2911 2102 2963 bunt
2129 2917 2182 2964 te
2207 2909 2303 2962 ista
2337 2908 2558 2962 fortasse
2585 2907 2874 2972 doctiores,
2903 2910 2946 2962 si
2975 2910 3042 2963 ad
3075 2911 3194 2964 illos
3221 2909 3411 2964 aﬁ'eras
3439 2918 3562 2964 lana

1978 3011 2082 3054 tam
2113 2999 2352 3054 discendi
2396 3001 2705 3062 scientiam,
2737 3011 2988 3070 quantum
3027 3001 3226 3055 sciendi
3273 3001 3438 3056 habes
3466 3017 3562 3056 cu-

1978 3107 2124 3156 ram;
2179 3107 2244 3146 ne
2297 3091 2558 3160 incognita
2609 3105 2706 3161 pro
2747 3091 2972 3161 cognitis
3020 3093 3292 3160 Opim-ris;
3343 3109 3410 3146 ne
3457 3109 3562 3148 non

1977 3184 2236 3240 credenda
2263 3185 2472 3250 credas,
2501 3185 2582 3238 vel
2610 3185 2872 3238 credenda
2897 3199 2998 3238 non
3027 3187 3232 3240 credas.
3265 3186 3377 3240 lmo
3405 3187 3564 3241 doce-

1978 3278 2052 3331 bit
2082 3277 2168 3330 illc
2217 3291 2352 3330 llllllS
2401 3276 2650 3346 Magister
2693 3287 2747 3330 ct
2785 3291 2940 3330 verus
2961 3318 2974 3340 ,
3003 3278 3116 3331 sive
3147 3293 3238 3345 per
3270 3277 3387 3332 illos
3411 3321 3424 3340 ,
3454 3279 3564 3332 sive
3593 3333 3596 3336 .

1977 3371 2168 3441 quibus
2205 3369 2378 3422 modis
2405 3369 2622 3422 Volucril
2651 3411 2665 3434 ,
2696 3369 2784 3438 qui
2815 3378 2864 3420 te
2893 3383 2986 3436 pro
3027 3383 3118 3422 sua
3151 3368 3380 3422 licclcsia
3413 3369 3564 3422 labo-

1979 3471 2183 3518 rantem
2217 3463 2358 3515 intus
2385 3462 2594 3528 iuSpicit
2619 3505 2632 3526 ,
2665 3462 2752 3516 ubi
2779 3471 2833 3516 et
2861 3461 2964 3516 hoc
2989 3463 3041 3514 in
3073 3471 3122 3514 te
3149 3461 3374 3516 Contulit
3403 3480 3414 3514 :
3451 3462 3564 3531 ipse

1977 3553 2238 3610 reserabit
2282 3553 2438 3606 latius
2498 3553 2770 3605 veritatem
2797 3594 2810 3616 ,
2843 3553 2929 3622 qui
2961 3553 3256 3622 pulsantem
3285 3553 3562 3623 pervidet,

1977 3663 2134 3719 quam
2165 3647 2366 3701 donare
2394 3645 2639 3715 dignatus
2667 3654 2767 3711 est,
2799 3645 3107 3700 charitatem
3141 3644 3237 3718 (α).

2041 3831 2115 3892 (α)
2139 3829 2424 3892 Hicdesinit
2446 3832 2692 3892 Tractatns
2729 3828 2778 3874 in
2813 3825 3095 3892 melioribus
3129 3833 3232 3874 Mss.
3273 3825 3453 3892 Reliqui
3479 3827 3565 3876 tri-

2013 3888 2110 3940 inta
2133 3891 2324 3942 circiter
2351 3889 2622 3952 versusqui
2651 3888 3037 3952 superaddunlur
3077 3891 3124 3952 in
3163 3889 3380 3952 excusis,
3409 3895 3566 3938 trans-

2013 3907 2110 3940 ιηω
2133 3907 2324 3942 (Ὶι-οιιυι·
2351 3907 2522 3940 γυινδυδ
2541 3907 2622 3952 (ιω
2651 3907 3037 3950 supcrauuuutur
3077 3907 3124 3936 Ill
3163 3907 3380 3947 UICUSIS,
3409 3907 3565 3938 trans-

1977 3907 2060 4003 Elii
2085 3955 2177 4002 huc
2215 3959 2402 4002 Inerant
2426 3967 2486 4000 ex
2513 3949 2848 4014 [incepistolz‘e
2873 3951 3118 4012 Augustini
3137 3951 3193 3998 ad
3212 3951 3565 4014 Hieronymum,

1978 4017 2091 4066 olim
2115 4015 2284 4064 ordine
2309 4015 2386 4074 ‘28,
2403 4027 2530 4062 nunc
2553 4012 2658 4062 166.

573 4153 792 4160 _———__._
821 4151 2074 4159 .__—_.—————————————...._——-—-—
2091 4151 2276 4156 ρ--ωφ-
2295 4151 2340 4154 -—~
2375 4151 2380 4154 -
2469 4150 2482 4153 —
2511 4150 3546 4154 -—~——————77~rwr—v—r————

285 4153 780 4202 Ξ..
797 4194 1096 4202 _-——-———————
1119 4165 1664 4200 .——__—_.-!__—_
1699 4195 1724 4202 ,η
1745 4195 1826 4200 ._.___
1851 4194 2062 4198 —____
2079 4165 2187 4197 __,-_l
2215 4191 2482 4196 __-—.__.___
2499 4189 3074 4195 _.___—_-—_—t_..._
3101 4189 3138 4193 -.
3161 4190 3186 4192 --

573 4153 792 4160 _———__._
821 4153 1052 4159 .——_——

489 4271 902 4331 AUGUSTINI
948 4271 1450 4328 SCRIPTIONES
1493 4271 1692 4326 ALI/E
1733 4270 2128 4328 ADVERSUS
2171 4267 2874 4325 PRISCILLIANISTAS
2923 4266 3050 4322 H/E
3091 4267 3288 4322 SUNT
3317 4283 3336 4321 :

927 4400 976 4435 ω
1007 4397 1138 4436 rono
1169 4399 1222 4446 ιι,

497 4490 702 4556 Epistula
724 4503 948 4542 ccxxxvn
965 4525 979 4552 ,
1013 4489 1071 4539 ad
1093 4489 1335 4539 Ceretium
1360 4489 1654 4550 episcomtm.

2623 4395 2670 4428 IN
2702 4393 2831 4430 rouo
2863 4395 2908 4431 vx
2922 4419 2936 4440 ,

2246 4491 2416 4534 Contra
2439 4483 2732 4532 Mendacium
2753 4482 2878 4531 liber
2899 4482 2956 4531 ad
2980 4483 3299 4532 Consentium.

1361 4647 1442 4706 ΙΝ
1485 4644 2110 4718 SUBSEQUENTEM
2153 4645 2492 4716 LIBRUM,

295 4777 446 4842 Vide
472 4775 584 4840 lib.
617 4771 678 4850 2,
732 4793 866 4855 cap.
897 4773 998 4850 52,
1046 4771 1622 4855 Retractationum,
1655 4779 1800 4855 toni.
1837 4771 1894 4842 1,
1948 4771 2065 4855 col.
2118 4769 2258 4838 650,
2308 4769 2542 4855 verbis,
2593 4771 2768 4855 Inter
2799 4771 2931 4833 haec
2969 4771 3080 4854 (α),
3109 4793 3298 4854 usque
3333 4773 3414 4833 ad
3444 4769 3569 4836 col.

1107 4854 1249 4926 651,
1281 4851 1506 4918 verbis,
1539 4851 1674 4912 Hac
1705 4851 2136 4928 disputatione
2165 4851 2546 4928 respondeo.
2633 4851 2717 4910 M.

344 4981 416 5044 (α)
443 4987 606 5044 Ipsum
629 4987 822 5040 tempus
843 4975 1017 5026 indicat
1037 4981 1287 5044 Gestorum
1310 4988 1418 5044 cum
1443 4973 1905 5044 chrit_o__donati§ta
1921 4972 2046 5044 apud
2069 4973 2440 5044 (tzesaream,de
2465 4973 2714 5044 quibusin
2737 4975 2956 5044 j‘nroxime
2981 4973 3306 5044 antecedente
3331 4980 3571 5044 lt_etraeta-

285 5033 650 5104 liontim'mpitc
677 5033 819 5104 :quze
840 5040 1344 5104 Gestaconsignanlur
1379 5035 1586 5104 [tonorio
1609 5040 1770 5104 xnnet
1795 5033 2062 5104 ‘I'heodosio
2101 5041 2184 5081 \-’lll
2207 5044 2337 5104 troas.
2361 5033 2524 5104 Itaque
2548 5033 2855 5104 sulsequens
2895 5033 3026 5104 lingu
3061 5035 3273 5104 pertinet
3309 5035 3366 5082 ad
3389 5041 3568 5084 annum

284 5107 448 5156 Christi
471 5095 583 5154 418.
608 5109 660 5152 In
681 5095 1162 5164 antiquiscodicibus
1175 5097 1362 5148 titulum
1386 5097 1536 5146 habet
1561 5110 1572 5144 :
1609 5115 1630 5140 ‹ι
1653 5097 1792 5164 Liber
1819 5095 1992 5144 Aurelii
2027 5099 2274 5158 Augustini
2309 5095 2654 5158 respdndentis
2673 5095 2838 5146 contra
2863 5095 3108 5157 perﬁdiam
3139 5096 3434 5146 Arianorum.
3461 5113 3482 5142 υ
3515 5104 3566 5146 In

285 5167 690 5218 Retractationum
709 5159 1068 5226 exemplaribus
1093 5175 1105 5210 :
1140 5180 1162 5206 ι
1183 5168 1352 5210 Contra
1374 5171 1651 5208 sermonem
1671 5159 1964 5206 At'ianorum.
1987 5175 2007 5202 »

1785 5261 2102 5271 ———___

1266 5333 1738 5478 genus
1820 5329 2638 5486 arietatorum,

345 5563 430 5612 Ubi
451 5560 644 5611 numeri
667 5564 924 5622 propterea
945 5561 1060 5606 sunt
1081 5549 1420 5622 locissingulis
1436 5549 1664 5622 annotati,
1679 5554 1731 5598 ut
1747 5561 1856 5598 cum
1877 5545 2480 5622 responsiolcgiemperit,
2499 5561 2582 5610 qui
2605 5547 2818 5620 voluerit
2839 5549 3244 5622 attendat,_utrum
3263 5555 3441 5622 cuique
3463 5553 3572 5607 loco

285 5609 804 5686 apt—{diligenterque
835 5629 1124 5682 responsum
1177 5617 1270 5675 sit;
1295 5609 1408 5676 quia
1451 5609 1648 5660 eosdem
1672 5621 1904 5660 numeros
1919 5609 2068 5659 habet
2094 5610 2242 5657 etiam
2279 5609 2379 5670 ipsa
2397 5609 2675 5672 reSpOnsio,
2701 5625 2790 5673 per
2813 5625 2936 5674 quos
2957 5613 3035 5662 cui
3063 5609 3181 5664 loco
3217 5609 3570 5679 reSpondeatur

287 5693 530 5750 appareat.

357 5795 408 5847 l.
439 5792 692 5847 Dominus
714 5797 896 5844 noster
921 5785 1076 5842 Jesus
1089 5781 1352 5848 Christus,
1380 5779 1522 5836 Dens
1545 5777 1866 5850 unigenitus,

291 5867 670 5958 primogctmns
701 5883 862 5936 totius
892 5877 1196 5934 creationis.

2048 5777 2102 5830 2.
2138 5775 2418 5831 Voluntatc
2453 5775 2547 5832 Dei
2577 5786 2634 5834 et
2673 5778 2846 5838 Patris
2889 5781 2970 5838 sui
3007 5793 3132 5842 ante
3156 5785 3335 5842 onmia
3373 5786 3572 5844 multa

1983 5870 2319 5925 constitutus.
