4094 6438
521 369 627 433 679

591 487 649 541 5.
687 482 971 539 Voluntate
1017 488 1072 537 et
1118 486 1383 553 praecepto
1426 476 1615 546 ipsius,
1659 474 1894 531 cmlestia
1924 484 1978 530 et
2002 483 2108 529 ter-

523 576 711 632 restria
739 617 754 641 ,
815 574 1034 629 visibilia
1083 582 1137 628 et
1182 569 1463 625 invisibilia
1495 607 1511 635 ,
1564 581 1789 637 corpora
1840 577 1897 622 et
1947 566 2108 635 spiri-

523 677 609 723 tus
647 684 714 724 ex
768 667 928 723 nullis
981 664 1342 730 exstantibus,
1392 670 1450 718 ut
1501 669 1720 727 essent,
1773 674 1871 717 sua
1911 659 2118 715 virtute‘

522 757 668 818 fecit.

592 853 646 906 4.
698 850 767 905 Et
813 856 1096 919 antequam
1136 846 1334 902 faceret
1370 846 1637 909 universa,
1678 843 1914 898 omnium
1957 838 2106 895 futu—

518 957 700 997 rorum
726 941 863 994 Deus
886 950 938 993 et
968 937 1241 1004 Dominus,
1272 951 1367 991 rex
1389 944 1444 991 et
1461 944 1670 991 creator
1699 942 1813 988 erat
1836 932 2105 987 constitu-

522 1041 627 1097 tus,
655 1041 710 1087 et
737 1031 972 1084 omnium
998 1028 1295 1083 futurorum
1318 1028 1371 1081 in
1394 1036 1579 1081 natura
1596 1024 1799 1079 habens
1816 1022 2103 1093 prazscien-

520 1124 665 1185 tiam,
698 1130 751 1175 et
794 1121 847 1175 in
893 1119 1138 1175 faciendo
1182 1120 1236 1173 in
1285 1118 1533 1173 omnibus
1569 1125 1886 1185 exspectans
1934 1113 2104 1167 Patris

510 1215 846 1285 jussionem;
882 1213 993 1283 ipse
1020 1214 1291 1268 voluntate
1321 1219 1375 1267 et
1401 1219 1670 1280 praecepto
1691 1207 1864 1263 Patris
1890 1206 2107 1260 descen-

517 1307 593 1362 dit
616 1306 682 1361 de
709 1307 866 1371 caelo,
898 1312 953 1359 et
980 1304 1125 1359 venit
1146 1304 1200 1357 in
1221 1302 1361 1357 hunc
1382 1300 1658 1363 mundum,
1693 1301 1829 1354 sicut
1852 1298 1967 1367 ipse
1985 1295 2061 1350 ait
2089 1312 2102 1349 :

523 1400 630 1454 Nec
660 1400 793 1454 enim
817 1415 851 1452 a
878 1414 957 1451 me
980 1397 1091 1468 ipso
1117 1396 1246 1463 veni,
1284 1394 1372 1450 sed
1400 1392 1489 1449 ille
1516 1409 1595 1447 me
1619 1392 1753 1445 misit
1780 1389 1958 1461 (Joan.
1985 1402 2101 1454 vui,

517 1491 607 1551 42)
619 1531 631 1543 .

592 1586 644 1639 5.
687 1585 753 1638 Et
780 1584 899 1654 quia
930 1582 996 1638 de
1020 1580 1267 1636 omnibus
1295 1578 1657 1650 spiritualibus
1682 1583 1737 1631 et
1760 1574 2106 1630 rationalibus

517 1677 790 1748 gradibus,
832 1685 1050 1746 propter
1075 1674 1383 1745 qualitatem
1414 1674 1429 1704 ¹
1462 1681 1517 1727 et
1552 1671 1886 1740 fragilitatem
1917 1683 2108 1738 corpo-

517 1769 613 1833 ris,
648 1768 804 1837 paulo
835 1768 1009 1821 minus
1036 1767 1103 1820 ab
1131 1765 1348 1835 Angelis
1377 1762 1597 1818 inferior
1624 1761 1918 1816 minoratus
1944 1759 2106 1813 homo

519 1858 797 1912 videbatur
848 1857 1015 1927 (Psal.
1067 1872 1179 1921 vnn,
1205 1858 1259 1923 6)
1287 1873 1299 1909 :
1327 1870 1393 1908 ne
1414 1870 1471 1908 se
1493 1853 1651 1907 vilem
1674 1858 1933 1921 speraret,
1959 1856 2014 1903 et
2036 1848 2103 1904 de

520 1949 691 2004 salute
719 1966 813 2004 sua
845 1950 1191 2017 ’desperaret
1214 1990 1228 2014 ,
1264 1946 1519 2001 Dominus
1545 1945 1701 2000 Jesus
1732 1945 2000 1998 honorans
2031 1940 2108 1995 fa-

524 2054 725 2096 cturam
754 2057 923 2102 suam,
952 2042 1197 2111 dignatus
1221 2048 1305 2093 est
1328 2038 1612 2091 humanam
1636 2050 1850 2089 carnem
1872 2035 2108 2103 suscipe-

524 2151 603 2199 re;
630 2146 683 2190 et
701 2135 931 2189 ostendit
950 2135 968 2165 ’-'
990 2135 1107 2204 quia
1132 2150 1236 2188 non
1258 2142 1340 2186 est
1360 2131 1520 2185 homo
1542 2131 1682 2196 vilis,
1706 2130 1799 2184 sed
1821 2130 2105 2199 pretiosus,

519 2224 655 2279 sicut
679 2230 933 2295 scriptum
973 2234 1055 2279 est
1075 2243 1086 2275 :
1112 2224 1328 2294 Magnus
1345 2224 1492 2275 homo
1509 2232 1553 2275 et
1573 2222 1818 2289 pretiosus
1835 2221 1908 2272 vir
1925 2219 2105 2286 (Prov.

519 2333 617 2381 xx,
653 2317 704 2379 6,
735 2333 834 2371 sec.
868 2316 1059 2385 LXX).
1091 2315 1157 2368 Et
1188 2315 1306 2368 ideo
1332 2314 1502 2367 soluat
1533 2312 1801 2366 hominem
1832 2311 1976 2365 Patri
2011 2325 2108 2365 suo

523 2406 815 2473 ha-redem,
842 2408 942 2462 sibi
973 2408 1113 2462 enim
1140 2405 1497 2484 coliteredem,
1530 2404 1704 2458 facere
1729 2403 1973 2473 dignatus
1994 2411 2104 2469 est;

520 2510 581 2556 ut
604 2501 743 2571 quod
788 2502 964 2556 minus
993 2507 1273 2569 acceperat
1315 2497 1370 2552 in
1406 2504 1616 2563 natura,
1649 2496 1767 2566 plus
1794 2494 2010 2551 haberet
2054 2494 2109 2548 in

523 2592 747 2650 honore.

592 2688 645 2742 6.
672 2684 819 2753 Cum,
850 2684 1040 2756 inquit,
1080 2685 1209 2739 venit
1236 2682 1494 2755 plenitudo
1521 2680 1781 2751 temporis,
1810 2679 1942 2733 misit
1972 2677 2109 2733 Deus

520 2776 714 2833 Filium
742 2794 891 2832 suunt
920 2786 1093 2830 natum
1130 2792 1193 2830 ea:
1218 2776 1425 2829 muliere
1452 2772 1739 2845 (Galamv,
1765 2772 1838 2841 4).
1874 2771 1990 2839 Ipse
2018 2770 2107 2841 qui

520 2873 791 2926 voluntate
821 2870 989 2925 Patris
1019 2885 1234 2925 carnem
1260 2868 1513 2937 suscepit,
1545 2868 1658 2936 ipse
1688 2874 1742 2920 et
1763 2865 2030 2918 voluntate
2055 2872 2117 2918 et

522 2972 789 3033 prmcepto
816 2962 980 3031 ipsius
1008 2962 1059 3014 in
1088 2975 1313 3030 corpore
1339 2967 1687 3014 conversatus
1714 2966 1815 3019 est,
1840 2956 1977 3010 sicut
1997 2956 2109 3024 ipse

520 3054 595 3108 ait
624 3072 635 3107 :
666 3053 912 3108 Descendi
938 3053 1000 3107 de
1012 3054 1157 3118 caelo,
1185 3069 1286 3105 non
1306 3060 1359 3103 ut
1380 3052 1565 3119 faciam
1590 3048 1897 3102 voluntatem
1924 3062 2105 3111 nteant,

520 3146 609 3198 sed
636 3146 938 3199 voluntatem
965 3146 1071 3214 ejus
1096 3144 1182 3211 qui
1206 3160 1284 3197 me
1310 3143 1444 3196 misit
1466 3141 1641 3212 (Joan.
1659 3156 1734 3205 v1,
1768 3140 1882 3209 '58).
1912 3139 2025 3208 Ipse
2056 3147 2109 3193 et

522 3238 796 3292 voluntate
824 3238 994 3291 Patris
1025 3237 1235 3305 triginta
1261 3250 1519 3289 annorum
1549 3234 1867 3303 baptizatus,
1903 3246 2035 3285 voce
2055 3238 2110 3285 et

524 3331 828 3386 testimonio
856 3330 1030 3385 Patris
1058 3330 1424 3385 manifestatus
1461 3327 1609 3399 (Luc.
1657 3342 1735 3391 ιιι,
1772 3324 1981 3393 21-25),
2010 3339 2107 3378 vo-

522 3422 726 3479 luntate
747 3433 799 3478 et
827 3433 1091 3493 praecepto
1118 3422 1288 3476 Patris
1310 3420 1651 3489 Evangelium
1678 3418 1823 3487 regni
1850 3416 2109 3471 cmlorum

522 3516 867 3588 prmdicabat,
896 3517 1034 3570 sicut
1061 3516 1172 3585 ipse
1194 3514 1269 3567 ait
1310 3531 1322 3568 :
1371 3512 1438 3567 Et
1466 3513 1581 3566 aliis
1610 3512 1889 3565 civitatibus
1915 3518 2110 3580 oportet

522 3624 603 3663 me
642 3607 973 3679 Evangelium
1015 3607 1324 3678 pratdicare;
1368 3605 1421 3657 in
1466 3604 1560 3657 hoc
1614 3603 1746 3656 enim
1790 3603 1972 3655 missus
1998 3617 2109 3654 sum

521 3702 616 3771 (Id
640 3718 709 3767 Iv,
741 3703 831 3771 45)
854 3719 867 3767 ;
898 3710 973 3768 et,
1004 3700 1123 3771 Ipse
1144 3700 1266 3754 mihi
1292 3699 1584 3752 mandatum
1613 3698 1749 3752 dedit
1773 3697 1895 3768 quid
1921 3698 2103 3763 dicam,

520 3804 609 3850 aut
649 3795 769 3864 quid
810 3795 988 3863 loquar
1026 3794 1203 3866 (Joan.
1248 3809 1343 3858 xu,
1373 3792 1487 3863 49).
1517 3792 1584 3846 Ει
1625 3792 1700 3845 sic
1745 3790 2014 3845 voluntate
2056 3798 2111 3845 et

522 3898 788 3956 praecepto
821 3888 991 3940 Patris
1017 3886 1083 3941 ad
1115 3886 1415 3955 passionem
1453 3894 1507 3939 et
1533 3891 1756 3938 mortem
1782 3882 2105 3952 pmperavit,

520 3978 658 4032 sicut
682 3979 795 4046 ipse
823 3979 896 4032 ait
919 3996 931 4030 :
964 3976 1135 4044 Pater,
1161 3986 1380 4031 transeat
1400 3976 1536 4029 calix
1559 3976 1649 4029 istc
1672 3993 1702 4028 a
1727 3992 1835 4039 me;
1884 3992 1983 4028 non
2028 3985 2107 4027 ta-

519 4087 633 4123 men
660 4070 795 4139 quod
824 4086 913 4141 ego
943 4071 1073 4134 volo,
1102 4070 1189 4123 sed
1222 4070 1356 4136 quod
1386 4080 1439 4122 tu
1464 4070 1536 4121 vis
1563 4069 1773 4138 (Matth.
1806 4085 1950 4135 xxvr,
1988 4068 2103 4139 '59).

518 4159 588 4214 Et
617 4160 873 4230 Apostolo
912 4169 1184 4215 asserente
1227 4168 1281 4214 et
1319 4160 1526 4214 dicente
1564 4177 1577 4213 :
1614 4159 1879 4224 Obcdiens,
1914 4159 2101 4229 inquit,

519 4257 683 4323 factus
717 4251 862 4305 Patri
906 4268 1059 4322 usque
1099 4252 1168 4305 ad
1205 4262 1437 4320 mortem,
1484 4260 1690 4305 mortem
1730 4261 1897 4305 autent
1942 4252 2106 4305 crucis

524 4344 783 4415 (Philipp.
812 4360 869 4410 ιι,
900 4342 975 4416 8).

593 4437 644 4490 7.
680 4437 729 4490 ls
766 4445 820 4491 et
866 4436 919 4490 in
961 4450 1119 4490 cruce
1160 4435 1425 4503 pendens,
1462 4436 1732 4491 voluntate
1758 4444 1811 4491 et
1837 4443 2105 4507 praecepto

519 4529 691 4584 Patris
713 4544 925 4583 carnem
954 4529 1260 4593 humanam,
1285 4546 1443 4600 quant
1474 4530 1539 4584 de
1564 4540 1745 4583 sancta
1771 4528 1973 4599 virgine
1997 4530 2105 4582 Ma-

517 4624 593 4677 ria
623 4625 877 4692 suscepit,
903 4624 957 4676 in
986 4638 1176 4677 manus
1206 4623 1478 4677 hominum
1498 4622 1799 4691 dereliquit,
1830 4631 1883 4676 et
1911 4621 2104 4675 divini-

518 4724 680 4771 tatem
708 4730 857 4770 suam
904 4716 955 4769 in
989 4730 1178 4771 manus
1218 4715 1389 4769 Patris
1424 4713 1849 4780 commendavit,
1879 4714 2099 4767 dicens:

518 4805 697 4870 Pater,
725 4807 779 4859 in
806 4823 985 4860 manus
1027 4817 1137 4860 tuas
1167 4806 1462 4861 commendo
1490 4806 1723 4874 spiritum
1754 4821 1918 4857 meum
1945 4803 2094 4874 (Luc.

514 4912 674 4963 xxm,
716 4898 831 4967 46).
884 4898 1018 4965 Quia
1066 4898 1227 4952 Maria
1271 4899 1586 4951 moriturum
1637 4911 1829 4964 corpus
1874 4896 2097 4965 peperit,

514 4991 656 5046 Deus
697 5000 872 5046 autem
918 4991 1233 5046 immortalis
1276 4987 1627 5044 immortalem
1666 4987 1857 5042 Filium
1897 4989 2096 5057 genuit.

516 5082 656 5153 Ergo
688 5097 835 5138 mors
862 5082 1061 5137 Christi
1089 5096 1195 5136 non
1241 5081 1521 5135 diminutio
1555 5091 1637 5135 est
1663 5079 1971 5147 divinitatis,
2005 5080 2099 5136 sed

512 5174 774 5245 depositio
794 5176 1056 5246 corporis.
1088 5174 1253 5229 Sicuti
1284 5174 1425 5229 enim
1453 5175 1725 5244 generatio
1752 5174 1867 5243 ejus
1892 5190 1956 5229 ex
1989 5173 2098 5227 vir-

512 5268 637 5336 gine
668 5283 771 5321 non
802 5266 898 5321 fuit
927 5268 1197 5335 corruptio
1218 5266 1482 5321 dealitatis
1507 5266 1691 5336 ipsius,
1716 5266 1809 5321 sed
1832 5267 2098 5335 susceptio

513 5358 753 5427 corporis
779 5376 794 5424 ;
822 5359 893 5412 ita
921 5369 974 5412 et
1002 5359 1057 5412 in
1084 5372 1254 5414 morte
1282 5359 1397 5429 ejus
1437 5374 1541 5414 non
1583 5360 1682 5414 fuit
1712 5360 1887 5429 passio
1909 5369 1962 5413 et
1998 5359 2095 5414 de-

510 5448 674 5503 feetio
707 5449 969 5505 dealitatis
995 5450 1180 5520 ipsius,
1212 5450 1307 5507 sed
1330 5451 1595 5521 separatio
1620 5452 1795 5507 carnis
1816 5450 1948 5520 ejus.
1978 5449 2095 5505 Sic-

508 5540 586 5595 uti
614 5541 756 5596 enim
798 5542 887 5613 qui
930 5542 1295 5597 indumentum
1343 5544 1679 5614 conscindit,
1726 5543 1910 5600 induto
1972 5544 2097 5601 facit

573 5716 589 5783 ξ
616 5722 681 5767 Ita
704 5724 810 5767 Mss.
828 5716 947 5783 Editi
968 5729 1105 5783 vero,
1128 5714 1472 5783 inﬁrmitatem.

570 5780 591 5809 ³
611 5786 660 5827 ιιι
681 5786 808 5839 Mss,
827 5786 873 5829 et
895 5781 956 5829 de
973 5780 1293 5831 sanitate'sua.

571 5840 593 5873 ³
611 5848 684 5891 Er.
700 5845 846 5905 Lugd.
864 5850 983 5893 Ven.
1004 5849 1132 5905 ων..
1153 5845 1417 5897 ostendere.
1482 5855 1538 5896 Μ.

1812 359 2039 419 SERMO
2076 356 2502 417 ARIANORUM.

2214 471 2493 543 injuriam;
2522 474 2594 528 ita
2622 484 2676 529 et
2702 473 2791 544 qui
2822 488 3037 529 carnem
3080 474 3196 543 ejus
3236 475 3633 545 cruciﬁxerunt,
3664 478 3804 536 divi-

2212 566 2364 622 nitati
2394 566 2560 636 ipsius
2588 566 2965 622 contumeliam
2987 567 3297 622 intulerunt.

2282 656 2335 711 8.
2371 656 2419 711 ls
2444 658 2532 727 qui
2572 657 2849 712 voluntate
2893 666 2948 712 et
2971 667 3237 729 praecepto
3276 659 3447 715 Patris
3493 670 3657 717 totam
3681 663 3793 719 dis-

2211 749 2580 817 pensationem
2620 749 2949 820 adimplevit,
3007 751 3278 807 voluntate
3302 761 3357 807 et
3395 765 3661 824 praecepto
3692 756 3801 810 Pa-

2210 839 2309 893 tris
2338 855 2533 910 corpus
2558 857 2710 896 suum
2738 856 2769 895 a
2799 841 3022 895 mortuis
3063 843 3368 909 suscitavit;
3414 853 3468 899 et
3514 861 3636 899 cum
3679 845 3800 915 ipso

2210 945 2453 1001 corpore,
2487 941 2543 986 ut
2578 942 2759 1003 pastor
2786 948 2907 988 cum
2949 948 3068 1000 ove,
3115 942 3169 987 et
3210 933 3463 989 sacerdos
3489 949 3607 989 cum
3650 936 3803 990 obla-

2212 1028 2375 1092 tione,
2421 1036 2475 1082 et
2523 1044 2617 1083 rex
2646 1043 2765 1083 cum
2817 1044 3069 1098 purpura,
3120 1036 3176 1083 et
3220 1028 3362 1085 Deus
3390 1044 3509 1085 cum
3543 1030 3798 1100 temploa

2210 1122 2368 1178 Patre
2393 1132 2699 1193 assumptus
2724 1132 2807 1179 est
2837 1124 2889 1177 in
2918 1124 3161 1193 gloriam.

2281 1217 2335 1271 9.
2367 1216 2417 1271 ls
2440 1219 2528 1288 qui
2575 1218 2847 1272 voluntate
2894 1217 3063 1272 Patris
3110 1216 3389 1273 descendit
3432 1226 3487 1273 et
3532 1218 3794 1280 ascendit.

2209 1309 2483 1366 voluntate
2502 1319 2557 1365 et
2579 1320 2843 1381 przecepto
2865 1310 3037 1365 Patris
3060 1311 3212 1366 sedet
3241 1312 3257 1341 ¹
3279 1311 3345 1365 ad
3366 1310 3639 1366 dexteram
3656 1312 3793 1381 ejus,

2210 1403 2431 1459 audiens
2470 1405 2681 1459 Patrem
2722 1404 2825 1459 sibi
2878 1404 3141 1459 dicentem
3186 1422 3200 1457 :
3246 1403 3381 1459 Sede
3429 1404 3497 1457 ad
3541 1405 3801 1459 dexteram

2210 1510 2392 1561 meam,
2427 1494 2584 1548 donec
2637 1510 2819 1562 ponam
2865 1494 3093 1549 inimicos
3147 1504 3257 1548 tuos
3300 1493 3575 1548 scabellum
3612 1494 3798 1566 pedum

2210 1595 2411 1640 tuorum
2455 1585 2624 1657 (Psal.
2656 1602 2765 1652 cur,
2796 1585 2870 1657 1).
2909 1586 2960 1641 Is
3001 1587 3090 1656 qui
3131 1586 3400 1641 voluntate
3440 1597 3491 1641 et
3530 1597 3800 1658 praecepto

2210 1670 2383 1725 Patris
2412 1671 2561 1726 sedet
2602 1671 2669 1725 ad
2706 1670 2980 1726 dexteram
3010 1672 3147 1741 ejus,
3182 1672 3225 1727 is
3254 1672 3527 1727 voluntate
3563 1683 3618 1727 et
3655 1688 3799 1743 prae-

2210 1773 2366 1832 cepto
2396 1763 2567 1817 Patris
2612 1764 2663 1817 in
2704 1763 3164 1818 Consummatione
3203 1764 3382 1817 saeculi
3414 1774 3667 1817 venturus
3690 1772 3796 1831 est,

2210 1856 2467 1925 Apostolo
2508 1837 2836 1911 vociferante
2859 1865 2913 1909 et
2937 1854 3146 1909 dicente
3175 1873 3187 1908 :
3219 1854 3284 1908 Et
3305 1856 3430 1925 ipse,
3464 1855 3652 1924 inquit,
3687 1854 3799 1907 Do-

2210 1948 2375 2000 minus
2403 1947 2454 1999 in
2476 1948 2649 2017 jussu,
2677 1947 2731 2000 in
2770 1963 2887 2001 voce
2916 1947 3226 2017 archangeli,
3268 1957 3313 1999 et
3342 1947 3395 1999 in
3431 1948 3548 2000 tuba
3594 1946 3684 2000 Dei
3711 1948 3799 2000 de-

2211 2040 2409 2093 scendet
2439 2040 2500 2092 de
2523 2039 2646 2092 crelo
2687 2039 2731 2109 (l
2763 2037 2939 2092 Thess.
2979 2054 3053 2103 tv,
3088 2038 3200 2107 15).
3246 2037 3296 2091 ls
3328 2038 3417 2108 qui
3445 2037 3714 2093 voluntate
3746 2048 3802 2092 et

2212 2141 2477 2201 praecepto
2517 2131 2690 2185 Patris
2718 2130 2892 2186 veniet
2931 2133 2975 2196 ³,
3006 2130 3283 2184 voluntate
3319 2139 3371 2184 et
3398 2142 3664 2200 prmct-pto
3692 2130 3800 2184 Pa-

2211 2227 2307 2281 tris
2324 2225 2652 2296 judicaturus
2666 2233 2750 2279 est
2770 2234 2935 2279 totum
2957 2224 3213 2279 mundum
3236 2226 3289 2277 in
3304 2224 3572 2293 aequitate,
3595 2233 3648 2278 et
3669 2223 3799 2278 red-

2211 2316 2419 2371 diturus
2442 2317 2662 2385 singulis
2690 2316 2982 2371 secundum
3013 2314 3170 2369 fidem
3215 2323 3269 2368 et
3303 2329 3465 2385 opera
3493 2328 3585 2367 sua
3610 2331 3624 2379 ;
3656 2314 3803 2368 sicut

2212 2410 2325 2479 ipse
2350 2410 2442 2475 ait,
2470 2408 2625 2462 Pater
2638 2410 2839 2479 judicat
2863 2409 3127 2471 neminem,
3150 2406 3241 2462 sed
3268 2424 3415 2462 omne
3431 2408 3681 2476 judicium
3706 2407 3803 2460 Fi—

2213 2501 2280 2553 lio
2304 2501 2441 2553 dedit
2464 2518 2481 2553 :
2503 2500 2650 2567 item,
2676 2500 2839 2555 Sicuti
2860 2500 3032 2565 audio,
3057 2499 3260 2571 judico,
3291 2508 3334 2552 et
3350 2498 3603 2568 judicium
3633 2512 3801 2548 meum

2211 2607 2383 2645 verum
2413 2602 2519 2655 est;
2563 2593 2679 2662 quia
2708 2608 2808 2645 non
2842 2608 3012 2660 quwro
3038 2591 3343 2644 voluntatem
3382 2604 3565 2653 meam,
3603 2589 3692 2641 sed
3714 2603 3804 2639 vo-

2214 2686 2455 2741 luntatem
2480 2687 2587 2757 ejus
2612 2686 2698 2754 qui
2733 2701 2811 2739 me
2837 2685 2971 2738 misit
3007 2683 3258 2754 (Joan.v,
3294 2680 3389 2747 22,
3425 2680 3543 2749 30).
3566 2679 3718 2734 Unde
3747 2687 3804 2734 et

2212 2780 2265 2834 in
2282 2780 2570 2849 judicando
2596 2778 2765 2833 Patris
2793 2777 3127 2848 praesentiam
3162 2776 3446 2847 praaponit,
3464 2784 3517 2829 et
3538 2789 3686 2827 suam
3712 2772 3800 2827 di-

2211 2872 2387 2926 vinam
2417 2871 2725 2941 dignitatem
2762 2879 2817 2926 et
2852 2879 3167 2940 potestatem
3193 2867 3477 2924 secundam
3508 2866 3798 2936 postponit,

2212 2963 2396 3018 dicens
2421 2981 2432 3015 :
2478 2962 2669 3028 Venite,
2698 2961 2944 3015 benedicti
2961 2959 3133 3015 Patris
3154 2963 3250 3013 mei
3278 2957 3489 3031 (Matth.
3517 2971 3651 3021 xxv,
3685 2955 3797 3026 54).

2214 3054 2547 3124 Ergojustus
2571 3053 2735 3123 judex
2764 3062 2847 3109 est
2870 3052 3037 3107 Filius
3061 3070 3075 3106 :
3094 3051 3380 3122 judicantis
3404 3065 3529 3105 vero
3558 3049 3726 3103 honor
3747 3056 3803 3103 et

2212 3146 2522 3211 auctoritas,
2552 3146 2723 3200 Patris
2753 3144 3060 3214 imperiales
3092 3143 3270 3214 leges;
3302 3143 3455 3197 sicuti
3487 3150 3543 3196 et
3572 3140 3804 3210 Spiritus

2212 3240 2383 3294 sancti
2413 3238 2649 3293 officiosa
2678 3238 2957 3293 advocatio
2986 3247 3041 3293 et
3068 3236 3383 3303 consolatio,
3415 3234 3683 3306 Unigeuiti
3705 3231 3801 3288 Dei

2211 3332 2334 3403 justi
2358 3330 2554 3402 judicis
2575 3340 2656 3385 est
2676 3330 2926 3401 dignitas.

2286 3426 2372 3480 10.
2416 3426 2556 3495 Ergo
2586 3424 2753 3478 Filius
2781 3440 2809 3478 a
2840 3424 2997 3479 Patre
3023 3430 3105 3479 est
3133 3422 3343 3493 genitus
3373 3438 3385 3473 :
3416 3419 3645 3490 Spiritus
3669 3433 3802 3475 san-

2213 3530 2329 3575 ctus
2357 3536 2448 3591 per
2476 3519 2668 3573 Filium
2689 3526 2771 3573 est
2793 3518 2977 3573 factus.

2286 3614 2374 3667 ll.
2416 3611 2579 3668 Filius
2624 3611 2834 3666 Patrem
2878 3608 3133 3680 prmdicat
3170 3607 3440 3679 :Spiritus
3467 3614 3681 3663 sanctus
3710 3604 3802 3661 Fi-

2213 3704 2341 3759 lium
2371 3705 2667 3759 annuntiat.
3496 3750 3499 3755 .

2289 3797 2373 3853 12.
2414 3796 2648 3850 Primum
2680 3802 2733 3851 et
2756 3793 3083 3865 praecipuum
3110 3808 3245 3863 opus
3266 3800 3349 3846 est
3376 3789 3517 3855 Filii,
3542 3788 3801 3860 genitoris

2212 3890 2433 3961 gloriam
2458 3888 2696 3944 revelare
2722 3904 2737 3941 :
2768 3888 2993 3957 primum
3015 3894 3068 3939 et
3084 3884 3405 3954 praecipuum
3426 3893 3507 3937 est
3527 3898 3660 3952 Opus
3680 3880 3800 3954 Spi-

2213 3984 2345 4035 ritus
2387 3980 2578 4047 sancti,
2621 3978 2674 4033 in
2713 3978 2918 4033 animas
2947 3976 3223 4031 hominum
3257 3974 3457 4030 Christi
3486 3972 3797 4043 dignitatem

2213 4072 2572 4127 manifestare.

2285 4166 2371 4220 15.
2438 4164 2602 4220 Filius
2656 4163 2805 4219 testis
2854 4170 2938 4219 est
2974 4160 3147 4216 Patris
3189 4178 3203 4215 :

2211 4256 2349 4311 Filii.

2284 4353 2370 4407 14.
2411 4350 2577 4407 Filius
2616 4350 2844 4406 mittitur
2880 4363 2909 4403 a
2954 4348 3112 4402 Patre
3159 4362 3172 4399 :

2210 4446 2364 4502 Filio.

2281 4539 2369 4593 15.
2410 4536 2578 4591 Filius
2628 4535 2871 4589 minister
2914 4539 2997 4588 est
3036 4531 3209 4587 Patris
3258 4549 3271 4587 :
3310 4529 3538 4599 Spiritus
3580 4537 3796 4583 sanctus

2210 4628 2457 4682 minister
2482 4636 2562 4681 est
2591 4624 2733 4679 Filii.

2282 4721 2367 4776 16.
2410 4720 2577 4775 Filius
2602 4718 2819 4789 jubetur
2846 4733 2875 4772 a
2902 4717 3058 4772 Patre
3090 4733 3102 4770 :
3136 4716 3366 4786 Spiritus
3395 4721 3610 4768 sanctus
3636 4710 3795 4781 jube-

2208 4823 2293 4869 tur
2318 4830 2345 4867 a
2376 4812 2533 4867 Filio.

2280 4906 2366 4958 17.
2395 4904 2559 4957 Filius
2581 4901 2823 4958 subditus
2843 4910 2926 4957 est
2954 4900 3099 4955 Patri
3126 4918 3139 4955 :
3171 4898 3401 4969 Spiritus
3428 4906 3644 4953 sanctus
3670 4895 3797 4950 sub-

2205 4998 2349 5054 ditus
2374 5007 2457 5052 est
2488 4996 2641 5050 Filio.

2278 5090 2363 5146 18.
2396 5088 2582 5153 Filius,
2610 5085 2894 5156 quaejubet
2919 5084 3095 5151 Pater,
3122 5082 3235 5138 haec
3253 5089 3505 5152 operatur
3531 5080 3795 5150 :Spiritus

2203 5191 2440 5246 sanctus,
2469 5196 2587 5250 quae
2611 5177 2825 5233 mandat
2850 5175 3036 5242 Filius,
3070 5174 3185 5229 haec
3216 5174 3469 5244 loquitur.

2274 5274 2362 5329 19.
2390 5272 2555 5326 Filius
2588 5270 2779 5325 adorat
2803 5276 2858 5323 et
2878 5267 3107 5321 honorat
3134 5266 3347 5321 Patrem
3379 5284 3391 5319 :
3418 5263 3646 5333 Spiritus
3672 5277 3769 5316 san

2202 5375 2321 5422 ctus
2362 5364 2548 5420 adorat
2582 5371 2636 5419 et
2677 5362 2906 5417 honorat
2945 5359 3135 5413 Filium
3174 5376 3187 5414 :
3220 5359 3335 5427 ipso
3374 5356 3510 5411 Filio
3543 5355 3793 5421 dicente,

2203 5458 2380 5526 Pater,
2409 5474 2499 5529 ego
2535 5466 2581 5510 te
2608 5453 2936 5523 honori/icavi
2968 5468 3119 5523 super
3147 5461 3353 5514 terram,
3382 5465 3509 5517 opus
3546 5447 3682 5517 quod
3709 5447 3801 5499 ἀει-

2203 5552 2322 5606 disti
2348 5551 2471 5605 mihi
2500 5548 2844 5603 consummavi
2874 5545 3051 5616 (Joan.
3085 5560 3195 5599 xvn
3218 5585 3233 5611 ,
3264 5544 3319 5614 4)
3359 5561 3372 5596 :
3423 5552 3476 5597 et
3501 5541 3568 5596 de
3593 5540 3797 5610 Spiritu

2203 5654 2388 5703 sancto
2409 5644 2503 5710 ait,
2527 5642 2629 5696 Ille
2650 5657 2728 5695 me
2753 5639 3125 5709 honoriﬁcabit,
3148 5638 3269 5709 quia
3284 5636 3348 5692 de
3365 5652 3475 5691 meo
3495 5634 3731 5705 accipiet,
3748 5639 3797 5688 et

2266 5788 2283 5816 ³
2310 5791 2417 5833 Mss.
2442 5780 2520 5829 hic
2538 5783 2589 5828 et
2605 5776 2725 5827 infra
2746 5775 2947 5838 habent,
2968 5773 3108 5826 sedit.

2264 5848 2287 5880 tl
2308 5846 2381 5896 sic
2396 5851 2501 5895 Ilss.
2526 5848 2583 5895 At
2599 5839 2735 5904 editi,
2757 5838 2899 5891 venit.
2932 5832 2942 5838 '
3526 5832 3569 5873 ο

3249 4159 3477 4231 Spiritus
3520 4158 3667 4214 testis
3714 4166 3800 4210 est

3219 4344 3449 4416 Spiritus
3495 4341 3716 4397 mittitur
3764 4356 3798 4396 a
