4028 6442
231 465 547 521 aununtiabit
570 466 706 520 vobis
731 464 910 538 (Joau.
939 481 1042 533 xw,
1070 464 1178 536 l4).

295 557 384 613 20.
417 555 583 614 Filius
608 573 636 612 a
665 573 724 614 se
753 573 858 613 non
888 567 1063 628 potest
1091 558 1270 614 facere
1299 560 1588 632 quidquam
1624 564 1731 635 (Id.
1759 582 1814 633 v,

236 650 336 715 ιθ),
362 649 456 704 sed
486 651 538 703 in
561 649 809 704 omnibus
827 649 1000 705 Patris
1017 658 1292 720 exspectat
1309 661 1517 707 nutum.
1536 653 1765 724 Spiritus
1788 671 1818 711 a

231 758 283 796 se
303 757 403 794 non
423 740 680 812 loquitur,
699 741 791 796 sed
810 742 862 795 in
879 741 1129 797 omnibus
1143 741 1340 797 Christi
1373 753 1650 814 exspectat
1679 761 1818 816 prte-

230 841 433 900 ccptum
459 848 472 883 :
507 831 650 898 Non,
668 831 899 902 inquit,a
913 849 966 886 se
994 831 1250 901 loquetur;
1275 834 1365 889 sed
1382 852 1706 907 quacumque
1720 856 1816 892 au-

229 922 368 978 dierit
385 923 634 994 loquetur,
652 935 700 978 et
720 935 928 979 ventura
947 925 1263 980 amtuutiabit
1285 927 1422 981 vobis
1439 927 1549 997 (Id.
1569 944 1681 994 XVI,
1704 929 1815 1003 l5).

291 1017 378 1070 21.
413 1014 581 1070 Filius
611 1030 706 1087 pro
745 1016 898 1071 nobis
941 1016 1246 1088 interpellat
1285 1017 1496 1074 Patrem
1534 1037 1548 1074 :
1587 1019 1815 1091 Spiritus

228 1125 316 1179 pro
341 1109 499 1163 nobis
521 1108 754 1178 postulat
777 1107 995 1162 Filium.

287 1202 375 1256 22.
417 1201 604 1256 Totius
644 1200 896 1255 bonitatis
921 1209 974 1255 et
998 1200 1272 1269 sapientiae
1312 1209 1368 1256 et
1401 1202 1611 1257 virtutis
1638 1203 1814 1261 Patris

223 1297 328 1350 viva
346 1305 401 1350 et
418 1309 568 1361 vera,
581 1295 795 1365 prepria
811 1293 1130 1364 etcondigna
1147 1293 1322 1365 imago
1337 1305 1418 1350 εει
1433 1295 1600 1351 Filius
1619 1315 1632 1352 :
1653 1299 1813 1354 totius

221 1388 491 1458 sapientia:
518 1397 571 1442 et
597 1387 806 1441 virtutis
833 1386 953 1440 Filii
980 1385 1342 1442 manifestatio
1377 1396 1461 1443 est
1497 1389 1744 1461 Spiritus.

219 1493 226 1501 '
281 1480 371 1535 23.
404 1479 529 1554 Non.
550 1487 634 1534 est
659 1493 782 1548 pars
813 1493 913 1533 nec
938 1479 1113 1548 portio
1138 1477 1310 1534 Patris
1345 1478 1533 1546 Filius,
1563 1481 1656 1536 sed
1686 1497 1810 1554 pro-

222 1572 357 1642 prius
383 1581 442 1626 et
478 1551 877 1635 dilectissimus.
923 1569 1186 1640 perfectus
1212 1579 1266 1625 et
1295 1572 1484 1644 plenus
1506 1551 1809 1645 unigenitus

221 1662 397 1717 Filius.
427 1661 546 1717 Non
576 1670 658 1718 est
682 1677 804 1733 pars
831 1677 931 1717 nec
961 1661 1135 1732 portio
1156 1662 1277 1717 Filii
1308 1662 1562 1734 Spiritus,
1581 1665 1674 1722 sed
1693 1668 1807 1737 pri-

217 1768 354 1809 mum
384 1761 442 1809 et
469 1753 800 1824 praecipuum
841 1767 978 1824 opus
1022 1752 1278 1824 unigeniti
1323 1754 1415 1810 Dei
1453 1769 1562 1825 pra
1599 1759 1807 1814 cmtcris

219 1844 496 1901 universis.

277 1923 368 1991 24.
398 1935 562 1991 Pater
590 1936 762 2006 major
787 1943 870 1992 est
899 1934 1034 1993 Filio
1053 1949 1155 1992 suo
1185 1953 1198 1992 :
1227 1935 1392 1994 Filius
1419 1938 1806 2012 incomparahi.

217 2029 326 2085 liter
346 2028 522 2100 major
549 2038 603 2085 et
628 2031 816 2086 melior
843 2038 927 2086 est
945 2029 1168 2100 Spiritu.

274 2122 365 2178 25.
398 2122 562 2178 Pater
589 2121 730 2177 Deus
765 2129 821 2178 et
861 2121 1119 2178 Dominus
1157 2131 1241 2178 est
1285 2120 1421 2178 Filio
1454 2138 1554 2180 suo
1592 2143 1605 2180 :
1638 2125 1802 2182 Filius

219 2213 348 2271 Deus
372 2222 429 2270 ct
459 2212 718 2269 Dominus
737 2219 822 2269 est
843 2211 1081 2283 Spiritui.

273 2305 362 2362 26.
382 2305 550 2360 Pater
569 2304 910 2361 immobiliter
923 2313 978 2360 et
991 2303 1391 2375 impassibiliter
1404 2307 1588 2364 volens
1602 2308 1793 2365 Filium

215 2398 383 2468 genuit
415 2414 430 2452 :
464 2395 636 2452 Filius
660 2395 776 2452 sine
809 2396 992 2452 labore
1015 2404 1071 2453 et
1098 2395 1406 2470 fatigatione
1444 2400 1558 2456 sola
1601 2401 1798 2458 virtute

215 2503 298 2546 sua
313 2489 579 2560 Spiritum
602 2489 744 2546 fecit.

271 2581 359 2635 27.
412 2581 586 2638 Filius
631 2588 690 2636 ut
731 2579 987 2638 sacerdos
1015 2579 1206 2638 adorat
1245 2581 1413 2639 Deum
1441 2599 1616 2652 suum,
1646 2594 1703 2642 et
1727 2586 1796 2642 ab

213 2671 451 2728 omnibus
479 2672 736 2728 adoratur
762 2679 821 2727 ut
843 2671 987 2728 Deus
1006 2680 1062 2728 et
1080 2681 1292 2730 creator
1316 2676 1554 2732 omnium
1585 2693 1598 2730 :
1637 2677 1796 2734 Pater

213 2782 323 2824 vero
369 2767 527 2824 solus
576 2766 781 2822 nullum
827 2766 1036 2833 adorat,
1080 2769 1203 2839 quia
1246 2785 1345 2826 nec
1384 2769 1665 2841 majorem,
1696 2784 1795 2826 nec

211 2859 458 2930 aqualem
482 2858 646 2914 habet
671 2872 830 2929 quem
858 2857 1045 2914 adoret
1072 2875 1087 2912 :
1119 2860 1250 2915 nulli
1288 2861 1487 2932 gratias
1515 2861 1645 2932 agit,
1670 2863 1791 2932 quia

210 2953 390 3010 nullius
417 2950 740 3007 beneﬁcium
769 2959 1092 3008 consecutus
1115 2961 1231 3019 est;
1258 2953 1508 3009 omnibus
1536 2963 1594 3009 ut
1612 2965 1794 3011 essent

210 3043 271 3100 ob
295 3043 591 3100 bonitatem
617 3057 766 3098 suam
808 3041 1024 3098 donavit
1044 3084 1058 3108 ,
1092 3041 1205 3114 ipse
1231 3043 1372 3113 quod
1407 3052 1490 3100 est
1512 3059 1543 3099 a
1571 3045 1786 3100 nemine

211 3137 420 3208 accepit.
468 3135 612 3205 Ergo
649 3133 764 3188 haec
803 3133 961 3188 trium
1009 3132 1445 3200 substantiarum,
1494 3134 1685 3200 Patris,
1737 3143 1792 3191 et

211 3226 334 3293 Filii,
362 3236 422 3284 et
444 3226 676 3296 Spiritus
698 3223 866 3279 sancti
896 3223 1189 3291 distinctio,
1212 3234 1264 3278 et
1285 3224 1444 3278 trium
1469 3239 1668 3292 rerum,
1697 3225 1787 3280 Dei

209 3317 442 3391 ingenui,
474 3330 531 3374 et
557 3317 651 3372 Dei
683 3315 959 3386 unigeniti,
997 3323 1052 3370 et
1093 3313 1320 3385 Spiritus
1349 3314 1590 3371 advocati
1631 3314 1807 3372 diﬁ'e-'

208 3414 406 3467 rentia:
437 3419 493 3465 et
526 3411 682 3465 Pater
719 3409 859 3463 Deus
887 3417 942 3463 et
982 3407 1238 3462 Dominus
1273 3417 1357 3462 est
1393 3407 1528 3461 Filio
1566 3423 1697 3472 suo,
1735 3416 1790 3462 et

207 3506 433 3561 omnium
458 3518 582 3574 qua:
609 3517 701 3573 per
727 3501 973 3556 virtutem
1002 3497 1121 3554 Filii
1159 3499 1433 3554 voluntate
1459 3499 1625 3570 ipsius
1652 3499 1789 3556 facta

207 3607 315 3652 sunt
347 3616 361 3651 :
392 3595 563 3650 Filius
587 3593 832 3648 minister
852 3600 907 3648 et
936 3605 1180 3646 summus
1213 3588 1465 3645 sacerdos
1503 3599 1586 3644 est
1616 3589 1787 3645 Patris

204 3690 301 3755 sui;
335 3687 576 3743 onmium
603 3697 732 3738 vero
773 3697 992 3753 operum
1038 3694 1255 3736 suorum
1283 3679 1538 3736 Dominus
1566 3688 1622 3734 et
1649 3679 1786 3738 Deus

205 3791 292 3845 εει,
324 3781 484 3835 Patre
507 3777 736 3832 volente.

263 3873 348 3929 28.
377 3870 610 3926 Etsicuti
635 3883 792 3922 nemo
814 3873 989 3937 potest
1002 3865 1115 3920 sine
1138 3864 1270 3919 Filio
1289 3863 1356 3920 ad
1375 3863 1586 3920 Patrem
1604 3873 1784 3921 trans-

204 3969 288 4034 ire,
318 3969 393 4024 ita
421 3975 478 4021 et
503 3978 664 4020 nemo
717 3970 894 4033 potest
916 3961 1032 4015 sine
1060 3959 1261 4034 Spiritu
1299 3966 1483 4014 sancto
1511 3957 1703 4013 Filium
1729 3959 1781 4013 in

202 4062 417 4117 veritate
434 4059 660 4113 adorare
679 4073 692 4109 :
712 4070 838 4125 ergo
856 4053 908 4107 in
922 4052 1120 4122 Spiritu
1137 4060 1318 4106 sancto
1330 4050 1583 4106 adoratur
1593 4050 1779 4107 Filius.

260 4153 349 4210 29.
383 4153 493 4208 Per
521 4149 715 4204 Filium
739 4145 1069 4218 glorilicatur
1096 4142 1274 4198 Pater.

257 4247 327 4304 30
403 4241 640 4312 Spiritus
660 4239 825 4294 sancti
850 4252 984 4306 opus
1003 4246 1053 4292 et
1076 4234 1346 4306 diligentia
1370 4243 1452 4290 est
1473 4234 1775 4338 sanctiﬁca-

196 4359 264 4406 re.
291 4355 344 4399 et
371 4345 599 4397 sanctos
629 4331 922 4396 custodire;
952 4337 1007 4384 et
1052 4343 1154 4382 non
1201 4327 1372 4410 solum
1419 4327 1775 4391 rationabilia,

197 4442 246 4487 ut
269 4434 494 4504 quidam
528 4433 732 4497 putant,
761 4422 852 4478 sed
898 4431 952 4476 et
997 4417 1374 4474 irrationabilia
1406 4418 1554 4488 plura
1576 4421 1776 4473 sancti-

195 4525 338 4580 ﬁcare
369 4543 384 4579 :
411 4532 470 4578 et
489 4533 589 4578 eos
619 4516 707 4586 qui
736 4513 1042 4570 ceciderunt
1081 4519 1296 4580 propter
1327 4523 1478 4563 suam
1505 4507 1778 4579 negligen-

193 4616 327 4683 tiam,
371 4613 446 4668 ad
481 4607 767 4683 pristinum
809 4612 1002 4659 statum
1038 4614 1324 4671 reparare;
1357 4599 1661 4669 ignorantes
1682 4598 1778 4654 do-

190 4719 327 4772 cere,
380 4702 772 4759 obliviscentes
824 4693 1132 4756 admonere,
1154 4780 1165 4790 .
1185 4697 1738 4790 peccantes“arguere
1758 4732 1771 4755 ,

189 4797 357 4866 pigros
385 4792 618 4856 hortari,
644 4790 714 4846 de
734 4785 904 4842 salute
925 4798 1016 4838 sua
1052 4780 1286 4851 cogitare
1311 4788 1368 4834 et
1391 4779 1620 4836 sollicite
1653 4795 1774 4850 age-

186 4865 255 4952 re.
286 4865 538 4946 errantes
564 4883 633 4940 ad
658 4885 800 4939 viam
825 4876 1061 4932 veritatis
1087 4873 1375 4976 deducere=
1403 4871 1772 4976 inﬁrmoscn-

187 4996 316 5047 rare,
341 4991 400 5038 et
426 4978 770 5051 fragilitatem
815 4967 1056 5067 corporis
1085 4981 1185 5067 per
1217 4963 1545 5067 alacritatem
1556 4963 1772 5066 .anima:

184 5076 478 5137 continere,
527 5078 582 5127 et
613 5068 678 5124 ad
716 5077 958 5122 amorem
1007 5056 1218 5130 pietatis
1249 5066 1304 5111 et
1343 5056 1600 5157 castitatis
1616 5070 1773 5157 “eon-

186 5165 419 5230 tirmare,
463 5174 518 5220 et
569 5173 757 5216 omnes
804 5151 1138 5214 illuminare;
1187 5161 1347 5217 super
1387 5145 1564 5201 omnia
1613 5145 1768 5200 ﬁdem

182 5267 231 5311 et
277 5257 604 5314 charitatem
663 5250 904 5323 prtebere
954 5241 1213 5342 singulis,
1274 5253 1370 5309 pro
1417 5237 1605 5342 studio.
1639 5252 1771 5342 quo-

181 5364 278 5416 que
338 5358 400 5405 et
448 5344 765 5416 diligentia,
821 5354 918 5410 pro
961 5331 1270 5393 sinceritate
1325 5336 1379 5385 et
1433 5328 1770 5399 simplicitate

183 5440 374 5494 mentis
398 5480 416 5504 ,
451 5452 551 5508 pro
591 5448 842 5489 mensura
879 5429 1004 5485 ﬁdei
1051 5431 1108 5478 et
1136 5421 1326 5523 merito
1350 5418 1770 5523 conversationis

180 5531 407 5596 gratiam
455 5527 524 5581 ad
562 5524 843 5579 utilitatem
885 5518 1264 5616 divideret-ct
1291 5518 1670 5616 Olluusquisqtle
1715 5518 1766 5565 in

178 5634 280 5690 quo
318 5633 488 5689 opere
509 5627 563 5672 et
587 5615 858 5686 proposito
878 5611 1038 5667 fuerit
1057 5605 1274 5670 habilis,
1290 5604 1340 5659 in
1361 5604 1476 5673 ipso
1497 5604 1764 5659 ordinare.

245 5713 338 5767 3i.
371 5711 551 5765 Alium
579 5723 700 5764 esse
723 5723 753 5761 a
780 5706 912 5761 Filio
932 5748 948 5773 ,
970 5714 1023 5758 et
1053 5710 1242 5758 natura
1276 5705 1330 5753 et
1356 5697 1571 5764 ordine,
1602 5699 1765 5767 gradu

171 5818 216 5860 ιιι
268 5804 501 5882 affectu;
527 5802 780 5872 dignitate
808 5809 860 5856 et
905 5804 1208 5869 potestate,
1259 5791 1448 5846 virtute
1471 5797 1525 5846 et
1571 5798 1762 5860 opera-

317 5915 324 5920 ’
389 5923 612 5987 Smcr.
659 5920 938 5982 Ausus'r.
979 5913 1151 6000 .Vlll.

1544 355 1775 414 SERMO
1813 358 2236 422 ARIANORUM.

1934 480 2078 538 tione
2107 502 2119 539 :
2143 486 2282 544 sicut
2307 498 2361 545 et
2390 490 2553 551 Filius
2583 505 2769 554 natura
2793 509 2846 557 et
2873 501 3080 566 ordine.
3107 508 3274 578 gradu
3301 521 3354 568 et
3380 515 3514 573 ale-

1928 582 2046 642 ctu,
2096 576 2276 634 divina
2306 581 2560 653 dignitate
2598 598 2653 644 et
2696 599 2992 667 potestate,
3033 576 3333 671 unigenitus
3373 605 3516 665 Deus

1926 665 2061 722 alius
2089 677 2170 723 est
2189 671 2255 727 ab
2285 673 2518 743 ingenito
2546 679 2675 736 Deo.
2890 679 2892 682 ’

1997 757 2086 812 52.
2141 759 2472 831 [inpossibile
2515 785 2643 840 ergo
2682 783 2765 828 est
2807 791 2969 834 unum
2998 782 3352 857 eumdemque
3393 802 3517 848 esse

1923 844 2136 903 Patrem
2181 860 2235 907 et
2277 853 2497 924 Filium,
2529 874 2868 930 generantem
2925 879 2980 925 ct
3026 844 3332 932 nascentem
3359 920 3374 945 ,
3426 882 3516 940 cui

1918 1396 2030 1466 ipse
2061 1400 2240 1459 docuit
2267 1403 2452 1462 dicens
2475 1451 2490 1474 ,
2520 1410 2667 1466 Sicut
2705 1415 2878 1472 docuit
2905 1437 2984 1476 me
3013 1421 3200 1493 Pater,
3226 1429 3299 1482 sic
3325 1396 3502 1496 [oguor

1915 1486 2094 1556 (Joau.
2129 1507 2221 1547 vni
2246 1537 2262 1561 ,
2293 1497 2384 1567 28)
2414 1517 2427 1553 :
2456 1502 2682 1558 similem
2711 1515 2764 1561 et
2807 1509 3146 1582 imitatorem,
3179 1529 3230 1573 et
3261 1533 3382 1575 eum
3408 1537 3502 1577 cn-

1907 1580 1995 1648 jus
2024 1593 2105 1637 est
2146 1585 2336 1642 similis
2373 1600 2427 1644 et
2465 1591 2698 1650 imitator
2729 1599 2745 1629 ⁸
2774 1615 2788 1664 ;
2822 1614 2943 1656 eum
2988 1605 3077 1674 qui
3123 1580 3278 1677 orat,
3307 1620 3360 1667 et
3407 1615 3498 1683 qni

1910 1673 2162 1739 exaudit;
2207 1691 2330 1732 eum
2374 1682 2462 1750 qui
2504 1686 2700 1753 gratias
2737 1689 2876 1761 agit,
2910 1703 2964 1749 et
3005 1673 3094 1767 qui
3145 1673 3452 1759 benedicit;
3478 1749 3494 1772 ,

1910 1774 2030 1816 enm
2058 1765 2146 1834 qui
2175 1771 2408 1840 suscepit
2437 1775 2744 1833 mandatum
2767 1821 2782 1847 ,
2815 1791 2869 1836 et
2906 1765 3142 1858 eumqui
3172 1789 3317 1847 dedit
3342 1765 3496 1850 man;

1909 1851 2124 1923 datum,
2174 1867 2230 1914 et
2271 1862 2572 1921 ministrum
2619 1872 2976 1943 pmcipienti,
3019 1851 3312 1952 supplicem
3358 1889 3494 1943 emi-

1908 1947 2074 2013 nenti,
2097 1948 2368 2008 subditum
2395 1958 2680 2028 superiori,
2712 1947 3491 2046 primogenitum-sempiterno,

1907 2035 2235 2107 unigcnitum
2279 2043 2547 2115 ingenito,
2597 2035 2928 2111 sacerdotem
2979 2059 3088 2116 Deo
3131 2035 3291 2120 unum
3335 2077 3495 2141 atque

1907 2129 2154 2186 eumdem
2179 2141 2319 2190 esse.

1975 2219 2064 2312 55.
2113 2220 2218 2279 Sed
2271 2234 2326 2280 et
2368 2226 2511 2284 Deus
2537 2231 2655 2289 sine
2683 2235 2943 2308 principio
2985 2248 3238 2312 prmscius
3269 2260 3385 2307 erat
3425 2267 3486 2308 se

1903 2309 2155 2381 unigeniti
2186 2314 2276 2371 Del
2317 2319 2463 2388 pueri
2501 2320 2583 2376 sui
2632 2333 2836 2394 patrem
2879 2309 3109 2388 futurum
3143 2352 3158 2389 :
3191 2337 3354 2396 Deum
3393 2355 3490 2396 au-

1904 2412 2009 2458 tem
2033 2417 2092 2460 se
2120 2404 2354 2464 futurum
2395 2426 2665 2502 ttunqtym
2707 2420 3010 2490 praescivit,
3056 2426 3178 2495 quia
3217 2428 3487 2504 ingenitus

1899 2502 2014 2562 est,
2041 2504 2097 2552 et
2123 2514 2392 2570 nunquam
2418 2504 2580 2574 coepit
2607 2521 2707 2564 nec
2734 2511 3004 2580 prascire.
3035 2530 3134 2572 nec
3345 2521 3485 2590 Quid

1899 2594 1982 2642 est
2009 2595 2185 2642 autem
2214 2591 2543 2659 praescientia
2563 2636 2578 2661 ,
2610 2595 2713 2652 nisi
2742 2597 3040 2658 futurorum
3067 2606 3330 2664 scientia?
3373 2610 3478 2665 Pa-

1899 2683 1982 2732 ter
2019 2689 2197 2736 autem
2225 2685 2533 2752 generando
2561 2685 2755 2745 Filium
2773 2730 2790 2758 ,
2830 2691 2900 2749 ab
2927 2693 3044 2766 ipso
3072 2695 3210 2754 Filio
3233 2710 3316 2758 est
3342 2719 3482 2758 nun-

1897 2780 2149 2839 cupatus;
2181 2782 2237 2828 et
2264 2774 2380 2845 ipso
2421 2779 2728 2849 revelante;
2773 2783 2842 2840 ab
2877 2787 3125 2845 omnibus
3169 2789 3486 2852 Christianis

1901 2859 2038 2918 Deus
2067 2872 2122 2920 et
2149 2863 2306 2922 Pater
2345 2870 2599 2941 unigeniti
2634 2873 2733 2930 Dei
2774 2887 2859 2933 est
2884 2881 3166 2951 cognitus,
3209 2896 3264 2942 et
3287 2903 3484 2961 magno

1897 2951 2066 3023 major
2092 2965 2146 3010 et
2175 2957 2316 3012 bono
2345 2960 2534 3017 melior
2556 2971 2637 3018 est
2663 2966 3048 3027 manilestatus.

1967 3045 2054 3102 54.
2086 3048 2152 3102 Ει
2169 3051 2291 3119 quia
2312 3050 2654 3114 Homousiaui
2680 3057 2864 3116 dicunt
2886 3061 3213 3124 Salvatorem
3238 3080 3478 3129 nostrum

1896 3136 2207 3198 humilitatis
2231 3145 2402 3215 gratia
2442 3147 2556 3216 haec
2584 3152 2762 3208 omnia
2802 3154 2870 3211 de
2897 3157 3070 3216 Patris
3096 3164 3430 3232 praescientia
3457 3209 3475 3233 .

1894 3240 1946 3284 et
1990 3231 2057 3288 de
2093 3247 2188 3289 sua
2225 3237 2556 3308 subjectioue
2597 3257 2717 3300 esse
2745 3245 3011 3318 locutum,
3045 3231 3144 3308 nos
3169 3269 3294 3311 vero
3318 3231 3475 3315 Chri;

1893 3323 2049 3379 stiani
2095 3326 2360 3384 credimus
2388 3330 2545 3389 Patre
2585 3333 2880 3406 imperante
2923 3349 2978 3394 et
3020 3341 3155 3424 Filio
3195 3345 3477 3419 obtempe-

1895 3425 2044 3470 rante
2070 3416 2184 3473 haec
2211 3422 2386 3476 omnia
2413 3437 2532 3480 esse
2559 3441 2680 3481 eum
2708 3429 2974 3496 locutum;
3001 3416 3228 3490 dicimus
3257 3446 3309 3493 et
3344 3454 3474 3509 pro-

1891 3503 2082 3562 bamus
2104 3507 2245 3577 quod
2273 3510 2505 3568 haeretici
2535 3529 2602 3570 ex
2633 3517 2742 3572 suis
2767 3518 2922 3575 dictis
2947 3533 3241 3592 arguuntur
3282 3503 3362 3582 et”
3382 3544 3474 3584 re-

1894 3596 2310 3664 prehenduntur.
2360 3601 2414 3656 Si
2445 3603 2584 3658 enim
2612 3620 2672 3661 se
2700 3606 2994 3666 humiliavit
3018 3653 3032 3676 ,
3063 3613 3174 3683 ipsa
3204 3615 3474 3676 humilitas

1891 3687 2004 3758 ejus
2024 3689 2379 3748 obedientiam
2403 3696 2666 3752 ostendit:
2692 3700 2805 3770 ipsa
2829 3717 2956 3757 vero
2983 3703 3282 3763 obedientia
3307 3711 3471 3767 alium

1890 3791 2048 3848 supra
2091 3781 2415 3838 eminentem
2437 3826 2452 3851 ,
2499 3786 2658 3842 alium
2685 3789 3062 3849 subsistentem
3093 3806 3146 3851 et
3171 3799 3470 3870 subjectum

1889 3868 2158 3937 declarat,
2198 3872 2351 3927 sicuti
2393 3874 2467 3929 ait
2505 3878 2788 3945 Apostolus
2810 3922 2826 3949 ,
2874 3881 3179 3941 Humiliavit
3217 3868 3309 3957 se,
3347 3893 3470 3948 obe-

1887 3959 2028 4014 diens
2060 3964 2223 4032 factus
2254 3961 2400 4018 Patri
2429 3982 2581 4037 usque
2608 3968 2676 4022 ad
2697 3981 2906 4028 mortem
2931 3963 3188 4049 (Philipp.
3216 3981 3370 4053 11,8).
3401 3985 3471 4041 Et

1887 4050 2000 4119 ipsa
2033 4050 2301 4108 humilitas
2329 4055 2478 4124 ejus,
2512 4059 2705 4115 veritas
2743 4071 2864 4132 est,
2915 4081 3020 4122 non
3066 4067 3290 4128 falsitas.
3333 4050 3468 4142 Quis

1885 4141 2026 4194 enim
2053 4142 2134 4196 vel
2173 4145 2387 4215 quando
2409 4148 2622 4218 sapiens
2650 4161 2931 4212 contentus
2955 4167 3040 4214 est
3066 4174 3124 4216 se
3155 4161 3433 4222 humiliare
3451 4210 3464 4232 ,

1885 4231 1984 4286 nisi
2012 4232 2201 4290 habeat
2224 4235 2481 4306 majorem
2513 4248 2565 4294 et
2591 4242 2862 4300 meliorem
2892 4247 2974 4303 cui
3003 4247 3216 4308 festinet
3247 4270 3340 4325 per
3363 4255 3464 4311 hn-

1884 4324 2155 4380 militatem
2187 4328 2436 4396 placere?
2466 4329 2529 4383 Et
2552 4349 2677 4404 ego,
2726 4334 2928 4407 inquit,
2971 4357 3084 4411 qut:
3120 4324 3308 4415 placita
3345 4361 3464 4403 sunt

1882 4415 1927 4468 ei
1965 4417 2096 4486 facio
2137 4434 2332 4488 semper
2362 4419 2556 4492 (Joan.
2605 4441 2727 4490 vni,
2769 4427 2894 4500 29).
2943 4431 3119 4490 Semel
3163 4439 3306 4494 enim
3335 4436 3460 4496 ante

1883 4507 2057 4561 omnia
2095 4509 2288 4564 saecula
2330 4511 2605 4570 voluntate
2648 4515 2744 4572 Dei
2786 4528 2978 4591 natus,
3028 4525 3092 4580 ad
3135 4529 3458 4588 voluntatem

1881 4596 2046 4666 ipsius
2089 4599 2266 4654 omnia
2307 4612 2576 4670 operatur.
2625 4605 2680 4661 Si
2723 4619 2898 4666 autem
2944 4627 3004 4669 se
3051 4614 3377 4688 humiliavit,
3407 4636 3460 4678 et

1881 4687 2133 4743 mentitus
2180 4697 2280 4755 est,
2328 4692 2469 4761 quod
2521 4694 2688 4762 absit;
2742 4707 2796 4753 et
2838 4695 2892 4755 si
2927 4705 3121 4760 veritas
3168 4687 3457 4778 mentitur,

1879 4779 2018 4848 quod
2063 4778 2388 4851 impossibile
2432 4793 2550 4853 est,
2603 4787 2691 4844 ubi
2735 4792 2854 4862 quis
2900 4806 3103 4865 quaerat
3136 4801 3458 4857 veritatem?

1878 4869 1985 4926 Sed
2010 4872 2203 4928 veritas
2234 4890 2334 4931 nec
2365 4879 2653 4949 mentitur,
2683 4899 2782 4940 nec
2811 4887 3076 4953 variatur,
3121 4891 3211 4960 qui
3239 4893 3308 4948 ob
3353 4893 3457 4948 hoc

1881 4963 2024 5018 venit
2069 4973 2125 5019 ut
2159 4966 2438 5024 veritatem
2479 4969 2722 5041 doceret;
2762 4977 2850 5045 qui
2896 4991 3001 5032 non
3031 4988 3114 5034 est
3143 4980 3457 5054 ignorantia:

1876 5050 2061 5107 doctor
2079 5095 2094 5120 ,
2123 5054 2218 5110 sed
2248 5057 2485 5115 veritatis
2511 5063 2761 5134 magister
2784 5105 2799 5131 ,
2829 5074 2888 5121 ut
2931 5067 3045 5136 ipse
3072 5050 3204 5125 dixit
3236 5089 3250 5126 :
3281 5050 3459 5128 Nolite

1874 5143 2010 5196 vobis
2055 5160 2232 5198 vocare
2272 5150 2540 5219 magistros
2581 5169 2732 5222 super
2770 5163 2984 5223 terram,
3031 5174 3162 5215 unus
3205 5169 3279 5216 est
3321 5165 3455 5218 enim

1874 5235 2111 5305 magister
2135 5246 2291 5292 vester
2319 5238 2544 5296 Christus
2571 5241 2589 5313 (
2613 5243 2794 5297 Matth.
2829 5262 2961 5302 χχιιι
2985 5289 3000 5313 ,
3033 5247 3155 5321 10).
3188 5251 3243 5306 Si
3270 5236 3448 5309 autem

1875 5324 2105 5380 dixerint
2134 5328 2255 5396 quia
2287 5340 2503 5400 propter
2545 5331 2960 5391 incarnationem
2988 5352 3139 5393 suam
3167 5342 3453 5400 humilians

1873 5429 1932 5471 se
1955 5431 2114 5487 super
2152 5428 2381 5488 terram,
2412 5433 2626 5492 pr0pter
2660 5424 2902 5484 homines
2939 5429 3052 5486 haec
3094 5431 3409 5504 loquebatur
3433 5479 3450 5505 ,

1936 5617 1953 5682 ξ
1979 5621 2049 5664 Er.
2075 5619 2221 5680 Lugd.
2245 5627 2382 5680 \‘en.,
2402 5625 2447 5670 et
2469 5634 2606 5682 quem
2624 5621 2852 5674 imitatur.
2952 5637 3006 5678 Μ.

1935 5677 1955 5744 ξ
1979 5682 2050 5726 Er.
2065 5677 2218 5767 lugd.
2241 5677 2377 5750 yenﬁ
2398 5677 2502 5767 tzo‘v'.
2528 5684 2596 5767 sic
2635 5686 2870 5758 exhibent
2905 5688 3033 5767 hunc
3054 5691 3208 5767 locum
3235 5710 3247 5722 ο
3269 5701 3453 5767 Eleum

1870 5749 1962 5848 qu;
1973 5745 2078 5850 ριςὶιι
2101 5743 2251 5849 ρξιίμιὶ
2269 5743 2498 5804 exaudit;
2522 5750 2566 5794 et
2586 5757 2694 5793 eum
2725 5748 2807 5810 qui
2829 5750 3012 5812 gratias
3035 5753 3159 5818 agit,
3187 5770 3234 5808 et
3264 5743 3450 5818 iube:

1869 5811 1928 5848 ne
1963 5811 2026 5851 ac:
2051 5837 2062 5849 .
2170 5839 2182 5850 .

2753 5915 2774 5993 (
2789 5916 2904 5976 Vin
2909 5917 3226 5999 gt-deux.)
