4028 6490
484 401 588 457 633

485 523 829 592 ostendamus
851 533 960 588 illis
989 533 1187 604 majora
1217 543 1266 586 et
1297 531 1526 586 ﬁrmiora
1559 521 1791 585 esseilla
1826 529 2038 585 testimo
2066 559 2073 568 -

487 630 572 684 nia
595 671 608 692 ,
642 646 760 699 quae
786 629 851 684 de
880 627 1207 696 subjectione
1239 625 1353 680 Filii
1399 624 1449 678 in
1480 621 1769 693 Scripturis
1815 631 1938 679 sunt
1977 639 2072 694 po-

487 725 587 792 sita
611 765 625 789 ,
659 721 727 779 de
753 722 816 777 iis
846 737 963 792 qua:
1007 723 1059 774 in
1092 717 1377 788 Evangelio
1408 726 1653 787 aguntur.
1685 716 1737 770 Si
1781 717 1922 772 enim
1954 731 2073 785 pro-

491 825 610 886 pter
639 813 883 869 homines
912 827 1071 882 super
1100 820 1296 866 terram
1327 823 1384 864 se
1407 807 1751 873 humiliabat,
1782 815 1832 863 et
1866 822 1970 860 non
2019 813 2075 859 ut

489 907 744 962 obedieus
773 915 826 961 et
863 903 1133 973 subjectus
1161 902 1298 957 ﬁlius
1345 917 1466 956 cum
1513 899 1913 969 incomparabili
1942 899 2074 954 dile-

491 999 666 1053 ctione
696 1006 749 1051 et
770 996 1058 1068 gratiarum
1091 993 1298 1049 actione
1331 992 1476 1047 Patri
1519 1008 1617 1047 suo
1647 991 2072 1062 obsequebatur;

489 1091 610 1158 quia
642 1097 894 1159 quantum
939 1087 1181 1141 sublimis
1207 1095 1289 1141 est
1325 1088 1374 1140 in
1410 1094 1672 1156 potestate
1693 1129 1707 1148 ,
1741 1094 1940 1138 tantum
1975 1084 2073 1139 hu-

491 1185 632 1238 milis
659 1193 741 1239 est
771 1183 820 1236 in
847 1181 1104 1253 obsequio
1136 1199 1146 1234 :
1178 1191 1461 1251 antequam
1492 1195 1705 1233 carnem
1734 1177 2072 1248 susciperet,

491 1293 654 1348 quare
674 1277 858 1347 jussus
885 1275 1156 1331 ubaudivit
1175 1319 1188 1342 ,
1220 1285 1275 1331 et
1304 1274 1462 1331 modo
1489 1273 1680 1330 sedens
1705 1273 1770 1328 ad
1800 1273 2073 1328 dexteram

495 1371 585 1425 Dei
619 1369 922 1440 interpellat
948 1385 1043 1438 pro
1085 1370 1236 1424 nobis
1263 1368 1447 1438 (Rom.
1473 1383 1561 1420 vin
1588 1408 1600 1429 ,
1635 1365 1759 1437 54),
1793 1377 1846 1422 et
1871 1366 1923 1420 in
1953 1381 2074 1420 cor-

492 1478 624 1532 pore
649 1463 965 1518 constitutus
999 1476 1160 1530 super
1192 1471 1385 1515 terram
1413 1459 1464 1512 in
1497 1459 1631 1513 ρωιυ
1657 1473 1715 1512 se
1745 1458 1954 1512 Patrem
1985 1473 2074 1512 ro-

489 1569 735 1624 gaturum
768 1555 1135 1625 promittebat,
1161 1552 1374 1614 dicens,
1412 1550 1476 1604 Et
1520 1567 1609 1621 ego
1649 1551 1833 1621 rogabo
1873 1548 2078 1603 Patrem

493 1667 682 1716 meum,
709 1658 758 1702 et
783 1649 940 1703 alium
965 1647 1262 1701 advocatum
1288 1645 1426 1699 dabit
1447 1645 1583 1698 vobis
1614 1646 1630 1713 (
1652 1642 2078 1714 Joan.x1v,16)?

493 1743 560 1795 Et
584 1745 626 1794 si
657 1740 832 1795 adhuc
861 1739 912 1792 in
940 1737 1024 1793 his
1053 1737 1299 1792 omnibus
1328 1745 1544 1806 prepter
1571 1734 1818 1788 duritiam
1842 1742 1896 1790 et
1920 1734 2075 1789 eieci-

492 1843 655 1887 tatem
682 1831 859 1887 cordis
887 1831 966 1885 sui
995 1830 1214 1886 credere
1245 1827 1551 1892 noluerint,
1585 1825 1676 1881 sed
1719 1825 1837 1882 ausi
1883 1824 2078 1882 fuerint

492 1925 671 1980 dicere
700 1924 838 1995 quod
872 1922 984 1978 hsec
1021 1923 1198 1977 omnia
1227 1920 1538 1975 humilitatis
1571 1934 1727 1974 causa
1761 1919 1893 1972 liunt
1915 1960 1930 1985 ,
1959 1929 2080 1988 post

493 2015 1004 2074 consnuunationem
1034 2014 1212 2069 szecnli
1232 2052 1250 2078 ,
1295 2011 1397 2067 nisi
1428 2025 1486 2066 se
1513 2021 1698 2065 natura
1726 2021 1780 2065 et
1805 2011 2078 2066 voluntate

492 2111 650 2162 sciret
676 2107 970 2177 subjectum
992 2115 1046 2162 et
1069 2105 1428 2171 obedientem,
1459 2104 1642 2174 utquid
1664 2119 1722 2158 se
1745 2103 2072 2168 humiliaret,

494 2201 579 2256 ubi
615 2208 829 2270 propter
873 2198 1115 2254 homines
1159 2197 1432 2253 humilitas
1469 2197 1766 2270 necessaria
1808 2211 1912 2250 non
1959 2197 2076 2250 est?

493 2295 645 2363 Quod
670 2303 847 2350 autem
874 2302 926 2348 et
955 2303 1072 2363 post
1097 2291 1611 2348 consummationem
1639 2289 1839 2350 smculi,
1867 2286 2077 2358 quando

491 2386 570 2440 illi
613 2386 788 2441 omnia
841 2383 1036 2440 iuerint
1082 2383 1320 2454 subjecta
1376 2381 1574 2486 (illor.
1630 2398 1731 2444 xv,
1782 2379 1880 2452 28)
1914 2397 1926 2431 :
1956 2380 2076 2448 quia

1215 2523 1399 2533 M—

511 2527 590 2566 E
601 2529 714 2536 -ο
725 2526 913 2537 ’.οε-...ιι-
919 2523 1337 2536 -ο-..ο-να-.--ο

1261 397 1533 454 comm
1577 392 1950 450 SERMONLM
1994 391 2420 457 AKlANUdUM.
2462 397 2518 454 s.
2566 400 2935 458 AUGUSTI-Nl

2027 2519 2214 2528 _———-

891 2565 2088 2775 Τὶὖίιειιι
2164 2627 3172 2746 AUGUSTINI

3661 411 3767 469 681

2185 535 2344 590 modo
2384 545 2569 591 natura
2615 536 2826 608 quidem
2860 538 3035 593 omnia
3065 551 3188 594 sunt
3217 541 3486 614 subjecta,
3517 554 3576 600 ut
3618 561 3771 602 crea-

2187 637 2297 683 tura
2323 629 2598 696 Creatori;
2632 630 2900 686 voluntate
2932 643 3106 687 autem
3131 675 3146 701 ,
3183 644 3398 704 propter
3422 636 3652 693 liberum
3679 656 3770 692 ar—

2185 722 2396 777 bitrium
2423 767 2437 789 ,
2471 741 2574 778 non
2607 726 2782 779 omnia
2811 726 2880 780 illi
2912 727 3145 798 subjecta
3176 729 3414 785 videmus
3442 747 3454 783 :
3484 739 3611 787 tunc
3640 750 3774 787 vero

2186 813 2237 866 in
2265 813 2352 869 die
2370 814 2552 884 judicii
2576 858 2590 881 ,
2623 817 2833 886 quando
2855 818 2905 870 in
2932 817 3145 874 nomine
3172 818 3297 874 Jesu
3327 836 3486 876 omne
3512 836 3654 890 genu
3678 822 3777 876 ile-

2184 914 2376 973 etetur,
2409 908 2743 974 cmlestium,
2797 907 3146 974 terrestrium,
3197 919 3252 964 et
3311 910 3668 978 iufernorum,
3721 923 3778 966 et

2185 1003 2356 1054 omnis
2389 1001 2567 1072 lingua
2597 1000 2934 1058 confitebitur
2954 1044 2968 1068 ,
2998 1003 3117 1072 quia
3148 1002 3405 1059 Dominus
3442 1003 3598 1062 Jesus
3617 1004 3776 1060 Chri-

2184 1103 2296 1146 stus
2341 1095 2391 1147 in
2441 1095 2606 1164 gloria
2655 1095 2747 1150 Dei
2795 1095 2966 1151 Patris
2993 1097 3007 1126 ¹
3039 1095 3313 1168 (Philipp.
3365 1114 3429 1164 ιι,
3481 1098 3547 1153 10
3575 1141 3592 1166 ,
3622 1101 3684 1154 11
3714 1104 3730 1167 ¹)
3762 1141 3776 1163 ,

2185 1187 2361 1241 omnia
2391 1188 2508 1242 sine
2535 1187 2642 1242 line
2663 1228 2677 1254 ,
2711 1196 2764 1243 et
2789 1189 3055 1243 voluntate
3085 1199 3137 1243 et
3162 1199 3348 1244 natura
3382 1192 3453 1245 illi
3476 1203 3631 1248 erunt
3648 1195 3779 1248 sub-

2181 1281 2320 1349 jecta
2353 1299 2364 1334 :
2393 1290 2449 1335 et
2491 1283 2602 1352 ipse
2627 1292 2747 1354 post
2788 1285 3025 1338 onmium
3056 1284 3152 1339 sibi
3186 1284 3565 1353 subjectiouem
3611 1285 3664 1340 in
3711 1303 3777 1340 ea

2184 1372 2532 1451 Subjectione
2557 1382 2610 1428 et
2656 1373 2911 1429 charitate
2942 1390 3161 1429 manens
3183 1416 3196 1439 ,
3233 1375 3284 1428 in
3331 1391 3431 1446 qua
3463 1391 3696 1447 seraper,
3721 1389 3782 1432 et

2186 1462 2297 1531 ipse
2327 1473 2382 1518 ut
2421 1463 2587 1518 Filius
2629 1466 2900 1533 subjectus
2929 1466 3029 1519 erit
3057 1465 3103 1519 ei
3135 1465 3222 1536 qui
3254 1467 3326 1520 illi
3377 1467 3610 1522 subdidit
3655 1483 3812 1527 om—.

2186 1556 2269 1609 nia
2303 1574 2315 1610 :
2346 1556 2522 1610 nullus
2560 1556 2781 1611 audiens
2825 1557 3149 1612 christianus
3194 1559 3437 1629 ignorat,
3491 1561 3608 1629 quia
3639 1560 3783 1616 ﬁdes

2185 1665 2249 1704 ex
2275 1649 2455 1704 auditu
2487 1690 2502 1717 ,
2527 1639 2756 1704 'auditus
2781 1659 2956 1704 autem
2986 1666 3079 1720 per
3107 1651 3320 1704 verbum
3349 1651 3545 1706 Christi
3569 1655 3588 1722 (
3613 1653 3778 1707 Rom.

2186 1759 2252 1808 χ,
2310 1741 2414 1813 17)
2446 1761 2458 1796 :
2494 1751 2550 1797 ut
2595 1744 2664 1798 sit
2708 1743 2846 1798 Deus
2897 1744 3071 1797 omnia
3121 1745 3171 1797 in
3223 1730 3507 1809 omnibus,
3560 1760 3785 1816 semper

2187 1833 2549 1888 monarchiam
2579 1843 2628 1889 et
2663 1844 2976 1903 potestatem
3010 1834 3212 1888 habens
3237 1835 3508 1898 omnium,
3541 1836 3625 1890 cui
3651 1837 3781 1907 glo-

2186 1926 2262 1982 ria
2304 1935 2360 1983 et
2405 1927 2608 1992 honor,
2642 1926 2756 1982 laus
2780 1936 2833 1981 et
2874 1927 3161 1997 gratiarum
3210 1928 3380 1992 actio,
3412 1943 3506 1997 per
3531 1929 3783 2000 unigeni-

2187 2029 2294 2073 tum
2325 2021 2440 2088 ejns
2485 2019 2676 2073 Filium
2710 2019 2995 2074 Dominum
3022 2021 3043 2051 ¹
3075 2030 3128 2075 et
3153 2020 3480 2076 Salvatorem
3510 2029 3780 2085 nostrum,

2187 2113 2236 2164 iu
2269 2111 2468 2182 Spiritu
2522 2120 2730 2177 sancto,
2764 2127 2904 2168 nunc
2930 2123 2982 2168 ct
3010 2127 3103 2182 per
3128 2113 3302 2167 omnia
3329 2113 3520 2168 saecula
3545 2112 3782 2167 saeculo-

2187 2221 2324 2258 rum.
2353 2207 2543 2260 Amen.

2251 2321 2265 2350 ι
2294 2325 2417 2378 Mss,
2442 2317 2507 2366 ad
2523 2315 2730 2378 gloriam
2755 2316 3032 2367 Deipatris.

2247 2381 2267 2410 ⁸
2289 2387 2395 2430 Μ.εὸ-
2426 2388 2592 2431 Deum.

2655 2515 2712 2522 -ο

1427 2522 2478 2530 _.-.._._.._..___...__._..___._____..___-i
2531 2522 2598 2523 κέν
3777 2522 3782 2524 _

1422 2527 2921 2566 W,,iiﬂ,,
1729 2563 1743 2566 _
1813 2523 3788 2566 ______________._—_———-————-——————-—-~—————""'-I--—-—----
3559 2525 3789 2552 I-—

1670 2823 2184 2888 HIPPONENSIS
2226 2821 2579 2887 EPISCOPI

681 2951 3600 3239 SERMONEMWARIANORUM

1734 3311 1845 3393 LI
1858 3307 2086 3391 BER
2159 3309 2481 3392 UNUS
2525 3296 2628 3389 (α).

1774 3464 1940 3498 αττηις

561 3572 785 3628 CAPUT
819 3568 1179 3625 PRIMUM.—-
1207 3568 1254 3620 l.
1276 3565 1472 3619 Eorum
1495 3562 1814 3633 praecedenti
1836 3561 2070 3631 disputa-

490 3664 620 3722 tioni
649 3664 747 3716 hac
774 3660 1128 3732 disputatione
1158 3654 1473 3724 respondeo,
1503 3653 1594 3724 qui
1621 3669 1740 3709 cum
1780 3653 2059 3728 Dominum

490 3762 731 3810 nostrum
751 3751 933 3806 Jcsum
962 3749 1232 3806 Christum
1271 3745 1498 3799 fatentur
1517 3743 1730 3813 quidem
1770 3744 1954 3806 Deum,
1977 3742 2069 3796 sed

493 3847 658 3901 Deum
689 3859 874 3899 verum
904 3852 957 3898 et
984 3857 1102 3899 cum
1132 3841 1288 3918 Patre
1309 3852 1470 3892 unum
1492 3837 1659 3891 Deum
1682 3836 1874 3894 nolunt.
1899 3837 2069 3900 lateri,

489 3937 622 3991 duos
651 3935 801 3988 nobis
819 3934 1069 3988 inducunt
1089 3932 1216 3987 deos
1233 3930 1457 3985 diversae
1478 3927 1810 3998 disparisque
1837 3934 2068 3990 natura};

489 4040 654 4082 unum
682 4040 884 4090 verum,
917 4024 1137 4078 alterum
1169 4035 1274 4076 non
1303 4035 1486 4075 verum
1520 4037 1532 4071 :
1563 4027 1746 4073 contra
1778 4018 1902 4073 illud
1930 4017 2071 4088 quod

489 4116 746 4186 scriptum
783 4121 885 4177 est,
917 4112 1072 4178 Audi,
1102 4109 1260 4164 lsrael
1279 4126 1296 4175 ;
1331 4107 1579 4162 Dominus
1630 4107 1770 4162 Deus
1800 4117 1934 4171 tuus,
1971 4107 2074 4162 Do-

489 4207 655 4260 minus
697 4219 825 4258 unus
862 4200 1140 4271 est(Deut.
1177 4215 1248 4266 γι,
1279 4198 1368 4270 4).
1401 4197 1514 4252 lloc
1539 4197 1680 4252 enim
1724 4198 1766 4251 si
1809 4196 1874 4252 de
1917 4197 2071 4251 Patre

450 4318 452 4322 -
489 4298 690 4353 dictum
731 4294 917 4347 volunt
950 4290 1190 4360 intelligi,
1227 4289 1466 4360 sequitur
1494 4298 1550 4343 ut
1588 4289 1831 4343 Christus
1869 4303 1972 4343 non
2003 4289 2073 4344 sit

492 4387 748 4444 Dominus
781 4385 918 4439 Deus
961 4390 1158 4437 uoster.
1200 4380 1256 4436 Si
1298 4388 1474 4435 autem
1506 4381 1572 4435 de
1604 4380 1756 4441 Filio,
1781 4381 1937 4434 Pater
1966 4396 2068 4435 nan

488 4478 590 4532 erit
617 4475 870 4530 Dominus
900 4473 1039 4527 Deus
1070 4481 1267 4526 noster.
1300 4470 1356 4525 Si
1385 4485 1510 4527 vero
1539 4471 1606 4525 de
1635 4471 1912 4539 ambobus,
1941 4487 2067 4544 pro-

490 4568 630 4624 fecto
669 4567 826 4622 Pater
854 4575 908 4621 et
931 4563 1096 4618 Filius
1124 4578 1259 4618 unus
1293 4571 1376 4619 est
1402 4563 1658 4618 Dominus
1690 4563 1829 4618 Deus
1869 4574 2066 4618 noster.

491 4665 568 4717 Ae
608 4675 703 4731 per
727 4659 830 4714 hoc
871 4657 998 4713 illud
1025 4655 1165 4728 quod
1195 4655 1247 4711 in
1277 4655 1564 4726 Evangelio
1595 4655 1849 4727 scriptum
1880 4665 1981 4722 est,
2003 4656 2069 4710 Ut

487 4761 792 4828 cognoscant
815 4761 861 4805 te
891 4767 1047 4805 unum
1081 4765 1250 4804 verum
1277 4748 1461 4813 Deum,
1493 4758 1539 4802 et
1585 4765 1731 4820 quem
1769 4748 1949 4802 misisti
1981 4745 2070 4802 Je-

489 4866 600 4904 sum
635 4846 887 4902 Christum
919 4843 1095 4917 (Joan.
1119 4859 1247 4907 xvu,
1279 4840 1368 4914 '5);
1401 4840 1502 4894 hoc
1529 4855 1649 4894 eum
1687 4839 1883 4894 dixisse
1924 4838 2065 4893 acci-

488 4937 741 5010 piendum
779 4945 882 5001 est,
907 4934 976 4990 Ut
1005 4943 1057 4990 te
1086 4942 1139 4989 et
1166 4947 1324 5002 quem
1367 4931 1552 4986 misisti
1580 4929 1760 4984 Jesum
1801 4929 2067 4986 Christum

485 5021 808 5100 cognoscant
852 5039 1015 5080 unum
1060 5038 1244 5078 verum
1288 5023 1470 5076 Deum.
1503 5020 1636 5087 Quia
1676 5022 1822 5077 etde
1857 5021 2068 5078 Christo

491 5123 692 5178 dictum
717 5127 802 5174 est
823 5133 854 5172 a
882 5116 1085 5172 Joanne
1115 5113 1378 5184 apostolo,
1412 5112 1532 5183 Ipse
1565 5123 1636 5166 est
1688 5130 1832 5168 verus
1855 5111 1994 5168 Deus
2021 5124 2065 5168 et

484 5217 584 5270 vita
603 5224 791 5269 interna
820 5210 873 5283 (ἰ
897 5210 1052 5265 Joan.
1084 5225 1137 5274 v,
1169 5207 1290 5279 20).

558 5307 615 5361 2.
647 5305 779 5360 item
806 5319 924 5358 cum
953 5303 1134 5357 dicunt
1161 5301 1432 5356 Christum
1464 5301 1716 5354 voluntate
1756 5298 1847 5352 Dei
1874 5309 1919 5353 et
1955 5298 2061 5352 Pa-

489 5398 580 5466 tris
603 5397 685 5453 sui
707 5405 824 5449 ante
849 5394 1018 5448 omnia
1044 5395 1229 5448 swcula
1254 5393 1596 5454 constitutum,
1615 5400 1873 5461 coguntur
1901 5391 2064 5444 conﬁ-

1941 3461 2430 3499 remrem

2433 3463 2491 3498 ὈὋ

2186 3562 2286 3617 teri
2317 3561 2509 3617 Filium
2543 3560 2682 3615 Patri
2710 3574 2827 3615 esse
2858 3567 3201 3614 comternum.
3223 3558 3276 3612 Si
3308 3560 3448 3613 enim
3476 3557 3777 3629 aliquando

2180 3653 2338 3709 Pater
2361 3653 2476 3708 sine
2507 3653 2642 3708 Filio
2671 3651 2913 3719 fuil,erat
2933 3659 3054 3704 ante
3078 3649 3265 3704 Filium
3288 3650 3505 3718 aliquod
3533 3660 3778 3719 tempus,

2179 3760 2282 3816 quo
2312 3746 2467 3800 Pater
2508 3745 2625 3800 sine
2670 3743 2759 3798 illo
2790 3742 2933 3798 solus
2963 3741 3079 3796 fuit.
3109 3741 3175 3796 Et
3202 3741 3467 3811 quomodo
3500 3751 3614 3796 erat
3643 3751 3782 3796 ante

2179 3837 2354 3890 omnia
2386 3834 2579 3890 saecula
2605 3833 2790 3902 Filius,
2819 3841 2943 3888 ante
2969 3848 3125 3903 quem
3156 3832 3254 3886 fuit
3285 3841 3490 3901 tempus
3515 3846 3623 3902 quo
3647 3832 3784 3887 sine

2179 3927 2268 3981 illo
2304 3935 2419 3982 erat
2446 3925 2637 3981 Pater?
2660 3924 2848 3990 Porro,
2879 3924 2923 3978 si
2948 3933 3070 3978 ante
3114 3924 3288 3978 omnia
3329 3932 3566 3992 tempora
3595 3921 3782 3977 Filius

2179 4027 2292 4072 erat
2319 4019 2462 4087 (non
2496 4017 2637 4072 enim
2675 4017 2829 4071 aliter
2858 4014 3256 4086 intelligendum
3287 4023 3387 4081 est,
3419 4013 3482 4068 In
3511 4014 3786 4085 principio

2179 4117 2285 4162 erat
2321 4107 2571 4174 Verbum;
2603 4116 2675 4175 et,
2712 4106 2898 4162 Omnia
2938 4124 3028 4178 per
3061 4107 3228 4177 ipsum
3274 4109 3409 4178 facta
3436 4115 3555 4162 sunt
3581 4105 3782 4177 (Joan.

2182 4217 2218 4266 ι,
2248 4201 2296 4266 1,
2323 4199 2376 4270 ὅ)
2401 4217 2413 4266 ;
2437 4200 2556 4270 quia
2584 4209 2638 4255 et
2671 4189 2883 4270 tempus
2912 4199 3028 4254 sine
3059 4199 3318 4269 aliquibus
3356 4209 3617 4254 creaturae
3645 4214 3784 4255 m0»-

2178 4291 2317 4346 tibus
2347 4306 2450 4344 non
2484 4297 2656 4360 potest
2681 4305 2816 4356 esse,
2851 4298 2904 4344 et
2929 4290 3048 4344 ideo
3076 4305 3168 4359 per
3196 4289 3340 4343 illum
3371 4289 3507 4344 facta
3536 4289 3784 4347 conﬁte-

2177 4398 2296 4438 mur
2325 4394 2379 4438 et
2407 4392 2664 4452 tempora,
2692 4396 2786 4450 per
2815 4397 2969 4451 quem
2999 4379 3132 4435 facta
3161 4391 3282 4435 sunt
3307 4380 3548 4452 omnia),
3574 4386 3788 4450 procul

2175 4475 2338 4531 dubio
2371 4484 2669 4531 coaeternus
2696 4482 2778 4530 est
2811 4473 2951 4528 Patri
2982 4474 3165 4529 Filius.
3186 4473 3289 4529 Sed
3321 4476 3574 4529 uoluntate
3591 4474 3792 4533 Patris

2178 4566 2362 4622 dicunt
2425 4566 2772 4631 constitutum,
2824 4565 3067 4620 nolentes
3110 4565 3289 4620 dicere
3330 4565 3494 4620 Deum
3538 4565 3606 4622 de
3652 4567 3796 4623 Deo

2175 4658 2452 4727 aequalem,
2471 4657 2704 4727 genitum
2731 4665 2888 4726 atque
2915 4665 3259 4712 coreternum.
3291 4655 3561 4727 Nusquam
3586 4666 3792 4715 autem

2175 4748 2358 4819 legunt
2408 4752 2662 4803 voluntate
2716 4747 2889 4803 Patris
2938 4747 3131 4803 Filium
3187 4759 3302 4803 ante
3361 4750 3534 4804 omnia
3576 4755 3798 4806 sucula

2173 4839 2516 4893 constitutum.
2549 4837 2654 4894 Sed
2706 4839 2805 4894 hoc
2835 4849 3113 4911 propterea
3144 4839 3347 4909 dicunt,
3380 4849 3435 4895 ut
3482 4840 3629 4910 prior
3676 4843 3796 4899 illo

2173 4930 2414 4987 videatur
2438 4929 2678 4985 voluntas
2691 4931 2883 4998 Patris,
2902 4947 3004 5001 qua
3034 4946 3156 4986 eum
3184 4933 3527 4987 constitutum
3552 4932 3794 4990 volunt.

2175 5021 2243 5077 Et
2282 5023 2672 5095 argumentatio
2707 5036 2891 5077 eorum
2925 5022 3042 5076 talis
3079 5037 3197 5078 esse
3223 5022 3360 5078 solet
3389 5039 3404 5076 :
3433 5023 3795 5094 interrogant

2172 5115 2314 5169 enim
2356 5123 2531 5169 utrum
2567 5113 2723 5168 Pater
2750 5113 2940 5168 Filium
2968 5115 3150 5169 volens
3177 5129 3242 5169 an
3268 5115 3457 5170 nolens
3481 5119 3796 5186 genuerit;

2176 5217 2235 5260 ut
2263 5207 2307 5261 si
2336 5221 2646 5275 responsum
2688 5205 2846 5260 fuerit
2880 5207 3018 5277 quod
3055 5207 3239 5262 volens
3265 5208 3525 5277 genuerit,
3557 5208 3795 5278 dicant,

2172 5297 2323 5351 Prior
2347 5306 2428 5352 est
2466 5311 2592 5367 ergo
2638 5297 2887 5352 voluntas
2918 5297 3106 5353 Patris.
3155 5298 3307 5365 Quod
3346 5308 3523 5353 autem
3569 5300 3804 5358 nolens

2174 5389 2441 5460 genuerit,
2471 5389 2590 5458 quis
2632 5399 2805 5458 potest
2841 5388 3054 5444 dicere?
3084 5389 3189 5444 Sed
3222 5397 3277 5443 ut
3320 5390 3564 5444 noverint
3602 5406 3800 5461 quam

1654 5495 1940 5534 ADMONITIO
1981 5495 2058 5532 PP.
2100 5496 2195 5533 BEN
2205 5494 2558 5534 EDIC'I‘INORUM
2571 5520 2579 5530 .

549 5579 758 5644 vidimus
778 5579 919 5639 hujus
940 5574 1153 5644 opusculi
1177 5573 1814 5644 ςιειιιίωιιρς-ηιξιιιιιβεινίνιος
1837 5571 2030 5644 codices
2045 5578 2173 5644 octo,
2194 5571 2532 5644 sorbonicipn‘,
2553 5576 2924 5644 Germanensem
2943 5607 2956 5631 ,
2978 5573 3321 5622 Corbeiensem
3335 5607 3348 5627 .
3375 5570 3759 5644 Pratellensem
3779 5608 3804 5638 ,

485 5631 1150 5700 Michaelinum,'sagiensem,
1176 5636 1426 5700 uetuensis
1443 5634 1662 5700 Ecclesia:
1685 5631 1852 5700 unum,
1873 5639 1924 5681 et
1944 5631 2122 5700 domini
2145 5632 2208 5680 de
2234 5640 2387 5700 staran
2405 5631 2670 5700 'l‘bolosatis
2693 5645 2839 5680 unum
2856 5667 2870 5693 ,
2896 5641 3073 5695 prater
3095 5641 3303 5697 quatuor
3334 5636 3581 5684 Vaticanus
3604 5651 3614 5684 ;
3644 5631 3803 5690 oon;

481 5703 716 5754 soluimus
739 5693 884 5750 etiam
902 5693 1054 5748 v'arias
1077 5693 1314 5747 lcetiones
1338 5694 1636 5756 Belgicorum
1658 5695 1819 5755 trium,
1839 5701 1890 5742 et
1910 5693 2148 5742 editiones
2171 5701 2269 5740 Am.
2289 5699 2362 5741 Er.
2391 5700 2443 5741 et
2465 5699 2575 5743 Lov.

561 5784 1070 5862 Comparavimus
1100 5788 1397 5858 prazterea
1423 5797 1520 5837 eas
1553 5795 1754 5837 omnes
1785 5772 2085 5837 editiones
2109 5774 2295 5837 initio
2326 5776 2492 5838 Retr.
2519 5782 2572 5836 et
2593 5773 2904 5854 Confess,
2929 5785 3073 5840 tam.
3104 5779 3162 5853 1,
3191 5787 3584 5840 memoratas.
3629 5777 3738 5840 Μ.

544 5888 619 5949 (a)
653 5888 850 5949 scriptus
871 5897 996 5935 anno
1019 5881 1186 5933 Christi
1211 5881 1316 5930 418.
