4028 6480
239 401 332 460 635

241 511 399 568 inania
429 507 734 578 loquamur,
757 511 918 560 etiam
946 499 1048 572 ipsi
1077 495 1444 568 interrogandi
1475 501 1618 558 sunt,
1639 503 1816 548 utrum

239 604 364 657 Deus
376 598 537 652 Pater
552 596 740 652 volens
759 609 826 648 an
847 592 1042 648 nolens
1069 589 1138 646 sit
1167 589 1324 644 Deus.
1347 587 1462 642 Non
1493 584 1632 640 enim
1649 583 1814 638 aude-

239 696 356 748 bunt
375 707 498 747 eum
515 689 714 756 dicere,
733 688 876 744 nolle
891 701 948 743 se
965 699 1086 742 esse
1106 685 1288 738 Deum.
1306 681 1360 738 Si
1379 695 1506 751 ergo
1523 677 1815 750 responde-

238 787 330 840 tint
353 782 496 853 quod
517 781 704 836 volens
730 781 798 834 sit
823 779 988 842 Deus,
1016 794 1081 832 eo
1105 774 1265 830 modo
1294 774 1401 828 illis
1431 769 1702 828 inferenda
1738 778 1820 823 est

239 874 431 928 vanitas
459 887 580 938 sua,
611 885 714 942 qua
754 868 860 923 dici
904 875 1084 938 potest
1117 866 1262 938 prior
1289 863 1382 920 illo
1409 876 1530 920 esse
1574 860 1819 914 voluntas

237 968 338 1038 ejus
371 983 384 1019 :
413 980 522 1034 quo
551 962 678 1034 quid
707 962 898 1018 dicitur
926 957 1174 1014 stultius?
1757 1003 1762 1008 .

289 1057 520 1114 CAPUT
541 1055 608 1112 Il.
637 1084 709 1095 —-
735 1056 801 1109 '5.
850 1052 1052 1108 Deinde
1090 1051 1274 1106 dicunt
1315 1063 1436 1102 eum
1477 1045 1727 1100 voluntate
1773 1055 1818 1100 et

237 1159 473 1222 pracepto
505 1147 698 1214 Patris,
715 1145 931 1201 cmlestiu
949 1155 990 1198 et
1013 1142 1285 1210 terrestria,
1304 1140 1518 1196 visibilia
1537 1148 1582 1194 et
1601 1137 1794 1193 inuisibi
1805 1168 1818 1177 -

239 1243 316 1306 tia,
344 1256 564 1311 corpora
595 1247 641 1294 et
667 1237 896 1308 spiritus,
929 1252 990 1290 ea:
1031 1235 1186 1290 nullis
1211 1232 1534 1295 exstantibus,
1562 1239 1614 1284 ut
1635 1239 1814 1288 essent,

238 1351 319 1388 sua
345 1334 526 1386 virtute
545 1331 742 1402 fecisse.
764 1329 866 1384 Ubi
893 1327 959 1382 ab
976 1328 1050 1382 eis
1067 1327 1374 1397 quaerimus,
1393 1333 1569 1378 utrum
1587 1329 1640 1376 et
1661 1319 1771 1392 ipse
1788 1335 1816 1374 a

237 1425 380 1480 Patre
409 1439 478 1478 ex
511 1421 668 1476 nullis
685 1419 1018 1476 exstantibus
1057 1417 1226 1472 factus
1267 1415 1356 1482 sit,
1387 1413 1490 1468 hoc
1515 1421 1617 1480 est,
1649 1427 1712 1468 cx
1742 1411 1817 1464 ni-

237 1519 350 1572 hilo.
387 1515 544 1584 Quod
573 1515 617 1570 si
656 1515 832 1570 dicere
860 1529 962 1566 non
997 1509 1294 1576 audebunt;
1328 1523 1454 1578 ergo
1485 1508 1623 1562 Deus
1646 1513 1728 1560 est
1754 1505 1818 1560 de

237 1611 354 1674 Deo,
375 1625 482 1664 non
510 1624 574 1664 ex
601 1606 766 1662 nihilo
789 1605 956 1660 lactus
975 1620 1003 1660 a
1033 1604 1164 1660 Deo.
1187 1604 1315 1670 Qua:
1337 1615 1424 1658 res
1446 1599 1641 1654 indicat
1661 1614 1817 1652 unant

236 1711 282 1756 et
300 1699 546 1756 eamdem
565 1697 735 1752 Patris
753 1696 976 1766 Filiique
1001 1703 1259 1748 naturam.
1275 1692 1457 1764 Neque
1473 1691 1613 1746 enim
1638 1689 1816 1756 homo,

235 1809 408 1863 pecus,
436 1793 574 1858 avis,
605 1791 786 1862 piscis,
809 1787 1038 1860 possunt
1081 1785 1318 1856 ejusdem
1361 1797 1564 1838 natura:
1604 1780 1818 1852 gignere

243 1885 392 1950 lilios,
427 1892 484 1939 et
529 1883 668 1938 Deus
695 1896 800 1936 non
827 1879 1016 1950 potuit.
1039 1877 1092 1933 Si
1123 1885 1300 1930 autem
1343 1880 1488 1929 tanto
1535 1871 1818 1942 impietatis

235 1977 462 2046 «abrupto
491 1973 764 2028 audebunt
785 1965 890 2028 'irc
915 1971 1232 2041 prmcipitcs,
1257 1977 1313 2022 ut
1339 1967 1518 2023 dicant
1544 1975 1600 2022 et
1639 1965 1820 2038 unige—

235 2069 397 2124 nitum
431 2067 629 2122 Filium
659 2079 688 2119 a
717 2065 872 2120 Patre
892 2079 952 2118 ex
985 2062 1147 2118 nihilo
1186 2061 1560 2126 constitutum;
1582 2069 1820 2130 quaerant

239 2176 320 2230 per
363 2174 529 2230 quem
580 2157 747 2212 lactus
788 2157 857 2208 sit
894 2170 922 2208 a
951 2155 1106 2210 Patre
1146 2167 1210 2208 ex
1261 2151 1430 2206 nihilo
1469 2150 1656 2206 Filius.
1701 2147 1818 2204 Non

231 2253 368 2306 enim
415 2265 514 2322 per
573 2247 806 2318 seipsum
845 2245 955 2300 ﬁeri
1015 2244 1200 2314 potuit,
1243 2251 1492 2312 tanquam
1531 2241 1639 2312 jam
1680 2250 1820 2294 esset

231 2355 516 2414 antequam
559 2340 732 2406 ﬁeret,
763 2347 984 2394 ut‘esset
1011 2337 1123 2408 ipse
1151 2353 1244 2406 per
1281 2351 1439 2406 quem
1484 2333 1636 2390 lieret
1681 2331 1818 2388 idem

237 2439 360 2508 ipse.
395 2437 464 2490 Et
489 2433 614 2504 quid
656 2447 789 2502 Opus
816 2439 930 2486 erat
964 2445 1085 2484 eum
1128 2427 1240 2482 ﬁeri
1293 2427 1379 2498 qui
1417 2425 1526 2496 jam
1554 2423 1704 2482 erat?
1731 2433 1821 2478 aut

235 2527 502 2597 quomodo
525 2524 682 2580 ﬁebat
705 2532 762 2577 ut
779 2530 944 2586 esset,
963 2520 1170 2590 quijam
1195 2529 1306 2574 erat
1331 2513 1612 2588 antequam
1642 2515 1822 2570 ﬁeret?

233 2621 420 2684 Porro,
452 2617 498 2671 si
525 2631 624 2688 per
647 2629 804 2685 quem
843 2613 1002 2666 alium
1042 2626 1068 2662 a
1099 2610 1256 2664 Patre
1277 2609 1445 2662 factus
1469 2615 1572 2674 est,
1604 2605 1721 2676 quis
1742 2615 1822 2660 est

233 2713 340 2782 ipse
364 2711 528 2776 alius,
557 2723 677 2764 cum
700 2706 876 2761 omnia
905 2721 1000 2776 per
1027 2705 1195 2774 ipsum
1227 2701 1360 2757 facta
1391 2701 1531 2756 sint?
1559 2699 1614 2756 Si
1645 2707 1819 2754 autem

235 2820 262 2858 a
282 2803 446 2859 Patre
473 2817 568 2874 per
587 2799 850 2856 neminem
881 2795 1048 2850 laetus
1073 2803 1186 2860 est;
1217 2791 1481 2866 quomodo
1515 2807 1613 2861 per
1651 2791 1822 2846 nemi~

235 2911 352 2952 nem
382 2892 586 2966 aliquid
615 2907 644 2946 a
675 2891 830 2946 Patre
862 2887 1056 2942 factum
1089 2895 1188 2950 est,
1211 2901 1330 2940 cum
1359 2900 1455 2952 per
1481 2883 1693 2948 Filium,
1719 2881 1822 2936 hoc

232 2997 330 3055 est,
363 3002 468 3058 per
487 2985 606 3054 ejus
633 2981 864 3038 Verbum
899 2979 1032 3034 laeta
1063 2980 1168 3034 sint
1198 2976 1416 3030 omnia?

302 3076 532 3136 CAPUT
564 3073 648 3130 Ill.
677 3103 748 3114 ——
775 3073 830 3130 4.
861 3071 926 3126 Et
974 3081 1236 3140 antequam
1297 3071 1500 3141 faceret,
1561 3065 1820 3138 inquiunt,

236 3171 492 3236 universa,
535 3165 758 3220 omnium
794 3167 1080 3234 futurorum
1119 3158 1254 3212 Deus
1293 3167 1342 3212 et
1369 3155 1640 3224 Dominus,
1667 3173 1757 3212 rea:
1780 3167 1824 3211 et

233 3271 427 3317 arator
447 3266 556 3315 erat
577 3258 896 3320 constitutus,
923 3263 968 3306 et
998 3251 1222 3304 omnium
1247 3253 1538 3321 futurorum
1565 3249 1618 3302 in
1645 3259 1826 3302 natura

237 3353 420 3408 habens
458 3347 845 3421 praescientiam,
868 3354 914 3398 et
943 3343 994 3396 in
1021 3341 1252 3414 faciendo
1279 3343 1330 3393 in
1370 3340 1598 3392 omnibus
1653 3355 1828 3409 exspe-

239 3454 378 3500 ctans
407 3443 584 3498 Patris
603 3441 884 3514 jussionem
901 3455 921 3503 ;
951 3437 1060 3506 ipse
1098 3433 1350 3488 voluntate
1382 3431 1549 3485 Patris
1575 3431 1826 3486 descendit

237 3539 298 3593 de
317 3537 466 3602 coelo,
483 3544 532 3591 et
559 3533 688 3588 venit
715 3533 766 3584 in
802 3531 934 3583 hunc
960 3527 1200 3582 mundum
1234 3525 1358 3578 sicut
1382 3523 1490 3594 ipse
1517 3523 1587 3575 ait
1617 3538 1636 3577 :
1669 3540 1688 3573 ε
1717 3519 1770 3574 Ν
1774 3538 1828 3574 ec

241 3631 366 3685 enim
389 3647 424 3684 α
452 3644 531 3682 me
565 3627 674 3697 ipso
691 3622 820 3689 veni,
845 3620 932 3675 sed
957 3619 1130 3673 illeme
1143 3617 1276 3670 misit
1299 3635 1318 3669 ι
1345 3615 1527 3688 (Joan.
1547 3631 1659 3676 vm,
1682 3605 1752 3669 42
1781 3613 1824 3686 ).

241 3719 444 3778 Vellem
469 3719 558 3773 ist.
587 3725 645 3771 ut
670 3715 928 3778 dicerent,
957 3720 1132 3766 utrum
1163 3708 1298 3763 duos
1327 3705 1652 3762 constituant
1675 3721 1826 3760 crea-

245 3825 408 3871 tores.
440 3811 594 3882 Quod
625 3811 668 3866 si
701 3827 804 3864 non
841 3807 1073 3863 audent:
1102 3821 1243 3860 unus
1268 3811 1349 3859 est
1377 3802 1550 3868 enim;
1579 3801 1827 3874 quoniam

245 3923 308 3964 ex
333 3909 480 3982 ipso,
501 3915 556 3962 et
579 3921 673 3978 per
701 3903 894 3976 ipsum,
919 3913 971 3956 et
989 3903 1039 3956 in
1067 3899 1184 3970 ipso
1209 3904 1334 3953 sunt
1358 3896 1534 3951 omnia
1554 3893 1726 3970 (Rom.
1749 3911 1827 3960 χι,

239 3999 358 4074 '56);
388 4015 532 4054 unus
574 3997 768 4070 quippe
799 3995 938 4050 Deus
967 4001 1050 4048 est
1081 3991 1190 4062 ipsa
1227 3989 1478 4054 Trinitas,
1509 3995 1561 4042 et
1586 3987 1664 4040 sic
1691 4001 1831 4041 unus

239 4090 402 4160 Deus,
430 4088 704 4162 quomodo
751 4103 885 4142 unus
908 4093 1117 4140 creator
1147 4101 1160 4136 :
1191 4080 1316 4152 quid
1347 4089 1427 4136 est
1457 4078 1598 4152 quod
1627 4079 1828 4144 dicunt,

237 4185 460 4256 jubente
489 4183 652 4238 Patre
679 4194 892 4236 creasse
921 4175 1099 4232 omnia
1125 4175 1342 4239 Filium,
1375 4181 1624 4242 tanquam
1671 4169 1834 4226 Pater

241 4292 348 4334 non
386 4275 680 4342 creaverit,
719 4271 812 4328 sed
840 4288 867 4324 a
899 4269 1034 4324 Filio
1077 4268 1246 4322 creari
1291 4263 1546 4336 jusserit?
1585 4263 1832 4334 Cogitent

241 4369 330 4440 qui
359 4367 654 4423 carnaliter
682 4363 912 4434 sapiunt,
937 4361 1128 4432 quibus
1153 4359 1271 4413 aliis
1301 4355 1474 4412 verbis
1496 4355 1714 4426 jusserit
1733 4353 1834 4409 Pa-

243 4470 324 4516 ter
350 4461 512 4516 unico
538 4455 738 4512 Verbo.
765 4455 1022 4509 Formam
1059 4452 1199 4506 enim
1232 4449 1332 4504 sibi
1379 4449 1430 4503 in
1465 4449 1836 4520 phantasmate

238 4553 417 4608 cordis
457 4549 545 4607 sui
575 4548 725 4620 quasi
769 4545 904 4601 duos
935 4543 1157 4616 aliquos,
1191 4541 1288 4596 etsi
1318 4539 1469 4612 juxta
1499 4541 1750 4606 invicem,
1783 4537 1834 4592 in

243 4645 358 4698 suis
402 4651 588 4698 tamen
635 4639 766 4696 locis
804 4635 1140 4699 constitutos,
1171 4647 1332 4686 unum
1370 4631 1668 4702 jubentem,
1703 4629 1836 4685 alte-

241 4753 364 4792 rum
401 4735 884 4806 obtemperantem.
909 4729 1016 4784 Nec
1038 4727 1336 4796 intelligunt
1363 4725 1526 4793 ipsam
1542 4721 1835 4794 iussionem

249 4825 418 4888 Patris
447 4837 506 4883 ut
539 4825 731 4882 tierent
752 4823 952 4888 omnia,
991 4837 1094 4875 non
1126 4834 1244 4874 esse
1271 4817 1374 4872 nisi
1403 4815 1636 4872 Verbum
1663 4815 1837 4870 Patris

245 4937 342 4992 per
368 4919 513 4992 quod
543 4917 682 4974 facta
708 4925 834 4972 sunt
867 4913 1066 4970 onmia.

315 5013 474 5084 Quod
515 5022 694 5068 autem
741 5011 947 5064 miserit
981 5009 1140 5064 Pater
1162 5005 1375 5068 Filium,
1407 5003 1584 5074 negari
1609 5019 1714 5057 non
1745 5018 1840 5074 po-

248 5115 378 5161 test.
392 5091 496 5162 Sed
509 5101 874 5168 considerent,
888 5099 932 5156 si
951 5107 1190 5170 possnnt,
1204 5095 1469 5167 quomodo
1481 5111 1602 5149 eum
1615 5095 1838 5152 miserit.

247 5213 376 5252 eum
403 5212 510 5268 quo
539 5197 654 5268 ipse
670 5193 832 5249 venit.
863 5195 943 5248 An
974 5191 1060 5244 ille
1091 5189 1344 5244 mentitus
1368 5196 1448 5242 est
1470 5187 1558 5256 qui
1591 5186 1680 5240 ait:
1719 5183 1840 5238 Non

247 5305 366 5344 sum
397 5289 556 5356 solus,
579 5285 817 5358 quoniam
862 5281 1019 5338 Pater
1063 5297 1257 5336 mecum
1294 5277 1558 5348 est(Joan.
1586 5293 1694 5343 xvi,
1727 5277 1838 5347 52).

247 5379 366 5436 Sed
391 5377 661 5452 quomodo
701 5377 828 5433 libet
849 5376 1070 5431 missum
1098 5371 1413 5442 intelligant,
1439 5369 1692 5439 numquid
1721 5370 1840 5424 ideo

247 5475 466 5530 diversa
487 5481 676 5528 natura
697 5479 798 5537 est,
818 5469 940 5542 quia
964 5469 1121 5522 Pater
1137 5466 1298 5522 mittit
1321 5473 1375 5519 et
1395 5463 1621 5518 mittitur
1636 5459 1842 5516 Filius?

249 5563 374 5626 Nisi
399 5563 534 5620 forte
555 5571 734 5636 potest
756 5561 915 5616 homo
943 5567 1095 5632 pater
1124 5557 1334 5614 mittere
1377 5555 1644 5612 hominem
1679 5556 1870 5610 lilium.

252 5658 420 5714 unius
457 5655 808 5730 ejusdemque
841 5653 1172 5719 substantiae,
1202 5659 1255 5705 ct
1288 5665 1391 5704 non
1436 5656 1611 5718 potest
1655 5649 1796 5704 Deus
1827 5667 1840 5700 :

249 5767 386 5808 cum
427 5751 588 5824 homo
637 5749 829 5804 missus
892 5747 958 5801 ab
993 5745 1212 5799 homine
1263 5742 1505 5798 mittente
1548 5749 1840 5812 separetur,

253 5841 412 5916 quod
457 5845 600 5902 Deus
642 5858 746 5897 non
785 5848 978 5910 potest.
1012 5836 1116 5892 Sed
1142 5837 1274 5907 ignis
1315 5839 1450 5894 mitit
1501 5833 1840 5906 splendorem

1639 371 1842 428 LIBER
1881 369 2080 428 UNUS.

3399 383 3504 442 διε

1927 505 2222 562 suum,nec
2249 499 2426 563 potest
2448 494 2702 564 Splendor
2739 493 2938 551 missus
2987 499 3222 567 separari
3265 500 3333 555 ab
3383 508 3504 573 tgna

1927 583 2166 639 mittente
2196 585 2474 656 :quamvis
2516 594 2570 641 et
2627 585 2726 642 ista
2775 587 2896 660 quia
2950 598 3196 644 creatura
3237 599 3320 646 est
3369 595 3503 646 visi-

1923 676 2065 742 bilis,
2105 691 2210 732 non
2249 679 2394 733 omni
2449 693 2512 733 ex
2533 685 2686 750 parte
2725 679 2847 735 huic
2887 680 2966 736 rei
2997 681 3066 736 sit
3113 683 3504 752 comparabilis.

1925 767 2055 824 Cum
2082 770 2223 824 enim
2263 769 2602 840 splendorem
2634 770 2796 826 mittit
2835 771 2990 843 ignis,
3021 773 3228 844 longius
3267 777 3509 844 pervenit

1925 861 2194 930 splendor,
2226 877 2332 933 quo
2352 863 2485 934 ignis
2511 877 2618 918 non
2663 865 2922 932 pervenit.
2963 863 3118 921 Unde
3149 867 3402 936 splendor
3441 871 3509 922 ab

1927 954 2046 1024 igne
2073 955 2160 1026 qui
2207 964 2290 1010 est
2319 955 2368 1010 in
2395 955 2608 1012 lucerna
2649 958 2863 1026 missus,
2893 957 2936 1013 si
2981 957 3124 1029 loqui
3169 969 3372 1030 posset,
3401 975 3507 1014 non

1927 1049 2105 1116 utique
2145 1056 2324 1116 posset
2361 1063 2548 1102 verum
2577 1048 2753 1104 dicere
2779 1050 2830 1104 in
2861 1050 3082 1120 pariete,
3111 1067 3216 1122 quo
3262 1051 3378 1108 sine
3421 1052 3500 1107 lu-

1924 1153 2098 1192 cernae
2127 1138 2248 1208 igne
2270 1141 2534 1208 pervenit,
2563 1139 2702 1211 Ignis
2729 1141 2817 1210 qui
2845 1156 2930 1196 me
2975 1141 3121 1196 misit
3146 1158 3353 1197 mecum
3387 1152 3469 1198 est
3493 1161 3506 1198 :

1925 1231 2097 1300 potuit
2126 1241 2302 1286 autem
2335 1231 2528 1287 missus
2555 1247 2583 1286 a
2607 1231 2762 1287 Patre
2787 1232 2954 1288 Filius
2983 1233 3185 1300 dicere,
3222 1233 3374 1290 Pater
3399 1253 3504 1290 me-

1919 1337 2038 1376 cum
2063 1331 2155 1378 est.
2179 1322 2312 1376 Cum
2337 1323 2494 1394 igltur
2526 1323 2636 1378 haec
2666 1338 2694 1378 a
2721 1323 2882 1380 *Patre
2905 1324 3086 1380 missio
3127 1325 3242 1380 Filii
3283 1342 3506 1398 prorsus

1927 1415 2208 1470 inell'abilis
2224 1417 2311 1481 sit,
2325 1431 2426 1471 nec
2441 1416 2556 1486 capi
2579 1417 2733 1470 ullius
2752 1417 3068 1486 cogitatione
3091 1419 3274 1486 possit,
3293 1435 3507 1490 quomo~

1925 1505 1993 1558 do
2007 1503 2132 1560 hinc
2145 1505 2429 1560 ostendant
2443 1505 2632 1560 Filium
2648 1505 2864 1560 alterius
2876 1515 3036 1577 atque
3051 1507 3312 1562 inferioris
3325 1523 3510 1564 CSSCll-

1927 1599 2034 1664 lia),
2061 1613 2167 1652 non
2194 1598 2497 1664 inveniunt;
2528 1598 2956 1670 quandoquidem
2984 1615 3082 1653 nec
3123 1599 3283 1654 homo
3313 1583 3528 1656 missus.

1925 1691 1992 1746 ab
2019 1691 2255 1758 homine,
2279 1691 2543 1748 diversam
2571 1702 2812 1748 naturam
2839 1694 3098 1749 mittentis
3119 1702 3172 1749 et
3197 1696 3344 1750 missi
3391 1713 3511 1753 esse

1926 1783 2279 1840 demonstrat.

1997 1875 2220 1934 CAPUT
2251 1875 2336 1932 l.V.
2353 1877 2530 1933 —Hic
2552 1888 2728 1932 autem
2751 1879 2910 1935 etiam
2941 1877 3041 1934 hoc
3065 1887 3237 1949 potest
3261 1880 3501 1952 intelligi,

1927 1975 1980 2022 ut
2021 1983 2086 2022 eo
2117 1967 2234 2037 ipso
2261 1983 2289 2020 a
2317 1967 2473 2022 Patre
2502 1967 2669 2024 Filius
2709 1973 2903 2024 missus
2942 1985 3062 2024 esse
3109 1969 3335 2036 dicatur,
3359 1971 3500 2042 quod

1937 2059 2105 2116 Filius
2137 2059 2439 2116 hominibus
2463 2063 2702 2132 apparuit
2731 2063 2781 2116 in
2813 2078 2993 2128 carne,
3022 2079 3128 2118 non
3173 2064 3348 2120 Pater.
3378 2065 3508 2136 Quis

1925 2154 2066 2209 enim
2099 2153 2324 2208 mittitur
2349 2153 2438 2208 illo
2471 2155 2556 2208 tibi
2578 2153 2694 2208 est?
2725 2155 2821 2209 Ubi
2840 2165 3014 2210 autem
3045 2172 3150 2211 non
3183 2157 3510 2230 estSapien-

1927 2244 1998 2298 tia
2029 2244 2142 2312 Dei,
2171 2244 2312 2316 quod
2353 2253 2436 2300 est
2461 2243 2725 2312 Christus,
2749 2243 2813 2299 de
2851 2261 2953 2316 qua
2981 2248 3172 2318 legitur
3203 2264 3217 2302 :
3245 2250 3458 2322 Attingit
3481 2269 3514 2308 α

1927 2335 2030 2402 [ine
2053 2352 2210 2408 usque
2235 2336 2303 2390 ad
2327 2337 2481 2405 ﬁnem
2505 2338 2722 2406 fortiter,
2752 2347 2798 2390 et
2837 2337 3058 2408 disponit
3087 2341 3257 2396 omnia
3297 2343 3516 2398 suaviter

1927 2427 2094 2498 (Sap.
2128 2443 2252 2496 vnt,
2287 2427 2347 2502 1)
2374 2427 2395 2481 ?
2422 2429 2552 2484 Cum
2601 2445 2726 2500 ergo
2774 2429 2968 2502 ubique
3013 2432 3084 2486 sit
3116 2433 3274 2488 etiam
3323 2434 3512 2502 Filius,
3607 2447 3616 2454 '

1927 2535 2033 2591 quo
2075 2521 2366 2578 mittendus
2405 2522 2579 2578 fuerat
2620 2523 2708 2580 ubi
2748 2541 2854 2580 non
2897 2535 3032 2594 erat,
3064 2527 3164 2581 nisi
3205 2528 3514 2598 apparendo

1927 2611 2066 2666 sicut
2117 2627 2227 2668 non
2269 2613 2590 2683 apparebat?
2628 2613 2940 2685 Quanquam
2982 2627 3034 2672 et
3081 2615 3334 2690 Spiritum
3381 2635 3516 2694 san-_

1927 2711 2073 2760 ctum
2097 2703 2316 2760 missum
2339 2705 2598 2776 legamus,
2626 2708 2713 2776 qui
2739 2717 2886 2764 certe
2911 2709 2960 2764 in
2986 2709 3238 2764 unitatem
3271 2723 3515 2780 persona:

1928 2811 2038 2852 suae
2058 2806 2300 2854 naturam
2323 2813 2428 2853 non
2446 2801 3050 2870 assumpsithumanam.
3069 2803 3176 2860 Nec
3193 2816 3222 2858 a
3242 2804 3358 2860 solo
3377 2804 3515 2862 Filio

1931 2891 2124 2948 missus
2165 2900 2267 2958 est,
2297 2892 2434 2950 sicut
2461 2892 2717 2964 scriptum
2747 2903 2850 2962 est,
2883 2893 3009 2950 Cum
3035 2911 3124 2968 ego
3165 2897 3291 2964 iero,
3322 2898 3518 2952 mittant

1927 2985 2074 3040 illaut
2102 2985 2170 3038 ad
2188 2999 2273 3040 vos
2299 2983 2480 3056 (Joan.
2511 3001 2618 3050 xvr,
2651 2985 2704 3056 7)
2731 3003 2744 3050 ;
2775 2986 2867 3042 sed
2888 3001 2920 3042 a
2946 2987 3102 3042 Patre
3127 3003 3359 3060 quoque,
3384 2991 3520 3046 sicut

1930 3075 2184 3145 scriptum
2207 3083 2308 3144 est,
2336 3076 2494 3143 Quem
2517 3077 2674 3132 mittet
2699 3075 2857 3132 Pater
2876 3077 2926 3132 in
2951 3081 3151 3134 nomine
3171 3082 3302 3150 meo(
3311 3080 3393 3134 Id.
3409 3099 3518 3144 xw,

1928 3165 2042 3242 26).
2059 3167 2158 3226 Ubi
2178 3167 2475 3224 ostenditur
2491 3167 2632 3238 quod
2647 3183 2743 3224 nec
2759 3168 2918 3225 Pater
2935 3171 3050 3226 sine
3073 3170 3226 3238 Filio,
3244 3187 3342 3230 nec
3357 3173 3522 3228 FiliUs

1931 3260 2047 3316 sine
2073 3259 2231 3314 Patre
2261 3260 2404 3314 misit
2445 3258 2702 3330 Spiritum
2741 3270 3006 3330 sanctum,
3046 3261 3140 3318 sed
3168 3277 3287 3318 eum
3319 3265 3520 3334 pariter

1931 3350 2088 3406 ambo
2115 3351 2396 3408 miserunt.
2421 3349 2798 3420 lnseparabilia
2840 3355 3034 3423 quippe
3061 3362 3184 3410 sunt
3205 3369 3366 3424 opera
3397 3355 3520 3410 Tri-

1933 3443 2132 3498 nitatis.
2156 3443 2314 3499 Solus
2342 3443 2506 3500 Pater
2529 3459 2636 3500 non
2659 3445 2849 3516 legitur
2875 3445 3088 3512 missus,
3111 3447 3361 3518 quoniam
3378 3447 3523 3504 solus

1935 3551 2040 3590 non
2061 3533 2222 3592 habet
2241 3543 2516 3592 auctorem
2540 3551 2568 3590 a
2589 3551 2694 3608 quo
2709 3539 2918 3608 genitus
2939 3537 3027 3602 sit,
3042 3537 3124 3592 vel
3147 3553 3176 3592 a
3198 3553 3304 3608 quo
3331 3553 3520 3608 proce-

1933 3625 2042 3682 dat.
2069 3627 2132 3682 Et
2159 3627 2280 3684 ideo
2303 3643 2409 3682 non
2427 3637 2648 3700 propter
2669 3637 2871 3683 natura:
2916 3628 3300 3694 diversitatem,
3329 3645 3448 3700 quae
3472 3632 3522 3692 in

1934 3719 2196 3776 Trinitate
2217 3721 2358 3776 nulla
2377 3729 2478 3787 est,
2494 3719 2588 3776 sed
2609 3729 2824 3792 propter
2845 3722 3010 3790 ipsam
3039 3721 3408 3778 auctoritatem
3429 3738 3522 3778 so-

1937 3813 2018 3866 lus
2042 3811 2201 3868 Pater
2223 3826 2330 3868 non
2365 3811 2559 3866 dicitur
2583 3812 2794 3866 missus.
2821 3811 2936 3866 Non
2963 3812 3106 3866 enim
3148 3813 3404 3884 splendor
3432 3823 3526 3868 aut

1939 3901 2116 3958 fervor
2143 3903 2350 3974 ignem;
2373 3903 2466 3958 sed
2505 3903 2639 3974 ignis
2675 3903 2856 3967 mittit,
2882 3903 2992 3958 sive
3024 3903 3386 3973 splendorem,
3413 3905 3526 3960 sive

1939 3994 2222 4050 fervorem.
2268 3995 2520 4062 Quamvis
2569 3993 2686 4048 llaec
2727 3995 2881 4064 longe
2928 3995 3034 4050 sint
3069 3994 3379 4061 dissimilia;
3427 4011 3528 4052 nec

1939 4086 2238 4144 inveniatur
2265 4085 2462 4156 aliquid
2493 4086 2576 4141 vel
2621 4085 2674 4140 in
2696 4086 3057 4158 spiritualibus
3084 4085 3169 4141 vel
3197 4085 3249 4140 in
3276 4100 3529 4158 corpora-

1939 4178 2078 4232 libus
2098 4176 2377 4243 creaturis,
2416 4175 2558 4246 quod
2585 4176 2633 4230 ei
2663 4175 2926 4244 'l‘rinitati,
2959 4192 3076 4246 qua:
3109 4176 3248 4231 Deus
3281 4185 3383 4242 est,
3413 4192 3528 4233 me-

1940 4269 2041 4324 rito
2071 4267 2392 4324 conferatur.

2012 4361 2236 4418 CAPUT
2275 4359 2340 4416 V.
2366 4391 2440 4402 —
2462 4361 2514 4418 5.
2559 4361 2746 4418 Dicunt
2780 4362 2940 4416 etiam
2970 4379 2984 4415 :
3038 4359 3100 4416 Et
3128 4363 3245 4434 quia
3273 4363 3335 4416 de
3361 4364 3531 4417 omni-

1945 4457 2034 4510 bus
2062 4453 2409 4524 spiritualibus
2437 4463 2480 4508 et
2503 4453 2833 4508 rationalibus
2861 4452 3102 4524 gradibus
3125 4495 3138 4518 ,
3169 4463 3374 4524 prepter
3402 4471 3528 4526 qua-

1945 4547 2132 4602 litatem
2171 4555 2216 4600 et
2243 4545 2569 4618 fragilitatem
2593 4545 2817 4618 corporis
2845 4546 2996 4617 paulo
3037 4548 3203 4602 minus
3229 4548 3290 4602 ab
3320 4548 3526 4622 Angelis

1943 4639 2155 4710 inferior
2181 4639 2458 4692 minoratus
2502 4637 2649 4692 homo
2689 4638 2947 4694 videbatur
2990 4638 3158 4712 (Psal.
3191 4658 3312 4708 Vill,
3347 4643 3438 4714 6);
3470 4659 3531 4698 ne

1945 4751 1997 4788 se
2023 4731 2167 4786 uilem
2190 4741 2446 4802 speraret,
2473 4739 2519 4784 et
2548 4730 2610 4786 de
2629 4731 2789 4786 salute
2813 4749 2906 4788 sua
2934 4733 3252 4804 desperaret,
3281 4733 3529 4792 Dominus

1947 4825 1977 4879 J
1984 4843 2096 4880 esus
2126 4826 2378 4879 Itonorans
2403 4823 2650 4893 facturam
2685 4841 2864 4892 suam,
2899 4825 3132 4898 dignatus
3158 4835 3227 4881 est
3254 4827 3528 4880 humanam

1947 4933 2149 4972 carnem
2175 4916 2444 4983 suscipere,
2476 4923 2520 4968 et
2548 4916 2806 4970 ostendere
2832 4899 2950 4986 quia
2977 4933 3076 4970 non
3104 4925 3175 4970 est
3201 4917 3349 4970 homo
3379 4917 3491 4970 vilis
3515 4959 3528 4976 .

1947 5009 2035 5064 sed
2063 5009 2310 5080 pretiosus
2333 5049 2349 5075 ,
2381 5007 2510 5062 sicut
2546 5007 2786 5077 scriptum
2821 5018 2936 5062 est:
2983 5027 3000 5060 t
3034 5007 3252 5080 Magnus
3291 5008 3438 5062 homo
3486 5018 3536 5062 et

1948 5101 2193 5172 pretiosus
2217 5099 2290 5153 vir
2327 5118 2344 5151 ι
2373 5099 2555 5167 (Prov.
2584 5116 2674 5164 xx,
2703 5099 2757 5167 6,
2787 5115 2886 5154 sec.
2917 5099 3106 5172 LXX).
3137 5097 3206 5154 Et
3235 5101 3345 5154 ideo
3366 5103 3532 5156 solum

1949 5193 2200 5248 hominem
2235 5191 2378 5246 Patri
2405 5209 2494 5247 suo
2520 5192 2798 5256 Itarredem,
2831 5191 2926 5246 sibi
2954 5194 3085 5246 enim
3107 5193 3416 5248 coltceredem
3445 5199 3532 5268 [a-

1948 5301 2056 5339 cere
2091 5275 2328 5358 dignatus
2352 5294 2460 5349 est;
2501 5291 2558 5338 ut
2598 5283 2733 5352 quod
2766 5283 2929 5338 minus
2963 5294 3221 5357 acceperat
3250 5285 3304 5340 in
3329 5297 3530 5352 natura,

1951 5376 2064 5446 plus
2094 5375 2293 5430 haberet
2320 5375 2373 5430 in
2399 5374 2606 5428 honore.
2640 5373 2763 5427 llaec
2787 5371 3026 5429 dicentes
3049 5417 3064 5442 ,
3097 5374 3201 5430 hoc
3234 5376 3421 5434 volunt
3451 5379 3535 5434 in-

1953 5467 2136 5538 telligi,
2172 5465 2314 5538 quod
2354 5467 2638 5520 humanam
2683 5477 2896 5518 carnem
2941 5465 3310 5523 sinebumana
3358 5470 3534 5524 anima

1953 5560 2196 5616 Christus
2221 5557 2584 5628 assumpserit.
2617 5555 2744 5624 Qua:
2771 5559 2983 5628 prepria
3011 5559 3235 5618 ἣξει-θεὶς
3261 5563 3539 5634 Apollina-

1957 5652 2202 5708 ristarum
2247 5659 2364 5706 est:
2411 5649 2506 5705 sed
2545 5649 2704 5716 etiam
2753 5649 2904 5716 istos,
2951 5650 3004 5706 id
3051 5662 3152 5722 est,
3196 5654 3446 5718 Arianos,
3489 5655 3540 5709 in

1953 5761 2137 5802 eorum
2166 5741 2630 5814 disputationibus,
2663 5757 2768 5796 non
2799 5744 2970 5800 solum
3004 5745 3277 5802 Trinitatis
3305 5746 3544 5802 diversas

1959 5855 2075 5894 esse
2122 5845 2376 5904 naturas,
2430 5835 2522 5890 sed
2577 5833 2732 5890 etiam
2787 5835 2888 5890 hoc
2937 5840 3136 5896 sentire
3187 5837 3544 5910 deprehendi.-
