4028 6490
422 401 524 454 587

428 544 541 586 mus
565 571 579 597 ,
612 542 751 598 quon
801 524 1029 580 animam
1066 537 1170 577 non
1221 519 1413 574 habeat
1449 516 1692 572 Christus
1732 516 2014 569 humanam

430 623 620 679 Verum
660 622 710 675 id
742 620 792 674 in
822 616 978 687 hu‘jus
1015 612 1386 685 disputationis
1423 607 1874 679 consequentibus
1901 605 2013 659 evi-

430 714 639 771 dentius
674 709 966 783 apparebit.
1012 706 1163 761 Nunc
1203 702 1268 759 ad
1299 702 1413 757 haec
1456 716 1641 756 eorum
1692 698 1855 755 verba
1898 713 2017 767 qum

431 804 798 879 proposuimus
841 801 940 855 hoc
972 796 1376 868 respondemus,
1417 803 1475 848 ut
1508 791 1747 849 recolant
1794 792 1845 843 in
1894 788 2020 858 Epi-

430 898 566 955 stola
613 910 731 967 quae
774 892 839 948 ad
885 890 1133 946 llcbrrcos
1174 895 1292 950 est,
1340 884 1406 940 de
1444 884 1656 940 Christo
1693 895 1814 937 esse
1861 878 2025 933 intel-

432 992 625 1047 lectum
656 985 793 1058 quod
824 984 1077 1052 scriptum
1102 988 1204 1045 est,
1232 976 1501 1031 Minorasti
1526 991 1638 1029 eum
1679 971 1829 1039 paulo
1852 971 2018 1024 minus

434 1082 497 1135 ab
541 1078 745 1150 Angelis
789 1073 967 1147 (Hebr.
995 1089 1064 1139 ιι,
1096 1071 1193 1143 7):
1237 1081 1294 1126 et
1338 1068 1554 1124 videant
1593 1081 1699 1122 non
1744 1064 1809 1119 ad
1849 1063 2021 1118 diver-

434 1173 643 1227 sitatem
672 1178 726 1224 et
748 1166 1157 1234 inrequalitatcm
1190 1170 1390 1218 natura:
1418 1161 1588 1215 Patris
1615 1168 1669 1214 et
1695 1157 1812 1212 Filii
1842 1156 2017 1210 Valere

435 1261 577 1333 quod
602 1261 757 1327 dixit,
786 1258 943 1314 Pater
966 1258 1132 1328 major
1160 1263 1333 1327 meqest
1356 1251 1534 1325 (loan.
1570 1266 1675 1316 xw,
1693 1248 1818 1317 28):
1849 1247 1943 1303 sed
1960 1247 2023 1301 ad

437 1355 564 1410 illud
590 1354 763 1424 potius
790 1350 932 1422 quod
958 1350 1011 1404 in
1041 1348 1205 1403 forma
1236 1347 1373 1401 servi
1406 1352 1623 1415 propter
1646 1341 2030 1401 inﬁrmitatem,

438 1446 495 1505 in
513 1462 613 1517 qtta
632 1444 737 1517 pati
752 1453 804 1499 et
822 1443 954 1497 mori
976 1440 1164 1513 potuit,
1200 1438 1371 1493 minor
1410 1438 1570 1491 etiam
1607 1434 1823 1505 Angelis
1865 1432 2033 1487 factus

436 1548 541 1595 est.

520 1627 748 1685 CAPUT
786 1626 872 1681 \‘l.
900 1625 1040 1681 —6.
1084 1624 1210 1680 Ilem
1258 1622 1440 1676 dicunt
1474 1640 1487 1677 :
1542 1639 1560 1672 ι
1590 1618 1738 1686 Cum,
1789 1637 1807 1671 ι
1842 1617 2032 1686 inquit,

444 1741 467 1774 ι
492 1723 620 1778 venit
639 1720 896 1790 plenitudo
918 1718 1170 1789 temporis,
1191 1716 1326 1770 misit
1343 1714 1476 1769 Deus
1492 1712 1681 1767 Filium
1700 1728 1848 1766 suum
1864 1719 2038 1764 natum

450 1830 513 1869 ea:
542 1813 749 1867 muliere
784 1830 802 1863 ι
839 1809 1033 1880 (Galat.
1061 1824 1113 1863 tv
1133 1849 1146 1873 ,
1178 1806 1254 1879 4).
1283 1804 1401 1878 Ipse
1443 1805 1525 1877 qui
1573 1805 1828 1859 voluntate
1866 1801 2040 1856 Patris

443 1921 645 1960 carnem
672 1903 907 1973 suscepit,
940 1901 1049 1967 ipse
1076 1908 1120 1956 et
1151 1899 1402 1954 voluntate
1444 1907 1492 1953 et
1519 1906 1770 1967 praecepto
1802 1896 1961 1966 ipsius
1988 1894 2041 1948 in

443 2011 659 2065 corpore
681 2001 1000 2049 conversatus
1048 2000 1155 2058 est,
1188 1992 1317 2045 sicut
1364 1990 1473 2059 ipse
1497 1988 1607 2043 ait:
1644 2007 1662 2040 ι
1707 1986 1955 2041 Descendi
1979 1986 2042 2040 de

447 2089 572 2144 celo
588 2130 602 2154 ,
632 2104 733 2141 non
759 2095 813 2140 ut
833 2086 1021 2158 faciant
1054 2083 1364 2139 voluntatem
1387 2097 1550 2135 meam
1574 2122 1590 2147 ,
1619 2078 1708 2134 sed
1732 2080 2038 2134 voluntatem

451 2181 558 2248 ejus
585 2178 672 2249 qui
710 2194 789 2233 me
826 2176 959 2231 misit
998 2192 1018 2228 ι
1051 2173 1230 2245 (Joan.
1262 2188 1353 2241 vt,
1394 2172 1508 2242 '58).
1532 2171 1656 2243 Ipse
1698 2179 1744 2225 et
1785 2171 2041 2225 voluntate

451 2267 624 2325 Patris
664 2269 868 2339 triginta
905 2283 1153 2322 armorum
1178 2264 1465 2336 baptizatus
1487 2306 1501 2327 ,
1528 2278 1647 2317 voce
1683 2272 1728 2317 et
1760 2260 2040 2316 testimonio

451 2361 625 2417 Patris
654 2361 999 2431 manifestatus
1020 2357 1169 2428 (Luc.
1194 2374 1280 2424 ιιι,
1302 2356 1523 2427 21-25),
1555 2352 1819 2411 voluntate
1840 2364 1887 2408 et
1908 2370 2039 2424 prte-

449 2464 593 2524 cepto
632 2453 799 2508 Patris
849 2452 1178 2524 Evangelium
1221 2450 1363 2521 regni
1404 2449 1642 2504 caelorum
1691 2446 1999 2518 pradicabat
2021 2486 2037 2509 ,

450 2546 580 2601 sicut
608 2545 715 2615 ipse
740 2545 846 2608 ait,
876 2560 893 2594 ι
936 2542 998 2596 Et
1022 2542 1136 2597 aliis
1163 2540 1445 2595 civitatibus
1476 2547 1670 2610 oportet
1696 2554 1775 2591 me
1807 2534 2041 2606 Evange—

455 2637 579 2691 lium
605 2635 919 2708 prwdicare;
944 2635 997 2688 in
1022 2633 1116 2689 hoc
1144 2633 1273 2687 enim
1302 2633 1479 2688 missus
1506 2647 1615 2687 sum
1642 2650 1660 2684 ι
1695 2628 1804 2700 (Id.
1828 2646 1900 2696 tv,
1925 2630 2039 2699 4'5);

452 2739 520 2796 et,
544 2748 562 2780 ι
585 2726 705 2800 Ipse
729 2728 849 2781 mihi
880 2724 1171 2781 mandatum
1198 2724 1333 2780 dedit
1351 2725 1471 2795 quid
1499 2724 1683 2788 dicam,
1704 2732 1790 2778 aut
1816 2721 1939 2793 quid
1963 2720 2041 2775 lo-

453 2836 584 2888 quar
612 2838 630 2872 ι
683 2818 860 2892 (Joan.
891 2833 1007 2882 xu,
1048 2814 1163 2890 49).
1192 2815 1258 2871 Et
1297 2816 1369 2871 sic
1405 2816 1657 2870 voluntate
1697 2823 1745 2869 et
1793 2821 2043 2886 pracepto

452 2908 630 2965 Patris
649 2908 716 2964 ad
736 2909 1019 2980 passionem
1036 2916 1086 2963 et
1106 2918 1317 2961 mortem
1336 2907 1641 2978 praperavit,
1664 2907 1794 2960 sicut
1813 2907 1920 2977 ipse
1938 2906 2043 2959 ait:

458 3022 477 3055 ι
516 3002 669 3058 Pater
690 3045 707 3069 ,
738 3009 959 3057 transeat
993 3017 1024 3055 a
1052 3016 1130 3055 me
1149 3000 1283 3055 calix
1308 3001 1437 3064 iste;
1465 3016 1566 3054 non
1604 3008 1769 3053 tamen
1793 2998 1928 3069 quod
1950 3014 2042 3068 ego

454 3098 607 3161 volo,
649 3096 738 3151 sed
773 3095 906 3166 quod
952 3102 1003 3147 tu
1041 3094 1114 3147 vis
1143 3112 1161 3144 ι
1212 3091 1422 3162 (Matth.
1467 3107 1629 3157 xm,
1671 3091 1777 3158 59,
1812 3090 1925 3161 59).
1978 3089 2044 3144 Et

456 3187 699 3257 Apostolo
738 3195 988 3241 asserente
1027 3194 1073 3238 et
1112 3185 1304 3237 dicente
1329 3199 1347 3236 :
1393 3200 1412 3235 ι
1461 3181 1743 3245 Obediens,
1783 3201 1802 3234 ι
1842 3181 2040 3251 inquit,

461 3296 480 3330 ι
510 3281 673 3349 factus
696 3276 841 3331 Patri
877 3291 1030 3348 usque
1057 3275 1123 3329 ad
1152 3283 1378 3338 mortem,
1404 3281 1613 3328 mortem
1644 3282 1813 3327 autem
1827 3273 1990 3327 crucis
2019 3291 2037 3326 ι

461 3370 481 3442 (
514 3368 744 3441 Philipp.
773 3385 845 3435 ιι,
868 3367 946 3436 8).
997 3368 1091 3423 llis
1120 3366 1434 3422 testimoniis
1462 3373 1765 3420 sanctarum
1801 3363 2042 3435 Scriptu-

453 3478 631 3517 rarum
658 3460 782 3533 quid
806 3459 1127 3531 persuadere
1148 3466 1425 3525 conantur,
1450 3457 1549 3512 nisi
1574 3465 1849 3528 propterea
1870 3456 2043 3512 Patris

452 3563 505 3610 et
550 3554 666 3609 Filii
711 3553 950 3608 diversas
995 3565 1114 3606 esse
1154 3557 1386 3613 naturas,
1434 3547 1556 3618 quia
1601 3547 1856 3603 obediens
1900 3546 2041 3602 Patri

453 3645 749 3701 ostenditur
770 3642 976 3698 Filius?
995 3641 1145 3709 Quod
1176 3649 1350 3694 tamen
1377 3640 1443 3695 de
1473 3639 1773 3694 hominibus
1804 3654 1907 3693 non
1938 3638 2042 3693 uti.

454 3753 561 3805 que
585 3737 819 3791 dicerent
846 3753 858 3789 :
892 3748 1064 3804 neque
1089 3733 1230 3789 enim
1259 3733 1305 3787 si
1333 3734 1491 3786 homo
1516 3731 1653 3785 lilius
1682 3730 1876 3784 homini
1906 3730 2041 3799 patri

454 3844 554 3886 suo
586 3830 656 3884 sit
682 3827 969 3894 obediens,
1006 3825 1126 3880 ideo
1154 3824 1430 3879 amborum
1461 3822 1670 3878 diversa
1712 3831 1897 3876 natura
1935 3831 2037 3877 est.

527 3920 752 3978 CAPUT
791 3920 901 3975 V'I'l.
924 3950 995 3960 —-
1014 3918 1323 3989 Quanquam
1351 3926 1405 3973 et
1435 3917 1537 3973 hoc
1561 3917 1730 3986 ipsum
1756 3915 1893 3985 quod
1915 3915 2041 3971 dicit

457 4016 646 4081 Jesus,
690 4013 937 4067 Descendi
977 4013 1039 4066 de
1080 4012 1237 4075 caelo,
1267 4028 1367 4065 non
1410 4018 1464 4064 ut
1513 4010 1698 4080 faciam
1734 4008 2041 4063 voluntatem

458 4123 643 4173 meam,
666 4106 752 4159 sed
773 4106 1073 4160 voluntatem
1104 4105 1211 4173 ejus
1240 4102 1326 4173 qui
1346 4118 1423 4155 me
1448 4102 1581 4155 misit
1611 4100 1789 4172 (Joan.
1808 4116 1885 4168 v1,
1903 4100 1991 4173 38)
2024 4117 2039 4167 ;

457 4199 527 4253 ad
561 4197 691 4252 illud
722 4196 981 4251 referatur
1022 4193 1161 4264 quod
1199 4193 1359 4247 homo
1386 4192 1588 4262 primus
1614 4192 1780 4247 Adam
1813 4192 1899 4264 (de
1938 4208 2042 4262 quo

462 4288 591 4343 dicit
622 4286 928 4359 Apostolus,
966 4284 1065 4339 Per
1090 4301 1243 4338 unum
1272 4284 1523 4337 hominem
1553 4294 1809 4354 peccatum
1840 4284 2043 4337 intravit

459 4384 513 4437 in
562 4382 841 4445 mundum,
871 4389 917 4434 et
952 4396 1044 4451 per
1088 4387 1345 4448 peccatum
1376 4392 1547 4442 mors;
1588 4387 1636 4429 et
1682 4377 1753 4429 ita
1778 4378 1831 4430 in
1873 4392 2043 4430 omnes

459 4475 684 4528 homines
709 4472 995 4543 pertransiit
1020 4513 1035 4537 ,
1064 4470 1115 4523 in
1152 4486 1250 4540 quo
1290 4485 1461 4522 omnes
1490 4478 1814 4539 peccaverunt
1845 4466 2039 4541 [Βοηι.

460 4582 493 4620 v
514 4608 528 4633 ,
557 4564 643 4638 12]
668 4566 709 4635 ),
735 4564 973 4619 faciendo
995 4564 1317 4617 voluntatem
1360 4577 1530 4627 suam,
1563 4577 1664 4617 non
1712 4562 1826 4632 ejus
1861 4577 1890 4615 a
1940 4578 2042 4632 quo

459 4657 627 4713 lactus
673 4667 789 4722 est,
841 4665 1145 4713 universum
1198 4671 1363 4725 genus
1410 4655 1699 4710 humanum
1758 4658 2043 4727 propagine

459 4752 637 4805 vitiata
682 4750 849 4819 culpa:
891 4758 945 4804 et
966 4765 1135 4819 poena:
1167 4748 1291 4803 fecit
1318 4748 1627 4803 obnoxium.
1659 4746 1812 4802 Unde
1858 4763 1885 4800 a
1917 4762 2043 4802 eon-

460 4846 645 4912 trario,
675 4860 772 4915 per
797 4859 955 4915 quem
980 4843 1238 4898 liberandi
1265 4841 1552 4908 fueramus,
1581 4857 1683 4894 non
1710 4840 1833 4895 fecit
1857 4841 2044 4895 volun-

460 4948 620 4994 tatem
644 4951 815 4999 suam,
840 4935 931 4991 sed
953 4934 1066 5005 ejus
1093 4950 1122 4987 a
1148 4949 1253 5005 quo
1276 4934 1471 4987 missus
1493 4940 1593 4987 est.
1619 4931 1695 4986 Ita
1723 4931 1917 5002 quippe
1942 4932 2043 4988 hoc

460 5032 577 5084 loco
603 5029 792 5083 dicitur
818 5027 1060 5081 voluntas
1084 5039 1177 5078 sua
1202 5066 1216 5088 ,
1244 5032 1302 5078 ut
1333 5023 1656 5093 intelligatur
1681 5038 1800 5079 esse
1829 5025 2040 5094 propria

408 5110 409 5113 “
456 5129 640 5173 contra
686 5120 1004 5173 voluntatem
1035 5115 1147 5171 Dei.
1194 5114 1375 5186 Neque
1415 5116 1556 5169 enim
1599 5130 1719 5169 cum
1764 5114 2042 5172 obedimus

458 5211 590 5274 Deo,
623 5224 789 5279 eaque
830 5208 1127 5263 obedientia
1173 5206 1399 5260 dicimur
1441 5206 1555 5274 ejus
1591 5205 1764 5261 facere
1805 5208 2042 5262 volema-

454 5310 588 5367 tem,
623 5301 864 5355 nolentes
892 5298 942 5353 id
972 5299 1208 5361 faciams,
1239 5297 1332 5352 sed
1356 5296 1593 5351 volentes
1616 5339 1630 5363 ,
1660 5311 1721 5351 ac
1752 5310 1848 5365 per
1878 5297 1978 5352 hoc
1998 5299 2041 5352 si

456 5390 701 5447 volentes
739 5392 790 5445 id
834 5388 1076 5453 facimus,
1125 5388 1392 5459 quomodo
1441 5389 1764 5442 voluntatem
1806 5398 2041 5443 nostram

458 5500 565 5539 non
599 5480 838 5548 facimus,
872 5482 974 5536 nisi
1018 5482 1137 5552 quia
1167 5481 1250 5534 illa
1296 5480 1490 5534 dicitur
1531 5480 1793 5545 voluntas,
1841 5490 2039 5545 nostra,

458 5576 671 5649 quando
703 5576 972 5646 Scriptura
1002 5575 1071 5628 ita
1111 5572 1361 5641 loquitur,
1407 5588 1525 5641 qua:
1572 5571 1884 5641 intelligitur
1925 5587 2044 5627 esse

460 5666 671 5737 propria
693 5676 875 5721 contra
897 5665 1217 5720 voluntatem
1244 5662 1375 5717 Dei?
1402 5662 1547 5716 Hanc
1568 5660 1749 5715 habuit
1775 5661 1965 5727 Adam,
1989 5674 2045 5717 ut

461 5760 515 5812 in
543 5758 632 5813 illo
664 5771 1031 5811 morerentur:
1080 5755 1214 5808 hanc
1240 5768 1342 5807 non
1377 5754 1558 5808 habuit
1595 5751 1836 5807 Christus
1860 5795 1873 5819 ,
1905 5762 1964 5807 ut
1991 5754 2043 5808 in

460 5849 552 5904 illo
579 5850 894 5904 viveremus.
944 5847 1019 5903 De
1045 5854 1230 5900 natura
1267 5845 1461 5915 quippe
1501 5845 1729 5899 humana
1761 5844 1861 5902 hoc
1900 5856 2047 5902 recte

1256 396 1526 456 CONTRA
1557 387 1930 450 scamonea
1970 384 2394 457 annuonuu,
2436 390 2493 448 ε,
2540 391 2904 452 incusum

3619 390 3724 451 653

2131 508 2230 563 dici
2260 518 2454 580 potest,
2489 512 2539 564 in
2567 526 2669 580 qua
2696 510 2897 565 exstitit
2920 524 3011 580 per
3040 507 3450 565 inobedientiam
3474 510 3728 565 voluntas

2133 603 2339 671 propria
2366 644 2380 665 ,
2412 617 2531 672 qua:
2565 602 2655 655 Dei
2692 601 2948 655 voluntati
2987 610 3127 655 esset
3171 602 3413 657 adversa.
3458 602 3727 657 Caeterum

2132 694 2274 763 quod
2304 694 2495 749 attinet
2521 694 2584 748 ad
2613 694 2944 749 divinitatem
2976 693 3134 761 Filii,
3168 708 3269 748 una
3301 695 3595 765 eademque
3626 711 3729 748 vo-

2134 788 2306 843 luntas
2341 797 2422 843 est
2452 789 2624 843 Patris
2651 798 2706 844 et
2735 788 2853 844 Filii
2879 807 2892 843 :
2927 804 3024 845 nec
3056 799 3229 859 potest
3259 791 3367 845 ullo
3403 790 3563 845 modo
3600 805 3729 846 esse

2133 878 2365 945 diversa,
2412 880 2499 935 ubi
2535 888 2615 935 est
2658 889 2848 935 natura
2896 880 3168 937 Trinitatis
3216 882 3561 937 immutabilis
3605 882 3728 937 uni-

2136 985 2308 1026 versa.
2359 970 2427 1028 Ut
2467 982 2644 1027 autem
2694 972 2950 1028 Mediator
2999 972 3095 1029 Dei
3138 983 3192 1028 et
3238 973 3512 1029 hominum
3560 974 3729 1029 homo

2134 1061 2379 1118 Christus
2402 1062 2640 1137 Jesus,(l
2670 1063 2804 1119 Tim.
2836 1081 2906 1133 ιι,
2937 1062 3011 1137 5)
3044 1081 3149 1121 non
3179 1066 3381 1122 faceret
3416 1068 3682 1138 propriam
3711 1108 3731 1132 ,

2136 1171 2253 1226 qua:
2281 1156 2391 1211 Deo
2432 1156 2652 1212 adversa
2678 1168 2795 1225 est,
2827 1158 3188 1225 voluntatem,
3225 1172 3332 1214 non
3370 1168 3485 1214 erat
3522 1169 3734 1214 tantum

2140 1248 2320 1315 homo,
2344 1248 2437 1303 sed
2461 1249 2596 1304 Deus
2620 1258 2674 1305 et
2697 1249 2891 1305 homo:
2918 1265 3016 1321 per
3041 1266 3198 1321 quam
3222 1251 3516 1307 mirabilem
3543 1252 3735 1322 singu-

2141 1339 2410 1410 laremque
2445 1341 2667 1411 gratiam
2707 1340 2937 1395 humana
2982 1341 3036 1397 in
3079 1342 3170 1396 illo
3214 1342 3330 1398 sine
3371 1352 3585 1412 peccato
3619 1344 3734 1397 ulla

2142 1440 2321 1500 posset
2349 1446 2467 1487 esse
2510 1442 2715 1487 natura.
2758 1433 2984 1503 Propter
3030 1433 3132 1489 hoc
3167 1449 3296 1505 ergo
3336 1436 3425 1500 ait,
3474 1432 3736 1489 Descendi

2142 1522 2204 1576 de
2227 1522 2351 1578 caelo
2369 1564 2385 1590 ,
2407 1540 2510 1578 non
2538 1534 2591 1578 ut
2620 1528 2806 1595 factam
2831 1525 3138 1579 voluntatem
3168 1542 3348 1589 meam,
3382 1525 3472 1579 sed
3498 1526 3742 1580 volunta-

2143 1623 2239 1669 tem
2266 1623 2375 1685 ejus
2412 1618 2501 1688 qui
2526 1633 2604 1672 me
2626 1618 2801 1673 misit:
2848 1627 2906 1673 ut
2930 1633 2992 1674 ea
3031 1634 3188 1674 causa
3215 1628 3357 1675 esset
3399 1627 3557 1675 tanta:
3600 1621 3742 1677 obe-

2143 1705 2377 1776 dientiaa,
2407 1724 2527 1779 quas
2552 1710 2771 1765 omnino
2799 1710 2915 1766 sine
2945 1711 3053 1766 ullo
3077 1720 3299 1781 peccato
3328 1718 3469 1767 esset
3498 1711 3743 1767 hominis

2144 1811 2300 1867 quem
2339 1799 2591 1868 gerebat,
2622 1800 2743 1869 quia
2784 1799 2853 1856 dc
2880 1801 3020 1857 caelo
3064 1800 3451 1868 descenderat;
3484 1801 3586 1858 hoc
3610 1814 3696 1858 est
3723 1846 3743 1872 ,

2148 1905 2251 1945 non
2299 1899 2502 1947 tantum
2548 1893 2728 1959 immo,
2776 1908 2964 1949 verum
3007 1892 3170 1952 etiam
3212 1894 3350 1950 Deus
3395 1905 3530 1951 erat.
3563 1895 3746 1952 Unam

2146 1982 2340 2053 quippe
2360 1985 2593 2039 ostendit
2613 2000 2731 2040 esse
2752 2000 3035 2056 personam
3062 1986 3116 2042 in
3144 1995 3371 2059 utraque
3398 1996 3604 2053 natura,
3633 1988 3748 2046 hoc

2146 2082 2248 2141 est,
2283 2074 2373 2130 Dei
2399 2084 2454 2131 et
2478 2074 2731 2144 hominis,
2761 2092 2831 2131 ne
2855 2077 2900 2133 si
2928 2077 3063 2133 duas
3089 2077 3266 2143 faciat,
3298 2081 3627 2150 quaternitas
3656 2081 3750 2136 in-

2148 2164 2309 2234 cipiat
2352 2179 2491 2233 esse,
2542 2181 2647 2222 non
2688 2167 2917 2222 trinitas.
2963 2167 3227 2236 Quoniam
3298 2170 3475 2243 itaque
3522 2174 3746 2243 gemina

2146 2255 2359 2327 quidem
2396 2257 2728 2327 substantia,
2772 2259 2867 2315 sed
2905 2275 3006 2316 una
3034 2277 3261 2332 persona
3291 2270 3374 2319 est
3397 2304 3413 2331 ,
3456 2272 3747 2335 propterea

2146 2350 2287 2421 quod
2313 2350 2512 2406 dictant
2556 2360 2674 2418 est,
2707 2350 2955 2408 Descendi
2990 2354 3054 2410 de
3087 2355 3211 2410 caelo
3231 2399 3249 2421 ,
3283 2355 3512 2413 refertur
3545 2357 3607 2412 ad
3638 2357 3743 2413 Dei

2147 2442 2513 2499 excellentiam
2540 2461 2554 2510 ;
2585 2444 2726 2515 quod
2748 2460 2876 2500 vero
2896 2446 3203 2517 adiunctum
3225 2457 3326 2514 est,
3350 2466 3456 2504 non
3473 2459 3530 2504 ut
3550 2451 3747 2522 faciam

2147 2533 2450 2590 voluntatem
2474 2552 2656 2603 meam,
2687 2545 2906 2607 propter
2924 2537 3092 2593 Adam
3120 2540 3209 2610 qui
3233 2537 3355 2595 fecit
3373 2555 3544 2609 suam,
3568 2540 3749 2596 reler-

2149 2634 2234 2682 tur
2258 2627 2321 2682 ad
2359 2627 2591 2683 hominis
2615 2629 3009 2686 obedientiam:
3060 2641 3341 2703 utrumque
3379 2641 3556 2689 autem
3585 2633 3752 2689 Chri-

2148 2728 2262 2776 stus
2286 2763 2299 2785 ,
2328 2719 2379 2775 id
2406 2728 2504 2786 est,
2535 2720 2676 2776 Deus
2704 2732 2759 2777 et
2787 2720 2948 2776 homo
2973 2739 2986 2788 ;
3016 2731 3194 2778 tamen
3225 2722 3531 2780 obedientia
3561 2725 3613 2779 in
3644 2725 3751 2782 illo

2146 2825 2265 2882 qua:
2289 2811 2553 2868 contraria
2578 2821 2661 2868 est
2688 2812 3063 2870 inobedientia:
3088 2815 3242 2886 primi
3270 2815 3521 2885 hominis,
3548 2794 3783 2874 secum.

2147 2902 2272 2959 dum
2303 2904 2356 2961 id
2388 2905 2528 2977 quod
2557 2906 2716 2963 homo
2744 2916 2826 2963 est
2847 2908 3270 2966 commendatur.
3298 2908 3453 2967 Unde
3489 2913 3561 2967 ait
3596 2913 3752 2985 Apo-

2146 2995 2358 3051 stolus:
2402 2996 2549 3052 Sicut
2586 2999 2719 3053 enim
2747 3016 2837 3069 per
2877 3000 3265 3056 inobedientiam
3298 3002 3448 3058 unius
3497 3005 3749 3072 hominis,

2149 3099 2432 3159 peccatores
2461 3092 2715 3146 constituti
2744 3102 2863 3148 sunt
2892 3095 3038 3148 multi
3059 3111 3079 3159 ;
3107 3104 3181 3150 ita
3207 3105 3258 3149 et
3284 3113 3373 3168 per
3401 3097 3751 3154 obedientiam

2147 3180 2295 3232 unius
2314 3180 2531 3236 hominis
2545 3182 2678 3251 justi
2704 3185 3067 3239 constituentur
3093 3186 3239 3239 multi
3260 3184 3433 3259 (Rom.
3468 3204 3518 3255 γ,
3549 3188 3662 3259 19).

2218 3268 2441 3325 CAPUT
2473 3270 2607 3325 Vlll.
2629 3272 2826 3329 —Nec
2852 3273 2974 3346 quia
2999 3274 3166 3345 dixit,
3195 3276 3412 3333 hominis
3432 3320 3446 3345 ,
3475 3280 3754 3350 separavit

2152 3360 2314 3416 Deum
2339 3404 2354 3431 ,
2384 3363 2474 3434 qui
2504 3363 2774 3422 hominem
2813 3369 3133 3441 assumpsit;
3165 3371 3287 3443 quia
3316 3414 3330 3439 ,
3363 3372 3499 3427 sicut
3525 3372 3655 3441 dixi,
3691 3385 3755 3431 et

2147 3457 2300 3513 valde
2348 3460 2829 3517 commendandum
2878 3474 2979 3531 est,
3030 3482 3132 3519 una
3186 3481 3415 3537 persona
3466 3476 3565 3523 est.
3618 3468 3753 3537 ipse

2149 3548 2378 3620 namque
2402 3566 2542 3607 unus
2562 3551 2809 3609 Christus
2829 3564 2885 3611 et
2908 3555 3001 3611 Dei
3029 3555 3194 3612 Filius
3217 3573 3433 3628 semper
3456 3567 3661 3622 natura,
3685 3570 3752 3615 et

2148 3641 2378 3700 hominis
2407 3643 2574 3700 Filius
2609 3646 2697 3716 qui
2726 3662 2791 3703 ex
2819 3655 3057 3719 tempore
3082 3659 3387 3721 assumptus
3416 3636 3497 3705 est
3522 3653 3699 3722 gratia
3733 3671 3747 3707 :

2150 3749 2245 3790 nec
2257 3736 2333 3791 sic
2350 3747 2654 3807 assumptus
2670 3748 2818 3794 estut
2836 3742 2981 3811 prius
2995 3751 3203 3797 creatus
3217 3753 3337 3813 post
3352 3754 3749 3809 assumeretur,

2149 3828 2244 3884 sed
2268 3838 2327 3885 ut
2350 3830 2463 3901 ipsa
2485 3833 2846 3901 assumptione
2869 3844 3161 3890 crearetur.
3190 3837 3265 3891 Ac
3284 3851 3378 3906 per
3404 3837 3504 3891 hoc
3523 3847 3754 3908 propter

2150 3920 2301 3976 istam
2318 3923 2570 3979 unitatem
2588 3939 2828 3994 persona:
2841 3927 2893 3981 in
2912 3934 3132 3999 utraque
3144 3938 3323 3985 natura
3341 3931 3752 4003 intelligendam

2147 4013 2375 4069 etFilius
2391 4014 2623 4071 hominis
2644 4016 2835 4073 dicitur
2859 4018 3198 4076 descendisse
3216 4022 3281 4079 de
3302 4024 3472 4088 cmlis,
3492 4027 3755 4095 quamvis

2146 4103 2216 4158 sit
2265 4120 2329 4159 ex
2368 4121 2428 4160 ea
2476 4123 2595 4178 qua:
2634 4108 2685 4162 in
2722 4118 2860 4164 terra
2914 4108 3089 4166 fuerat
3133 4112 3345 4183 Virgine
3388 4126 3751 4185 assumptus;

2146 4202 2199 4248 et
2228 4193 2391 4250 Filius
2418 4196 2510 4253 Dei
2545 4198 2740 4253 dicitur
2773 4200 3063 4256 cruciﬁxus
3107 4212 3161 4258 et
3196 4205 3455 4274 sepultus,
3498 4209 3757 4276 quamvis

2148 4286 2262 4341 haec
2301 4303 2403 4343 non
2436 4289 2487 4343 in
2526 4289 2801 4346 divinitate
2845 4293 2953 4361 ipsa
2980 4310 3085 4363 qua
3130 4304 3214 4351 est
3248 4296 3560 4367 Unigenitns
3592 4298 3752 4353 Patri

2147 4388 2463 4448 coaeternus,
2492 4382 2583 4437 sed
2612 4383 2661 4437 in
2689 4392 2891 4439 natura:
2914 4384 3158 4442 humana:
3182 4390 3251 4443 sit
3281 4389 3582 4445 infirmitate
3608 4405 3751 4460 per-

2148 4486 2352 4540 pessus.
2394 4473 2527 4529 Nam
2566 4475 2757 4531 Filium
2807 4476 3035 4533 hominis
3081 4480 3423 4536 descendisse
3468 4482 3530 4537 de
3559 4484 3708 4538 ccelo
3739 4528 3757 4549 ,

2148 4563 2317 4633 ipsum
2348 4564 2545 4623 dixisse
2580 4568 2658 4623 sic
2690 4568 2950 4640 legimus:
3000 4570 3165 4625 Nemo
3192 4576 3415 4628 ascendit
3440 4577 3491 4628 in
3534 4577 3755 4641 calum,

2148 4655 2242 4710 nisi
2285 4659 2371 4728 qui
2404 4658 2466 4713 de
2493 4659 2618 4713 caelo
2647 4660 2920 4730 descendit,
2955 4662 3120 4718 Filius
3164 4665 3399 4732 hominis,
3447 4667 3533 4736 qui
3571 4678 3643 4721 est
3697 4676 3764 4723 s‘n

2148 4750 2269 4802 (telo
2297 4748 2475 4820 (Joan.
2504 4766 2589 4817 ιιι,
2623 4752 2729 4824 l5).
2760 4752 3097 4824 Unigenitum
3123 4771 3249 4811 vero
3278 4757 3471 4812 Filium
3504 4758 3598 4814 Dei
3617 4773 3764 4816 cru-

2147 4837 2362 4894 ciﬁxum
2389 4849 2442 4895 et
2465 4843 2760 4911 sepultum,
2792 4859 2979 4900 omnes
3005 4848 3164 4901 etiam
3197 4848 3247 4901 in
3287 4848 3543 4921 Symbolo
3571 4853 3764 4906 conli-

2150 4937 2341 4983 temur.
2374 4929 2527 4985 Unde
2553 4940 2711 4987 estet
2754 4932 2884 4988 illud
2913 4936 3153 5005 Apostoli
3181 4954 3195 4990 :
3228 4937 3290 4991 Si
3313 4938 3445 4992 enim
3471 4943 3766 5011 cognovis-

2147 5030 2256 5075 sent
2278 5064 2292 5089 ,
2324 5038 2581 5093 nunquam
2606 5022 2879 5079 Dominum
2908 5027 3086 5098 gloria:
3112 5030 3482 5099 cruciﬁxissent
3522 5030 3540 5104 (
3569 5031 3589 5086 l
3618 5029 3767 5087 Cor.

2149 5130 2225 5181 ιι,
2254 5113 2334 5185 8).
2369 5113 2514 5170 Hane
2545 5117 2801 5172 unitatem
2841 5133 3081 5188 personte
3120 5119 3314 5175 Christi
3360 5120 3486 5176 Jesu
3530 5122 3772 5180 Domini

2148 5206 2335 5274 nostri,
2364 5207 2440 5261 sic
2466 5223 2528 5262 ex
2552 5218 2738 5263 natura
2762 5218 2987 5280 utraque
3010 5220 3365 5279 constantem,
3393 5213 3571 5267 divina
3595 5217 3737 5271 scili
3756 5250 3775 5260 ι

2146 5309 2231 5353 cet
2277 5307 2436 5368 atque
2484 5298 2751 5366 humana,
2809 5309 2867 5355 ut
2890 5302 3139 5371 qumlibct
3188 5318 3370 5358 earum
3421 5304 3774 5362 vocabulum

2148 5389 2308 5443 etiam
2336 5391 2486 5445 alteri
2520 5392 2807 5461 impertiat,
2838 5401 2889 5447 et
2920 5391 3096 5446 divina
3128 5393 3391 5461 humanae,
3423 5403 3480 5449 et
3508 5394 3775 5453 humana

2149 5481 2361 5548 divinae,
2401 5482 2587 5537 beatus
2617 5483 2849 5538 ostendit
2894 5484 3212 5554 Apostolus,
3243 5486 3331 5540 ubi
3380 5500 3477 5540 nos
3505 5501 3628 5540 cum
3690 5492 3780 5544 ad

2150 5572 2498 5628 hundlitatem
2542 5574 2939 5628 misericordem
2988 5592 3083 5645 per
3125 5575 3319 5630 Christi
3367 5578 3780 5637 exhortaretur

2148 5663 2447 5732 exemplum
2479 5681 2491 5717 :
2526 5662 2638 5717 Hoc
2676 5665 2887 5731 sentite,
2930 5664 3134 5735 inquit,
3168 5668 3221 5720 in
3261 5668 3397 5721 vobis
3443 5668 3582 5737 quod
3606 5678 3658 5722 et
3716 5673 3782 5726 in

2149 5753 2351 5810 Christo
2379 5754 2523 5819 Jesu,
2556 5756 2644 5827 qui
2669 5771 2784 5809 cum
2809 5758 2861 5809 in
2888 5760 3053 5828 forma
3085 5756 3181 5812 Dei
3204 5769 3350 5827 esset,
3384 5776 3484 5813 non
3508 5762 3781 5831 rapinam

2148 5845 2419 5902 arbitratus
2447 5855 2517 5902 est
2552 5862 2656 5902 esse
2685 5847 2893 5916 (aqualis
2924 5846 3071 5916 Deo;
3098 5850 3187 5905 sed
3220 5867 3271 5907 se
3311 5851 3479 5921 ipsum
3508 5852 3746 5909 θείηαηί
3782 5896 3785 5897 ν
