4094 6472
338 429 444 485 689

342 548 427 609 ιιι,
458 546 677 617 formam
703 542 831 597 servi
863 542 1111 613 accipiens
1141 584 1152 605 ,
1182 541 1233 595 in
1271 538 1647 595 similitudinem
1673 535 1932 592 hominum

340 641 504 705 fartus
530 677 545 702 ,
573 644 618 688 et
645 633 817 687 habitu
846 634 1069 688 inventus
1090 642 1142 687 ut
1164 634 1353 687 homo:
1380 631 1661 686 humiliauit
1686 647 1738 685 se
1764 630 1930 700 ipsum

338 731 504 799 {actus
535 726 765 781 obediens
792 743 946 795 usque
971 725 1037 778 ad
1064 738 1270 779 mortem
1295 767 1310 791 ,
1340 733 1549 779 mortem
1576 732 1743 778 autem
1770 723 1929 777 crucis

340 818 596 889 (Philipp.
627 834 696 882 ιι,
728 819 762 874 5
790 819 864 889 8).
896 817 1028 872 Cum
1059 833 1187 888 ergo
1215 816 1412 872 Christi
1445 832 1638 871 nomen
1670 830 1731 869 ex
1766 828 1830 869 eo
1856 814 1926 868 illi

334 912 408 964 sit
432 911 575 982 quod
617 910 870 981 scriptum
916 918 996 965 est
1028 909 1079 964 in
1141 908 1416 980 pr0phetia
1441 949 1454 974 ,
1488 906 1643 962 Unxit
1674 915 1719 959 te
1746 904 1882 959 Deus
1906 948 1919 972 ,

335 1002 477 1058 Deus
504 1013 639 1071 tuus,
657 1004 765 1059 oleo
787 1003 1135 1058 exsultationis
1168 1019 1274 1073 pra:
1298 1001 1621 1073 participibus
1636 1000 1731 1052 tuis
1753 996 1923 1066 (Psal.

333 1110 480 1161 Iuv,
504 1095 601 1165 8);
628 1094 767 1150 unde
793 1095 858 1150 ad
885 1094 934 1150 id
966 1093 1106 1166 quod
1130 1093 1289 1149 homo
1314 1092 1483 1148 factus
1508 1100 1589 1146 est
1622 1091 1851 1161 pertinet
1876 1090 1926 1145 id

334 1185 478 1255 quod
524 1187 740 1257 formam
787 1187 915 1242 servi
957 1187 1208 1256 accipiens
1258 1185 1429 1239 habitu
1477 1194 1549 1240 est
1595 1184 1824 1238 inventus
1872 1192 1927 1237 ut

335 1280 509 1347 homo,
539 1279 627 1350 qui
672 1280 851 1349 utique
889 1278 1098 1335 habitus
1126 1280 1370 1348 cmpitex
1398 1286 1635 1347 tempore
1665 1294 1676 1330 :
1709 1277 1775 1332 de
1812 1277 1926 1347 ipso

334 1379 516 1428 tamen
555 1371 850 1444 eodemque
890 1372 1101 1427 Christo
1128 1371 1325 1426 dictum
1370 1379 1450 1426 est
1475 1414 1488 1438 ,
1520 1367 1648 1426 Cum
1682 1370 1734 1423 in
1761 1374 1925 1441 forma

333 1461 432 1516 Dei
457 1472 627 1528 esset;
652 1478 771 1518 cum
795 1462 1032 1533 profecto
1054 1463 1107 1517 in
1133 1462 1298 1517 forma
1325 1463 1416 1518 Dei
1443 1470 1724 1533 antequam
1748 1461 1814 1516 ab
1835 1462 1925 1517 illo

332 1552 506 1609 furtiua
530 1556 673 1610 servi
711 1564 855 1610 esset
882 1564 1128 1625 accepta,
1159 1555 1393 1610 nondum
1421 1563 1534 1610 erat
1561 1554 1725 1609 Filius
1755 1555 1926 1609 homi-

333 1647 417 1701 nis
441 1689 457 1715 ,
485 1647 583 1703 sed
612 1646 777 1702 Filius
806 1648 897 1703 Dei
921 1689 936 1714 ,
963 1649 1046 1703 cui
1074 1647 1246 1704 Patris
1282 1648 1555 1717 aequalitas
1596 1648 1779 1718 rapina
1818 1662 1922 1703 non

329 1748 470 1806 erat,
494 1740 590 1795 sed
616 1751 822 1795 natura.
845 1740 957 1795 Non
982 1745 1126 1797 enim
1146 1747 1262 1796 erat
1280 1739 1585 1810 usurpando
1610 1741 1801 1806 elatus,
1828 1740 1922 1795 sed

334 1832 437 1888 hoc
479 1842 596 1895 erat
632 1842 815 1897 natus,
844 1840 899 1889 et
936 1833 1057 1889 ideo
1100 1833 1317 1888 veritas.
1362 1828 1608 1888 Nondum
1657 1848 1784 1904 ergo
1810 1843 1923 1889 erat

331 1925 597 1994 Christus,
626 1927 765 1996 quod
796 1941 914 1983 esse
942 1928 1104 1997 ctepit
1132 1942 1255 1983 cum
1285 1927 1605 1999 semetipsum
1628 1928 1920 1995 exinaniuit,

335 2034 439 2074 non
474 2018 696 2074 formam
726 2021 818 2076 Dei
845 2021 1113 2087 amittens,
1137 2020 1232 2077 sed
1252 2022 1470 2092 formam
1493 2022 1620 2077 servi
1649 2022 1918 2092 accipiens.

333 2109 532 2165 Verum
567 2112 612 2165 si
650 2126 969 2181 qumramus,
1006 2112 1135 2178 Quis
1163 2123 1244 2168 est
1290 2112 1381 2169 ille
1411 2116 1495 2183 qui
1520 2129 1634 2167 cum
1668 2113 1718 2167 in
1758 2112 1923 2183 [anna

330 2202 426 2257 Dei
479 2210 648 2267 esset,
697 2220 796 2258 non
844 2204 1079 2275 rapinam
1123 2206 1392 2259 arbitratus
1434 2213 1506 2260 est
1553 2221 1660 2260 esse
1712 2206 1922 2275 aqualis

331 2294 487 2348 Deo?
531 2294 902 2364 Respondetur
946 2295 1096 2352 nobis
1142 2310 1274 2352 voce
1317 2296 1607 2367 apostolica
1631 2339 1646 2361 ,
1692 2296 1921 2353 Christus

325 2386 505 2442 Jesus.
538 2386 679 2459 Ergo
708 2394 762 2442 et
788 2388 875 2442 illa
906 2387 1155 2443 divinitas
1177 2388 1334 2459 hujus
1356 2387 1701 2445 humanitatis
1725 2404 1919 2445 nomen

328 2481 560 2550 accepit.
618 2479 747 2535 Item
790 2479 835 2535 si
872 2496 1208 2551 quaeramus,
1235 2482 1479 2553 quisnam
1515 2482 1583 2539 sit
1610 2484 1775 2554 factus
1800 2482 1919 2538 obe-

328 2571 471 2626 diens
511 2588 669 2642 usque
703 2573 772 2626 ad
808 2581 1050 2641 mortem,
1078 2582 1287 2628 mortem
1314 2583 1478 2629 autem
1504 2576 1667 2629 crucis
1682 2590 1704 2640 ;
1727 2576 1917 2631 rectis-

326 2666 462 2721 sime
494 2665 867 2737 respondetur,
899 2664 993 2722 Ille
1015 2666 1103 2736 qui
1125 2682 1241 2722 cum
1266 2667 1320 2721 in
1345 2669 1509 2738 forma
1534 2666 1630 2722 Dei
1648 2676 1794 2733 esset,
1816 2685 1918 2724 non

302 2756 563 2828 rapinam
591 2757 860 2813 arbitratus
897 2767 969 2812 est
1006 2774 1110 2813 esse
1146 2757 1355 2826 wqualis
1382 2757 1512 2813 Deo.
1544 2759 1684 2832 Ergo
1736 2770 1790 2816 et
1816 2761 1917 2817 ista

326 2848 633 2903 humanitas
676 2848 820 2904 illius
858 2847 1150 2905 divinitatis
1193 2865 1388 2907 nomen
1424 2852 1647 2923 accepit.
1681 2851 1918 2923 Apparet

322 2951 507 3000 tamen
534 2943 672 2999 idem
705 2943 818 3015 ipse
844 2942 1090 3001 Christus
1114 2984 1130 3012 ,
1157 2944 1384 3016 gemina:
1407 2945 1555 3016 gigas
1581 2946 1913 3015 substantiae,

319 3034 620 3091 secundum
636 3035 761 3107 quid
781 3034 1055 3105 obediens,
1074 3036 1367 3092 secundum
1382 3036 1508 3108 quid
1529 3037 1749 3108 aequalis
1769 3037 1912 3103 Deo;

325 3128 620 3186 secundum
648 3128 775 3201 quid
799 3128 967 3185 Filius
992 3129 1250 3195 hominis,
1274 3129 1567 3187 secundum
1591 3130 1719 3201 quid
1749 3130 1915 3188 Filius

325 3222 420 3281 Dei
450 3241 463 3277 :
497 3223 788 3279 secundum
818 3222 943 3295 quid
967 3223 1128 3291 dicat,
1156 3223 1316 3278 Pater
1338 3225 1505 3295 major
1530 3241 1608 3279 me
1631 3234 1706 3281 est
1735 3224 1911 3298 (Joan.

326 3329 439 3383 xlv,
468 3315 624 3386 28,);
654 3315 947 3372 secundum
974 3315 1097 3387 quid
1121 3355 1138 3383 ,
1165 3313 1278 3385 Ego
1302 3325 1350 3371 et
1379 3314 1536 3372 Pater
1558 3332 1715 3372 unum
1739 3334 1915 3375 sumus

320 3406 435 3479 (Id.
477 3423 515 3462 ι
533 3449 549 3475 ,
576 3407 667 3478 50)
699 3424 713 3462 :
741 3405 1035 3464 secundum
1062 3405 1188 3478 quid
1211 3448 1229 3475 ,
1260 3421 1369 3463 non
1394 3406 1519 3464 facit
1542 3408 1558 3440 ι
1587 3406 1913 3465 voluntatem

321 3512 500 3565 suam,
526 3496 621 3555 sed
644 3498 765 3570 ejus
792 3513 821 3552 a
850 3512 960 3571 quo
985 3498 1181 3555 missus
1208 3507 1291 3556 est
1319 3497 1429 3571 (Id.
1458 3512 1512 3555 vn
1531 3541 1545 3564 ,
1572 3498 1666 3570 58)
1686 3515 1702 3565 ;
1724 3513 1915 3556 secun-

323 3590 447 3646 dum
476 3591 624 3663 quid,
656 3591 801 3648 Sicut
827 3591 983 3648 Pater
1006 3593 1213 3647 suscitat
1241 3602 1466 3648 mortuos
1490 3601 1536 3650 et
1564 3592 1783 3663 aiui/icat
1799 3634 1815 3661 ,
1842 3594 1914 3650 sic

317 3691 370 3739 et
396 3682 568 3738 Filius
590 3699 714 3753 quos
736 3682 841 3738 uult
867 3683 1084 3754 uiuiﬁcat
1109 3681 1217 3754 (Id.
1253 3698 1308 3750 ν,
1338 3683 1452 3755 21).

276 3758 293 3774 ’
371 3776 603 3833 CAPUT
622 3775 842 3833 IX.—7.
856 3775 985 3833 Item
1002 3784 1294 3848 sequuntur
1305 3777 1547 3835 etdicunt
1560 3775 1757 3833 :Isetin
1768 3795 1915 3836 cruce

322 3867 566 3937 pendens,
588 3867 842 3923 voluntate
858 3876 904 3924 et
930 3877 1179 3939 precepto
1202 3866 1394 3939 Patris,
1417 3885 1618 3924 carnem
1639 3870 1914 3926 humanam

318 3978 474 4031 quam
488 3961 551 4017 de
563 3970 739 4016 sancta
754 3962 943 4034 uirgine
955 3960 1127 4016 Maria
1146 3962 1380 4034 suscepit,
1393 3962 1447 4017 in
1459 3962 1637 4018 manus
1657 3964 1914 4018 hominum

321 4054 606 4125 dereliquit,
628 4064 673 4109 et
682 4055 989 4111 divinitatem
1000 4072 1143 4110 suam
1153 4056 1206 4110 in
1224 4054 1585 4125 manud’atris
1596 4058 1914 4112 commenda-

320 4147 410 4212 uit,
429 4147 600 4201 dicens
611 4145 811 4213 :Puter,
826 4148 877 4201 in
888 4163 1065 4203 manus
1077 4155 1188 4201 tuas
1200 4146 1492 4203 commendo
1502 4147 1735 4218 spiritum
1749 4165 1913 4204 meum

323 4234 492 4308 (Luc.-
510 4253 636 4303 xm,
667 4235 779 4308 46).
807 4237 938 4303 Quia
965 4236 1133 4291 Maria
1155 4238 1455 4292 moriturum
1484 4255 1669 4307 corpus
1697 4241 1911 4311 peperit,

322 4327 461 4383 Deus
485 4337 651 4382 autem
672 4329 971 4383 immortalis
985 4329 1321 4384 immortalem
1336 4327 1531 4385 Filium
1559 4332 1746 4402 genuit.
1773 4330 1913 4402 Ergo

325 4437 462 4474 mors
485 4419 671 4475 Christi
696 4438 796 4475 non
826 4421 1089 4475 diminutio
1120 4431 1191 4476 est
1221 4421 1497 4477 divinitatis
1515 4464 1529 4487 ,
1555 4422 1645 4477 sed
1670 4423 1913 4494 depositio

321 4513 572 4584 corporis.
589 4502 755 4568 Sicuti
765 4514 898 4567 enim
912 4515 1166 4584 generatio
1183 4515 1289 4585 ejus
1306 4531 1368 4569 ea:
1383 4515 1572 4585 virgine
1582 4532 1680 4569 non
1697 4518 1913 4585 fuitcor-

324 4605 494 4674 ruptio
524 4604 778 4659 dealitatis
798 4607 841 4668 ²,
859 4606 948 4659 sed
966 4606 1214 4675 susceptio
1240 4607 1466 4675 corporis
1482 4624 1501 4672 ;
1518 4608 1588 4660 ita
1616 4618 1663 4661 et
1680 4609 1731 4662 in
1758 4619 1914 4677 morte

320 4698 485 4766 ipsius
498 4713 597 4751 non
611 4698 705 4768 fuit
723 4699 886 4763 passio
900 4707 944 4752 et
964 4699 1176 4770 defectio
1195 4699 1447 4754 dealitatis
1462 4701 1640 4771 ipsius,
1659 4703 1749 4756 sed
1761 4719 1910 4772 sepa-

326 4788 454 4842 ratio
483 4789 651 4842 carnis
674 4789 851 4859 ipsius.
884 4788 1050 4845 Sicuti
1070 4790 1202 4844 enim
1221 4791 1307 4860 qui
1321 4790 1668 4847 indumentum
1687 4796 1912 4850 conscin-

326 4878 418 4946 dit,
444 4879 623 4933 induto
642 4879 763 4948 facit
788 4880 1052 4950 injuriam;
1080 4880 1150 4934 ita
1170 4890 1214 4935 et
1237 4882 1322 4951 qui
1352 4899 1550 4938 carnem
1569 4885 1729 4954 ipsius
1748 4888 1912 4941 cruci-

326 4974 569 5039 lixerunt,
605 4972 853 5028 divinitati
880 4973 1040 5043 ipsius
1064 4975 1418 5029 contumeliam
1444 4976 1741 5032 intulerunt.
1777 4979 1914 5035 Ecce

325 5067 377 5123 in
416 5066 614 5137 quibus
641 5066 816 5122 verbis
842 5066 952 5122 suis
977 5068 1196 5123 omnino
1233 5067 1575 5125 manifestam
1616 5086 1811 5142 negare
1832 5087 1910 5140 se,

324 5158 464 5229 quod
486 5158 554 5213 ad
574 5159 822 5213 unitatem
844 5172 1084 5227 personae
1101 5158 1295 5214 Christi
1310 5159 1468 5214 etiam
1488 5159 1717 5216 humana
1739 5163 1912 5217 anima

325 5249 609 5320 pertineat;
630 5250 723 5306 sed
742 5251 792 5306 in
810 5248 1019 5305 Christo
1033 5265 1247 5306 carnem
1264 5259 1318 5306 et
1331 5250 1658 5307 divinitatem
1678 5263 1912 5309 tantum-

322 5343 485 5397 modo
499 5343 760 5398 conliteri.
784 5340 1217 5413 Quandoquidem
1247 5357 1366 5396 cum
1396 5343 1648 5412 penderet
1668 5346 1717 5399 in
1749 5346 1910 5417 ligno,

324 5433 450 5489 illud
480 5433 567 5489 ubi
594 5435 686 5501 ait,
726 5432 900 5500 Pater,
928 5434 981 5487 in
1002 5450 1183 5488 manus
1223 5443 1334 5488 tuas
1371 5437 1662 5491 commendo
1680 5438 1913 5507 spiritum

323 5545 512 5596 meum,
560 5527 887 5583 divinitatem
917 5527 1085 5596 ipsam
1126 5526 1309 5582 volunt
1355 5543 1475 5584 eum
1505 5529 1724 5600 intelligi
1762 5546 1911 5585 com-

323 5620 605 5675 mendasse
622 5619 787 5687 Patri,
818 5634 922 5674 non
948 5618 1234 5674 humamnn
1257 5620 1522 5691 spiritum,
1541 5621 1681 5692 quod
1699 5631 1778 5677 est
1795 5623 1911 5676 ani-

387 5712 402 5774 ξ
430 5717 664 5774 λυκιαίΡα.
690 5709 837 5774 Lugd.
862 5718 981 5774 Ven.
1002 5716 1130 5774 ιρι,
1156 5710 1318 5772 faetet.
1387 5718 1441 5760 Μ.

386 5773 547 5835 ?Editi
584 5773 674 5835 hoc
709 5771 778 5822 et'
793 5773 1012 5835 proximo
1034 5771 1170 5835 loco,
1207 5786 1395 5823 necnon
1426 5786 1569 5835 supra
1612 5774 1660 5823 in
1683 5780 1912 5825 Sermone

327 5834 622 5897 primorum,
648 5832 889 5897 ferebant,
913 5832 1104 5885 deitatis
1122 5872 1134 5895 ,
1162 5835 1245 5884 ubi
1271 5842 1469 5886 veteres
1488 5832 1601 5885 Mss.
1636 5843 1913 5887 constanter

326 5893 525 5959 habent,
548 5893 800 5949 dealitatis.

1747 417 1945 476 LIBER
1990 414 2195 473 UNUS.

3532 423 3641 480 690

2044 567 2150 607 ma.
2184 551 2372 609 Merito
2398 552 2451 608 in
2499 554 2596 609 ista
2628 554 2741 625 ipsa
2794 554 3152 625 disputatione
3204 557 3480 628 superius,
3544 560 3637 616 ubi

2040 644 2325 701 voluerunt
2354 646 2576 717 intelligi
2592 647 2864 704 Christum
2886 649 3060 704 Patris
3081 649 3405 706 voluntatem
3425 651 3638 716 iecisse,

2036 751 2141 791 non
2155 752 2325 804 suam,
2342 737 2464 792 hinc
2478 753 2597 793 eum
2613 738 2833 793 minoris
2847 749 3005 810 atque
3016 739 3243 796 diversae
3258 751 3415 812 putau
3424 751 3503 799 tes
3519 758 3641 799 esse

2035 834 2263 894 naturae,
2293 826 2422 881 illud
2450 837 2942 884 commemorarunt
2963 830 3105 900 quod
3132 832 3225 899 ait,
3247 831 3401 887 Pater
3422 873 3436 898 ,
3465 842 3634 889 trans-

2033 929 2115 973 eat
2141 936 2172 973 a
2198 937 2276 975 me
2294 921 2428 976 calix
2448 922 2570 989 iste;
2592 939 2692 977 non
2719 932 2885 978 tamen
2937 924 3073 995 quod
3097 942 3188 997 ego
3209 927 3320 982 volo
3340 968 3355 992 ,
3380 926 3470 981 sed
3497 945 3635 1001 quoa

2033 1020 2086 1065 tu
2128 1012 2201 1066 vis
2227 1028 2247 1067 :
2289 1012 2417 1068 illud
2446 1023 2622 1070 autem
2668 1015 2953 1071 noluerunt
2997 1016 3138 1087 quod
3174 1017 3282 1086 ait,
3334 1017 3512 1074 Tristis
3553 1029 3629 1075 est

2032 1104 2203 1159 anima
2227 1122 2339 1161 mea
2364 1123 2520 1177 usque
2558 1109 2626 1163 ad
2650 1118 2862 1164 mortem
2891 1108 3103 1180 (Matth.
3153 1127 3276 1167 XXVI
3297 1153 3311 1177 ,
3356 1112 3463 1180 59,
3513 1113 3633 1184 38).

2033 1197 2266 1255 Audiant
2293 1214 2421 1272 ergo
2462 1202 2561 1257 ista
2602 1204 3140 1259 commemorantibus
3186 1204 3342 1261 nobis
3390 1223 3403 1260 :
3452 1205 3634 1262 Tristis

2033 1301 2104 1346 est
2123 1293 2296 1347 anima
2321 1309 2432 1349 mea
2457 1310 2611 1366 usque
2639 1296 2707 1350 ad
2732 1305 2981 1363 mortem;
3012 1295 3318 1351 Potestatent
3346 1298 3502 1352 habeo
3531 1315 3627 1368 po-

2035 1383 2187 1438 nendi
2212 1385 2435 1439 animam
2457 1402 2619 1441 meam
2644 1385 2835 1459 (Joan.'
2853 1404 2887 1442 x
2907 1429 2920 1453 ,
2952 1385 3071 1461 18);
3106 1387 3357 1460 Majorem
3382 1389 3477 1443 hac
3501 1392 3625 1444 cha-

2030 1476 2227 1531 ritatem
2253 1493 2397 1532 nemo
2424 1477 2605 1546 habet,
2648 1494 2799 1547 quam
2846 1488 2900 1535 ut
2927 1481 3146 1533 animum
3176 1497 3323 1535 suam
3353 1490 3507 1551 ponat
3536 1498 3628 1551 pro

2028 1569 2205 1624 amicis
2228 1572 2333 1624 suis
2360 1567 2469 1644 (Id.
2496 1587 2595 1639 xv,
2622 1570 2711 1644 I3)
2743 1589 2757 1627 :
2784 1581 2840 1627 et
2873 1572 3014 1643 quod
3041 1573 3108 1628 de
3136 1573 3228 1629 illo
3256 1575 3632 1630 intellexerunt

2030 1661 2267 1731 Apostoli
2302 1662 2707 1732 prophetatum,
2741 1663 2992 1731 Quoniam
3022 1681 3120 1719 non
3148 1665 3459 1733 derelinques
3510 1667 3627 1720 ani-

2029 1767 2165 1807 mam
2180 1752 2612 1823 meamininferno
2640 1751 2918 1825 (Psal.xv,
2945 1754 3041 1821 IO;
3075 1755 3186 1809 Act.
3218 1773 3288 1823 ιι,
3313 1759 3410 1824 ΞΓ,
3435 1767 3481 1812 et
3510 1772 3625 1823 xm,

2029 1841 2139 1914 55).
2172 1842 2239 1898 Et
2268 1843 2351 1899 bis
2370 1854 2529 1915 atque
2551 1842 2860 1916 hujusmodi
2898 1854 3203 1902 sanctarum
3233 1848 3628 1918 Scripturarum

2030 1936 2349 1994 testimoniis
2388 1955 2495 1994 non
2558 1939 2839 2006 resistant,
2892 1941 3258 2012 fateanturque
3311 1941 3622 2011 Christum,

2030 2046 2136 2087 non
2169 2039 2372 2087 tantum
2412 2047 2665 2098 carnem,
2705 2032 2798 2089 sed
2832 2034 3060 2089 animam
3102 2048 3313 2106 quoque
3341 2033 3626 2089 humanam

2027 2121 2206 2179 Verbo
2247 2124 2522 2195 unigenito
2564 2132 2872 2196 coaptasse;
2921 2133 2982 2181 ut
3021 2134 3163 2182 esset
3207 2141 3311 2181 una
3361 2141 3619 2197 persona,

2025 2213 2166 2285 quod
2196 2213 2438 2271 Christus
2466 2223 2577 2284 est,
2606 2215 2839 2274 Verbum
2867 2224 2922 2273 et
2944 2217 3107 2274 homo
3138 2236 3152 2274 :
3178 2217 3271 2274 sed
3294 2219 3406 2289 ipse
3436 2216 3621 2286 homo,

2024 2304 2204 2361 anima
2229 2314 2282 2361 et
2312 2320 2471 2374 caro;
2500 2322 2563 2363 ac
2590 2322 2684 2378 per
2710 2307 2813 2363 hoc
2834 2307 3082 2365 Christus
3104 2308 3339 2365 Verbum
3365 2309 3540 2365 anima
3568 2318 3625 2367 et

2024 2412 2173 2455 caro.
2203 2397 2272 2454 Et
2313 2397 2433 2455 ideo
2458 2400 2538 2456 sic
2580 2398 2952 2471 intelligendus
2994 2401 3222 2472 geminae
3264 2400 3619 2469 substantlaa,

2024 2489 2220 2546 divinae
2244 2491 2449 2547 scilicet
2477 2500 2531 2550 ει
2560 2491 2810 2548 humanae
2829 2534 2844 2559 ,
2870 2500 2931 2568 ut
2956 2492 3067 2563 ipsa
3100 2492 3325 2548 humana
3350 2508 3415 2549 ex
3440 2494 3620 2550 anima

2025 2590 2235 2638 constet
2261 2589 2316 2637 et
2356 2597 2538 2639 carne.
2568 2583 2673 2639 Aut
2700 2584 2746 2639 si
2784 2598 2850 2640 eo
2881 2593 3161 2639 moventur
3187 2584 3328 2655 quod
3360 2585 3620 2656 scriptum

2024 2684 2106 2732 est
2129 2716 2145 2741 ,
2183 2673 2401 2731 Verbum
2430 2692 2548 2731 caro
2584 2679 2777 2747 factum
2800 2686 2872 2732 est
2907 2675 3084 2749 (Ioan.
3108 2692 3163 2744 'I,
3198 2675 3328 2748 ﬂ);
3374 2691 3472 2733 nec
3512 2677 3620 2733 illic

2023 2770 2204 2825 anima
2229 2770 2502 2827 nominata
2548 2779 2634 2828 est
2668 2789 2681 2826 :
2711 2770 3005 2842 intelligant
3028 2784 3243 2827 carnem
3281 2784 3377 2842 pro
3406 2770 3621 2828 homine

2023 2862 2248 2933 positam
2267 2905 2283 2933 ,
2312 2876 2342 2918 s
2372 2872 2522 2935 parte
2547 2871 2716 2920 totum
2740 2863 3074 2935 signiﬁcante
3101 2863 3387 2920 locutionis
3412 2863 3613 2929 modo;

2022 2953 2176 3010 sicuti
2201 2960 2317 3023 est,
2349 2954 2435 3009 Ad
2480 2964 2528 3010 te
2573 2954 2736 3011 omnis
2759 2970 2879 3010 caro
2918 2954 3078 3009 ueniet
3103 2952 3274 3028 (Psal.
3305 2970 3462 3021 ιχιν,
3507 2954 3566 3025 3)
3600 2973 3616 3011 :

2020 3046 2146 3105 item
2164 3089 2177 3113 ,
2208 3046 2292 3103 Ea:
2342 3046 2574 3119 operibus
2602 3047 2751 3120 Legis
2780 3062 2881 3103 non
2917 3046 3285 3119 justi/trahitur
3311 3047 3473 3101 omnis
3499 3062 3618 3103 caro

2018 3135 2194 3207 (Rom.
2223 3153 2313 3207 ιιι,
2335 3137 2456 3210 20).
2480 3137 2634 3208 Quod
2664 3139 2899 3210 apertius
2925 3138 3033 3196 alio
3053 3139 3174 3195 Ioco
3192 3138 3357 3207 dixit,
3383 3137 3466 3193 Ea:
3486 3137 3623 3209 Lege

2018 3245 2163 3285 nemo
2208 3230 2577 3303 justiﬁcabitur
2632 3229 2831 3303 (Colat.
2863 3245 2953 3296 ιιι,
2983 3229 3075 3303 Il)
3127 3246 3141 3285 :
3188 3230 3420 3302 itemque
3466 3229 3612 3298 alio,

2020 3320 2141 3377 Non
2172 3322 2492 3395 iustiﬁcetur
2517 3321 2668 3380 homo
2693 3336 2761 3380 ex
2798 3322 3039 3394 operibus
3068 3321 3215 3396 Legis
3241 3321 3351 3393 (Id.
3385 3339 3463 3390 ιι,
3496 3321 3612 3393 16).

2018 3413 2095 3470 Ita
2121 3430 2250 3487 ergo
2270 3415 2421 3485 dixit,
2448 3415 2627 3472 Omnis
2654 3431 2875 3482 caro;ac
2900 3416 2945 3474 si
2972 3416 3197 3483 diceret,
3213 3416 3399 3474 Omnis
3426 3416 3611 3472 homo.

2016 3505 2105 3563 Sic
2147 3506 2324 3577 itaque
2361 3507 2560 3562 dictum
2606 3515 2725 3575 est,
2776 3505 2993 3564 Verbum
3035 3524 3155 3563 caro
3194 3509 3384 3581 factum
3411 3516 3523 3575 est;
3551 3523 3615 3564 ac

2017 3596 2062 3652 si
2092 3595 2383 3666 diceretur,
2409 3597 2645 3655 Verbum
2690 3598 2853 3655 homo
2877 3598 3072 3655 factum
3098 3608 3199 3656 est.
3232 3599 3612 3657 Verumtamen

2017 3687 2102 3743 isti
2128 3702 2249 3743 cum
2291 3688 2405 3760 ejus
2441 3689 2610 3745 solam
2638 3688 2923 3748 humanam
2949 3704 3165 3747 carnem
3190 3691 3354 3747 velint
3385 3691 3611 3765 intelligi

2018 3776 2286 3835 hominem
2316 3778 2619 3848 Christum;
2652 3795 2760 3836 non
2802 3781 2943 3836 enim
2983 3781 3251 3853 negabunt
3296 3780 3566 3839 hominem
3590 3824 3607 3850 ,

2017 3869 2083 3925 de
2108 3885 2212 3941 quo
2254 3872 2591 3941 apertissime
2616 3871 2827 3942 dicitur,
2861 3872 3007 3930 Unus
3049 3875 3295 3930 mediator
3322 3873 3421 3931 Dei
3448 3884 3497 3931 et
3520 3877 3615 3932 hoc

2017 3962 2209 4015 minum
2233 3960 2381 4016 homo
2404 3960 2636 4018 Christus
2661 3962 2814 4019 Iesus
2840 3963 2895 4038 (1
2919 3962 3053 4020 Tim.
3076 3981 3142 4032 ιι,
3165 3964 3220 4037 5)
3247 3983 3259 4019 :
3284 3967 3449 4023 miror
3467 3968 3612 4039 quod

2017 4050 2189 4106 nolint
2207 4052 2546 4121 Consentire,
2573 4062 2790 4124 propter
2818 4053 2956 4110 hanc
2983 4053 3268 4111 humanam
3314 4058 3610 4127 quomodo-

2015 4155 2247 4213 cumque
2288 4152 2532 4198 naturam
2559 4143 2663 4200 dici
2694 4146 2930 4215 potuisse
2950 4188 2965 4214 ,
2995 4145 3153 4202 Pater
3182 4149 3347 4219 major
3372 4164 3452 4203 me
3488 4159 3601 4215 est;

2017 4249 2124 4291 non
2155 4243 2374 4307 propter
2415 4235 2561 4292 illam
2591 4236 2659 4293 de
2682 4252 2785 4309 qua
2811 4238 3011 4295 dictum
3038 4247 3151 4307 est,
3200 4238 3313 4312 Ego
3359 4251 3406 4297 et
3452 4240 3611 4297 Pater

2016 4343 2174 4382 unum
2191 4343 2385 4382 sumus.
2407 4326 2538 4394 Quis
2557 4327 2698 4383 enim
2721 4328 2886 4398 ferat,
2908 4330 2952 4385 si
2972 4340 3428 4403 quantuscumque
3449 4331 3609 4390 homo

2018 4419 2189 4487 dicat,
2218 4419 2334 4491 Ego
2359 4429 2413 4476 et
2445 4420 2585 4476 Deus
2631 4437 2793 4477 unum
2822 4424 3052 4479 sumus?
3080 4424 3149 4479 Et
3171 4425 3287 4494 quis
3318 4441 3426 4483 non
3465 4428 3609 4482 acci-

2019 4511 2160 4580 piat,
2189 4511 2235 4565 si
2259 4509 2422 4565 homo
2449 4511 2625 4578 dicat,
2660 4512 2801 4568 Deus
2826 4514 2997 4585 major
3024 4529 3113 4571 me
3140 4524 3221 4572 est
3244 4517 3267 4571 ?
3289 4516 3454 4584 Quale
3480 4517 3609 4574 illud

2018 4610 2099 4655 est
2124 4600 2264 4670 quod
2314 4601 2387 4656 ait
2417 4600 2606 4658 beatus
2632 4602 2863 4661 Joannes
2891 4622 2904 4659 :
2937 4604 3109 4677 Major
3157 4616 3227 4663 est
3278 4606 3417 4665 Deus
3459 4610 3611 4666 corda

2018 4701 2187 4747 nostro
2214 4690 2256 4765 (Ι
2283 4692 2440 4747 Joan.
2465 4710 2555 4762 ιιι,
2579 4694 2691 4767 20).

2087 4785 2313 4841 CAPUT
2343 4786 2412 4842 Χ.
2448 4817 2520 4827 —
2557 4787 2609 4845 8.
2652 4789 2780 4845 Itcm
2834 4790 3019 4846 dicunt
3065 4808 3081 4847 :
3133 4792 3190 4847 Is
3228 4794 3313 4862 qui
3357 4794 3609 4849 voluntate

2019 4887 2065 4933 et
2109 4887 2358 4949 pnecepto
2411 4877 2581 4934 Patris
2620 4890 2778 4935 totam
2822 4882 3245 4953 dispensationem
3276 4884 3603 4954 adimplevit,

2018 4970 2271 5025 uoluntate
2290 4979 2338 5025 et
2367 4978 2615 5042 praerepto
2637 4971 2810 5029 Patris
2829 4989 3012 5047 corpus
3033 4990 3174 5029 suum
3201 4991 3232 5028 a
3254 4976 3463 5030 mortuis
3491 4993 3605 5031 sus-

2019 5061 2188 5115 citavit
2203 5078 2223 5128 ;
2243 5070 2289 5116 et
2318 5078 2435 5116 cum
2458 5064 2569 5133 ipso
2595 5080 2804 5136 corpore
2827 5106 2843 5131 ,
2869 5074 2923 5119 ut
2951 5076 3125 5137 pastor
3151 5082 3267 5120 cum
3291 5083 3382 5122 ove
3403 5108 3417 5133 ,
3447 5077 3492 5122 et
3521 5083 3597 5122 sa-

2019 5154 2193 5209 cerdos
2221 5169 2334 5208 cum
2371 5154 2622 5211 oblatione
2643 5198 2660 5226 ,
2703 5166 2753 5210 et
2796 5172 2877 5212 rea
2934 5172 3049 5213 sum
3100 5174 3360 5227 purpura,
3390 5167 3438 5212 et
3466 5157 3609 5217 Deus

2019 5263 2135 5301 cum
2162 5247 2346 5319 templo
2374 5264 2406 5301 a
2435 5246 2594 5303 Patre
2614 5257 2899 5304 assumptus
2918 5257 2991 5303 est
3010 5250 3061 5302 in
3082 5248 3319 5320 gloriam.
3345 5250 3606 5319 Quzeren~

2018 5337 2145 5393 dum
2174 5346 2257 5393 est
2282 5339 2350 5394 ab
2378 5339 2456 5394 eis
2494 5340 2583 5410 qui
2611 5340 2709 5395 ista
2741 5339 2923 5395 dicunt
2942 5382 2955 5408 ,
2984 5341 3195 5411 qualem
3243 5357 3395 5398 ovem
3425 5352 3608 5415 pastor

2019 5430 2371 5499 reportaverit
2398 5430 2565 5485 Patri.
2595 5430 2648 5488 Si
2677 5431 2818 5487 enim
2847 5445 2973 5487 caro
2992 5433 3108 5487 sine
3130 5433 3304 5489 anima
3329 5444 3414 5491 est
3441 5453 3600 5507 quam

2019 5523 2347 5591 reportavit,
2392 5521 2515 5591 quid
2554 5531 2636 5577 est
2663 5523 2778 5578 ovis
2804 5522 2904 5579 ista
2946 5525 3047 5580 nisi
3078 5534 3217 5581 terra
3260 5527 3377 5584 sine
3413 5544 3602 5596 sensu,

2019 5626 2137 5681 quae
2166 5626 2267 5666 nec
2294 5626 2451 5682 agerc
2487 5611 2685 5682 gratias
2713 5613 2931 5683 potest?
2973 5614 3104 5684 Quia
3132 5616 3246 5672 sine
3279 5619 3453 5675 anima
3480 5635 3608 5676 caro

2019 5701 2144 5772 quid
2176 5701 2381 5770 potest?

2090 5789 2317 5847 CAPUT
2358 5790 2444 5846 XI.
2464 5822 2527 5832 ——
2554 5792 2607 5848 9.
2632 5792 2761 5849 Item
2786 5806 3077 5867 sequuntur
3102 5810 3157 5856 ει
3181 5801 3367 5857 dicunt
3394 5821 3406 5856 :
3438 5802 3495 5859 1ο
3518 5804 3605 5872 qui

2023 5888 2272 5943 voluntate
2296 5886 2465 5945 Patris
2491 5887 2743 5946 descendit
2773 5901 2818 5946 et
2842 5894 3096 5960 ascendit,
3122 5896 3374 5952 uoluntate
3399 5905 3445 5954 et
3475 5913 3601 5953 orc-
