4028 6438
453 421 548 476 ενι

452 567 592 627 cepto
625 554 790 609 Patris
834 554 959 608 sedit
988 552 1056 605 ad
1097 551 1350 605 dexteram
1396 547 1537 616 eius,
1587 544 1797 596 audiens
1838 538 2039 593 Patrem

454 650 548 704 sibi
576 649 817 702 dicentem
844 661 863 700 :
898 644 1063 700 «Sede
1089 641 1157 695 ad
1185 641 1437 694 dexteram
1465 652 1652 701 meam,
1677 635 1835 688 donec
1863 647 2045 701 ponam

453 741 684 794 inimicos
711 749 820 792 tuos
847 737 1116 792 scabellnm
1145 733 1326 805 pedum
1355 741 1553 784 tuorum
1586 748 1604 781 ι
1639 727 1805 799 (I’sal.
1829 741 1936 790 cut,
1967 724 2043 794 1).

463 830 518 884 Is
539 831 899 902 quivoluntate
927 838 972 881 et
998 834 1246 896 pra'cepto
1289 822 1461 876 Patris
1507 820 1633 874 sedit
1677 819 1744 871 ad
1793 818 2047 871 dexteram

456 924 566 992 ejus
585 963 600 986 ,
645 921 688 974 is
716 921 968 973 voluntate
993 928 1039 970 et
1068 925 1315 986 pra'cepto
1344 913 1514 966 Patris
1538 911 1590 965 in
1620 907 2050 964 consummatione

459 1014 632 1068 διωσαιὶ
660 1022 895 1066 venturus
923 1021 1014 1077 est,
1031 1008 1586 1080 Apostolorociferante
1611 1011 1657 1058 et
1687 1001 1918 1056 dicente:
1940 1019 1958 1053 ι
1984 999 2049 1053 Et

459 1110 566 1172 ipse
587 1126 632 1168 ι,
652 1105 832 1173 inquit,
855 1121 874 1154 ι
898 1101 1146 1156 Dominus
1174 1101 1225 1154 in
1242 1101 1391 1171 jussu
1409 1139 1424 1164 ,
1450 1098 1503 1151 in
1523 1113 1641 1150 voce
1667 1093 1990 1165 Archangeli,
2005 1103 2051 1147 et

459 1200 511 1250 in
547 1196 664 1250 tuba
688 1196 780 1248 Dei
795 1195 1056 1249 descmdet
1085 1193 1146 1247 de
1171 1193 1293 1246 calo
1319 1211 1338 1243 ι
1361 1190 1402 1261 (I
1434 1189 1608 1243 Thess.
1637 1203 1710 1255 tv,
1741 1187 1851 1259 l5).
1878 1184 1933 1239 Is
1969 1185 2054 1256 qui

465 1289 714 1341 voluntate
726 1298 770 1340 et
793 1297 1041 1356 prtecepto
1063 1282 1236 1337 Patris
1255 1282 1431 1345 veniet,
1446 1280 1702 1334 voluntate
1724 1287 1771 1334 et
1806 1287 2054 1348 pracepto

467 1379 637 1433 Patris
667 1379 992 1450 judicatnrus
1019 1386 1092 1430 est
1127 1386 1283 1430 totum
1331 1375 1573 1426 mundum
1611 1372 1664 1426 in
1709 1371 1971 1442 (equitate,
2010 1379 2056 1422 et

441 1499 444 1502 -
472 1471 758 1524 redditurus
797 1469 1011 1540 singulis
1037 1466 1308 1522 secundum
1333 1465 1484 1536 [idem
1510 1473 1557 1519 et
1582 1480 1738 1534 opera
1761 1477 1890 1526 sua;
1930 1462 2055 1514 sicut

467 1563 576 1628 ipse
601 1562 692 1620 ait,
719 1581 735 1613 ι
760 1560 915 1614 Pater
925 1561 1128 1629 judicat
1145 1558 1408 1621 neminem,
1428 1556 1516 1610 sed
1541 1572 1687 1608 omne
1700 1554 1951 1625 judicium
1969 1551 2058 1604 Fi-

447 1653 535 1703 .tio
553 1651 690 1704 dedit
717 1667 763 1704 ιε
780 1651 916 1714 item,
946 1649 1142 1704 «Sicuti
1156 1648 1329 1712 audio,
1344 1647 1545 1718 judico,
1570 1655 1616 1700 et
1626 1645 1878 1717 judicium
1895 1659 2057 1696 meum

469 1760 641 1797 verum
670 1752 778 1807 est;
805 1743 921 1813 quia
949 1759 1046 1795 non
1071 1756 1241 1812 quer
1286 1739 1590 1794 voluntatem
1612 1753 1774 1790 meam
1796 1778 1809 1800 ,
1853 1735 1941 1789 sed
1969 1750 2056 1788 vo-

451 1838 715 1890 .tuntatem
741 1836 847 1905 ejus
872 1835 956 1904 qui
981 1851 1058 1888 me
1085 1834 1217 1887 misit
1242 1851 1261 1884 ι
1286 1832 1462 1901 (Joan.
1494 1847 1548 1896 γ,
1576 1829 1664 1895 22,
1699 1828 1810 1898 50).
1844 1825 1990 1882 Unde
2016 1835 2060 1878 et

469 1929 521 1977 in
542 1925 827 1996 judicando
855 1924 1027 1978 Patris
1057 1925 1372 1996 prtesentiaru
1399 1921 1664 1993 praeponit,
1692 1930 1740 1974 et
1763 1935 1906 1973 suam
1936 1918 2061 1970 divi-

455 2033 588 2069 .m:m
629 2016 920 2085 dignitatem
950 2023 994 2068 et
1040 2022 1329 2083 potestatent
1363 2012 1638 2066 secundam
1667 2010 1949 2081 postponit,
1980 2009 2060 2060 di-

459 2124 589 2164 cens
619 2121 638 2162 :
668 2124 686 2156 ι
711 2105 897 2168 Venite,
919 2105 1162 2159 benedicti
1188 2102 1356 2158 Patris
1377 2103 1474 2157 mei
1485 2121 1506 2155 ι
1532 2101 1745 2176 (Matth.
1778 2114 1905 2164 xxv,
1947 2097 2055 2170 54).

474 2197 610 2266 Ergo
627 2198 797 2268 justus
813 2196 978 2267 judea:
1013 2206 1083 2250 est
1114 2193 1277 2249 Filius
1299 2209 1318 2248 :
1339 2192 1622 2265 judicantis
1666 2207 1780 2246 vero
1821 2191 1982 2244 honor
2018 2199 2062 2244 et

471 2288 781 2354 auctoritas,
832 2287 1007 2342 Patris
1044 2285 1330 2357 imperiales
1380 2285 1548 2356 leges;
1599 2283 1727 2338 sicut
1745 2291 1794 2337 et
1837 2281 2062 2352 Spiritus

472 2381 633 2434 sancti
675 2379 895 2450 oﬂiciosa
921 2378 1183 2434 advocatio
1222 2387 1268 2432 et
1311 2377 1625 2443 consolatio,
1672 2373 1930 2445 Unigeniti
1968 2373 2063 2426 Dei

465 2509 469 2516 .
472 2472 604 2541 justi
621 2471 814 2542 jndicis
844 2480 916 2526 est
941 2471 1181 2542 dignitas.
1206 2469 1322 2524 Jam
1351 2484 1470 2538 qua:
1508 2468 1756 2537 superius
1783 2464 2062 2535 reSpondi-

471 2578 622 2627 mus,
654 2565 812 2620 etiam
833 2563 1093 2619 adversus
1117 2565 1222 2617 ista.
1244 2561 1489 2617 similiter
1518 2560 1717 2615 valent.
1748 2557 1899 2626 Quod
1923 2558 2063 2612 enim

475 2656 732 2711 voluntati
755 2665 809 2712 et
839 2664 1108 2727 prmcepto
1137 2655 1310 2710 Patris
1335 2654 1590 2710 obediens
1621 2663 1704 2708 est
1733 2652 1898 2707 Filius
1919 2693 1936 2718 ,
1969 2667 2068 2705 nec

463 2749 530 2803 in
563 2749 863 2804 hominibus
887 2749 1217 2804 demonstrat
1260 2749 1525 2802 diversam
1570 2747 1937 2816 imparemque
1968 2760 2066 2798 na-

478 2851 682 2904 turam,
716 2841 882 2910 patris
922 2841 1308 2910 prmeipientis,
1361 2850 1414 2895 et
1455 2839 1550 2893 ﬁlii
1603 2839 1922 2894 obedientis.
1955 2837 2069 2892 Huc

469 2925 680 2981 accedit
721 2925 862 2994 quod
887 2925 1128 2984 Christus
1158 2941 1262 2980 non
1295 2935 1497 2979 tantum
1528 2923 1666 2978 Deus
1689 2932 1801 2988 est,
1839 2937 1945 2992 qua
1971 2937 2068 2977 na-

479 3027 596 3071 tura
621 3017 840 3086 arqualis
881 3025 964 3072 est
989 3016 1166 3080 Patri;
1199 3015 1295 3072 sed
1337 3015 1497 3071 etiam
1524 3014 1687 3070 homo
1707 3056 1724 3080 ,
1755 3029 1858 3084 qua
1883 3023 2068 3069 natura

479 3107 652 3176 major
674 3116 757 3163 est
783 3108 957 3174 Pater,
990 3107 1142 3176 cujus
1165 3107 1324 3162 etiam
1352 3121 1458 3160 non
1483 3105 1656 3161 solum
1682 3106 1858 3171 Pater,
1885 3120 2069 3160 verum

473 3209 535 3270 ‘et
557 3200 813 3256 Dominus
840 3209 942 3258 est.
989 3200 1118 3254 Nam
1149 3199 1272 3255 inde
1295 3207 1378 3254 est
1402 3206 1457 3254 et
1503 3197 1633 3254 illud
1658 3198 2024 3269 propheticum
2053 3215 2068 3252 :

475 3294 736 3356 Dominus
777 3292 907 3346 dixit
935 3292 1004 3345 ad
1031 3308 1108 3346 me
1130 3332 1144 3356 ,
1170 3290 1337 3346 Filius
1360 3305 1578 3346 menses
1605 3298 1658 3345 tu
1689 3289 1861 3361 (Psal.
1894 3305 1963 3354 ιι,
1995 3290 2068 3360 7).

485 3385 557 3441 ibi
584 3394 666 3441 est
708 3384 901 3455 quippe
944 3382 1161 3440 inferior
1203 3383 1496 3438 substantia
1540 3397 1642 3453 qua
1687 3382 1846 3438 Pater
1904 3382 2074 3451 major

481 3463 597 3546 sit,’
613 3488 668 3534 et
693 3477 829 3532 servi
852 3475 1020 3532 forma
1048 3475 1132 3531 cui
1163 3475 1417 3534 Dominus
1441 3474 1529 3529 sit.
1561 3473 1684 3529 Haec
1703 3480 1880 3528 autem
1906 3474 2073 3527 forma

483 3569 826 3626 humanitatis
866 3569 1014 3640 ejus,
1065 3584 1220 3640 quam
1269 3575 1517 3625 manente
1575 3567 1743 3626 forma
1787 3567 2076 3621 divinitatis

483 3661 724 3732 accepit,
753 3668 812 3714 ut
836 3661 887 3715 in
913 3659 1314 3718 similitudinem
1343 3659 1615 3728 hominum
1637 3658 1792 3715 ﬁeret
1819 3667 1873 3714 et
1895 3658 2075 3713 habitu

485 3753 811 3809 inveniretur
837 3760 897 3808 ut
923 3751 1085 3807 homo
1110 3750 1370 3824 (Philipp.
1415 3767 1485 3816 tt,
1531 3752 1603 3818 (ἱ,
1649 3749 1738 3819 7),
1788 3750 1836 3802 in
1879 3749 2077 3819 judicio

488 3865 698 3920 quoque
723 3850 1030 3920 apparebit,
1065 3863 1171 3919 quo
1217 3848 1368 3903 vivos
1416 3856 1470 3902 et
1512 3855 1753 3901 mortuos
1795 3845 2073 3914 judicabit.

491 3939 614 3995 Ideo
639 3940 837 3995 dictum
880 3939 1056 3995 estde
1081 3940 1271 4007 Patre,
1303 3938 1444 4008 quod
1475 3955 1575 3991 non
1610 3937 1864 4009 judicabit
1901 3953 2076 4005 quem-

489 4033 783 4100 quam,sed
821 4049 966 4086 omne
982 4031 1239 4101 judicium
1285 4030 1420 4084 dedit
1447 4029 1586 4083 Filio
1634 4029 1810 4101 (Joan.
1854 4045 1906 4093 v,
1961 4028 2074 4100 22).

489 4123 737 4177 Formam
769 4137 999 4192 namque
1021 4122 1072 4175 in
1102 4122 1313 4177 Christo
1340 4121 1457 4176 Filii
1483 4121 1714 4176 hominis
1755 4131 1880 4176 tunc
1921 4123 1989 4175 ab
2013 4136 2079 4176 eo

485 4213 754 4281 iudicandi
783 4213 1034 4267 videbunt
1061 4212 1226 4281 impii,
1253 4211 1322 4267 de
1341 4213 1531 4281 quibus
1550 4211 1747 4265 dictum
1769 4221 1850 4267 est
1870 4253 1884 4278 ,
1929 4212 2080 4266 Vide-

487 4305 614 4362 bunt
632 4305 685 4359 in
704 4321 849 4374 quem
871 4303 1185 4373 con/inruat
1209 4301 1388 4374 (Zach.
1420 4302 1811 4367 xu,10;Joan.
1836 4319 1945 4367 XIX,
1961 4301 2078 4374 57).

493 4397 590 4452 Dei
617 4411 744 4452 vero
769 4395 996 4452 formam
1024 4395 1075 4448 in
1103 4393 1290 4449 eodem
1321 4396 1438 4463 ipso
1463 4392 1680 4448 Christo
1697 4434 1714 4460 ,
1741 4408 1840 4461 qua
1863 4393 2082 4463 aequalis

491 4497 577 4542 est
603 4488 780 4553 Patri,
811 4488 994 4558 utique
1016 4502 1121 4542 non
1150 4486 1424 4544 videbunt.
1457 4486 1611 4542 Unde
1636 4486 1915 4556 prophetia
1941 4503 2078 4556 pra:-

493 4581 687 4647 cessit,
716 4581 949 4637 Tollatur
977 4582 1161 4652 impius
1181 4623 1196 4648 ,
1225 4589 1280 4633 ut
1321 4596 1423 4633 non
1467 4579 1628 4633 videat
1653 4581 1930 4634 claritatem
1973 4579 2081 4635 Do-

493 4675 618 4729 mini
636 4673 787 4746 (lsai.
827 4689 995 4742 xxvi,
1026 4673 1139 4744 10).
1169 4673 1300 4740 Quia
1331 4682 1386 4729 et
1409 4672 1473 4726 ad
1505 4671 1604 4727 hoc
1632 4674 1892 4741 pertinet,
1942 4671 2085 4727 Beati

489 4764 683 4820 mundo
720 4765 890 4830 corde,
919 4764 1156 4836 quoniam
1183 4764 1284 4837 ipsi
1313 4762 1475 4818 Deum
1514 4762 1748 4817 videbunt
1792 4763 2003 4833 (Matth.
2030 4781 2080 4828 ι’,

495 4856 576 4925 8).
603 4857 839 4926 Denique
865 4855 967 4912 hoc
990 4857 1324 4924 apertissime
1345 4864 1588 4919 testatur,
1610 4854 1698 4908 ubi
1724 4853 1881 4919 dicit,
1936 4853 2086 4908 Pote-

495 4955 682 5000 statem
702 4945 839 5000 dedit
865 4946 908 5000 ei
918 4945 1176 5015 judicium
1214 4949 1398 5016 facere.
1421 4945 1658 5015 quoniam
1681 4943 1846 4998 Filius
1868 4945 2086 4998 hominis

498 5047 570 5090 est
605 5035 781 5109 (Joan.
815 5053 866 5103 v,
896 5035 1010 5108 27).
1042 5036 1156 5090 Non
1183 5051 1311 5106 ergo
1353 5035 1600 5105 quoniam
1650 5035 1816 5090 Filius
1844 5035 1936 5089 Dei
1964 5044 2082 5100 est;

496 5140 620 5184 nam
651 5126 939 5181 secundum
969 5126 1072 5180 hoc
1111 5135 1376 5181 coaeterna
1405 5125 1478 5179 illi
1515 5139 1638 5179 cum
1687 5125 1843 5180 Patre
1883 5134 1939 5180 et
1984 5143 2085 5180 una

500 5215 794 5286 cadentque
839 5225 1072 5286 potestas
1099 5225 1183 5271 est
1215 5235 1228 5270 :
1261 5215 1354 5272 sed
1383 5215 1631 5284 quoniam
1660 5215 1827 5271 Filius
1855 5216 2088 5273 hominis

497 5316 612 5374 est,
639 5308 778 5378 quod
807 5323 927 5365 esse
969 5309 1132 5378 coapit
1155 5324 1219 5363 ex
1253 5317 1526 5377 tempore,
1569 5317 1626 5362 ut
1655 5319 1889 5378 potestas
1913 5311 1963 5365 ei
1990 5310 2086 5366 da-

499 5408 648 5452 retur
675 5399 726 5452 in
758 5409 1015 5469 tempore.
1045 5399 1198 5468 Quod
1230 5415 1334 5458 non
1362 5401 1433 5456 ita
1455 5400 1667 5465 dicitur,
1694 5412 1941 5472 tanquam
1969 5419 2084 5458 eam

497 5490 599 5544 sibi
628 5498 682 5544 et
708 5490 819 5560 ipse
847 5506 951 5546 non
981 5491 1220 5560 dederit,
1253 5491 1302 5548 id
1327 5503 1433 5561 est,
1463 5500 1666 5548 natura:
1691 5493 1742 5547 in
1763 5511 1824 5548 se
1845 5495 2087 5550 humanae

499 5596 605 5636 non
632 5580 837 5636 dederit
876 5591 1192 5652 potestatem
1224 5583 1312 5638 illa
1353 5599 1473 5657 qua:
1500 5584 1550 5639 in
1595 5599 1661 5639 eo
1691 5593 1878 5639 natura
1909 5586 2085 5641 divina

498 5684 581 5731 est
613 5673 790 5728 :absit
819 5672 919 5729 hoc
940 5673 1180 5730 credere.
1211 5674 1489 5741 Quomodo
1531 5676 1672 5745 enim
1705 5676 1900 5747 aliquid
1943 5677 2085 5732 face-

502 5773 583 5817 ret
606 5764 782 5831 Pater,
815 5764 915 5819 nisi
940 5780 1034 5834 per
1061 5765 1389 5836 unigenitum
1417 5766 1608 5822 Filium
1631 5768 1654 5820 ?
1678 5765 1785 5822 Nec
1813 5768 1929 5822 sine
1961 5767 2082 5838 Spi-

505 5855 608 5908 ritu
653 5865 871 5922 sancto,
901 5855 1022 5924 quia
1053 5854 1422 5924 inseparabilia
1453 5865 1577 5912 sunt
1602 5873 1764 5927 opera
1789 5859 2082 5914 Trinitatis.

513 5948 539 6004 .3.
555 5961 578 5993 (ν
602 5961 694 6014 per
718 5945 817 6000 hoc
839 5945 976 6015 quod
999 5953 1311 6016 potestatem
1333 5947 1466 6004 Filio
1491 5947 1632 6005 dedit
1650 5953 1896 6025 quoniam
1919 5952 2082 6013 Filius

1261 412 1532 468 CONTRA
1571 404 1944 464 SERSIUNEM
1987 397 2411 466 ARIANORUM,
2452 400 2511 456 S.
2554 397 2916 456 AUGUSTINI

3635 397 3740 453 69?.

2153 536 2383 591 hominis
2409 547 2490 592 cst
2511 579 2524 602 ,
2554 550 2648 606 per
2689 535 2933 592 eumdem
2983 535 3154 606 ipsum
3186 536 3284 608 ipsi
3315 536 3458 590 dedit
3483 537 3750 607 quoniam.

2155 629 2316 684 Filius
2358 629 2449 683 Dei
2474 638 2573 683 cst.
2626 627 2809 682 Omnia
2848 629 2987 682 enim
3036 645 3122 697 per
3150 628 3315 700 ipsum
3342 628 3477 698 facta
3508 639 3649 691 sunt.
3693 639 3743 682 et

2152 721 2261 775 sine
2282 720 2391 790 ipso
2416 723 2605 790 factum
2629 727 2701 772 est
2727 718 2854 772 nihil
2883 717 3057 789 (Joan.
3083 734 3120 784 ι,
3145 717 3221 789 3).
3245 718 3351 774 Sed
3374 719 3663 774 honorifice
3695 730 3753 774 ct

2154 819 2518 882 competenter
2563 810 2745 864 tribuit
2791 809 2932 863 Patri
2964 810 3104 879 quod
3148 811 3307 864 etiam
3360 811 3473 881 ipse
3521 812 3638 866 lacit
3695 823 3755 865 ut

2160 903 2296 957 Deus
2321 919 2334 967 ;
2363 903 2480 973 quia
2511 902 2578 956 de
2604 902 2763 956 Patre
2790 910 2868 954 est
2895 900 3054 956 Deus.
3088 900 3204 970 Ipse
3233 917 3463 973 namque
3491 902 3629 958 Deus
3666 914 3760 956 Cal

2156 995 2224 1050 de
2257 996 2362 1049 Deo
2407 1013 2420 1049 :
2456 995 2609 1049 Pater
2640 1004 2815 1049 autem
2848 993 3018 1057 Deus,
3051 992 3142 1047 sed
3173 1008 3276 1048 non
3305 993 3372 1048 de
3403 993 3533 1049 Deo.

2227 1083 2451 1140 CAPUT
2480 1083 2594 1140 XII.
2616 1114 2687 1124 —
2725 1083 2930 1137 Audiuit
2951 1125 2966 1150 ,
3030 1083 3291 1153 inquiunt,
3322 1099 3353 1137 a
3372 1082 3542 1148 Patre,
3570 1102 3590 1135 ι
3617 1083 3760 1140 Sede

2158 1177 2225 1230 ad
2255 1176 2510 1230 dexteram
2532 1192 2712 1240 meam,
2736 1193 2755 1226 ι
2787 1184 2833 1228 et
2860 1175 2971 1228 ideo
2998 1175 3124 1228 sedit
3149 1174 3219 1226 ad
3245 1174 3499 1230 dexteram
3526 1174 3700 1228 Patris
3738 1193 3758 1229 :

2162 1278 2413 1337 tanquam
2444 1275 2659 1336 paterna
2686 1266 2960 1337 jussione,
2993 1267 3285 1322 nonetiam
3330 1283 3424 1322 sua
3473 1267 3523 1322 id
3563 1267 3762 1323 iecerit

2165 1368 2440 1430 potestate.
2466 1359 2576 1412 Hoc
2599 1358 2808 1428 quidem
2847 1358 2945 1412 nisi
2971 1358 3316 1429 Spiritualiter
3340 1369 3614 1428 acceptum
3638 1360 3764 1415 Inc-

2164 1453 2258 1515 rit,
2290 1451 2422 1506 Filio
2455 1450 2613 1504 Pater
2637 1449 2702 1503 ad
2730 1449 2996 1503 sinistram
3024 1449 3144 1503 erit.
3173 1449 3310 1517 Quid
3341 1457 3423 1504 est
3447 1461 3623 1505 autem
3654 1451 3764 1505 Pa-

2165 1545 2258 1598 tris
2287 1542 2504 1597 dextcra
2530 1584 2542 1608 ,
2572 1541 2670 1595 nisi
2703 1551 2899 1595 aeterna
2928 1541 3013 1595 illa
3058 1541 3444 1612 incﬂ'nbilisquc
3487 1543 3717 1597 felicitas
3741 1583 3760 1606 ,

2163 1650 2267 1706 quo
2295 1633 2533 1705 pervenit
2574 1634 2738 1689 Filius
2779 1633 3006 1687 hominis
3031 1633 3190 1688 etiam
3230 1635 3407 1688 carnis
3445 1633 3767 1688 immortali-

2166 1737 2269 1782 tate
2307 1727 2603 1804 percepta?
2626 1725 2756 1779 Nam
2788 1725 2830 1778 si
2865 1727 2932 1778 ita
2959 1733 3018 1779 ut
3045 1739 3257 1778 manum
3291 1724 3382 1778 Dei
3411 1725 3582 1780 Patris
3603 1767 3616 1789 ,
3646 1742 3761 1780 non

2163 1818 2452 1873 secundum
2483 1817 2799 1871 lineamenta
2826 1816 3066 1886 corporis
3091 1831 3209 1885 qua:
3233 1815 3283 1869 in
3335 1817 3443 1871 Deo
3475 1831 3579 1870 non
3608 1826 3766 1884 sunt,

2165 1910 2259 1964 sed
2293 1908 2586 1964 secumhttn
2613 1907 2908 1962 eITectivam
2937 1907 3185 1962 virtutem
3213 1907 3482 1979 sapienter
3508 1919 3560 1964 et
3587 1909 3766 1965 ﬁdeli-

2169 2011 2248 2055 ter
2271 2001 2597 2071 cogitemus,
2646 1999 2770 2070 quid
2800 1999 3154 2068 intelligemus
3176 2041 3189 2064 ,
3224 1999 3324 2052 nisi
3357 2000 3532 2068 ipsum
3567 1999 3771 2071 Unigc-

2170 2095 2336 2148 nitum
2367 2109 2460 2164 per
2484 2108 2639 2163 quem
2673 2091 2805 2146 facta
2835 2102 2958 2146 sunt
2979 2091 3158 2145 omnia
3179 2092 3204 2143 'l
3229 2091 3305 2146 De
3333 2107 3438 2162 quo
3457 2093 3614 2147 etiam
3638 2109 3773 2162 pro-

2171 2186 2327 2256 pheta
2365 2186 2496 2239 dixit
2529 2203 2540 2238 ε
2589 2183 2656 2238 Et
2706 2183 2966 2238 brachium
2992 2183 3199 2238 Domini
3263 2184 3344 2237 cui
3385 2185 3651 2238 revelatum
3679 2195 3766 2240 est

2200 2279 2350 2350 (Isai.
2380 2295 2468 2333 uti
2493 2319 2506 2342 ,
2538 2277 2620 2348 1)?
2639 2277 2918 2344 Quomodo
2944 2286 3120 2332 autem
3151 2275 3315 2332 Filius
3337 2276 3482 2332 audit
3508 2277 3716 2332 Patrem
3743 2278 3774 2332 ?

2167 2370 2438 2443 quomodo
2480 2369 2728 2424 dicuntur
2751 2385 2780 2424 a
2807 2369 2964 2424 Patre
2993 2370 3155 2424 multa
3183 2370 3344 2424 verba
3367 2369 3519 2424 unico
3543 2370 3720 2426 Verbo
3739 2370 3772 2424 Τ

2171 2461 2439 2534 quomodo
2469 2470 2802 2517 transeunter
2826 2462 3061 2532 loquitur
3101 2461 3150 2517 ei
3197 2478 3352 2532 quem
3394 2463 3652 2518 stabiliter
3679 2463 3773 2521 Io.-

2169 2554 2386 2624 qnitur'l
2428 2553 2694 2624 quomodo
2718 2553 2911 2624 aliquid
2942 2554 3309 2624 temper-aliter
3333 2553 3381 2609 ei
3410 2554 3536 2609 dicit
3567 2557 3618 2608 in
3661 2571 3787 2626 quo-

2169 2644 2269 2698 sibi
2298 2654 2566 2698 comterno
2605 2644 2715 2714 jam
2746 2635 2896 2698 erant
2925 2645 3100 2698 omnia
3127 2660 3248 2715 qua:
3269 2645 3516 2716 congruis
3546 2646 3776 2716 quibus-

2168 2752 2274 2806 que
2324 2737 2648 2807 temporibus
2692 2737 2864 2796 dicit?
2916 2737 3044 2803 Quis
3093 2739 3204 2792 lucc
3248 2738 3439 2793 audeat
3483 2742 3781 2808 qurercre?

2171 2831 2294 2902 quis
2321 2829 2492 2883 valeat
2536 2829 2817 2884 invenire?
2842 2829 2909 2883 Et
2946 2839 3120 2883 tamen
3142 2870 3158 2897 ,
3200 2829 3343 2888 Dixit
3383 2829 3632 2886 Dominus
3661 2831 3780 2889 Do-

2171 2922 2310 2976 mino
2339 2939 2450 2978 meo
2473 2964 2487 2986 ,
2512 2922 2646 2976 Sede
2667 2921 2737 2976 ad
2761 2919 3019 2976 dexteram
3045 2940 3208 2976 meam
3234 2922 3404 2996 (Psal.
3437 2939 3523 2980 CIX
3550 2967 3565 2990 ,
3610 2926 3693 2998 l):
3722 2936 3786 2983 et

2172 3014 2294 3082 quia
2319 3013 2520 3069 dictum
2547 3022 2630 3069 est
2650 3057 2665 3081 ,
2693 3013 2816 3069 ideo
2845 3013 3042 3070 factum
3069 3025 3168 3069 est.
3222 3014 3331 3070 Hoc
3360 3032 3487 3088 ergo
3514 3017 3624 3087 jam
3654 3030 3782 3074 erat

2171 3106 2228 3160 in
2251 3105 2428 3161 Verbo
2447 3105 2589 3177 quod
2623 3105 2840 3160 Verbum
2879 3122 2998 3161 caro
3036 3111 3225 3178 factum
3247 3117 3318 3161 est
3346 3107 3532 3178 (Joan.
3567 3127 3615 3173 ι,
3661 3111 3780 3182 Η).

2176 3203 2242 3257 Et
2259 3202 2382 3272 quia
2411 3203 2465 3257 in
2493 3201 2665 3256 Verbo
2685 3209 2808 3258 ante
2833 3216 3048 3256 carnem
3066 3202 3174 3271 jam
3193 3211 3308 3256 erat
3339 3204 3618 3269 veraciter,
3648 3205 3780 3262 ideo

2175 3294 2228 3348 in
2259 3307 2434 3348 carne
2473 3293 2797 3362 completum
2841 3303 2923 3348 est
2950 3293 3280 3348 efﬁcaciter:
3337 3295 3459 3365 quia
3505 3297 3555 3350 in
3597 3297 3784 3354 Verbo

2175 3387 2282 3456 jam
2309 3393 2425 3439 erat
2464 3385 2580 3439 sine
2609 3392 2876 3455 tempore,
2919 3384 3040 3439 ideo
3068 3385 3120 3439 in
3146 3399 3306 3440 carne
3330 3387 3652 3456 completum
3695 3398 3788 3444 cst

2177 3492 2275 3530 suo
2297 3485 2556 3545 tempore.
2588 3475 2642 3529 ln
2665 3490 2764 3546 qua
2795 3490 2956 3531 carne
2983 3476 3224 3532 ascendit
3250 3480 3303 3530 in
3329 3477 3525 3532 caslum
3549 3521 3562 3543 ,
3592 3481 3681 3550 qui
3711 3480 3784 3536 de

2178 3567 2317 3623 cmlo
2347 3581 2453 3622 non
2483 3568 2708 3622 recessit
2736 3567 2894 3622 etiam
2938 3583 3059 3622 cum
3103 3568 3228 3624 inde
3269 3569 3575 3634 descendit;
3629 3584 3682 3625 ct
3725 3573 3780 3626 in

2182 3673 2282 3728 qua
2327 3657 2478 3714 sedet
2506 3657 2572 3712 ad
2599 3658 2870 3713 dexteram
2901 3659 3072 3714 Patris
3116 3661 3390 3716 brachium
3417 3661 3619 3729 Patris;
3643 3674 3697 3718 et
3727 3666 3822 3734 in._

2177 3767 2282 3820 qua
2310 3751 2668 3806 descensurus
2695 3760 2779 3806 est
2805 3751 2868 3805 ad
2909 3751 3165 3821 judicium
3193 3753 3245 3806 in
3259 3755 3412 3824 jussu
3431 3796 3445 3820 ,
3471 3757 3525 3808 in
3553 3772 3670 3810 noce
3689 3774 3783 3810 ar—

2180 3843 2412 3912 changeli
2431 3883 2444 3905 ,
2475 3853 2521 3896 et
2549 3843 2602 3896 in
2631 3844 2751 3897 tuba
2779 3843 2875 3896 Dei
2902 3842 2964 3914 (Ι
2993 3842 3169 3898 Thess.
3203 3859 3278 3911 tv,
3307 3845 3416 3916 15).
3437 3863 3451 3870 '

2252 3934 2480 3992 CAPUT
2527 3934 2664 3990 XIII.
2696 3966 2766 3975 —-
2795 3934 2894 3992 Ubi
2939 3937 3011 3991 illi
3056 3939 3316 3993 minorem
3368 3940 3550 3995 volunt
3603 3943 3782 3998 videri

2184 4029 2302 4083 Filii
2333 4030 2813 4099 potestatem,quia
2842 4031 2895 4083 in
2911 4031 3063 4100 jussu
3085 4031 3257 4086 dictus
3287 4042 3368 4087 est
3392 4033 3780 4090 descensurus.

2184 4120 2290 4175 Sed
2333 4120 2678 4191 (praemodum
2722 4131 2802 4177 est
2829 4123 2894 4176 ab
2923 4124 3034 4187 eis,
3077 4123 3229 4193 jussu
3273 4125 3441 4196 cujus.
3471 4126 3523 4181 Si
3567 4127 3779 4194 Patris,

2184 4210 2543 4281 interrogandi
2577 4221 2698 4266 sunt
2729 4212 2940 4276 iterum,
2969 4213 3161 4281 quibus
3190 4217 3567 4284 temporalibus
3594 4220 3797 4274 verbis.

2181 4302 2364 4371 jubcat
2389 4302 2548 4357 Pater
2571 4313 2772 4357 aeterno
2798 4317 2895 4357 suo
2922 4303 3096 4358 Verbo
3119 4315 3173 4360 ut
3197 4306 3487 4363 descendat
3513 4309 3576 4362 de
3605 4309 3776 4366 coelo.

2185 4394 2458 4465 Siquidem
2504 4395 2615 4464 ipsa
2659 4395 2750 4450 Dei
2793 4395 2964 4465 jnssio
2991 4411 3109 4466 qua:
3154 4397 3244 4453 ﬁet
3283 4399 3336 4452 in
3380 4407 3616 4470 tempore
3642 4418 3786 4469 suo,

2182 4488 2291 4556 jam
2322 4496 2438 4542 erat
2465 4496 2590 4540 ante
2615 4486 2792 4541 omnia
2821 4496 3057 4557 tempora
3084 4488 3134 4541 in
3159 4488 3272 4558 ipso
3292 4489 3381 4543 Dei
3399 4489 3596 4546 Verbo.
3620 4493 3794 4559 Quod

2187 4579 2230 4632 si
2263 4576 2430 4632 Filius
2456 4577 2548 4632 Dei
2581 4592 2674 4647 per
2702 4576 2803 4631 hoc
2828 4579 2965 4647 quod
2996 4579 3134 4633 ﬁlius
3156 4578 3389 4635 hominis
3417 4591 3520 4650 est,
3549 4583 3790 4639 descen-

2188 4669 2266 4724 dit
2291 4670 2360 4724 de
2397 4671 2565 4736 coelo;
2611 4685 2740 4739 ergo
2782 4685 2877 4739 per
2928 4669 3027 4724 hoc
3065 4673 3204 4741 quod
3252 4673 3482 4729 Verbum
3526 4685 3643 4741 est,
3684 4693 3796 4745 per

2191 4760 2361 4828 ipsum
2385 4760 2603 4829 jubetur
2629 4769 2686 4814 ut
2723 4760 3008 4815 descendat
3034 4761 3100 4816 de
3130 4763 3288 4819 caelo.
3319 4764 3449 4818 Nam
3479 4767 3524 4820 si
3559 4784 3661 4821 non
3686 4785 3796 4837 ρει·

2195 4853 2364 4922 ipsum
2395 4851 2554 4906 Pater
2574 4853 2744 4920 jubet,
2777 4870 2880 4907 non
2910 4870 3037 4925 ergo
3058 4855 3216 4911 Pater
3242 4873 3340 4927 per
3365 4874 3521 4915 suum
3544 4860 3796 4916 Verbum

2189 4941 2372 5010 jubet:
2396 4952 2488 4996 aut
2512 4943 2652 4996 aliud
2678 4944 2778 4997 erit
2805 4943 3036 4998 Verbum
3067 4962 3159 5014 per
3180 4947 3321 5016 quod
3340 4947 3593 5018 jubeatur
3625 4953 3796 5007 ttltiCu

2195 5033 2390 5087 Verbo.
2427 5033 2493 5088 Et
2519 5034 2683 5088 miror
2707 5035 2751 5088 si
2774 5035 2881 5103 jam
2915 5036 3040 5090 illud
3073 5039 3284 5093 unicum
3313 5041 3446 5106 erit,
3477 5041 3521 5096 si
3552 5053 3600 5097 et
3632 5045 3800 5100 aliud

2191 5126 2314 5180 erit.
2363 5125 2538 5180 Facta:
2576 5135 2702 5181 sunt
2728 5128 2942 5196 quidem
2985 5129 3158 5184 Patris
3199 5131 3263 5186 ad
3304 5131 3494 5188 Filium
3533 5135 3795 5202 qnmdam

2191 5217 2350 5270 etiam
2377 5219 2742 5287 temporaliter
2765 5235 2944 5287 voces,
2972 5221 3110 5276 sicut
3137 5222 3202 5278 de
3231 5223 3369 5279 nube
3397 5226 3592 5284 sunuit.
3632 5226 3711 5279 Tu
3740 5247 3800 5282 es

2195 5307 2361 5362 Filius
2400 5325 2539 5362 meus
2584 5311 2795 5365 dilectus
2835 5311 3047 5381 (Matth.
3083 5329 3167 5379 tu,
3202 5315 3292 5384 l7)
3318 5335 3329 5368 :
3357 5333 3458 5371 non
3504 5325 3683 5372 tamen
3733 5331 3800 5375 ut

2193 5403 2360 5459 Filius
2405 5405 2704 5474 unigenitus
2755 5421 2848 5475 per
2890 5407 3007 5462 illas
3034 5407 3232 5478 aliquid
3277 5410 3532 5476 disceret;
3581 5413 3679 5466 sed
3735 5413 3806 5469 hi

2195 5495 2369 5564 potius
2413 5512 2548 5566 quos
2586 5497 2656 5551 ita
2701 5499 2978 5566 Oportebat
3022 5499 3228 5556 audire.
3259 5502 3334 5558 Ac
3371 5518 3466 5572 per
3490 5503 3591 5558 hoc
3619 5507 3802 5562 etiam

2193 5588 2282 5643 ille
2332 5589 2717 5644 transeuntium
2769 5589 3050 5646 verborum
3103 5608 3269 5650 sonus
3319 5610 3428 5650 non
3478 5597 3592 5651 sine
3648 5598 3804 5653 Filin

2194 5678 2361 5733 factus
2387 5690 2466 5733 est
2497 5680 2633 5734 Filio
2660 5701 2672 5732 :
2697 5681 2926 5750 alioquin
2960 5697 3062 5736 non
3102 5684 3279 5738 omnia
3307 5700 3401 5755 per
3427 5685 3598 5755 ipsum
3644 5686 3798 5742 facta

2194 5781 2333 5827 sunt.
2387 5772 2489 5828 Sed
2548 5773 2837 5844 mnnquid,
2887 5790 3006 5829 cum
3056 5776 3328 5844 jnhebitur
3385 5789 3442 5833 ut
3489 5778 3801 5834 descendat

2195 5865 2261 5916 tle
2290 5864 2427 5918 uelo
2450 5906 2463 5928 ,
2499 5865 2692 5918 talibus
2722 5867 2866 5918 sonis
2895 5875 2945 5919 et
2987 5867 3203 5922 vocibus
3233 5884 3364 5938 opus
3407 5872 3508 5923 «ϊί
3532 5912 3545 5934 ,
3585 5871 3802 5940 quibus

2200 5954 2362 6013 Filius
2393 5965 2670 6030 paternam
2712 5955 2919 6016 noverit
2949 5957 3307 6019 voluntatem?
3337 5962 3486 6020 Absit
3531 5962 3631 6018 hoc
3657 5977 3802 6025 crs:-
