4028 6424
247 368 350 426 695

250 485 382 539 dere.
413 479 682 554 Quidquid
704 496 832 551 ergo
860 479 986 536 illud
1020 479 1121 535 erit
1143 479 1284 551 quod
1314 480 1426 535 fieri
1455 480 1719 549 oportebit
1748 480 1813 532 ad

251 575 449 641 Filium,
475 591 584 630 non
613 574 765 630 faciet
793 574 950 630 Pater
980 575 1078 629 nisi
1105 589 1199 644 per
1225 575 1470 629 eumdem
1500 574 1711 628 Filium.
1741 571 1821 627 Ad

251 673 406 739 ipsum
433 669 674 734 scilicet,
717 670 838 737 quia
881 666 1044 721 Filius
1085 666 1312 722 hominis
1353 674 1516 721 estet
1547 665 1716 719 factus
1744 674 1825 720 est

250 765 372 820 inter
396 763 600 816 omnia.
633 762 734 816 Per
758 762 930 830 ipsum
961 771 1175 826 autem,
1204 761 1324 831 quia
1357 760 1522 816 Filius
1545 760 1635 813 Dei
1666 766 1826 814 estet

248 869 331 921 per
357 854 508 907 illum
538 852 671 908 fiunt
699 868 727 906 a
755 851 915 908 Patre
935 852 1132 908 omnia.
1167 850 1223 907 Si
1254 859 1429 906 autem
1459 849 1597 920 quod
1624 849 1822 904 dictum

246 955 352 1013 est,
383 943 450 998 In
494 946 671 1016 iussu,
722 947 775 998 in
806 960 923 998 voce
948 945 1270 1015 archangeli;
1313 944 1477 1012 ipsius
1522 942 1821 1012 archangeli

243 1039 440 1108 jussum
490 1039 675 1092 volunt
733 1037 992 1108 intelligi,
1037 1037 1177 1091 sicut
1221 1035 1381 1091 verba
1421 1035 1530 1104 ipsa
1580 1033 1825 1089 videntur

247 1143 426 1184 sonare
452 1146 465 1182 :
492 1128 616 1198 quid
647 1128 726 1183 eis
755 1136 959 1193 restat,
993 1127 1095 1182 nisi
1123 1135 1181 1182 ut
1210 1126 1426 1196 Angelis
1451 1126 1610 1181 etiam
1647 1123 1820 1180 mino-

229 1236 349 1298 (rem
369 1221 552 1276 dicant
584 1221 909 1292 unigenitum
934 1219 1144 1283 Filium,
1176 1234 1401 1290 quorum
1423 1218 1586 1289 juasis
1610 1217 1825 1272 obedire

246 1313 580 1386 perhibetur,
611 1314 655 1368 si
682 1314 902 1383 jubente
932 1313 1107 1368 minor
1130 1320 1212 1369 est
1241 1311 1323 1366 cui
1350 1311 1598 1382 jubetur?
1624 1311 1822 1377 Quaru-

244 1408 313 1462 vis
340 1405 484 1477 quod
531 1406 730 1460 dictum
777 1413 878 1468 est,
912 1402 979 1458 In
1013 1406 1200 1474 jussu,
1243 1405 1294 1456 in
1335 1419 1451 1457 voce
1493 1402 1818 1473 archangeli,

244 1497 402 1568 possit
428 1497 592 1553 etiam
624 1497 700 1551 sic
731 1495 972 1566 intelligi,
1008 1505 1065 1549 ut
1086 1496 1195 1564 ipsa
1219 1510 1320 1548 vox
1345 1492 1647 1564 archangeli
1674 1492 1824 1562 jussu

246 1590 327 1646 Dei
358 1589 479 1645 ﬁeri
509 1589 836 1658 accipiatur,
877 1587 928 1642 id
955 1595 1071 1654 est,
1105 1595 1162 1640 ut
1187 1585 1408 1656 angelus
1447 1586 1537 1656 qui
1578 1583 1701 1638 tuba
1729 1584 1822 1639 Dei

242 1697 350 1738 esse
394 1680 774 1752 intelligendus
803 1687 886 1735 est
905 1721 918 1744 ,
948 1694 976 1732 a
1008 1678 1232 1733 Domino
1262 1677 1643 1747 Deojubeatur
1669 1675 1824 1730 emit-

244 1784 342 1828 tere
371 1788 564 1828 voc-cm
602 1787 794 1838 suam,
840 1769 980 1841 quod
1022 1769 1258 1825 inferiori
1289 1779 1546 1824 creaturae
1575 1782 1822 1822 necessa-

244 1867 367 1918 rium
398 1865 509 1919 erit
537 1863 724 1918 audire
743 1905 756 1928 ,
781 1878 899 1916 eum
928 1861 1094 1917 Filius
1125 1861 1216 1915 Dei
1247 1859 1535 1915 descendet
1563 1857 1632 1915 de
1661 1859 1821 1914 cmlo.

243 1955 345 2026 lpsa
377 1965 464 2012 est
491 1956 634 2011 enim
664 1956 786 2010 tuba
816 1955 883 2009 de
909 1969 1010 2024 qua
1044 1951 1174 2008 dicit
1198 1952 1302 2007 alio
1332 1952 1451 2006 loco
1477 1970 1489 2006 :
1512 1950 1666 2006 Canet
1690 1951 1824 2004 enim

241 2048 364 2114 tuba,
399 2057 448 2100 et
478 2047 662 2101 mortui
689 2055 947 2116 resurgent
975 2044 1255 2111 incorrupti
1285 2043 1328 2117 (Ι
1359 2042 1478 2099 Cor.
1514 2059 1606 2108 xv,
1636 2041 1748 2111 52).

299 2137 533 2194 CAPUT
583 2136 978 2192 Xan—Dixit
1022 2151 1151 2206 ergo
1199 2133 1396 2199 Filius,
1445 2133 1588 2188 Sicut
1632 2133 1819 2198 audio,

229 2233 396 2302 judico
428 2231 667 2303 (Joan.v,
687 2232 780 2299 50)
807 2248 820 2284 :
845 2231 956 2285 sive
983 2246 1048 2285 ex
1075 2229 1303 2283 humana
1334 2225 1682 2296 subjectione,
1701 2224 1820 2296 quia

237 2335 282 2379 et
319 2324 494 2379 Filius
534 2322 765 2378 honunis
793 2331 902 2386 est;
951 2320 1063 2376 sive
1091 2317 1382 2374 secundum
1431 2317 1573 2372 illam
1620 2317 1820 2370 incom-

240 2415 540 2470 mutabilem
578 2413 982 2484 simplicemque
1013 2421 1274 2475 naturam,
1304 2424 1423 2479 qua:
1451 2409 1526 2462 sic
1556 2416 1639 2461 est
1665 2407 1816 2470 Filii,

240 2517 285 2561 ut
311 2519 488 2562 tamen
521 2506 568 2560 ei
596 2505 662 2561 de
688 2505 846 2560 Patre
871 2505 938 2558 sit
964 2523 975 2557 :
998 2503 1048 2556 in
1077 2518 1177 2572 qua
1207 2509 1392 2556 natura
1423 2517 1525 2554 non
1553 2509 1635 2554 est
1673 2498 1819 2552 aliud

237 2601 412 2655 audire
431 2642 447 2666 ,
495 2598 639 2653 aliud
665 2597 873 2664 videre,
903 2596 1042 2651 aliud
1069 2611 1218 2662 esse;
1245 2595 1338 2650 sed
1369 2594 1510 2664 quod
1543 2602 1626 2649 est
1653 2607 1774 2648 esse
1801 2634 1814 2655 ,

238 2692 325 2746 hoc
347 2691 539 2745 audire
560 2731 576 2757 ,
609 2689 708 2744 hoc
734 2688 934 2743 videre.
979 2686 1131 2744 Unde
1155 2687 1222 2742 ab
1250 2687 1339 2740 illo
1368 2686 1417 2741 ei
1449 2695 1531 2740 est
1553 2683 1739 2740 audire
1767 2695 1819 2739 et

237 2784 408 2839 videre
435 2827 450 2851 ,
494 2799 523 2836 a
553 2800 658 2852 quo
686 2781 755 2836 illi
784 2790 867 2836 est
893 2782 1062 2850 ipsum
1091 2795 1231 2835 esse.
1261 2778 1393 2833 Nam
1439 2788 1492 2833 et
1523 2776 1646 2832 illud
1677 2776 1818 2846 quod

238 2879 348 2934 alibi
374 2880 476 2942 ait,
513 2875 566 2930 Ν
571 2895 635 2931 an
663 2885 825 2947 potest
856 2873 1022 2928 Filius
1049 2890 1082 2927 a
1106 2891 1159 2929 se
1186 2876 1350 2944 facere
1378 2871 1689 2942 quidquam,
1721 2869 1818 2924 nisi

236 2972 353 3042 quod
394 2970 579 3024 viderit
623 2967 829 3023 Patrem
869 2967 1168 3038 facientem,
1215 2965 1383 3020 multo
1413 2973 1493 3018 est
1523 2963 1589 3018 ad
1618 2963 1816 3018 intelli-

235 3064 456 3135 gendum
485 3061 755 3116 difficilius
786 3075 943 3130 quam
974 3057 1076 3112 hoc
1106 3056 1246 3128 quod
1275 3056 1360 3112 isti
1388 3065 1698 3127 posuerunt,
1731 3055 1816 3109 ubi

235 3158 368 3223 dixit,
405 3156 557 3212 Sicut
587 3153 760 3218 audio,
783 3153 983 3224 judico.
1016 3149 1073 3206 Si
1099 3150 1239 3203 enim
1272 3165 1369 3202 non
1401 3158 1559 3217 potest
1591 3145 1758 3200 Filius
1786 3161 1818 3197 a

235 3266 280 3302 se
302 3252 467 3320 facere
509 3246 816 3317 quidquam,
867 3243 964 3296 nisi
1008 3241 1143 3311 quod
1175 3242 1350 3294 viderit
1384 3239 1591 3293 Patrem
1622 3239 1816 3308 facien-

238 3352 356 3406 tem;
387 3337 666 3410 quomodo
697 3335 888 3405 poterit
908 3333 1166 3404 judicare,
1193 3332 1233 3385 si
1264 3331 1473 3386 Patrem
1501 3347 1602 3383 non
1628 3328 1818 3383 viderit

234 3430 592 3500 judicautem?
621 3428 724 3484 Sed
760 3427 914 3481 Pater
949 3443 1047 3480 non
1077 3425 1278 3495 judico!
1307 3439 1643 3493 quemquam;
1671 3437 1818 3475 omne

234 3523 416 3594 quippe
438 3520 695 3592 judicium
717 3517 852 3571 dedit
876 3515 1031 3569 Filio.
1063 3514 1271 3569 Judicat
1291 3529 1416 3583 ergo
1441 3512 1627 3579 Filius,
1659 3526 1815 3566 acce-

236 3623 329 3679 pto,
355 3631 382 3667 a
417 3613 600 3677 Patre,
633 3626 734 3663 non
767 3608 966 3678 aliquo,
996 3605 1089 3661 sed
1132 3605 1277 3659 omni
1304 3603 1536 3674 judicio;
1574 3601 1818 3674 quamvis

237 3704 435 3760 Patrem
480 3720 587 3756 non
629 3701 804 3754 videat
837 3697 1199 3769 iudicantem,
1247 3695 1367 3766 quia
1415 3695 1504 3750 ille
1550 3697 1816 3750 neminem

141 3813 149 3822 '
231 3796 440 3865 judicat.
475 3797 758 3866 Quomodo
786 3796 942 3866 igitur
973 3812 1071 3847 non
1104 3801 1263 3863 potest
1295 3790 1344 3845 F
1346 3791 1461 3845 ilius
1501 3808 1532 3844 a
1566 3808 1618 3844 se
1652 3795 1819 3862 facere

233 3894 541 3961 quidquam,
593 3889 690 3943 nisi
727 3887 863 3960 quod
906 3886 1082 3940 uiderit
1131 3883 1337 3937 Patrem
1387 3882 1671 3952 facientem,
1695 3897 1815 3936 cum

227 3981 446 4052 'judicet,
476 3999 573 4037 nec
597 3981 805 4036 Patrem
836 3973 1389 4050 videatjudicantem?
1415 3973 1528 4030 Non
1557 3974 1698 4029 enim
1723 3972 1815 4039 ait,

236 4077 342 4131 .Non
373 4086 550 4148 potest.
588 4075 751 4129 Filius
783 4090 813 4127 a
843 4090 894 4127 se
915 4073 1082 4142 facere
1105 4070 1400 4140 quidquam,
1431 4069 1528 4122 nisi
1552 4068 1692 4140 quod
1721 4084 1818 4124 au-

232 4169 378 4222 dierit
430 4169 642 4222 Patrem
688 4165 994 4235 iubentem;
1046 4161 1174 4228 sed,
1217 4159 1353 4230 quod
1394 4159 1569 4214 viderit
1616 4159 1820 4214 Patrem

233 4263 518 4331 facientem.
549 4259 606 4314 in
635 4259 731 4312 ista
761 4257 1072 4322 intendant,
1106 4255 1203 4310 ista
1235 4254 1485 4321 cogitent,
1519 4253 1615 4308 ista
1638 4252 1819 4331 consi-

233 4351 447 4416 derent;
471 4358 525 4405 et
545 4366 728 4404 eorum
757 4348 983 4419 quodai‘n
1013 4346 1191 4414 modo,
1212 4342 1465 4416 quantum
1491 4343 1605 4399 fieri
1625 4329 1816 4415 potest,

230 4454 546 4502 excarnetur
599 4444 862 4508 intentio,
919 4441 1010 4512 qui
1063 4439 1365 4495 carnalibus
1414 4438 1820 4508 cogitationibus

235 4542 523 4595 moliuntur
538 4552 696 4592 unam
710 4534 981 4589 Trinitatis
995 4531 1345 4602 eamdemque
1361 4539 1602 4586 naturam
1627 4539 1674 4584 el
1691 4529 1818 4585 suh-

233 4633 543 4687 stantiarum
590 4643 837 4699 separare
865 4625 1117 4681 distantia
1141 4624 1155 4655 ¹
1181 4666 1194 4690 ,
1225 4632 1282 4678 ει
1309 4629 1626 4693 potestatum
1647 4620 1821 4701 gradi—

235 4725 324 4779 bus
350 4725 629 4781 ordinare.
657 4724 782 4779 ideo
808 4720 950 4777 enim
977 4717 1177 4775 dictum
1207 4727 1289 4773 est
1309 4758 1322 4784 ,
1367 4714 1506 4786 quod
1537 4730 1640 4769 non
1668 4713 1822 4769 faciat

233 4817 435 4888 aliquid
462 4818 632 4872 Filius
660 4833 689 4870 a
731 4831 788 4872 se
809 4857 821 4880 ,
871 4815 990 4886 quia
1029 4828 1134 4868 non
1163 4820 1245 4868 est
1275 4825 1305 4871 ρ
1334 4823 1392 4866 se
1413 4828 1425 4863 :
1448 4817 1502 4864 et
1529 4807 1646 4864 ideo
1672 4806 1822 4878 quid—

230 4911 347 4980 quid
375 4909 525 4978 facit,
555 4909 766 4964 Patrem
788 4907 933 4962 videt
961 4905 1270 4969 facientem;
1298 4901 1419 4972 quia
1449 4899 1591 4955 videt
1617 4915 1679 4954 ex
1707 4899 1821 4968 ipso

237 4999 459 5056 faciendi
491 5016 550 5056 se
580 4998 782 5054 habere
829 4997 1157 5068 potentiam,
1194 5010 1258 5050 ex
1301 5007 1406 5064 quo
1448 5007 1506 5046 se
1537 4990 1678 5045 videt
1710 4989 1821 5044 exi-

235 5093 406 5148 stendi
438 5093 638 5147 habere
670 5100 935 5143 naturam.
970 5087 1036 5141 Et
1063 5085 1202 5155 quod
1241 5086 1351 5149 ait,
1397 5099 1454 5138 se
1489 5097 1594 5136 non
1635 5096 1817 5152 posse,

235 5200 332 5240 non
363 5183 665 5241 deficientis
691 5191 771 5238 est
791 5223 804 5248 ,
837 5180 930 5236 sed
961 5181 1010 5234 in
1042 5195 1105 5234 eo
1129 5177 1268 5248 quod
1296 5176 1361 5232 de
1388 5176 1544 5231 Patre
1569 5185 1721 5229 natus
1743 5184 1824 5228 est

237 5277 601 5343 permanentis
633 5293 645 5328 :
683 5283 895 5344 tamque
952 5269 1214 5325 laudabile
1267 5277 1348 5324 cst
1403 5267 1820 5335 omnipotentem

236 5385 334 5423 non
368 5385 526 5439 posse
555 5367 744 5421 mutari
769 5409 781 5433 ,
825 5379 980 5435 (piam
1011 5362 1270 5417 laudabile
1297 5369 1379 5415 est
1406 5358 1548 5430 quod
1581 5358 1822 5429 omnipoo

235 5471 348 5515 lens
382 5478 489 5516 non
520 5467 694 5531 potest
721 5458 874 5513 mori.
906 5457 1094 5512 Posset
1123 5455 1264 5510 enim
1293 5452 1457 5507 Filius
1486 5451 1658 5506 facere
1679 5451 1819 5521 quod

241 5570 345 5608 non
375 5555 597 5610 vidisset
623 5555 834 5607 Patrem
865 5549 1167 5615 facientem,
1200 5547 1240 5601 si
1276 5555 1454 5616 posset
1483 5543 1657 5598 facere
1682 5543 1823 5612 quod

237 5663 329 5716 per
357 5649 502 5704 illum
530 5664 639 5703 non
666 5645 785 5700 facit
817 5644 968 5699 Pater
995 5662 1006 5697 :
1032 5643 1132 5698 hoc
1157 5650 1269 5708 est,
1299 5638 1342 5694 si
1370 5646 1549 5709 posset
1574 5651 1820 5706 peccare,

297 5828 310 5855 ⁸
341 5834 415 5872 su:
439 5831 538 5874 uss.
560 5827 678 5872 miti
705 5835 839 5880 vero,
866 5834 1006 5869 unum
1048 5820 1317 5868 trinitatem
1342 5817 1647 5878 eamdemque
1685 5818 1822 5863 natu-

235 5900 338 5936 "am
363 5894 407 5936 τι
435 5885 732 5942 substantiam
759 5879 982 5948 separare
1005 5879 1248 5932 distantia.

1652 365 1853 421 LIBER
1891 364 2094 423 UNUS.

3410 371 3515 428 (:95

1938 493 2109 548 neque
2134 487 2332 535 naturm
2359 479 2756 537 immutabiliter
2775 480 2946 549 bona),
2975 499 3090 554 qua:
3112 500 3138 537 a
3167 485 3319 541 Patre
3341 487 3517 556 genita

1935 581 2036 635 est,
2068 573 2372 628 convenire.
2423 573 2531 628 lloc
2557 582 2731 629 autem
2767 576 2887 644 quia
2916 591 3020 632 non
3053 585 3255 646 potest,
3288 593 3392 632 non
3423 579 3518 634 de-

1936 661 2172 718 ficienter
2198 681 2299 718 non
2334 672 2537 733 potest,
2567 666 2661 721 sed
2689 676 2950 737 petenter.

2005 755 2229 810 CAPUT
2269 755 2682 812 XV.——-Eadeni
2731 774 2958 830 namque
3003 770 3122 814 sunt
3157 776 3316 830 opera
3350 761 3519 814 Patris

1935 853 1987 898 et
2025 845 2167 914 Filii,
2201 863 2303 901 non
2333 849 2473 918 quod
2499 849 2664 906 Filius
2693 851 2763 906 sit
2792 851 2932 906 idem
2961 851 3072 922 ipse
3100 853 3187 922 qui
3217 851 3372 907 Pater
3396 862 3479 906 est
3503 869 3515 914 ;

1935 939 2027 993 sed
2069 940 2191 1010 quia
2239 941 2439 996 inillnm
2480 957 2612 1012 Opus
2652 955 2733 998 est
2772 944 2925 1013 Filii,
2954 944 3096 1014 quod
3145 960 3248 999 non
3277 960 3372 1015 per
3397 961 3518 1000 eum

1937 1032 2093 1088 Pater
2122 1033 2274 1096 facit;
2307 1051 2408 1090 nrc
2445 1036 2608 1091 ullum
2651 1038 2822 1094 Patris
2846 1081 2862 1105 ,
2904 1039 3043 1109 quod
3069 1054 3176 1094 non
3204 1055 3298 1110 per
3328 1039 3516 1094 Filium

1935 1125 2090 1181 simul
2128 1127 2403 1183 facientem
2439 1129 2578 1184 facit.
2625 1130 2960 1202 Quacumque
2995 1133 3127 1186 enim
3172 1131 3328 1186 Pater
3375 1133 3516 1202 facit,

1935 1219 2040 1272 lucc
2079 1221 2252 1274 eadem
2294 1219 2460 1274 Filius
2503 1221 2731 1276 similiter
2772 1227 2894 1294 facit
2944 1222 3122 1294 (Joan.
3167 1241 3214 1288 v,
3270 1223 3374 1286 19,’
3397 1224 3514 1291 Ἡ).

1937 1307 2248 1379 Evangelica
2303 1319 2384 1365 cst
2413 1321 2464 1366 et
2503 1313 2601 1365 ista
2633 1313 2894 1368 sententia
2917 1353 2930 1377 ,
2975 1314 3090 1368 Filii
3136 1315 3299 1385 ipsius
3329 1329 3518 1369 cause-

1933 1408 2163 1468 quenter
2188 1415 2281 1456 ore
2311 1402 2531 1472 prolata.
2562 1403 2676 1458 Non
2717 1411 2841 1460 sunt
2867 1419 2993 1475 ergo
3027 1405 3129 1460 alia
3156 1405 3308 1467 Filii,
3337 1416 3388 1460 ει
3415 1390 3542 1459 alia.

1935 1491 2106 1547 Patris
2134 1509 2314 1563 Opera,
2350 1495 2442 1550 sed
2473 1496 2582 1551 hwc
2605 1497 2778 1552 eadem
2807 1513 2824 1552 :
2850 1513 2950 1554 nec
2972 1498 3300 1554 dissimiliter
3327 1503 3458 1554 tiuat
3486 1515 3515 1552 a

1933 1583 2088 1652 Filio,
2121 1587 2212 1641 sed
2241 1589 2489 1644 similiter.
2521 1589 2651 1644 Cum
2696 1599 2870 1646 autem
2897 1605 3002 1646 non
3031 1591 3132 1647 alia
3169 1593 3356 1647 similia
3378 1635 3392 1657 ,
3422 1593 3521 1647 sed

1934 1675 2047 1731 hare
2069 1678 2256 1735 eadem
2286 1680 2413 1736 fiant
2440 1697 2470 1736 a
2501 1681 2634 1738 Filio
2661 1698 2778 1753 qua:
2820 1682 2952 1738 fiunt
2975 1699 3004 1738 a
3035 1684 3219 1749 Patre;
3247 1684 3370 1754 quid
3397 1695 3476 1740 est
3500 1726 3514 1748 ,

1931 1770 2162 1825 similiter
2185 1815 2199 1838 ,
2247 1773 2346 1828 nisi
2377 1789 2480 1830 non
2507 1775 2751 1832 dissimili
2799 1775 3106 1842 facilitate‘,
3143 1793 3246 1833 non
3275 1778 3517 1833 dissimili

1934 1863 2230 1930 potestate?
2259 1865 2314 1918 Si
2343 1867 2483 1920 enim
2515 1868 2622 1922 lure
2647 1870 2819 1923 eadem
2859 1871 3071 1940 quidem
3103 1869 3260 1925 ambo
3290 1868 3516 1932 faciunt,

1884 1982 1891 1991 -
1932 1953 2026 2008 sed
2067 1955 2202 2012 alter
2237 1958 2406 2013 altero
2435 1961 2640 2016 facilius
2681 1971 2735 2016 et
2764 1964 3064 2032 patentius,
3099 1979 3201 2018 non
3235 1965 3414 2033 utique
3442 1964 3518 2017 si-

1931 2046 2114 2100 militer
2137 2063 2199 2101 ea
2227 2047 2351 2104 facit
2379 2049 2563 2107 Filius.
2595 2050 2723 2106 Cum
2753 2071 2879 2108 vero
2905 2064 2957 2110 ct
2991 2056 3098 2109 lucc
3126 2056 3300 2110 eadem
3343 2064 3397 2110 et
3444 2071 3518 2108 st-

1931 2137 2130 2200 mililcr,
2159 2140 2394 2208 profecto
2423 2158 2521 2197 nec
2543 2143 2640 2197 alia
2664 2154 2786 2198 sunt
2809 2145 2924 2199 Filii
2947 2163 3104 2214 quam
3133 2146 3302 2200 Patris
3328 2160 3513 2216 opera,

1931 2244 2030 2282 nee
2055 2233 2389 2300 eperantium
2420 2246 2500 2288 est
2527 2235 2733 2290 diversa
2765 2237 3019 2305 potentia.
3053 2236 3160 2291 Nec
3189 2238 3371 2307 utique
3400 2236 3515 2292 sine

1930 2321 2127 2391 Spiritu
2175 2334 2360 2381 saneto
2393 2344 2406 2382 :
2443 2343 2613 2396 neque
2657 2328 2798 2382 enim
2847 2344 2876 2382 a
2933 2328 3185 2383 faciendis
3235 2328 3513 2384 amborum

1928 2414 2176 2482 Operibu,
2207 2415 2314 2471 ullo
2365 2418 2524 2472 modo
2565 2418 2841 2474 amborum
2884 2421 3217 2489 separabitur
3260 2419 3511 2489 Spiritus.

1929 2505 2062 2559 Miro
2093 2507 2268 2577 itaque
2298 2508 2589 2578 eodemque
2626 2511 2807 2581 utique
2849 2513 3030 2567 divino
3057 2512 3215 2566 modo
3243 2511 3310 2566 ab
3336 2513 3512 2566 tuitui-

1910 2597 2024 2652 bus
2051 2599 2185 2654 fiunt
2213 2617 2372 2672 opera
2413 2603 2648 2658 inutilium
2673 2646 2684 2666 ,
2715 2605 2782 2660 ab
2810 2606 3055 2661 omnibus
3093 2606 3252 2662 etiam
3280 2605 3515 2675 singulo-

1927 2691 2209 2746 rum.Nam
2235 2693 2469 2747 nomium
2495 2712 2653 2764 opera
2686 2707 2811 2751 sunt
2836 2699 3030 2752 ca‘lnm
3059 2695 3113 2752 et
3138 2706 3275 2752 terra
3307 2696 3513 2752 omnis-

1926 2798 2028 2853 que
2080 2794 2342 2840 creatura.
2391 2785 2461 2839 De
2507 2785 2640 2839 Filio
2693 2788 2888 2859 quippe
2940 2790 3137 2842 dictum
3184 2787 3514 2842 cstzomuia

1927 2893 2013 2946 per
2039 2877 2203 2946 ipsum
2223 2877 2358 2946 facta
2383 2888 2496 2931 sunt
2527 2877 2633 2949 (Id.
2667 2896 2711 2947 ι,
2741 2881 2819 2951 5).
2852 2881 2980 2949 Quis
3007 2893 3183 2935 autem
3219 2881 3285 2935 ab
3317 2880 3512 2949 Spiritu

1925 2978 2109 3024 sancto
2136 2969 2327 3024 audeat
2371 2971 2604 3026 alienare
2652 2987 2812 3042 Opera
2858 2973 3212 3044 quarumlibet
3242 2983 3512 3030 creatura-

1926 3078 2064 3121 rum.
2093 3077 2249 3132 quem
2281 3064 2452 3117 cernit
2481 3065 2689 3132 ενοι-λιιι
2716 3064 2854 3120 dona
2884 3077 3208 3131 sanctorum,
3235 3065 3302 3121 de
3323 3066 3514 3136 quibus

1925 3154 2179 3223 scriptum
2225 3162 2309 3208 est
2340 3172 2350 3208 :
2386 3154 2571 3208 Omnia
2598 3167 2767 3209 autem
2799 3157 2904 3211 lucc
2936 3169 3175 3227 aperatur
3209 3174 3340 3211 unus
3368 3166 3516 3228 atque

1926 3245 2055 3298 idem
2099 3246 2355 3315 Spiritus,
2401 3247 2628 3302 dividens
2666 3250 2874 3319 propria
2922 3251 3191 3322 unicuique
3228 3260 3376 3322 prout
3411 3251 3550 3328 vult.

1927 3336 1966 3407 (Ι
1990 3336 2106 3391 Cor.
2145 3353 2240 3399 xu,
2274 3339 2396 3406 il)?
2419 3338 2714 3406 Postremo,
2745 3356 2863 3396 cum
2894 3341 2962 3396 sit
2985 3341 3229 3397 Christus
3259 3342 3513 3400 Dominus

1901 3427 2158 3482 .oinnium
2189 3427 2295 3498 (ltl.
2325 3446 2435 3494 vin,
2473 3429 2529 3499 ϐ)
2561 3441 2609 3484 ει
2641 3448 2800 3500 super
2825 3433 3000 3486 omnia
3043 3433 3181 3488 Deus
3207 3433 3515 3490 benedictus

1925 3520 1976 3574 in
2023 3521 2215 3575 sa'cula
2259 3520 2435 3592 (Rom.
2482 3538 2569 3586 ιχ,
2612 3521 2699 3592 5);
2750 3523 2873 3592 quid
2922 3540 2985 3578 ex
3035 3524 3281 3579 omnibus
3331 3527 3510 3595 negari

1927 3619 2100 3680 potest
2141 3613 2299 3666 etiam
2344 3613 2574 3682 Spiritus
2626 3615 2793 3668 sancti
2846 3630 3008 3684 opus,
3059 3615 3150 3685 qui
3202 3625 3285 3670 est
3338 3616 3509 3684 ipsum

1926 3703 2194 3758 Christum
2239 3703 2292 3758 in
2334 3714 2484 3758 utero
2513 3704 2734 3774 virginis
2775 3706 3060 3776 operatus?
3085 3706 3219 3762 Cum
3247 3705 3390 3761 enim
3417 3725 3514 3762 an-

1925 3795 2044 3864 gelo
2087 3793 2319 3850 futurum
2375 3804 2581 3864 partum
2627 3797 2728 3851 sibi
2772 3796 3034 3851 nuntianti
3071 3797 3218 3867 virgo
3255 3797 3508 3861 dixisset,

1930 3887 2194 3953 Quomodo
2243 3888 2326 3956 fiet
2376 3888 2546 3954 istud,
2596 3889 2835 3958 quoniam
2881 3888 3041 3942 cirum
3085 3906 3184 3944 non
3230 3907 3511 3961 cognosco;

1926 3994 2236 4050 responsum
2268 3978 2472 4050 accepit
2494 4021 2508 4042 ,
2551 3979 2778 4051 Spiritus
2811 3991 3014 4034 sanctus
3042 3983 3353 4052 superveniet
3381 3981 3434 4036 in
3465 3994 3514 4036 te

1931 4073 2079 4144 (Luc.
2109 4090 2160 4139 ι,
2191 4073 2278 4138 54,
2326 4074 2440 4142 55).
2471 4074 2809 4144 Singulorum
2838 4083 3013 4129 autem
3041 4089 3204 4143 opera
3230 4073 3475 4130 dicuntur
3494 4117 3508 4139 ,

1926 4184 2046 4239 quae
2065 4169 2130 4224 ad
2158 4183 2584 4239 unamquamque
2611 4183 2794 4224 eorum
2822 4168 3221 4224 manifestantur
3248 4169 3514 4238 pertinere

1929 4278 2231 4332 personam.
2278 4261 2428 4317 Sicut
2477 4270 2629 4316 natus
2674 4278 2743 4317 ex
2792 4261 2993 4330 virgine
3045 4277 3148 4316 non
3195 4261 3295 4316 nisi
3350 4261 3510 4316 Filius

1929 4353 2140 4425 (Matth.
2170 4369 2206 4420 I,
2236 4351 2428 4424 20-25)
2455 4370 2466 4407 :
2491 4360 2546 4406 et
2567 4366 2668 4406 vox
2695 4351 2763 4407 de
2789 4352 2929 4406 nube
2951 4394 2966 4418 ,
3001 4351 3074 4405 Tu
3101 4368 3152 4406 es
3183 4351 3348 4406 Filius
3375 4369 3512 4406 meus

1928 4445 2158 4512 dilectus,
2186 4446 2251 4498 ad
2279 4444 2441 4499 solius
2472 4457 2755 4514 personam
2783 4443 3014 4513 pertinet
3033 4443 3206 4499 Patris
3226 4462 3238 4498 :
3257 4453 3312 4500 et
3334 4445 3511 4514 specie

1928 4536 2212 4605 corporali,
2240 4536 2377 4590 sicut
2400 4535 2666 4598 columba,
2691 4535 2838 4589 solus
2865 4535 3108 4604 apparuit
3131 4535 3361 4605 Spiritus
3385 4551 3510 4591 sau-

1928 4640 2044 4684 ctns
2081 4627 2188 4700 (ιιι.
2228 4645 2304 4693 iu,
2341 4627 2426 4696 16,
2462 4629 2570 4701 i7).
2616 4629 2816 4684 Tamen
2857 4637 2914 4684 et
2940 4629 3077 4683 illam
3105 4644 3320 4685 carnem
3351 4630 3512 4683 solius

1931 4719 2067 4785 Filii,
2115 4729 2167 4774 et
2204 4719 2350 4773 illam
2380 4735 2562 4774 vocem
2606 4720 2773 4775 solius
2799 4721 3000 4784 Patris,
3029 4729 3082 4775 ct
3113 4721 3251 4774 illam
3279 4713 3509 4788 speciem

1929 4816 2094 4870 solius
2120 4814 2348 4885 Spiritus
2373 4813 2542 4868 sancti
2566 4857 2580 4881 ,
2629 4815 2872 4870 iniiveisa
2893 4815 3124 4871 Trinitas
3149 4820 3364 4883 operata
3391 4821 3511 4867 est:

1933 4923 2037 4960 non
2075 4905 2215 4977 quod
2243 4905 2504 4961 invalidus
2530 4905 2598 4961 sit
2637 4909 2996 4977 unusquisque
3020 4920 3226 4970 eorum,
3254 4903 3370 4959 sine
3395 4905 3514 4959 aliis

1930 4998 2069 5068 quod
2099 5007 2348 5069 operatur
2390 4998 2642 5067 implere;
2671 4999 2764 5054 sed
2795 5015 2898 5052 non
2931 5007 3102 5068 potest
3130 4995 3368 5065 operatio
3394 5011 3515 5053 esse

1931 5089 2131 5153 divisa,
2174 5089 2262 5144 ubi
2295 5103 2400 5144 non
2425 5088 2598 5144 solum
2629 5087 2848 5158 aequalis
2875 5096 2956 5142 est
2977 5128 2990 5151 ,
3034 5101 3218 5142 verum
3244 5085 3403 5141 etiam
3436 5087 3516 5142 in-

1932 5181 2159 5236 discreta
2191 5189 2376 5235 natura
2400 5198 2412 5234 :
2436 5183 2504 5235 ita
2534 5190 2590 5235 ut
2615 5196 2735 5236 cum
2769 5190 2874 5234 tres
2903 5179 3041 5242 sint,
3089 5185 3144 5234 et
3185 5192 3370 5232 eorum
3402 5179 3514 5234 sin-

1931 5275 2084 5344 gulas
2111 5275 2335 5344 quisque
2362 5275 2499 5329 Deus
2524 5275 2612 5339 sit,
2647 5282 2752 5327 tres
2785 5280 2960 5325 tamen
2990 5269 3060 5324 dii
3091 5284 3196 5324 non
3225 5269 3352 5325 sint.
3381 5270 3512 5326 Nam

1933 5374 1987 5420 et
2035 5366 2190 5421 Pater
2235 5365 2373 5420 Deus
2419 5374 2520 5429 est,
2567 5371 2622 5418 et
2663 5362 2828 5417 Filius
2875 5361 3013 5416 Deus
3057 5371 3156 5425 est,
3199 5371 3253 5418 et
3286 5361 3518 5433 Spiritus

1935 5466 2148 5512 sanctus
2179 5456 2314 5510 Deus
2342 5463 2451 5516 est;
2485 5469 2579 5508 nec
2609 5454 2771 5510 Filius
2798 5453 2936 5508 idem
2967 5455 3055 5523 qui
3091 5454 3248 5511 Pater
3272 5464 3386 5522 est,
3420 5469 3518 5510 nec
3562 5489 3566 5494 -

1937 5555 2074 5608 idem
2106 5551 2334 5622 Spiritus
2375 5557 2589 5604 sanctus
2615 5549 2702 5618 qui
2739 5557 2830 5602 aut
2869 5548 3024 5606 Pater
3061 5561 3148 5602 aut
3181 5551 3380 5618 Filius;
3424 5551 3516 5606 scil

1938 5645 2092 5698 Pater
2132 5657 2342 5709 semper
2371 5640 2526 5693 Pater
2545 5681 2558 5703 ,
2586 5649 2640 5693 et
2665 5637 2833 5694 Filius
2853 5654 3063 5709 semper
3088 5640 3254 5696 Filius
3277 5683 3292 5708 ,
3319 5649 3376 5695 et
3400 5656 3517 5694 am-

1937 5736 2121 5790 borum
2156 5733 2381 5801 Spiritus
2426 5746 2692 5802 nunquam
2735 5729 2979 5800 cuiquam
3027 5748 3209 5787 eorum
3237 5741 3330 5786 aut.
3365 5731 3520 5785 Pater

2005 5870 2017 5900 ¹
2047 5866 2179 5926 tiditi,
2206 5865 2441 5930 facultate.
2471 5871 2574 5917 Mss.
2597 5872 2776 5928 autem,
2801 5863 3044 5930 facilitate.
