4028 6452
456 378 561 434 695

456 502 547 548 aut
575 493 769 562 Filius,
806 495 900 550 scd
937 509 1148 566 semper
1185 494 1460 564 utriusque
1496 493 1724 563 Spiritus
1751 510 1763 545 :
1789 490 2033 545 universa

458 599 633 642 tamen
664 588 893 643 Trinitas
918 603 1054 643 unus
1078 595 1159 643 est
1177 588 1335 642 Deus.
1363 586 1491 655 Quis
1519 586 1693 657 itaque
1722 598 1898 657 neget,
1930 601 2034 641 non

460 679 692 742 Patrem,
722 694 826 732 non
850 678 1101 748 Spiritum
1128 688 1388 739 sanctum,
1412 676 1504 731 sed
1525 676 1716 730 Filium
1739 676 2037 731 ambulasse

456 786 621 839 super
643 786 806 841 aquas
831 769 1042 840 (Matth.
1067 784 1175 835 xw,
1212 768 1337 837 25)?
1363 767 1539 823 Solius
1562 768 1702 822 enim
1742 767 1892 821 Filii‘
1912 781 2036 821 caro

458 870 562 926 cst,
588 861 737 931 cujus
763 861 936 915 carnis
964 860 1036 914 illi
1064 860 1226 931 pedes
1250 859 1400 930 aquis
1426 860 1657 930 impositi
1680 868 1735 914 et
1760 875 1855 929 per
1873 874 2036 929 aquas

458 953 601 1007 ducti
646 960 788 1006 sunt.
837 952 987 1005 Absit
1028 959 1204 1005 autem
1251 960 1307 1005 ut
1344 951 1445 1006 hoc
1491 951 1605 1005 sine
1648 950 1805 1005 Patre
1847 950 2037 1006 fecisse

456 1042 733 1107 credatur;
764 1057 882 1095 cum
926 1042 993 1097 de
1030 1043 1140 1097 suis
1183 1042 1433 1111 Operihus
1458 1042 1825 1097 universaliter
1852 1041 2034 1110 dicat,

459 1130 615 1185 Pater
640 1140 807 1185 autem
840 1132 891 1185 iu
918 1149 995 1186 me
1032 1149 1238 1188 manens
1268 1134 1389 1205 facit
1413 1150 1566 1203 opera
1594 1151 1686 1188 sua
1715 1134 1893 1203 (Joan.
1924 1149 2034 1199 xw,

458 1223 547 1292 10)
575 1241 587 1276 :
614 1232 704 1276 aut
742 1224 858 1279 sine
902 1222 1100 1293 Spiritu
1140 1235 1354 1291 sancto;
1387 1240 1507 1279 cum
1538 1224 1780 1280 similiter
1809 1239 1942 1295 opus
1969 1225 2039 1279 sit

456 1316 599 1383 Filii,
628 1317 768 1387 quod
799 1317 1039 1386 ejiciebat
1066 1317 1346 1372 dmmonia.
1381 1318 1524 1372 Illius
1549 1318 1741 1389 quippe
1769 1318 1944 1373 carnis
1970 1318 2035 1372 ad

453 1407 626 1461 solum
658 1407 846 1461 Filium
878 1408 1189 1477 pertinentis
1218 1409 1391 1480 lingua
1438 1417 1579 1476 erat,
1608 1424 1712 1480 qua
1735 1408 2037 1480 imperaba-

461 1510 548 1553 tur
574 1496 905 1553 dzemonibus
935 1508 991 1553 ut
1017 1500 1220 1555 exirent
1242 1509 1327 1556 :et
1360 1510 1534 1557 tamen
1563 1501 1712 1569 dicit,
1745 1501 1813 1556 In
1839 1502 2037 1572 Spiritu

457 1599 633 1644 uncto
653 1590 799 1660 ejicio
837 1591 1085 1645 diemouia
1116 1591 1327 1662 (Matth.
1360 1608 1433 1647 xu
1455 1636 1469 1661 ,
1495 1592 1609 1664 28).
1632 1592 1761 1648 Item
1790 1594 1911 1664 quis
1936 1594 2037 1648 nisi

459 1683 605 1737 solus
632 1684 796 1738 Filius
827 1684 1147 1740 resurrexit?
1188 1684 1317 1751 Quia
1356 1686 1502 1741 solus
1538 1687 1672 1740 mori
1718 1686 1919 1756 potuit,
1948 1687 2037 1757 qui

458 1788 673 1829 carnem
715 1774 895 1830 habuit
923 1794 935 1829 :
959 1785 1015 1831 et
1053 1787 1227 1832 tamen
1274 1778 1342 1832 ab
1377 1776 1479 1832 hoc
1508 1792 1703 1847 opere,
1744 1792 1851 1848 quo
1893 1778 2037 1833 solus

460 1860 626 1920 Filius
682 1867 1004 1933 resurrexit,
1056 1883 1160 1922 non
1213 1877 1325 1922 crat
1355 1868 1514 1923 Pater
1556 1869 1781 1935 alienus,
1814 1868 1882 1925 de
1932 1884 2038 1939 quo

457 1957 715 2026 scriptum
740 1966 823 2013 est
845 2000 860 2025 ,
907 1958 1005 2023 Qui
1043 1959 1298 2013 suscitavit
1327 1976 1359 2013 α
1385 1961 1594 2013 mortuis
1620 1958 1795 2014 Iesum
1824 1960 2033 2033 (Galat.

455 2065 494 2114 ι,
526 2051 602 2119 1).
629 2050 710 2103 Αη
734 2050 868 2105 forte
892 2066 950 2105 sc
979 2052 1091 2121 ipse
1116 2066 1220 2105 non
1248 2052 1554 2107 suscitavit?
1580 2052 1647 2106 Et
1677 2053 1764 2108 ubi
1793 2062 1873 2108 est
1895 2055 2035 2124 quod

454 2139 1374 2212 ait,SolvitetemﬂumItoc,cttriduo
1394 2144 1643 2198 suscitabo
1688 2144 1821 2199 illud
1858 2146 2035 2213 (Joan.

458 2248 497 2286 u
516 2274 532 2300 ,
562 2233 685 2303 l9);
714 2243 768 2289 et
804 2233 945 2305 quod
974 2243 1291 2305 potestatem
1322 2251 1381 2292 se
1410 2236 1607 2292 habere
1635 2237 1764 2292 dicit
1808 2239 2036 2307 ponendi

454 2332 512 2377 et
563 2324 754 2379 iterum
796 2325 1038 2380 sumendi
1067 2326 1296 2381 animam
1338 2341 1486 2381 suam
1523 2327 1635 2399 (Id.
1667 2345 1723 2393 ι,
1759 2328 1885 2401 18)?
1910 2331 2037 2399 Quis

458 2424 633 2471 autem
657 2418 727 2472 ita
748 2417 975 2488 desipiat
994 2460 1007 2481 ,
1036 2427 1092 2473 ut
1126 2428 1276 2490 putet
1303 2419 1556 2489 Spiritum
1584 2432 1822 2476 sanctum
1854 2437 2035 2478 resur-

456 2508 750 2563 rectionem
805 2509 1035 2565 hominis
1086 2508 1280 2565 Christi
1336 2527 1441 2566 non
1496 2522 1859 2583 eoopcratum,
1915 2529 2034 2569 cum

456 2598 632 2667 ipsum
663 2598 930 2655 hominem
961 2598 1231 2655 Christum
1261 2602 1415 2657 fuerit
1440 2604 1729 2673 operatus?

526 2707 751 2765 CAPUT
789 2709 927 2765 XVI.
958 2742 1028 2750 ——
1056 2712 1152 2767 Est
1187 2712 1237 2766 in
1290 2712 1505 2770 homine
1534 2714 1708 2771 simile
1753 2717 2031 2787 quiddam,

455 2801 701 2871 quamvis
726 2818 1059 2873 nequaquam
1092 2803 1229 2858 illius
1264 2805 1569 2871 Trinitatis,
1611 2821 1730 2877 qua:
1761 2808 1900 2864 Deus
1926 2820 2035 2875 est,

459 2890 789 2947 excellentia:
832 2894 1244 2963 comparandum
1270 2913 1283 2947 :
1307 2896 1395 2951 ille
1421 2898 1562 2952 enim
1591 2900 1731 2955 Deus
1771 2910 1887 2966 est,
1935 2904 2034 2958 ista

455 2990 732 3037 creatura:
756 2982 916 3038 habet
945 2993 1119 3041 tamen
1160 2986 1355 3057 aliquid
1382 2996 1435 3042 et
1460 2989 1556 3044 ista
1579 3030 1593 3055 ,
1626 2990 1714 3047 ubi
1739 2993 2035 3062 qualicum-

455 3087 564 3141 que
592 3073 752 3128 modo
785 3073 838 3129 id
867 3076 1005 3145 quod
1035 3076 1105 3133 de
1136 3078 1222 3131 illa
1250 3078 1497 3135 ineffabili
1544 3081 1637 3137 Dei
1683 3092 1868 3137 natura
1900 3084 2034 3141 dici-

456 3173 565 3231 tur,
619 3166 787 3234 possit
834 3167 1074 3238 intelligi.
1126 3168 1309 3240 Neque
1358 3172 1499 3227 enim
1552 3174 1747 3230 frustra
1798 3191 1904 3231 non
1954 3188 2037 3234 est

382 3304 389 3309 .
453 3255 656 3312 dictum
677 3297 693 3323 ,
725 3256 998 3314 Faciamus
1024 3261 1271 3317 hominem
1302 3263 1366 3318 ad
1394 3264 1677 3337 imaginem
1708 3276 1849 3323 tuam
1870 3310 1887 3336 ,
1912 3280 2031 3326 tau—

452 3362 613 3418 quam
663 3349 821 3405 Pater
864 3350 999 3407 Filio
1046 3353 1390 3424 loqueretur;
1449 3365 1581 3423 aut,
1631 3359 1697 3415 ad
1752 3361 2032 3432 imaginem

452 3452 628 3495 meam
656 3442 783 3497 :sed
809 3442 1007 3498 dictum
1038 3454 1117 3500 est
1138 3487 1152 3513 ,
1180 3447 1249 3499 ad
1272 3448 1541 3519 imaginem
1567 3460 1790 3505 nostram
1812 3453 1962 3524 (Gen.
1993 3471 2029 3521 ι,

451 3530 567 3601 26).
609 3531 765 3600 Quod
804 3549 870 3589 ex
913 3550 1139 3606 persona
1188 3537 1356 3607 ipsius
1409 3539 1682 3597 Trinitatis
1734 3545 2033 3601 rectissime

452 3622 727 3693 accipitur.
760 3624 882 3679 Tria
926 3627 1101 3697 itaque
1145 3628 1241 3683 ista
1273 3629 1325 3682 in
1366 3629 1599 3686 hominis
1624 3633 1799 3689 anima
1835 3636 2031 3706 cogite-

448 3727 572 3769 mus
591 3757 604 3780 ,
633 3717 944 3771 memoriam
967 3760 981 3785 ,
1009 3717 1427 3791 intelligentiam,
1467 3723 1790 3781 voluntatem
1816 3744 1829 3781 :
1853 3727 1921 3782 ab
1948 3728 2031 3784 his

450 3805 621 3859 tribus
651 3806 709 3861 tit
736 3821 893 3863 omne
929 3809 1069 3879 quod
1112 3808 1354 3866 facimus.
1385 3813 1451 3869 Et
1478 3829 1597 3869 eum
1643 3816 1737 3871 tria
1769 3818 1867 3873 ista
1894 3820 2030 3876 bene

449 3904 700 3966 recteque
737 3912 855 3954 sese
898 3898 1125 3967 habent,
1170 3902 1368 3959 bonum
1407 3914 1461 3959 et
1502 3915 1702 3961 rectum
1748 3917 1829 3964 est
1870 3925 2029 3967 omne

450 3985 592 4053 quod
622 3985 874 4054 facimus;
906 3989 950 4044 si
981 4003 1078 4046 nec
1103 3994 1411 4048 memoriam
1439 3994 1667 4066 decipiat
1695 3998 1910 4066 oblivio,
1930 4017 2029 4059 uec

449 4091 603 4130 error
641 4077 1075 4149 intelligentiam,
1125 4096 1223 4138 nec
1263 4084 1509 4155 iniquitas
1550 4089 1897 4146 voluntatem.
1944 4094 2022 4149 Ad

452 4164 544 4220 Dei
583 4168 779 4238 quippe
821 4171 1101 4241 imaginem
1140 4174 1218 4228 sic
1259 4175 1625 4233 reformamur.
1655 4180 1827 4237 Omne
1870 4184 2028 4254 igitur

448 4272 582 4326 opus
609 4269 847 4314 nostrum
882 4261 950 4316 ab
987 4262 1068 4316 his
1102 4264 1268 4320 tribus
1305 4266 1401 4322 ﬁt:
1429 4268 1559 4323 nihil
1599 4272 1737 4326 enim
1780 4275 1984 4344 agimus
2008 4318 2021 4343 ,

446 4349 588 4418 quod
617 4366 720 4405 non
744 4351 857 4407 lucc
889 4354 986 4410 tria
1004 4356 1157 4411 simul
1177 4368 1354 4429 agant.
1376 4361 1573 4419 Deinde
1586 4380 1704 4420 cum
1723 4366 1789 4423 de
1803 4368 2025 4441 singulis

446 4439 745 4509 loquimur,
798 4444 957 4500 etiam
1005 4448 1143 4517 quod
1179 4451 1245 4505 ad
1273 4453 1475 4523 singula
1505 4458 1730 4524 pertinet
1754 4461 1823 4517 ah
1845 4439 2022 4518 omni-

446 4529 547 4584 bus
573 4532 762 4601 agitur.
786 4533 968 4606 Neque
991 4538 1129 4592 enim
1161 4555 1459 4600 sermonem
1491 4562 1648 4616 quem
1677 4550 1743 4605 de
1768 4554 1878 4607 sola
1908 4570 2023 4609 me-

444 4623 611 4676 moria
646 4624 886 4692 facimus,
922 4632 1174 4686 memoria
1215 4634 1326 4689 sola
1374 4637 1528 4692 facit:
1554 4641 1647 4696 sed
1675 4641 2020 4716 intelligentia

444 4715 792 4787 voluntasque
837 4733 1189 4790 cooperantur
1229 4741 1385 4791 eum,
1438 4735 1684 4800 quamvis
1732 4738 1797 4789 ad
1854 4741 2021 4795 solam

444 4808 755 4887 memoriam
803 4814 1172 4880 pertinentem.
1224 4818 1335 4872 Hoc
1370 4831 1423 4874 et
1465 4822 1531 4875 de
1580 4824 1787 4883 duobus
1813 4833 2020 4887 eteteris

443 4878 624 4951 videre
653 4878 956 4956 facillimum
987 4914 1089 4960 est.
1121 4906 1250 4962 Nam
1290 4910 1546 4981 quidquid
1584 4878 2016 4988 desewips‘a'i'n':

443 4985 732 5057 lclligeutia
782 4991 1010 5061 loquitur
1032 5035 1048 5060 ,
1095 4997 1210 5052 sine
1247 5003 1500 5056 memoria
1531 5015 1584 5058 et
1613 5008 1883 5066 voluntate
1912 5028 2016 5068 non

445 5075 680 5146 loquitur
705 5099 716 5132 :
740 5090 793 5135 et
822 5085 1074 5155 quidquid
1129 5087 1195 5143 de
1223 5105 1282 5144 se
1320 5091 1430 5161 ipsa
1470 5096 1715 5154 voluntas
1760 5101 1887 5157 dicit
1928 5115 2018 5160 aut

437 5170 644 5236 scribit,
672 5175 788 5229 sine
811 5177 1152 5249 intelligentia
1181 5188 1543 5258 mimoriaque
1571 5208 1674 5246 non
1700 5192 1843 5252 facit.
1872 5199 2014 5267 Qua-

439 5268 594 5316 :cnus
640 5265 747 5319 sint
792 5278 965 5325 autem
1021 5273 1118 5326 ista
1163 5275 1388 5346 similia,
1436 5289 1487 5334 et
1533 5299 1717 5340 rursus
1761 5300 2013 5358 quantum

439 5353 714 5411 dissimilia
745 5359 816 5413 illi
847 5361 1265 5423 incommutabili
1294 5370 1558 5441 Trinitati,
1587 5394 1704 5447 qua:
1736 5353 1875 5437 Deus
1898 5394 2011 5454 est,

435 5442 649 5515 longum
680 5459 762 5503 est
784 5455 1208 5516 enucleatissime
1236 5462 1523 5534 disputare.
1544 5442 1647 5524 Sed
1671 5471 1789 5528 ideo
1812 5442 2011 5534 tantum

434 5536 539 5593 hoc
569 5548 1088 5603 commemorandum
1120 5555 1317 5622 putavi,
1360 5559 1598 5614 utetiam
1628 5562 1695 5618 de
1722 5565 1832 5635 ipsa
1858 5582 2009 5624 crea-

433 5641 549 5683 tura
581 5631 775 5702 aliquid
805 5637 1107 5695 adhiberent
1134 5662 1144 5697 :
1171 5646 1313 5702 unde
1343 5650 1465 5716 isti,
1492 5652 1536 5706 si
1568 5631 1822 5726 possunt,
1855 5661 2008 5715 intel-

434 5718 595 5789 ligant
625 5741 779 5793 quam
812 5744 913 5783 non
942 5733 1009 5784 sit
1033 5733 1314 5795 absurdum
1347 5742 1485 5811 quod
1514 5718 1582 5800 de
1610 5746 1765 5805 Patre
1791 5718 1844 5808 et
1875 5752 2008 5811 Filio

492 5817 505 5843 ν
538 5824 650 5878 vox,
680 5819 797 5879 ῑὶίὶἐ,
824 5824 957 5873 abest
983 5840 1007 5874 a
1031 5833 1134 5877 Mss.

1269 378 1541 437 CONTRA
1579 368 1947 434 SERMONEM
1988 363 2423 443 ARIANORUM,
2455 376 2510 434 S.
2541 379 2901 439 AUGUSTINI

3612 397 3717 456 696

2142 495 2194 540 et
2217 486 2412 558 Spiritu
2440 505 2622 551 sancto
2646 498 2891 567 dicimus.
2920 504 3286 574 inseparabilia
3310 506 3419 563 ﬁeri
3446 511 3513 565 ab
3537 516 3719 569 οηῑηὶ⁴

2142 581 2239 635 bus
2264 598 2456 652 opera,
2492 604 2597 645 non
2643 594 2813 648 solum
2857 595 2923 650 ad
2966 611 3179 669 omnes,
3228 617 3412 659 verum
3450 606 3609 662 etiam
3650 609 3722 665 ad

2142 671 2378 743 singulos
2404 680 2742 747 pertinentia.

2212 762 2438 822 CAPUT
2470 770 2628 826 XVII.
2656 805 2726 814 —
2753 775 2900 831 Sicut
2925 779 3070 835 audit
3109 796 3235 853 ergo
3264 783 3674 859 Filius,judicat
3710 810 3725 846 :

2144 855 2256 911 sive
2284 860 2403 928 quia
2448 870 2502 915 et
2546 864 2682 919 ﬁlius
2713 866 2944 924 hominis
2980 881 3089 938 est;
3128 874 3239 929 sive
3265 878 3385 947 quia
3417 895 3522 935 non
3548 884 3615 939 de
3663 900 3726 941 se

2144 946 2260 1015 ipso
2302 960 2417 1019 est,
2467 955 2561 1009 sed
2590 956 2820 1013 Verbum
2853 961 3021 1017 Patris
3047 973 3145 1019 est.
3178 946 3327 1035 Quod
3378 972 3516 1026 enim
3566 976 3728 1032 nobis

2143 1049 2226 1094 est
2247 1082 2263 1108 ,
2309 1056 2430 1098 cum
2458 1047 2731 1117 audimus,
2762 1054 2981 1109 verbum
3012 1060 3290 1129 accipere;
3320 1063 3420 1119 hoc
3463 1066 3537 1121 illi
3582 1079 3669 1124 est
3695 1086 3728 1124 a

2144 1130 2300 1188 Patre
2328 1134 2560 1193 Verbum
2604 1156 2743 1197 esse.
2786 1144 3045 1211 Quoniam
3090 1151 3167 1205 sic
3196 1151 3298 1206 dici
3347 1167 3520 1225 potest
3564 1159 3730 1216 Pater

2142 1222 2356 1281 dedisse
2397 1227 2530 1284 Filio
2554 1232 2807 1301 Verbum,
2831 1236 2931 1292 hoc
2951 1250 3053 1307 est,
3080 1253 3136 1296 ut
3160 1222 3390 1301 Verbum
3418 1251 3505 1322 sit;
3525 1269 3727 1322 quem-

2143 1315 2425 1373 admodum
2454 1321 2648 1378 dicltur
2672 1324 2882 1383 dedisse
2906 1329 3036 1385 Filio
3059 1335 3217 1389 vitam
3238 1377 3253 1403 ,
3284 1337 3383 1393 hoc
3407 1320 3510 1406 est,
3534 1315 3593 1398 ut
3613 1347 3727 1400 vita

2143 1407 2230 1460 sit.
2265 1408 2382 1477 Ipse
2410 1426 2639 1484 namque
2665 1418 2741 1471 ait
2773 1436 2786 1472 :
2817 1419 2961 1474 Sicut
2985 1425 3130 1480 habet
3164 1427 3321 1484 Pater
3354 1433 3507 1487 vitam
3543 1437 3595 1490 in
3638 1455 3727 1491 se-

2142 1498 2373 1568 metipso,
2395 1500 2468 1553 sic
2487 1501 2627 1557 dedit
2645 1503 2784 1561 Filio
2805 1509 2985 1565 habere
3005 1514 3154 1568 vitam
3175 1517 3227 1571 in
3257 1523 3516 1591 semetipso
3539 1525 3724 1598 (locri.

2142 1602 2195 1653 v,
2225 1588 2336 1661 26).
2378 1590 2492 1647 Non
2524 1594 2707 1666 utique
2737 1608 2795 1653 ut
2835 1601 2973 1655 aliud
3014 1605 3083 1659 sit
3112 1607 3225 1676 ipse
3246 1651 3259 1675 ,
3290 1588 3437 1667 aliud
3463 1588 3571 1669 vita
3599 1632 3728 1685 qua:

2143 1677 2195 1731 in
2236 1679 2353 1748 ipso
2400 1690 2514 1749 est,
2568 1685 2664 1741 sed
2694 1697 2752 1742 ut
2779 1691 2964 1747 eadem
3014 1696 3115 1749 vita
3144 1697 3211 1752 sit
3240 1699 3377 1755 idem
3409 1704 3541 1774 ipse.
3571 1677 3731 1762 Sicut

2144 1785 2241 1827 nec
2270 1772 2428 1829 Pater
2469 1776 2610 1832 aliud
2654 1790 2735 1836 est
2762 1798 2919 1852 quam
2946 1786 3047 1840 vita
3078 1804 3195 1859 qua:
3230 1791 3281 1846 in
3324 1772 3439 1863 ipso
3474 1806 3593 1853 est:
3624 1803 3727 1857 sed

2142 1877 2258 1916 cam
2286 1864 2452 1921 Filius
2478 1866 2620 1923 Patri
2655 1887 2762 1925 non
2792 1872 2954 1943 dedit,
2978 1878 3097 1948 quia
3127 1879 3335 1937 Patrem
3366 1901 3470 1940 non
3496 1893 3685 1958 genuit
3710 1910 3725 1945 :

2142 1953 2288 2008 dedit
2308 1965 2485 2013 autem
2508 1959 2665 2016 Pater
2692 1962 2829 2019 Filio
2856 1966 3017 2021 vitam
3035 2012 3049 2036 ,
3079 1971 3344 2041 gignendo
3373 1953 3689 2037 eum‘vitam
3709 2027 3724 2051 ,

2143 2045 2279 2101 sicut
2311 2055 2394 2103 est
2428 2050 2587 2105 etiam
2618 2052 2731 2122 ipse
2770 2055 2897 2110 vita.
2924 2058 3039 2114 Non
3070 2072 3245 2118 autem
3276 2066 3352 2121 sic
3377 2072 3559 2139 genuit
3588 2045 3729 2128 Ver;

2142 2137 2266 2193 hum
2300 2149 2549 2213 tanquam
2578 2157 2632 2201 et
2657 2146 2770 2217 ipse
2790 2150 2860 2204 sit
2884 2151 3137 2210 Verbum.
3165 2159 3337 2215 Vitam
3374 2137 3568 2236 quippe
3597 2184 3725 2225 cum

2143 2230 2397 2300 dicimus,
2442 2244 2618 2304 potest
2643 2252 2764 2295 esse
2808 2243 2873 2298 de
2904 2244 3048 2299 nullo
3086 2249 3191 2303 alio
3215 2293 3229 2317 ,
3262 2230 3406 2309 sicut
3425 2230 3519 2312 est.
3545 2259 3728 2318 Patris

2142 2322 2247 2375 vita
2272 2364 2286 2390 ,
2313 2329 2415 2389 vel,
2449 2327 2590 2395 quod
2619 2334 2919 2399 expressius
2948 2335 3140 2393 dicitur
3165 2383 3179 2406 ,
3213 2341 3369 2401 Pater
3397 2348 3517 2416 vita,
3538 2352 3622 2405 cui
3649 2354 3726 2409 de

2143 2413 2246 2467 alio
2283 2431 2387 2469 non
2418 2427 2498 2472 est
2529 2428 2585 2473 ut
2609 2423 2678 2476 sit
2710 2440 2722 2476 :
2755 2440 2873 2480 cum
2904 2444 3031 2484 vero
3053 2430 3245 2489 dicitur
3274 2436 3531 2504 Verbum,
3572 2445 3729 2500 nullo

2144 2508 2302 2563 modo
2329 2519 2502 2579 potest
2540 2513 2639 2569 nisi
2669 2516 2889 2587 alicujus
2915 2522 3167 2596 intelligi,
3198 2538 3251 2582 et
3282 2530 3421 2586 illius
3450 2535 3628 2604 utique
3655 2538 3729 2595 de

2143 2614 2249 2668 quo
2273 2609 2373 2655 est.
2403 2601 2514 2657 Non
2545 2604 2720 2677 itaque
2743 2610 2881 2666 sicut
2906 2623 2988 2670 est
3019 2616 3184 2674 Filius
3217 2621 3355 2678 Deus
3379 2624 3447 2680 de
3478 2601 3607 2695 Deo,
3640 2630 3728 2686 luo

2142 2704 2264 2745 men
2291 2691 2357 2747 de
2384 2694 2584 2753 lumine
2603 2739 2618 2765 ,
2650 2700 2755 2755 vita
2780 2702 2849 2759 de
2877 2705 2983 2761 vita
3008 2725 3021 2773 ;
3054 2710 3122 2763 ita
3152 2711 3255 2767 dici
3288 2724 3460 2785 potest
3489 2691 3725 2777 Verbum

2143 2795 2261 2837 esse
2289 2782 2357 2839 de
2393 2786 2560 2843 verbo
2592 2806 2605 2843 :
2637 2795 2885 2861 quoniam
2917 2799 3062 2856 solus
3091 2812 3174 2858 est
3199 2782 3462 2875 Verbum;
3504 2820 3559 2866 et
3586 2814 3729 2869 sicut

2144 2870 2283 2928 Patri
2326 2880 2599 2947 proprium
2630 2892 2716 2938 est
2751 2900 3008 2956 generare
3039 2892 3301 2962 Verbum,
3333 2899 3402 2954 ita
3432 2870 3567 2957 Pilio
3592 2921 3726 2975 pro-

2144 2964 2317 3032 prium
2342 2976 2425 3022 est
2447 2984 2565 3027 esse
2592 2972 2846 3033 Verbum.
2877 2980 2946 3036 Et
2983 2983 3103 3041 ideo
3139 2988 3275 3043 sicut
3303 2991 3449 3047 audit
3479 2964 3725 3065 judicat;

2141 3056 2261 3125 quia
2287 3059 2421 3115 sicut
2444 3066 2678 3131 genitum
2711 3077 2794 3125 est
2826 3070 3051 3131 Verbum
3076 3120 3092 3144 ,
3124 3089 3181 3133 ιιι
3222 3082 3359 3138 idem
3393 3056 3626 3145 Verbum

2142 3151 2364 3221 veritas,
2398 3154 2469 3211 ita
2493 3161 2784 3218 secundum
2811 3168 3085 3225 veritatem
3107 3172 3328 3242 judicat.

2138 3456 2247 3523 ejus
2264 3457 2350 3525 qui
2373 3473 2483 3511 eum
2508 3458 2642 3514 misit
2667 3459 2853 3531 (Ibid.,
2874 3463 2984 3537 50).
3020 3466 3129 3522 Hoc
3158 3470 3299 3525 enim
3328 3472 3525 3542 dicens,
3551 3476 3617 3530 ad
3651 3479 3718 3532 il-

2139 3546 2246 3601 lum
2276 3547 2545 3606 hominem
2595 3554 2763 3611 voluit
2806 3557 3007 3614 referre
3053 3561 3398 3621 intentionem
3436 3578 3673 3625 nostram
3701 3616 3718 3640 ,

2137 3639 2227 3708 qui
2251 3642 2574 3699 voluntatem
2601 3660 2752 3702 suam
2776 3653 3083 3720 quaerendo,
3104 3672 3207 3710 non
3225 3660 3343 3727 ejus
3366 3676 3397 3716 a
3419 3678 3524 3732 quo
3546 3663 3722 3723 iactus

2137 3742 2237 3794 est.
2267 3748 2372 3790 non
2404 3734 2586 3792 habuit
2599 3739 2799 3808 justum
2821 3742 3076 3813 judicium
3103 3749 3169 3804 de
3187 3752 3383 3821 seipso,
3406 3758 3498 3812 sed
3512 3768 3721 3827 justum

2132 3820 2383 3890 judicium
2410 3825 2643 3883 habitum
2672 3841 2756 3887 est
2778 3832 2846 3888 de
2872 3835 3006 3905 ipso.
3034 3836 3150 3907 Ipse
3174 3820 3375 3913 quippe
3396 3820 3594 3903 faciens
3622 3867 3721 3905 vo-

2135 3916 2390 3973 luntatem
2420 3933 2592 3990 suam,
2620 3938 2724 3978 non
2752 3925 2867 3992 Dei,
2893 3930 3208 3987 moriturum
3235 3951 3294 3991 se
3318 3951 3438 3993 esse
3461 3956 3565 3996 non
3593 3958 3720 3999 cre-

2134 4006 2305 4061 didit:
2337 4009 2429 4065 sed
2460 4010 2562 4067 hoc
2585 4013 2842 4083 judicium
2879 4016 2994 4089 ejus
3032 4037 3136 4077 non
3169 4023 3369 4093 justum
3403 4028 3517 4085 fuit.
3553 4032 3717 4089 Deni-

2133 4112 2236 4165 que
2259 4098 2384 4155 fecit
2406 4142 2421 4168 ,
2449 4110 2503 4161 et
2529 4114 2768 4161 mortuus
2805 4117 2914 4175 est;
2948 4112 3068 4181 quia
3104 4113 3358 4185 judicium
3394 4119 3485 4175 Dei
3512 4122 3717 4191 justum

2132 4197 2231 4241 est.
2265 4189 2414 4256 Quod
2454 4192 2710 4261 judicium
2764 4197 2889 4254 facit
2933 4202 3025 4257 Dei
3058 4204 3220 4264 Filius
3270 4225 3375 4264 non
3423 4189 3720 4282 quaerendo

2135 4279 2458 4337 voluntatem
2484 4300 2633 4339 suam
2659 4327 2672 4351 ,
2705 4302 2824 4343 cum
2853 4291 2923 4345 sit
2941 4294 3101 4349 etiam
3131 4296 3359 4354 hominis
3399 4302 3528 4359 titius
3559 4321 3571 4356 :
3599 4322 3713 4361 non

2131 4370 2250 4437 quia
2281 4372 2447 4442 ipsius
2472 4375 2523 4429 in
2549 4376 2837 4445 judicando
2863 4384 3003 4438 nulla
3023 4388 3265 4446 voluntas
3294 4401 3395 4460 est;
3422 4396 3539 4464 quis
3568 4398 3718 4453 enim

2132 4460 2231 4515 hoc
2254 4462 2722 4533 insipientissimus
2746 4471 2974 4529 dixerit?
3010 4479 3102 4533 sed
3131 4483 3250 4549 quia
3279 4499 3382 4537 non
3413 4485 3482 4539 ita
3511 4498 3595 4542 est
3623 4505 3721 4543 vo-

2130 4550 2304 4609 luntas
2334 4555 2449 4624 ejus
2490 4561 2702 4629 propria
2727 4603 2742 4627 ,
2772 4571 2828 4619 ut
2865 4566 2988 4622 sita
3019 4570 3287 4627 voluntate
3318 4574 3488 4631 Patris
3517 4579 3715 4634 aliena.

2131 4644 2254 4700 Ilaec
2292 4648 2376 4703 isti
2413 4650 2457 4705 si
2488 4656 2815 4724 cogitarent,
2849 4674 2951 4713 non
2982 4664 3282 4721 carnalibus
3308 4670 3721 4739 cogitationibus

2128 4741 2205 4795 sic
2229 4740 2502 4798 Trinitatis
2531 4755 2821 4816 potestates
2842 4754 2924 4808 vel
2948 4754 3117 4809 officia
3144 4760 3394 4827 gradibus
3421 4763 3720 4834 imparibus

2126 4832 2471 4901 ordiuarent,
2523 4847 2583 4892 ut
2627 4848 2873 4912 tanquam
2927 4853 3035 4901 tres
3076 4848 3317 4906 homines
3350 4848 3622 4926 in:cqualis
3652 4876 3719 4915 ac

2126 4922 2395 4980 dissimilis
2422 4925 2694 4997 dignitatis
2732 4933 2963 4990 facerent
2990 4981 3005 5003 ,
3040 4947 3285 5010 tanquam
3330 4922 3716 5017 imperatorem

2126 5016 2336 5073 Patrem
2361 5061 2377 5086 ,
2421 5021 2653 5092 judicem
2682 5026 2872 5083 Filium
2893 5074 2907 5097 ,
2937 5031 3245 5089 advocatum
3286 5038 3540 5108 Spiritum
3588 5059 3719 5098 san.

2124 5118 2287 5165 ctum.
2320 5111 2622 5171 Secundum
2653 5134 2783 5189 quas
2807 5122 2948 5175 enim
2971 5124 3172 5193 judicat
3202 5128 3395 5197 Filius,
3426 5135 3571 5188 velut
3610 5136 3719 5190 im-

2126 5206 2350 5275 periales
2379 5208 2519 5279 leges
2538 5251 2553 5276 ,
2594 5210 2765 5267 Patris
2785 5230 2902 5270 csse
2927 5229 3169 5272 asserunt
3202 5240 3211 5273 :
3244 5222 3508 5293 inquibus
3534 5226 3716 5280 hono-

2123 5312 2235 5365 rem
2265 5304 2705 5359 etauctoritalem
2736 5306 2853 5361 Filii
2883 5311 3208 5366 consumunt
3234 5314 3521 5381 judicantis
3546 5336 3559 5382 ;
3588 5320 3719 5373 orti-

2122 5388 2320 5445 ciosam
2363 5408 2490 5448 vero
2518 5394 2918 5453 advocationem
2950 5410 3003 5455 et
3031 5405 3447 5461 consolationem
3478 5409 3718 5479 Spiritus

2122 5481 2286 5533 sancti
2332 5481 2398 5535 ad
2442 5482 2964 5556 dignitatcmjudicis
2987 5532 3000 5553 ,
3036 5490 3136 5546 hoc
3164 5505 3277 5557 est,
3327 5496 3417 5551 Dei
3446 5500 3715 5569 unigeniti

2122 5572 2388 5639 pertinere
2419 5591 2431 5626 :
2462 5582 2709 5645 tauquam
2732 5579 2923 5649 judicis
2948 5583 3017 5635 sit
3038 5583 3297 5653 dignitas,
3340 5590 3480 5657 quod
3512 5591 3717 5649 habeat

2121 5660 2431 5717 advocatum
2458 5682 2470 5729 ;
2499 5667 2635 5720 sicut
2675 5670 3010 5737 imperatoris
3045 5684 3125 5727 est
3153 5675 3382 5745 dignitas
3401 5722 3415 5743 ,
3443 5680 3585 5750 quod
3612 5697 3701 5737 se-

2119 5753 2353 5809 cundum
2393 5771 2516 5811 suas
2560 5759 2860 5828 imperiales
2901 5764 3045 5834 leges
3082 5765 3437 5834 judicaturum
3463 5770 3714 5841 judicem

2125 5846 2300 5902 mittit.
2332 5850 2441 5906 Qua
2473 5866 2564 5905 sua
2596 5852 2909 5919 cogitatione
2934 5858 3149 5927 earnali,
3181 5870 3353 5917 tamen
3384 5871 3586 5919 natura:
3613 5864 3700 5916 di-
