4028 6428
233 391 334 449 697

234 511 565 575 versitatem,
596 510 665 567 de
698 526 799 583 qua
841 512 982 570 inter
1013 527 1110 568 nos
1145 518 1201 567 et
1228 509 1372 582 ipsos
1399 509 1625 565 maxima
1657 524 1806 579 quae-

233 605 332 659 ‘stio
359 611 466 668 est,
495 603 551 658 in
578 602 664 658 his
689 604 858 659 tribus
886 603 1125 674 personis
1151 602 1518 658 demonstrare
1546 615 1648 655 non
1685 615 1812 670 pos-

232 703 374 751 sunt.
397 694 528 751 Cum
551 694 692 750 enim
722 695 788 749 ad
826 696 1089 751 humanos
1117 709 1293 750 mores
1323 695 1421 749 ista
1449 692 1714 758 referunt,
1760 701 1816 748 et

232 789 295 843 ab
317 788 534 842 humani
560 788 771 858 generis
790 789 1174 843 consuetudine
1198 803 1355 859 quam
1381 785 1664 856 cogitando
1687 800 1812 854 pos-

231 892 349 936 sunt
373 897 567 951 capere
596 897 700 936 non
744 882 1002 938 recedunt
1035 881 1306 952 (animalis
1335 881 1476 937 enim
1519 880 1680 934 homo
1708 893 1812 932 non

231 975 446 1045 percipit
473 990 596 1045 qua:
615 984 740 1030 sunt
768 975 997 1046 Spiritus
1029 977 1119 1032 Dei
1151 976 1192 1050 [Ι
1220 976 1337 1032 Cor.
1387 992 1452 1041 II,
1487 973 1598 1047 14])
1627 992 1639 1037 ;
1687 974 1812 1044 quid

231 1065 366 1120 aliud
393 1081 492 1121 nos
516 1065 828 1134 admonent,
856 1067 955 1122 nisi
978 1069 1098 1138 quia
1125 1077 1177 1122 et
1207 1072 1516 1137 imperator,
1545 1075 1597 1122 et
1627 1065 1812 1136 iudex,

230 1169 279 1214 et
313 1157 638 1226 advocmus,
673 1159 915 1215 homines
945 1161 1101 1216 sunt?
1131 1159 1360 1215 Proinde
1383 1160 1549 1229 iudex
1581 1160 1814 1228 impera-

232 1261 340 1305 tore
369 1251 385 1281 ⁸
416 1250 631 1306 etiamsi
662 1258 924 1321 potestate
956 1253 1132 1306 minor
1159 1260 1242 1306 est
1265 1293 1279 1319 ,
1312 1267 1418 1306 non
1450 1252 1623 1306 minus
1653 1251 1815 1306 homo

229 1350 322 1396 cst.
375 1341 488 1397 Nec
531 1343 707 1397 minus
746 1358 902 1413 quam
951 1341 1112 1412 iuch
1161 1343 1322 1398 homo
1361 1352 1443 1398 est
1484 1343 1808 1409 advocatus,

227 1433 428 1488 etiamsi
474 1433 658 1490 ofﬁcio
681 1434 890 1490 videtur
931 1434 1097 1505 indici
1147 1450 1268 1490 esse
1311 1435 1596 1504 subjectus.
1640 1433 1814 1488 Patris

229 1542 348 1596 ergo
368 1535 424 1582 et
445 1527 568 1582 Filii
599 1535 652 1581 et
673 1528 901 1598 Spiritus
923 1529 1113 1593 sancti,
1147 1528 1353 1582 etiamsi
1376 1527 1640 1596 disparem
1667 1525 1813 1597 cogi-

231 1627 336 1673 tant
363 1627 685 1689 potestatem
710 1661 726 1687 ,
759 1630 998 1676 naturam
1029 1621 1216 1676 saltem
1255 1621 1611 1676 conﬁteantur
1635 1635 1816 1690 :equa-

230 1710 345 1766 lem.
390 1710 535 1778 Quid
574 1712 714 1781 quod
759 1726 853 1766 eos
890 1712 1155 1767 deteriore
1193 1712 1352 1766 etiam
1383 1727 1542 1782 quam
1583 1709 1812 1766 humana

229 1810 303 1856 est
323 1843 339 1869 ,
381 1801 698 1857 conditione
725 1802 1066 1874 conﬁngunt?
1091 1802 1232 1857 Fieri
1261 1803 1401 1858 enim
1433 1810 1608 1872 potest
1650 1802 1700 1856 in
1729 1817 1816 1856 re-

230 1893 318 1948 bus
356 1893 645 1960 humanis,
677 1901 736 1949 ut
763 1893 853 1964 qui
887 1894 1047 1965 iudex
1092 1894 1281 1960 fuerit,
1325 1895 1483 1948 etiam
1529 1895 1816 1964 imperator

233 1986 312 2040 ﬁat
343 2004 355 2040 :
385 1987 494 2042 hoc
536 1986 623 2042 isti
653 1987 704 2042 in
750 1987 835 2042 illa
866 1986 1124 2042 Trinitate
1152 2003 1254 2043 nec
1292 1988 1630 2058 imperatoris
1659 1989 1815 2044 unico

230 2077 354 2132 ﬁlio
378 2088 641 2148 prmstare
658 2078 960 2149 dignantur.
990 2078 1141 2145 Quod
1163 2080 1206 2134 si
1233 2077 1369 2134 forte
1394 2095 1463 2134 ex
1493 2077 1709 2158 humani
1730 2080 1817 2151 iu-

230 2169 296 2224 ris
310 2170 388 2226 vel
407 2170 814 2226 consuetudinis
836 2171 1082 2237 formula,
1105 2170 1396 2242 maiestatis
1425 2171 1624 2227 crimen
1653 2172 1814 2227 etiam

230 2260 275 2314 in
303 2260 409 2316 ﬁlio
437 2261 659 2316 nimium
685 2261 1048 2329 reformidant,
1079 2263 1333 2318 advocato
1352 2271 1498 2318 certe
1518 2272 1645 2335 puto
1673 2264 1815 2333 quod

229 2351 516 2408 «Incedere
542 2352 772 2408 debeant
815 2364 868 2408 ut
891 2349 959 2408 ad
997 2353 1324 2424 iudiciariam
1365 2364 1682 2425 potestatem
1713 2355 1813 2410 ali-

229 2446 429 2516 quando
481 2447 775 2516 perveniat.
827 2446 934 2502 Nec
963 2447 1063 2502 hoc
1089 2447 1301 2518 quidem
1329 2447 1530 2502 volunt.
1575 2447 1815 2504 Deterior

229 2554 342 2610 ergo
359 2547 469 2608 est,
502 2539 645 2610 quod
675 2540 849 2605 absit,
881 2540 933 2594 in
961 2540 1047 2594 illa
1070 2539 1326 2596 Trinitate
1347 2579 1362 2606 ,
1388 2555 1547 2611 quam
1575 2539 1626 2594 in
1653 2555 1816 2611 gene-

228 2631 294 2687 ris
315 2630 541 2686 humani
571 2631 894 2687 mortalitate
914 2631 1168 2686 conditio.

287 2721 516 2779 CAPUT
544 2722 686 2778 XIX.
709 2753 781 2764 -—
807 2724 974 2778 Porro
997 2723 1268 2793 Scriptura
1293 2731 1476 2779 sancta
1492 2765 1506 2791 ,
1536 2729 1652 2794 qua:
1682 2723 1812 2778 istos

228 2812 423 2869 divinos
449 2823 603 2869 actus
631 2828 735 2868 non
760 2813 1055 2869 dill'erentia
1083 2822 1401 2885 potestatum
1425 2856 1441 2882 ,
1469 2814 1563 2871 sed
1589 2830 1810 2885 operum

228 2905 582 2964 itteﬂ’sbilitate
608 2907 844 2971 metitur,
868 2906 1180 2962 advocatum
1207 2915 1445 2962 nostrum
1461 2907 1620 2964 etiam
1639 2907 1810 2978 ipsum

225 2997 446 3068 iudicem
477 2999 656 3062 novit,
695 2997 906 3052 dicente
930 2997 1172 3068 apostolo
1194 2997 1398 3053 Joanne
1428 3016 1440 3052 :
1474 2997 1536 3053 Si
1562 2999 1676 3068 quis
1705 3015 1812 3066 pec-

226 3091 396 3145 caverit
422 3131 441 3157 ,
486 3088 786 3143 advocatum
829 3089 1066 3145 habemus
1089 3089 1160 3144 ad
1189 3088 1423 3155 Patrem,
1465 3088 1641 3143 Iesum
1665 3089 1814 3144 Chri-

227 3191 344 3236 stum
357 3184 568 3256 justum
594 3179 639 3251 (l
663 3180 820 3235 Joan.
851 3197 888 3236 II
909 3222 924 3248 ,
951 3179 1025 3255 1).
1052 3180 1204 3250 Quod
1229 3181 1390 3236 etiam
1419 3181 1534 3251 ipse
1552 3181 1812 3251 signiﬁcat

227 3271 304 3328 ubi
328 3273 500 3339 dicit,
553 3271 764 3345 Rogabo
794 3271 1003 3327 Patrem
1025 3315 1040 3339 ,
1067 3282 1114 3328 et
1141 3273 1299 3328 alium
1331 3257 1632 3328 advocatum
1674 3272 1812 3327 dabit

226 3365 347 3420 vobis
368 3364 559 3437 (Joan.
586 3379 705 3431 xrv,
738 3361 848 3437 16).
872 3361 1054 3436 Neque
1082 3364 1226 3419 enim
1257 3372 1402 3420 esset
1440 3363 1666 3436 Spiritus
1689 3381 1814 3421 san-

227 3466 329 3512 ctus
353 3456 657 3513 advocatus
685 3455 850 3523 alius,
881 3455 982 3511 nisi
1013 3454 1114 3511 hoc
1139 3463 1284 3511 esset
1309 3463 1364 3512 et
1384 3454 1571 3511 Filius.
1599 3455 1698 3524 Qui
1729 3465 1809 3511 ta-

229 3562 334 3604 men
363 3556 430 3603 ut
471 3543 848 3617 inseparabilis
877 3561 972 3602 sua
998 3555 1054 3602 et
1079 3547 1254 3602 Patris
1278 3561 1440 3617 opera
1471 3545 1809 3602 demonstra-

227 3646 316 3705 ret,
341 3639 441 3705 ait,
470 3637 602 3692 Cum
621 3639 728 3709 ipse
747 3637 874 3705 iero,
897 3638 1093 3692 mittant
1113 3653 1223 3692 eum
1248 3637 1316 3692 ad
1340 3653 1426 3692 vos
1451 3635 1560 3709 (Id.
1584 3653 1690 3700 ινι,
1717 3638 1807 3706 7):

226 3730 462 3798 quamvis
489 3728 596 3784 alio
621 3728 739 3784 loco
763 3729 906 3784 dicat
924 3769 939 3794 ,
975 3728 1137 3796 Quem
1163 3728 1320 3783 mittet
1349 3725 1507 3783 Pater
1531 3729 1585 3782 in
1613 3728 1814 3784 nomine

228 3837 323 3877 meo
343 3822 390 3892 (Ι
401 3821 462 3875 d.
490 3837 604 3886 ιιν,
631 3820 745 3892 26).
773 3820 870 3876 Ubi
893 3819 1191 3875 ostenditur
1217 3818 1360 3891 quod
1389 3827 1444 3875 et
1461 3818 1620 3875 Pater
1643 3829 1696 3876 et
1723 3819 1812 3874 Fi-

227 3914 316 3970 lius
337 3914 590 3970 miserint
630 3914 884 3984 Spiritum
911 3923 1172 3970 sanctum.
1200 3913 1348 3970 Sicut
1388 3914 1688 3970 ostenditur
1715 3930 1812 3986 per

226 4005 534 4076 prophetam
561 4004 703 4077 quod
731 4015 787 4061 et
811 4005 970 4060 Pater
996 4014 1052 4061 et
1075 4005 1302 4075 Spiritus
1328 4012 1542 4060 sanctus
1571 4005 1813 4060 mISerint

227 4095 434 4152 Filium.
480 4095 616 4151 Nam
647 4096 765 4167 quis
805 4096 903 4152 nisi
943 4096 1111 4152 Filius
1152 4112 1250 4166 per
1295 4097 1483 4151 Isaiam
1523 4096 1811 4152 adventum

225 4201 365 4244 suum
384 4189 761 4260 prtenuntians
785 4188 914 4245 dicit
945 4206 959 4242 :
987 4188 1173 4244 Audite
1198 4205 1295 4254 me,
1317 4187 1497 4257 Iacob,
1530 4200 1577 4244 et
1607 4189 1808 4257 Israel,

225 4297 358 4350 quem
384 4299 484 4354 ego
503 4281 694 4336 vocabo
721 4297 739 4335 :
766 4298 857 4352 ego
883 4298 994 4336 sum
1021 4282 1228 4351 primus,
1262 4289 1309 4335 et
1338 4298 1428 4352 ego
1453 4282 1506 4335 in
1531 4291 1811 4347 aeternum,-

227 4385 268 4429 et
302 4395 492 4433 manus
521 4394 636 4431 mea
678 4377 907 4449 fundavit
947 4385 1131 4430 terram
1151 4417 1164 4441 ,
1197 4375 1404 4430 dextera
1442 4392 1552 4430 mea
1577 4375 1813 4430 solidavit

227 4469 386 4537 caelos;
413 4470 609 4525 vocabo
637 4471 772 4535 illos,
796 4477 843 4523 et
869 4467 1102 4523 astabant
1130 4467 1283 4521 simul
1305 4507 1320 4532 ,
1353 4469 1642 4522 convenient
1663 4468 1813 4526 etiam

228 4564 443 4619 universi
467 4604 479 4628 ,
509 4571 557 4616 et
583 4562 831 4616 audient:
851 4562 962 4630 quis
1001 4561 1102 4615 illis
1132 4559 1380 4614 nuntiavit
1409 4559 1558 4614 lucc?
1585 4558 1813 4630 Diligens

225 4664 382 4709 autem
427 4665 508 4721 te,
551 4656 650 4725 feci
689 4653 998 4708 voluntatem
1027 4661 1166 4706 tuam
1202 4668 1356 4721 super
1382 4650 1732 4720 Babylonem,
1760 4661 1813 4704 ut

228 4745 430 4801 tollatur
456 4763 629 4801 semen
664 4744 1043 4802 Chaldaeorum.
1074 4743 1185 4816 Ego
1215 4745 1414 4798 locutus
1439 4761 1550 4799 sum
1571 4786 1585 4810 ,
1611 4760 1700 4816 ego
1721 4761 1812 4798 vo-

226 4839 354 4905 cavi,
381 4838 581 4891 adduxi
607 4836 753 4890 illum
775 4879 790 4903 ,
833 4846 879 4890 et
907 4851 1199 4906 prosperam
1243 4835 1374 4889 viam
1399 4836 1508 4906 ejus
1547 4835 1662 4906 feci.
1691 4837 1816 4889 Con-

227 4931 381 4984 uenite
413 4930 485 4983 ad
511 4945 592 4982 me
613 4969 628 4993 ,
666 4938 713 4983 et
733 4928 902 4982 audite
941 4931 1038 4981 ista
1059 4945 1078 4993 ,'
1117 4943 1208 4980 nec
1233 4927 1363 4981 enim
1390 4926 1451 4979 ab
1474 4927 1618 4980 initio
1644 4927 1696 4979 in
1721 4928 1812 4981 ob-

227 5037 366 5076 scuro
391 5022 594 5076 locutus
622 5037 735 5074 sum
763 5035 782 5074 :
809 5035 923 5073 cum
963 5018 1147 5089 ﬁebant
1171 5017 1240 5072 Ibi
1264 5034 1401 5072 eram
1426 5059 1442 5085 ,
1470 5027 1516 5071 et
1547 5035 1678 5072 nunc
1702 5017 1814 5073 Do-

228 5115 387 5168 minus
414 5114 552 5167 misit
588 5128 668 5167 me
691 5121 739 5165 et
766 5111 990 5181 Spiritus
1020 5111 1128 5181 ejus
1158 5109 1311 5180 (Isai.
1347 5126 1543 5175 XLVIII,
1587 5109 1815 5180 12-16)?

227 5203 358 5272 Quid
382 5203 724 5260 evidentius?
749 5204 882 5258 Ecce
904 5205 1017 5272 ipse
1036 5217 1094 5258 se
1118 5202 1249 5257 dicit
1272 5202 1492 5256 missum
1519 5201 1587 5255 ab
1615 5202 1813 5272 Spiritu

227 5306 408 5352 sancto
430 5338 445 5363 ,
472 5296 561 5367 qui
602 5295 838 5350 fundavit
860 5303 1052 5349 terram
1077 5335 1092 5360 ,
1123 5304 1176 5349 et
1200 5292 1444 5348 solidavit
1468 5293 1683 5348 cmlum.
1713 5291 1813 5349 Ubi

227 5390 530 5458 agnoscitur
572 5387 886 5458 Unigenitus
931 5402 1026 5457 per
1063 5402 1220 5456 quem
1262 5387 1396 5440 facta
1447 5394 1566 5440 sunt
1613 5387 1811 5441 omnia.

225 5479 623 5537 Consolatorem
649 5496 778 5536 vero
797 5521 812 5547 ,
849 5479 990 5551 quod
1018 5477 1249 5534 oflicium
1281 5487 1529 5548 tanquam
1575 5492 1815 5547 personae

228 5570 422 5625 inﬁmae
455 5573 508 5626 in
536 5571 623 5625 illa
651 5571 912 5626 Trinitatc
940 5570 1023 5625 isti
1049 5568 1265 5640 Spiritui
1305 5577 1487 5624 sancto
1517 5566 1811 5637 deputant,

230 5661 391 5716 Deum
428 5663 555 5717 dicit
578 5662 862 5732 Apostolus
883 5705 896 5729 ,
924 5662 1062 5717 sicut
1100 5663 1151 5717 in
1184 5661 1415 5733 Epistola
1445 5660 1561 5731 ejus
1588 5660 1814 5731 legimus

229 5752 291 5806 ad
326 5751 636 5810 Corinthios
663 5770 677 5808 :
707 5753 760 5809 Is
790 5754 874 5825 qui
910 5755 1196 5810 consolatur
1227 5754 1441 5811 humiles
1466 5796 1482 5823 ,
1527 5755 1814 5812 consolatus

287 5845 306 5874 ¹
329 5853 456 5908 sum,
481 5847 546 5897 ad
567 5845 919 5911 imperatorem.

1658 388 1858 446 LIBER
1899 389 2101 447 UNUS.

3410 407 3514 466 693

1924 517 1994 562 est
2020 525 2110 562 nos
2137 508 2270 565 Deus
2298 511 2351 566 in
2380 515 2648 583 prasentia
2673 512 2773 571 Titi
2795 517 2859 585 (ll
2889 516 3005 574 Cor.
3042 537 3146 586 vn,
3170 520 3248 594 6).
3280 523 3513 581 Sancto-

1922 616 2038 655 rum
2065 617 2191 672 ergo
2219 603 2356 659 Deus
2377 613 2460 660 est
2477 608 2800 664 consolator.
2831 611 2932 681 Ipsi
2963 613 3156 683 quippe
3186 622 3308 668 sunt
3333 615 3512 671 humi-

1921 690 2036 747 les:
2063 693 2201 748 unde
2228 702 2336 750 tres
2362 695 2435 750 illi
2462 698 2559 753 viri
2601 700 2655 754 in
2680 702 2890 757 camino
2928 701 3146 769 dicunt,
3177 703 3468 760 Benedicite
3490 749 3506 773 ,

1919 784 2082 837 sancti
2105 793 2151 839 et
2180 784 2392 841 humiles
2415 788 2566 843 corde
2584 831 2600 857 ,
2629 790 2902 848 Dominum
2933 793 3092 865 (Dan.
3119 812 3194 861 III,
3225 795 3335 868 87).
3366 797 3509 854 Deus

1919 889 2003 934 est
2042 879 2219 950 itaque
2265 881 2492 952 Spiritus
2532 895 2745 941 sanctus
2791 889 2880 958 qui
2920 891 3224 944 consolatur
3253 890 3510 947 humiles.

1921 969 2150 1027 Proinde
2189 971 2309 1040 isti,
2339 982 2432 1028 aut
2459 975 2600 1044 quod
2647 978 2870 1047 nolunt,
2901 979 3163 1036 fateantur
3197 981 3358 1037 Deum
3390 998 3513 1038 esse

1919 1059 2174 1131 Spiritum
2205 1071 2445 1119 sanctum
2486 1083 2500 1119 :
2536 1075 2628 1120 aut
2651 1067 2695 1121 si
2720 1067 2821 1123 hoc
2845 1069 2912 1125 de
2939 1071 3090 1126 Patre
3114 1114 3128 1137 ,
3156 1073 3237 1126 vel
3266 1072 3334 1127 de
3363 1056 3513 1128 'Filio

1918 1153 2116 1209 dictum
2161 1155 2230 1210 ab
2255 1155 2512 1227 Apostolo
2538 1157 2724 1214 volunt
2752 1161 2917 1230 accipi
2942 1204 2955 1226 ,
2985 1163 3230 1217 desinant
3265 1164 3511 1218 consola-

1921 1245 2080 1301 tionis
2106 1256 2358 1317 tanquam
2394 1265 2614 1306 munere
2663 1253 2876 1322 proprio
2905 1269 3153 1325 separare
3195 1272 3225 1310 a
3268 1257 3426 1313 Patre
3453 1265 3511 1312 et

1918 1350 1947 1390 a
1976 1336 2112 1391 Filio
2142 1354 2422 1408 personam
2449 1340 2678 1411 Spiritus
2712 1344 2902 1398 sancti.

1989 1428 2215 1487 CAPUT
2235 1431 2356 1486 XX.
2387 1462 2454 1472 ——
2473 1433 2588 1488 Jam
2618 1435 2767 1499 illud,
2792 1436 2932 1505 quod
2956 1437 3074 1493 ideo
3100 1439 3352 1510 Spiritum
3379 1455 3506 1495 san-

1917 1527 2059 1574 ctum
2087 1521 2225 1576 Filio
2256 1524 2514 1579 minorem
2539 1534 2798 1580 conantur
2816 1528 3116 1597 ostendere,
3145 1531 3284 1600 quod
3314 1532 3412 1586 iste
3438 1531 3511 1585 sit

1918 1611 2060 1668 illius
2092 1620 2338 1684 tanquam
2365 1613 2560 1684 iudicis
2585 1614 2897 1682 advocatus,
2927 1617 3085 1672 etiam
3118 1619 3360 1675 homines
3380 1635 3505 1675 san-

1917 1715 2031 1763 ctos
2074 1707 2244 1763 eidem
2287 1710 2418 1763 mira
2449 1708 2688 1764 creeitatc
2723 1718 3040 1780 pracpnnunt
3063 1753 3076 1775 ,
3113 1711 3180 1765 de
3207 1712 3398 1780 quibus
3434 1713 3510 1765 ait

1919 1797 2058 1854 idem
2101 1799 2352 1854 Dominus
2385 1817 2398 1854 :
2428 1799 2676 1855 Sedebitis
2718 1817 2872 1869 super
2900 1801 3162 1855 duodecim
3206 1800 3345 1856 sedes
3367 1844 3381 1866 ,
3429 1805 3510 1869 iu-

1919 1889 2139 1944 dicantes
2164 1890 2427 1945 duodecim
2471 1893 2630 1946 tribus
2655 1892 2822 1947 Israel
2867 1892 3081 1964 (Matth.
3118 1911 3202 1948 xu
3226 1935 3240 1960 ,
3283 1892 3396 1968 28).
3432 1895 3507 1949 1Ιή

1918 1981 2304 2051 respondeant,
2349 1985 2474 2054 quid
2521 1985 2622 2039 erit
2663 1984 2892 2055 Spiritus
2921 1995 3133 2042 sanctus
3166 2006 3178 2041 :
3207 2003 3326 2042 cum
3372 1987 3508 2042 Filio

1913 2071 2076 2142 iudex
2102 2114 2117 2139 ,
2159 2089 2226 2128 an
2270 2074 2407 2144 apud
2449 2075 2657 2144 iudices
2695 2078 2854 2132 etiam
2897 2076 3139 2132 homines
3181 2078 3508 2134 advocatus?

1917 2163 2070 2218 Absit
2093 2173 2269 2218 autem
2295 2163 2390 2219 ista
2419 2179 2448 2219 a
2477 2165 2614 2220 ﬁdeli
2643 2167 2806 2222 corde
2836 2167 3112 2231 vecordia,
3136 2177 3192 2223 ut
3221 2168 3286 2224 sit
3309 2169 3505 2238 indici-

1918 2255 2015 2311 bus
2037 2256 2211 2312 minor
2233 2257 2519 2314 advocatus
2544 2258 2772 2330 Spiritus
2791 2269 3034 2328 sanctus;
3057 2277 3178 2316 cum
3203 2263 3274 2316 illi
3298 2263 3502 2333 utique,

1918 2359 1974 2404 ut
1999 2350 2202 2421 iudices
2228 2353 2365 2418 sint,
2396 2355 2702 2424 repleantur
2737 2355 2932 2422 Spiritu
2962 2364 3146 2410 sancto
3169 2398 3184 2423 ,
3211 2355 3502 2411 secundum

1915 2459 2070 2515 quem
2100 2444 2336 2500 viventes
2365 2446 2500 2502 ﬁunt
2539 2447 2859 2518 spirituales.
2891 2446 3186 2518 Spiritualis
3215 2449 3356 2504 enim
3397 2466 3506 2503 om-

1916 2536 2000 2589 nia
2034 2535 2236 2606 judicat
2267 2537 2309 2607 (Ι
2351 2535 2468 2592 Cor.
2508 2553 2579 2606 II,
2613 2539 2724 2606 15).
2756 2539 3035 2606 Quomodo
3063 2555 3190 2610 ergo
3218 2540 3396 2595 minor
3422 2551 3506 2595 est

1909 2629 2087 2701 judice
2112 2632 2199 2701 qui
2224 2631 2430 2700 iudices
2452 2630 2596 2700 facit,
2627 2647 2747 2686 cum
2771 2631 2894 2688 facit
2919 2640 2978 2687 ut
3001 2632 3197 2702 iudicis
3224 2633 3364 2688 illius
3395 2633 3503 2688 sint

1915 2721 2152 2777 membra
2180 2729 2235 2777 et
2258 2735 2411 2776 suum
2436 2723 2712 2793 templum,
2741 2723 2948 2778 dicente
2971 2723 3248 2795 Apostolo,
3275 2723 3503 2792 Corpora

1914 2824 2076 2870 vestra
2095 2815 2315 2870 membra
2337 2824 2453 2870 sunt
2479 2815 2666 2870 Christi
2691 2832 2709 2870 :
2735 2816 3030 2887 eodemque
3058 2815 3240 2870 itidem
3267 2815 3500 2886 dicente,

1914 2906 2140 2978 Corpora
2167 2916 2330 2962 vestra
2355 2905 2599 2977 templum
2623 2915 2697 2962 est
2735 2906 2962 2977 Spiritus
2987 2906 3150 2961 sancti
3174 2907 3262 2978 qui
3286 2907 3338 2960 in
3368 2905 3504 2960 vobis

1911 3007 1984 3053 est
2006 3000 2022 3031 ί
2051 2996 2161 3072 (Id.
2188 3014 2264 3064 vI,
2285 2998 2372 3064 15,
2396 2997 2526 3070 l9)?
2554 2998 2620 3053 Et
2645 3006 2822 3054 tamen
2841 2997 2886 3052 si
2908 2996 3242 3068 apertissime
3262 2996 3505 3068 legerent

1915 3091 1968 3145 in
1992 3090 2190 3147 sanctis
2217 3089 2506 3162 Scripturis
2531 3089 2873 3147 Salomonem
2904 3105 3082 3160 regem
3107 3090 3264 3160 lignis
3290 3097 3344 3145 et
3370 3089 3506 3158 lapio

1912 3182 2069 3238 dibus
2105 3183 2256 3253 jussu
2285 3182 2381 3238 Dei
2431 3182 2683 3252 templum
2728 3183 2988 3239 struxisse
3017 3182 3232 3254 Spiritui
3279 3190 3502 3250 saneto,

1912 3275 2080 3332 Deum
2108 3290 2228 3333 esse
2256 3275 2511 3347 Spiritum
2549 3284 2792 3332 sanctum
2818 3275 3063 3332 dubitare
3090 3291 3196 3332 non
3245 3283 3462 3345 possent
3488 3315 3503 3339 ,

1911 3347 1998 3423 cui
2029 3376 2172 3422 tanta
2200 3366 2472 3438 religionis
2499 3367 2750 3435 servitus,
2777 3382 2897 3439 quae
2929 3367 3078 3422 latria
3105 3367 3301 3422 dicitur
3323 3409 3338 3434 ,
3369 3365 3506 3438 legi-

1914 3458 2043 3515 time
2065 3457 2415 3515 exhiberetur
2433 3460 2488 3514 in
2516 3459 2709 3530 popqu
2734 3458 2850 3525 Dei,
2875 3466 2932 3513 ut
2960 3457 3033 3512 illi
3058 3459 3220 3512 etiam
3248 3457 3502 3527 templum

1913 3549 2296 3617 labricaretur;
2335 3565 2456 3606 cum
2506 3549 2760 3605 Dominus
2802 3549 2978 3616 dicat,
3022 3547 3296 3603 Dominum
3341 3547 3502 3602 Deum

1915 3648 2057 3693 tuum
2080 3639 2315 3696 adorabis
2335 3680 2353 3707 ,
2379 3648 2425 3694 et
2450 3637 2527 3695 illi
2564 3639 2662 3694 soli
2686 3639 2870 3695 seruies
2893 3637 3071 3712 (Deut.
3095 3655 3167 3706 VI,
3198 3639 3288 3709 15)
3314 3656 3326 3692 :
3358 3639 3500 3708 quod

1913 3728 1967 3783 in
1991 3743 2168 3800 grach
2191 3737 2294 3796 est,
2322 3737 2607 3803 λατριὺσης.
2629 3730 2699 3786 Et
2717 3746 2839 3786 eum
2866 3745 3058 3800 negare
3084 3728 3281 3785 audent
3310 3730 3500 3794 Deum,

1913 3820 2002 3891 qui
2033 3836 2138 3876 non
2177 3820 2319 3892 ligna
2358 3831 2414 3876 et
2446 3820 2687 3893 lapides,
2727 3820 2822 3878 sed
2854 3820 3090 3876 membra
3115 3820 3313 3875 Christi
3344 3819 3505 3875 habet

1917 3911 2206 3981 templum!
2231 3912 2321 3968 Sic
2352 3912 2493 3968 enim
2533 3912 2789 3984 Spiritum
2819 3921 3059 3968 sanctum
3088 3911 3373 3982 subjiciunt
3409 3926 3506 3981 po-

1917 4002 2090 4058 testati
2115 4000 2310 4058 Christi
2328 4044 2344 4071 ,
2371 4018 2490 4058 cum
2515 4005 2632 4074 ejus
2672 4003 2923 4074 templum
2949 4001 3186 4058 membra
3215 4003 3322 4057 sint
3346 4000 3506 4058 Chri-

1914 4094 1982 4150 sti
2016 4113 2028 4149 :
2059 4092 2504 4166 quemadmodum
2543 4095 2713 4166 ipsum
2745 4095 2938 4150 Filium
2975 4095 3336 4165 imperialibus
3377 4095 3506 4166 legi-

1914 4188 2012 4244 bus
2040 4187 2156 4256 Dei,
2172 4203 2291 4244 cum
2306 4189 2418 4259 ipse
2433 4187 2750 4244 sitVerbum
2764 4188 2880 4255 Dei,
2902 4203 3002 4243 nec
3022 4188 3129 4243 ullo
3150 4187 3308 4243 modo
3333 4188 3473 4258 impe
3489 4217 3505 4227 -

1918 4281 2112 4338 ratoris
2139 4283 2358 4338 verbum
2383 4281 2586 4353 legibus
2613 4282 2911 4352 subiaceat,
2931 4281 3024 4337 sed
3049 4282 3193 4352 leges
3223 4280 3379 4336 iaciat
3401 4281 3504 4353 (α).

1989 4375 2215 4432 C.\PUT
2251 4373 2395 4430 XXI.
2428 4405 2499 4416 —
2530 4373 2614 4430 10.
2642 4374 2731 4429 Isti
2766 4389 2913 4440 sane,
2933 4390 3158 4444 quorum
3180 4373 3501 4443 disputatio-

1917 4483 2038 4524 nem
2064 4467 2266 4538 accepi,
2293 4466 2378 4522 cui
2407 4465 2738 4536 respondeo,
2758 4480 2862 4520 non
2890 4463 3238 4519 audeutidcm
3257 4463 3433 4518 dicere
3450 4461 3502 4517 fa

1915 4568 2058 4616 etum
2082 4575 2201 4615 esse
2229 4560 2370 4630 quod
2398 4560 2668 4632 genitum;
2701 4567 2757 4614 et
2797 4558 2904 4614 duo
2947 4557 3044 4613 ista
3071 4557 3379 4613 discernunt
3397 4599 3411 4621 ,
3436 4557 3504 4610 ita

1918 4661 2027 4707 uta
2055 4651 2212 4707 Patre
2234 4651 2427 4708 Filium
2450 4653 2690 4725 genitum
2719 4651 2916 4716 dicant,
2942 4650 3137 4705 factum
3161 4666 3286 4705 vero
3314 4665 3344 4703 a
3371 4647 3506 4704 Filio

1916 4743 2172 4815 Spiritum
2193 4754 2453 4800 sanctum.
2474 4744 2626 4814 Quod
2643 4745 2696 4798 in
2716 4743 3008 4815 Scripturis
3029 4740 3224 4797 sanctis
3247 4755 3504 4808 nusquam

1919 4838 2119 4907 legunt,
2150 4853 2270 4894 cum
2302 4838 2468 4893 Filius
2493 4838 2606 4909 ipse
2633 4837 2774 4894 dicat
2803 4880 2818 4906 ,
2847 4836 2988 4908 quod
3027 4833 3253 4905 Spiritus
3290 4838 3505 4888 sanctus

1917 4944 1949 4984 a
1977 4929 2136 4984 Patre
2165 4929 2443 4998 procedat.

1991 5021 2078 5076 11.
2123 5019 2331 5086 Filius,
2388 5022 2649 5092 inquiunt,
2705 5021 2911 5074 Patrem
2959 5017 3204 5088 prwdicat
3235 5032 3252 5070 :
3282 5015 3507 5084 Spiritus

1919 5121 2120 5166 sanctus
2161 5111 2356 5165 Filium
2413 5112 2700 5165 annuntiat.
2753 5109 2914 5177 Quasi
2958 5124 3065 5162 non
3111 5106 3479 5161 annuntiaveri
3520 5148 3522 5154 ι

1920 5203 2086 5259 Filius
2114 5201 2370 5273 Spiritum
2401 5213 2642 5258 sanctum
2671 5215 2790 5256 esse
2820 5207 3122 5261 venturum,
3152 5206 3245 5252 aut
3267 5206 3323 5253 et
3347 5197 3504 5252 Pater

1920 5313 2025 5352 non
2082 5295 2454 5368 prmdicaverit
2504 5292 2714 5355 Filium,
2759 5289 3030 5346 dicendo:
3066 5287 3167 5342 llic
3217 5297 3288 5344 est
3338 5287 3506 5343 Filius

1921 5405 2060 5443 meus
2097 5388 2312 5442 dilectus
2349 5388 2403 5440 in
2446 5401 2543 5456 quo
2586 5382 2706 5436 bene
2753 5381 3036 5451 complacui
3057 5395 3078 5445 ,°
3127 5381 3294 5452 ipsum
3337 5380 3508 5434 audite

1926 5480 2137 5553 (Matth.
2162 5495 2292 5550 XVII,
2323 5480 2406 5550 5).

1993 5574 2077 5628 I2.
2121 5574 2198 5628 Ac
2224 5587 2320 5642 per
2356 5569 2458 5624 hoc
2488 5583 2593 5623 non
2635 5565 2806 5622 solum
2848 5563 3021 5620 Patris
3049 5566 3266 5638 gloriam
3299 5564 3468 5620 Filius
3503 5605 3516 5629 ,

1987 5727 2002 5758 ι
2031 5733 2128 5772 am.
2154 5731 2227 5785 Er.
2250 5729 2309 5785 (et
2335 5730 2459 5785 bl_s.9_.,
2481 5719 2709 5784 templum
2745 5719 2796 5772 in
2829 5718 2954 5772 vobis
2985 5726 3056 5771 est
3085 5720 3289 5785 Spiritus
3318 5719 3475 5771 sancti
3502 5755 3517 5778 ,

1921 5789 2112 5844 omisso,
2137 5783 2219 5848 qui
2241 5783 2289 5833 in
2314 5783 2442 5848 nobis
2465 5789 2552 5832 est.

1985 5850 2055 5911 (η)
2079 5843 2246 5896 neuter
2263 5844 2574 5897 Collatiouem
2597 5858 2705 5896 eum
2729 5844 3000 5906 Maximino,
3027 5851 3142 5907 Aug.
3168 5858 3216 5894 II.
3243 5843 3316 5893 14.
