4028 6440
480 349 585 408 699

480 459 854 529 verumetiam
900 459 1022 514 Filii
1054 457 1275 531 gloriam
1303 455 1490 510 revelat
1532 455 1724 510 Pater:
1757 467 1856 508 nec
1891 452 2063 507 solum

485 554 613 611 Filii
633 553 859 625 Spiritus
886 561 1107 617 sanctus,
1138 547 1231 604 sed
1252 547 1412 603 etiam
1438 544 1603 602 Filius
1629 543 1916 617 manifestat
1945 541 2069 614 Spi—

484 648 619 707 ritus
643 645 811 701 sancti
838 628 1151 715 dignitatem.

559 740 647 796 13.
688 739 759 795 Et
787 737 906 793 ideo
930 735 1064 790 sicut
1086 732 1271 799 Filius,
1292 730 1459 798 Patri,
1483 730 1554 786 ita
1575 740 1628 787 et
1653 730 1809 786 Pater
1827 728 1964 785 Filio
1987 745 1999 782 :
2024 736 2077 782 et

489 831 629 889 sicut
657 829 885 902 Spiritus
909 836 1112 883 sanctus
1144 823 1297 894 Filio,
1328 824 1397 880 ita
1428 832 1482 880 et
1510 823 1675 879 Filius
1701 822 1924 894 Spiritui
1946 836 2073 876 sau-

488 904 578 981 icto
606 920 829 994 perhibet
859 917 1222 974 testimonium.

569 1015 657 1071 14.
697 1015 743 1069 Α
768 1013 923 1070 Patre
948 1021 1123 1068 autem
1151 1018 1206 1067 et
1244 1008 1569 1065 Filiomissus
1610 1017 1682 1062 est
1710 1005 1936 1077 Spiritus
1957 1021 2076 1060 san-

492 1116 606 1165 ctus
629 1124 649 1163 :
669 1116 724 1163 et
749 1124 780 1161 a
801 1105 959 1161 Patre
986 1115 1041 1161 et
1065 1103 1264 1176 Spiritu
1291 1103 1473 1158 missus
1501 1110 1571 1157 est
1598 1099 1647 1155 F
1649 1100 1786 1156 ilius.

559 1196 788 1254 CAPUI‘
814 1196 982 1253 XXII.
1012 1226 1086 1238 —-
1114 1196 1200 1252 15.
1222 1192 1410 1262 Filius,
1444 1192 1687 1266 inquiunt
1706 1233 1723 1259 ,
1755 1191 1980 1244 minister
2007 1199 2077 1245 est

493 1286 668 1344 Patris
698 1305 719 1344 :
750 1288 975 1360 Spiritus
1002 1295 1203 1342 sanctus
1230 1285 1456 1340 minister
1478 1293 1549 1339 est
1584 1281 1730 1337 Filii.
1765 1279 1875 1337 Nec
1905 1289 2077 1334 atten—

491 1379 787 1450 duntquod
808 1379 911 1434 isto
938 1378 1096 1435 modo
1124 1376 1374 1432 meliores
1413 1374 1611 1431 faciunt
1653 1372 1854 1444 Spiritu
1893 1378 2078 1426 sancto

492 1457 1013 1544 Apostolos'sanctos
1032 1489 1046 1539 ;
1066 1471 1154 1542 qui
1197 1485 1318 1525 cum
1346 1485 1405 1525 se
1430 1468 1526 1523 Dei
1555 1467 1830 1523 ministros
1858 1479 1976 1521 esse
2002 1463 2080 1540 di-

491 1574 638 1633 cunt,
667 1581 772 1620 non
813 1580 907 1620 eos
948 1565 1130 1636 utique
1166 1563 1251 1619 isti
1285 1563 1444 1618 etiam
1473 1562 1567 1617 Dei
1595 1560 1767 1616 Patris
1808 1558 2080 1615 ministros

493 1657 783 1730 negabunt.
812 1654 942 1730 Ejus
967 1659 1163 1730 quippe
1204 1656 1434 1712 ministri
1466 1654 1589 1710 facti
1639 1663 1797 1722 sunt,
1831 1654 1885 1708 in
1928 1651 2080 1724 cujus

497 1751 713 1807 nomine
741 1752 900 1806 etiam
927 1750 1280 1822 baptizarunt,
1315 1747 1366 1804 id
1395 1755 1497 1815 est,
1528 1745 1732 1812 Patris,
1760 1754 1814 1801 et
1839 1744 1993 1810 Filii,
2026 1752 2080 1799 et

494 1842 723 1911 Spiritus
752 1841 939 1896 sancti.
967 1841 1046 1896 Ac
1064 1854 1160 1912 per
1185 1839 1291 1896 hoc
1316 1837 1609 1895 secundum
1638 1837 1858 1892 istorum
1878 1835 2083 1891 vanilo-

495 1937 641 2007 quia,
670 1935 921 1990 meliores
948 1941 1108 1990 erunt
1134 1931 1408 1990 Trinitatis
1432 1930 1693 1997 ministri;
1723 1930 1766 1985 si
1799 1937 2080 2001 propterea

496 2031 671 2085 minor
717 2038 799 2086 est
824 2028 1052 2101 Spiritus
1089 2034 1307 2083 sanctus
1329 2068 1344 2094 ,
1377 2024 1496 2097 quia
1522 2023 1687 2079 solius
1723 2022 1967 2079 minister
2002 2028 2083 2077 est

496 2120 638 2176 Filii.

504 2274 511 2281 ,
567 2215 654 2271 16.
696 2214 886 2281 Filius,
905 2213 1176 2286 inquiunt,
1190 2212 1399 2285 jubetur
1423 2228 1455 2266 a
1488 2209 1644 2266 Patre
1674 2225 1690 2262 :
1716 2208 1942 2278 Spiritus
1961 2223 2082 2262 san-

493 2321 602 2366 ctus
613 2310 817 2382 jubetur
839 2326 873 2364 a
892 2307 1051 2363 Filio.
1075 2306 1345 2379 Nusquam
1371 2304 1473 2360 hoc
1495 2304 1546 2359 in
1571 2301 1858 2373 Scripturis
1886 2299 2084 2356 sanctis

495 2400 977 2473 lcguutzquamvis
1004 2399 1341 2457 obedientem
1380 2396 1572 2453 Filium
1618 2395 1856 2466 legamus
1897 2406 2085 2448 secun-

495 2493 620 2549 dum
651 2491 873 2547 formam
901 2490 1063 2559 servi,
1092 2505 1197 2562 qua
1223 2488 1396 2559 major
1415 2495 1497 2542 est
1519 2487 1707 2551 Pater;
1740 2500 1848 2539 non
1886 2498 2081 2539 secun—

498 2585 624 2640 dum
648 2585 871 2639 lormam
896 2583 1014 2649 Dei,
1041 2582 1095 2637 in
1125 2596 1227 2652 qua
1252 2595 1414 2635 unum
1445 2586 1567 2632 sunt
1590 2575 1700 2649 ipse
1717 2583 1772 2631 et
1800 2574 1977 2630 Pater.

568 2676 655 2731 17.
697 2675 912 2746 Legitur
938 2674 1114 2744 itaque
1145 2671 1196 2727 in
1226 2669 1513 2742 Scripturis
1541 2668 1738 2725 sanctis
1777 2664 1945 2721 Filius
1969 2663 2087 2719 sub-

494 2768 632 2822 ditus
660 2766 825 2822 Patri.
849 2765 923 2822 lbi
952 2773 1035 2821 est
1061 2764 1202 2820 enim
1224 2762 1389 2817 forma
1420 2760 1580 2828 servi,
1609 2760 1660 2814 in
1688 2773 1790 2829 qua
1811 2766 1863 2812 et
1894 2771 2086 2826 paren-

499 2860 643 2915 tibus
691 2858 995 2913 hominibus
1047 2855 1289 2912 subditus
1339 2860 1499 2917 erat;
1552 2849 1690 2907 sicut
1742 2847 2086 2918 Evangelium

498 2949 732 3021 loquitur
758 2966 771 3002 :
803 2948 869 3002 Et
890 2946 1143 3003 descendit
1171 2962 1286 3000 cum
1311 2943 1417 2998 illis
1436 2985 1451 3008 ,
1474 2950 1521 2996 et
1549 2941 1681 2995 venit
1711 2938 2007 3004 Nazareth;
2040 2944 2088 2990 et

497 3051 605 3096 erat
634 3039 863 3094 subditus
886 3038 990 3092 illis
1020 3035 1171 3109 (Luc.
1217 3051 1276 3103 ιι,
1331 3034 1446 3105 51).
1488 3030 1604 3087 Νοη
1661 3038 1839 3085 autem
1895 3027 2088 3083 alicubi

498 3142 684 3188 sancta
715 3130 991 3201 Scriptura
1016 3127 1142 3184 dicit
1170 3126 1420 3199 Spiritum
1448 3131 1677 3179 sanctum
1709 3119 1965 3176 subditum
1990 3115 2087 3174 Fi-

499 3225 591 3279 lio.
2016 3282 2023 3289 .

576 3316 663 3373 18.
706 3312 938 3371 Proinde
983 3320 1038 3370 et
1078 3327 1192 3386 qua:
1223 3310 1369 3383 jubet
1413 3308 1591 3374 Pater,
1642 3316 1879 3380 operatur
1921 3304 2089 3361 Filius

497 3415 721 3479 propter
750 3404 975 3460 formam
1001 3403 1139 3459 servi
1174 3417 1188 3455 :
1219 3410 1273 3458 et
1299 3417 1418 3471 qua:
1452 3399 1612 3455 Pater
1635 3405 1884 3469 operatur
1906 3439 1921 3465 ,
1962 3413 2089 3468 ope-

500 3508 647 3553 ratur
667 3505 719 3552 et
747 3495 915 3551 Filius
952 3502 1171 3565 propter
1216 3490 1438 3547 formam
1467 3490 1583 3545 Dei.
1631 3488 1748 3544 Non
1802 3489 1943 3544 enim
1991 3487 2085 3555 ait,

500 3591 861 3659 Quaecumque
906 3588 1065 3643 Pater
1105 3584 1276 3656 jubet,
1308 3582 1424 3638 hinc
1456 3581 1625 3639 Filius
1654 3581 1820 3636 facit:
1846 3578 1938 3636 sed
1969 3580 2043 3635 ait
2070 3621 2083 3642 ,

506 3683 846 3752 Quacumque
890 3677 1048 3733 Pater
1086 3678 1231 3749 facit,
1282 3676 1388 3732 hazc
1425 3684 1471 3730 et
1501 3672 1667 3730 Filius
1693 3675 1816 3747 facit
1860 3673 2089 3728 similiter

500 3770 678 3844 (Joau.
708 3787 760 3838 v,
790 3767 900 3842 19).
928 3769 1099 3824 Porro
1128 3768 1171 3822 si
1214 3764 1471 3837 Spiritum
1519 3774 1762 3820 sanctum
1809 3763 1930 3819 ideo
1975 3763 2091 3818 tunc

502 3862 646 3933 loqui
673 3862 859 3917 dicunt
907 3876 1026 3932 qua:
1057 3858 1273 3915 mandat
1302 3857 1471 3913 Filius
1494 3898 1509 3925 ,
1542 3857 1664 3926 quia
1698 3854 1951 3926 scriptum
1974 3862 2086 3920 est,

500 3956 581 4014 De
603 3972 711 4011 meo
739 3956 953 4026 accipiet
983 3964 1029 4009 et
1059 3950 1377 4009 annuntiabit
1401 3950 1533 4006 robis
1559 3948 1670 4021 (1d.
1696 3965 1812 4017 xw,
1838 3947 1928 4018 M)
1955 3966 1969 4003 :
1995 3962 2092 4002 cur

501 4062 607 4104 non
629 4055 684 4103 et
710 4047 874 4102 Filius
896 4062 957 4101 ea
984 4045 1218 4116 loquitur
1233 4059 1351 4114 qua:
1376 4040 1594 4097 mandat
1609 4040 1838 4111 Spiritus
1852 4047 2087 4100 sanctus.

503 4154 626 4193 cum
656 4138 797 4193 dicat
826 4135 1135 4207 Apostolus,
1167 4134 1296 4199 Qua:
1341 4132 1441 4187 Dei
1480 4141 1594 4187 sunt
1637 4148 1782 4186 nemo
1823 4132 1938 4198 scit,
1996 4131 2093 4186 nisi

504 4229 730 4302 Spiritus
760 4227 856 4282 Dei
891 4225 932 4300 (l
963 4225 1081 4283 Cor.
1114 4241 1191 4294 ιι,
1224 4223 1347 4294 11);
1375 4231 1428 4277 ει
1463 4238 1584 4278 cum
1613 4222 1727 4292 ipse
1760 4221 1916 4276 Iesus
1943 4222 2010 4277 de
2033 4235 2091 4276 se

504 4321 626 4391 ipso
655 4319 931 4390 impletum
983 4316 1103 4372 esse
1145 4313 1460 4384 confirmet,
1510 4311 1651 4384 quod
1693 4313 1947 4382 scriptum
1986 4321 2088 4377 est,

504 4412 732 4482 Spiritus
761 4407 965 4464 Domini
989 4423 1140 4479 super
1159 4421 1275 4471 me;
1296 4414 1501 4476 propter
1519 4401 1655 4475 quod
1673 4403 1818 4458 unxit
1842 4419 1921 4456 me
1938 4417 2091 4457 evan-

504 4503 726 4581 gelizare
745 4499 1048 4572 pauperibus
1075 4494 1224 4569 (Luc.
1242 4511 1327 4571 tv,
1354 4494 1447 4560 18,
1474 4494 1567 4566 21)
1591 4494 1614 4549 ?
1640 4492 1698 4550 Si
1718 4495 1860 4550 enim
1880 4500 2093 4563 propter

504 4596 607 4652 hoc
638 4601 828 4649 unctus
851 4598 934 4647 est
960 4588 1333 4660 evangelizare
1359 4586 1682 4659 pauperibus
1710 4627 1726 4653 ,
1758 4586 1882 4655 quia
1907 4583 2082 4654 Spiri-

505 4700 591 4744 tus
640 4683 851 4742 Domini
905 4697 1066 4754 super
1119 4695 1243 4736 eum
1292 4688 1445 4744 erat;
1510 4676 1639 4748 quid
1701 4675 2094 4747 evangelizabat

506 4777 848 4851 pauperibus,
881 4774 983 4831 nisi
1016 4773 1157 4846 quod
1193 4772 1421 4843 Spiritus
1452 4769 1662 4826 Domini
1695 4768 1923 4825 habebat
1946 4811 1961 4836 ,
1989 4783 2095 4839 quo

507 4873 744 4943 repletus
768 4867 930 4925 erat?
956 4866 1089 4923 Nam
1118 4876 1171 4920 ct
1198 4864 1302 4920 hoc
1330 4864 1397 4919 de
1422 4864 1510 4918 illo
1541 4861 1795 4933 scriptum
1827 4868 1926 4928 est,
1954 4860 2093 4933 quod

509 4961 744 5033 repletus
759 4960 828 5016 sit
849 4957 1049 5031 Spiritu
1075 4965 1258 5011 sancto
1284 4954 1396 5025 (Id.
1423 4969 1491 5021 IV,
1529 4954 1607 5025 1).

578 5071 802 5131 CAPUT
840 5068 1032 5127 XXIII.
1063 5098 1135 5110 -—
1163 5066 1249 5123 19.
1290 5064 1456 5121 Filius
1480 5109 1497 5132 ,
1530 5065 1807 5136 inquiunt,
1836 5063 2017 5118 adorat
2050 5072 2095 5119 et

508 5169 726 5223 honorat
771 5158 1269 5230 Patrem:Spiritus
1306 5166 1508 5212 sanctus
1545 5156 1726 5210 adorat
1781 5164 1829 5210 et
1883 5155 2096 5208 honorat

512 5258 727 5312 Filium.
751 5255 850 5312 llic
875 5268 978 5308 non
1004 5265 1140 5324 Opus
1168 5258 1250 5305 est
1273 5248 1582 5317 scrupulose
1603 5247 1740 5302 velle
1768 5246 2091 5308 discernere,

509 5350 654 5407 inter
674 5346 937 5403 honorare
962 5350 1018 5399 et
1040 5341 1266 5396 adorare
1290 5339 1415 5410 quid
1433 5339 1623 5393 distet:
1641 5348 1856 5407 propter
1874 5337 2094 5391 formam

509 5442 657 5497 enim
686 5437 827 5493 servi
853 5436 1103 5491 dicuntur
1128 5435 1228 5487 ista
1258 5432 1324 5487 de
1342 5430 1496 5486 Filio.
1531 5431 1736 5495 Dicant,
1768 5429 1812 5484 si
1840 5438 2091 5500 possunt,

512 5530 606 5588 ubi
634 5530 860 5601 legerint
881 5524 1091 5582 adorari
1120 5523 1312 5580 Filium
1357 5537 1387 5577 a
1429 5520 1629 5593 Spiritu
1685 5531 1890 5597 sancto.
1944 5518 2098 5587 Quod

514 5624 658 5680 ouim
686 5618 973 5689 subjiciunt
997 5616 1138 5672 unde
1166 5615 1267 5671 hoc
1304 5614 1526 5686 probare
1551 5624 1840 5681 conentur,
1871 5614 1992 5685 quia
2024 5612 2097 5666 vi-

517 5716 711 5773 delicet
727 5712 981 5782 scriptum
1007 5718 1110 5776 est,
1149 5708 1323 5775 Pater,
1364 5724 1456 5781 ego
1504 5716 1551 5763 te
1586 5707 1915 5778 honoriﬁcavi
1948 5720 2099 5777 super

518 5819 724 5882 terram,
766 5821 892 5882 opus
944 5802 1078 5875 quod
1128 5801 1311 5878 dedisti
1342 5800 1482 5879 mihi
1529 5800 1905 5865 consummavi;
1939 5807 1992 5856 et
2033 5797 2099 5853 (le

1262 341 1537 400 CONTRA
1574 314 1947 398 seuuon
1987 338 2410 408 Altl.t.‘i01ttlll,
2451 343 2508 397 ε.
2557 345 2927 403 AUGUSTlNl

3652 352 3762 408 700

2183 453 2381 522 Spiritu
2407 464 2610 521 sancto,
2638 456 2739 513 Ille
2763 477 2841 513 me
2866 460 3235 532 honoriﬁcabit,
3260 463 3379 533 quia
3395 463 3455 519 de
3486 482 3597 520 meo
3620 467 3769 520 accio

2183 546 2301 614 piet,
2333 554 2379 600 et
2403 548 2719 603 annuntiabit
2746 549 2921 619 vobis;
2963 552 3029 609 ad
3067 569 3179 610 rem
3220 554 3287 610 de
3313 571 3415 626 qua
3454 557 3627 628 agitur
3658 573 3770 615 non

2183 653 2215 708 p
2236 637 2430 692 ‘rtinct.
2464 638 2700 696 Ilonorat
2725 643 2866 698 enim
2896 645 3069 701 omnis
3095 648 3182 718 qui
3223 645 3431 714 adorat,
3456 666 3561 704 non
3588 661 3771 707 autem

2185 728 2369 785 adorat
2392 731 2566 796 omnis
2591 733 2679 804 qui
2723 733 2967 792 honorat.
3004 738 3137 794 Nam
3163 750 3217 795 et
3254 739 3444 797 fratres
3472 742 3771 799 secundum

2185 818 2223 872 Α
2236 820 2496 889 postolum
2523 822 2749 881 invicem
2778 841 2836 882 se
2860 826 3065 885 honore
3093 833 3425 901 praeveniunt
3454 831 3630 906 (Rom.
3656 851 3733 890 xu
3753 877 3771 901 ,

2168 908 2301 985 ⁴10),
2330 928 2429 969 nec
2469 924 2644 971 tamen
2681 916 2906 974 invicem
2936 918 3460 997 adorant._Alioquin
3479 965 3494 989 ,
3522 925 3564 980 si
3594 923 3772 979 hono-

2186 1002 2409 1070 rilicare,
2456 1005 2559 1063 hoc
2606 1018 2690 1064 est
2736 1008 2992 1078 adorare;
3026 1011 3204 1067 dicant
3231 1054 3246 1078 ,
3302 1014 3345 1068 si
3394 1015 3585 1084 placet,
3624 1016 3773 1086 quod

2187 1094 2373 1151 Filium
2401 1097 2589 1155 adoret
2616 1110 2669 1155 et
2689 1099 2852 1159 Pater
2874 1145 2890 1171 ,
2923 1112 2977 1159 ct
3009 1104 3111 1161 hoc
3132 1105 3353 1176 jubente
3390 1107 3524 1163 Filio
3546 1148 3564 1173 ,
3592 1108 3683 1178 qui
3724 1110 3774 1165 ci

2183 1187 2332 1258 dicit,
2384 1188 2682 1262 Honori/ica
2733 1211 2811 1249 me
2848 1195 3029 1265 (Joan.
3053 1214 3186 1262 xvu.
3209 1200 3264 1267 4,
3288 1200 3363 1270 5).
3404 1201 3555 1267 Quod
3590 1212 3774 1256 autem

2184 1280 2318 1337 dixit
2345 1280 2412 1337 de
2456 1281 2654 1354 Spiritu
2682 1297 2869 1343 sancto
2888 1330 2903 1354 ,
2932 1288 3011 1344 De
3037 1308 3145 1345 meo
3175 1293 3420 1364 accipiet,
3453 1294 3611 1349 solvit
3654 1295 3778 1366 ipse

2185 1372 2533 1441 quazstiouem
2567 1394 2580 1430 :
2608 1392 2676 1432 ne
2705 1388 2980 1448 putaretur
2999 1383 3148 1451 quasi
3177 1398 3271 1453 per
3293 1384 3550 1454 quosdam
3572 1385 3799 1455 gradus-

2185 1463 2262 1516 sic
2286 1478 2405 1518 esse
2431 1463 2498 1518 de
2523 1465 2615 1520 illo
2638 1466 2864 1537 Spiritus
2897 1478 3133 1538 sanctus,
3162 1474 3428 1542 quomodo
3454 1483 3540 1529 est
3570 1476 3687 1546 ipse
3705 1475 3780 1531 de

2187 1553 2379 1622 Patre;
2403 1571 2522 1612 cum
2545 1558 2703 1613 ambo
2733 1559 2800 1615 de
2821 1559 2995 1627 Patre,
3021 1563 3108 1617 ille
3140 1574 3406 1633 nascatur,
3448 1566 3537 1622 ille
3582 1582 3780 1637 proce—

2186 1644 2307 1712 dat;
2336 1663 2455 1718 qute
2483 1647 2589 1703 duo
2617 1649 2668 1704 in
2697 1649 2838 1704 illius
2871 1660 3074 1708 natura:
3112 1655 3434 1710 sublimitate
3466 1657 3782 1715 discernere

2186 1738 2405 1793 omnino
2426 1737 2643 1795 difﬁcile
2673 1750 2755 1796 est
2786 1758 2801 1797 :
2831 1757 2959 1813 ergo
2988 1759 3055 1800 ne
3087 1744 3188 1800 hoc
3218 1756 3512 1815 putaretur,
3554 1757 3613 1803 ut
3637 1748 3779 1815 dixi,

2187 1828 2440 1885 continuo
2461 1830 2687 1902 subjecit
2711 1874 2726 1898 ,
2753 1831 2938 1888 Omnia
2961 1850 3074 1907 qua:
3106 1836 3251 1892 habet
3280 1835 3438 1893 Pater
3472 1855 3583 1893 mea
3615 1848 3737 1894 sunt
3761 1881 3779 1905 ,

2188 1929 2450 1991 prapterea
2476 1922 2602 1989 dixi,
2634 1922 2710 1978 De
2734 1942 2843 1978 meo
2870 1927 3085 1998 accipiet
3118 1926 3240 1999 (Id.
3276 1944 3391 1998 xw,
3422 1931 3507 1998 14,
3543 1931 3673 2004 15).
3702 1931 3784 1987 Ita

2187 2015 2303 2071 sine
2323 2014 2486 2071 dubio
2511 2016 2733 2090 intelligi
2758 2020 2940 2074 volens
2966 2020 3105 2090 quod
3125 2021 3192 2078 de
3211 2022 3368 2079 Patre
3392 2025 3637 2095 accipiat.
3668 2025 3784 2081 Sed

2191 2107 2314 2163 ideo
2338 2107 2425 2164 -de
2463 2108 2650 2181 ipsius,
2691 2113 2813 2183 quia
2853 2114 3029 2168 omnia
3071 2130 3189 2185 qua:
3216 2114 3376 2173 habet
3397 2117 3575 2185 Pater,
3608 2118 3787 2191 ipsius

2188 2206 2330 2254 sunt.
2363 2200 2489 2257 Hzec
2527 2212 2703 2258 autem
2756 2220 2862 2260 non
2912 2215 2993 2262 est
3043 2207 3366 2266 diversitatis
3409 2219 3626 2280 naturae,
3680 2212 3787 2271 sed

2189 2290 2346 2346 unius
2376 2292 2618 2365 principii
2644 2298 3064 2355 commendatio.
3750 2362 3755 2371 ι

2261 2383 2351 2438 20.
2394 2383 2696 2442 Secundum
2735 2388 2855 2455 hoc,
2886 2391 2955 2445 ita
2989 2390 3212 2462 Spiritus
3252 2403 3457 2449 sanctus
3503 2411 3604 2450 non
3648 2413 3686 2450 a
3729 2414 3791 2453 se

2189 2474 2298 2548 ipso
2321 2475 2561 2547 loquitur,
2590 2479 2713 2549 quia
2744 2496 2851 2534 non
2878 2488 2963 2537 est
2986 2498 3015 2536 a
3045 2498 3104 2560 se
3132 2482 3247 2555 ipso
3270 2485 3358 2554 qui
3380 2485 3446 2541 de
3473 2484 3630 2541 Patre
3652 2502 3791 2556 pro-

2190 2569 2366 2625 cedit:
2390 2571 2527 2627 sicut
2576 2586 2676 2628 nec
2718 2571 2887 2628 Filius
2926 2584 3086 2644 potest
3126 2592 3157 2628 a
3184 2592 3238 2631 se
3273 2580 3438 2648 facere
3482 2577 3786 2650 quidun

2192 2661 2313 2733 quia
2339 2677 2439 2717 nec
2463 2663 2579 2733 ipse
2612 2679 2642 2718 a
2681 2679 2742 2720 se
2766 2664 2884 2735 ipso
2904 2673 3007 2733 est,
3040 2666 3177 2722 sicut
3200 2664 3309 2738 jam
3340 2668 3586 2739 superius
3615 2685 3791 2740 expo-

2191 2756 2271 2810 sui
2318 2775 2332 2811 :
2361 2771 2466 2813 non
2490 2758 2629 2828 quod
2646 2759 2699 2814 in
2721 2760 2949 2816 erunibus
2973 2771 3151 2816 nutum
3182 2762 3348 2818 Patris
3364 2772 3645 2835 exspectet;
3670 2782 3790 2821 non

2193 2848 2336 2902 enim
2364 2850 2459 2916 ait,
2495 2847 2615 2905 Nisi
2640 2851 2782 2922 quod
2811 2852 3003 2907 viderit
3036 2854 3247 2910 Patrem
3278 2855 3587 2911 innuentem
3609 2858 3749 2923 ;sed
3772 2900 3788 2921 ,

2191 2939 2327 3011 quod
2344 2939 2523 2995 viderit
2555 2940 2765 2998 Patrem
2786 2943 3049 3012 facientem
3075 2943 3184 3015 (1d.
3213 2961 3245 2999 ν
3265 2987 3281 3013 ,
3316 2944 3405 3015 19)
3426 2986 3441 3010 ,
3484 2946 3789 3003 secundum

2192 3046 2255 3086 ea
2282 3048 2400 3104 qua:
2415 3031 2526 3104 jam
2548 3031 2953 3104 disputavimus.
2976 3033 3126 3103 Quod
3143 3045 3317 3091 autem
3339 3037 3391 3089 in
3410 3036 3640 3092 omnibus
3657 3038 3793 3108 Spi-

2193 3125 2320 3179 ritus
2355 3135 2561 3182 sanctus
2592 3125 2780 3181 Christi
2815 3139 3120 3200 prteccptum
3153 3138 3435 3198 exspectet,
3467 3138 3521 3184 ut
3554 3129 3790 3196 dicunt,

2192 3214 2372 3287 legant
2416 3217 2461 3272 si
2501 3227 2740 3289 possunt.
2789 3218 2939 3285 Quod
2980 3219 3120 3274 enim
3151 3219 3351 3276 dictum
3390 3230 3492 3288 est,
3523 3221 3646 3276 Non
3676 3240 3799 3279 ase

2192 3308 2462 3379 loquetur:
2486 3324 2593 3364 non
2619 3317 2701 3363 est
2720 3308 2937 3376 dictum,
2962 3310 3321 3381 Qutecumque
3350 3327 3379 3367 a
3402 3326 3486 3368 me
3513 3313 3789 3380 audierit;

2192 3399 2307 3465 sed,
2334 3416 2661 3471 quantumque
2685 3399 2900 3455 audierit
2931 3401 3161 3473 loquetur
3200 3398 3311 3474 (Id.
3356 3419 3447 3458 xv:
3467 3445 3484 3471 ,
3513 3403 3625 3475 15).
3677 3404 3794 3461 Cur

2192 3502 2372 3548 autem
2399 3491 2599 3548 dictum
2626 3493 2715 3559 sit,
2745 3494 2903 3565 paulo
2945 3504 3068 3551 ante
3107 3495 3219 3566 jam
3265 3496 3454 3553 claruit
3496 3513 3564 3561 ex
3617 3498 3794 3569 ipsius

2193 3599 2350 3655 quam
2399 3586 2816 3641 commemoravi
2866 3586 3076 3641 Domini
3126 3586 3498 3657 expositione,
3548 3589 3638 3645 ubi
3684 3591 3789 3652 ait.

2196 3676 2381 3731 Omnia
2403 3694 2518 3750 quae
2546 3678 2693 3733 habet
2720 3678 2898 3744 Pater,
2930 3696 3042 3734 mea
3069 3690 3225 3748 sunt;
3255 3690 3525 3754 propterea
3549 3682 3681 3749 dixi,
3706 3681 3795 3737 De

2194 3789 2302 3826 meo
2339 3773 2568 3843 accipiet.
2598 3772 2752 3830 Unde
2780 3783 2956 3830 autem
2985 3776 3246 3845 accipiet,
3295 3775 3420 3833 inde
3462 3785 3548 3837 est
3596 3780 3789 3848 procul

2194 3865 2355 3920 dubio
2379 3864 2522 3936 quod
2548 3865 2826 3936 loquetur;
2850 3867 2977 3938 quia
3003 3866 3129 3923 inde
3154 3867 3328 3940 audit,
3354 3868 3493 3925 unde
3519 3870 3788 3939 procedit.

2193 3954 2302 4011 Scit
2330 3955 2473 4010 enim
2502 3955 2596 4011 Dei
2625 3955 2879 4025 Verbum,
2909 3957 3248 4028 procedendo
3285 3958 3410 4015 inde
3437 3959 3579 4016 unde
3602 3961 3791 4017 nasci—

2197 4055 2281 4101 tur
2303 4046 2537 4104 Verbum
2559 4089 2573 4116 ,
2602 4050 2673 4103 ita
2702 4058 2760 4105 ut
2787 4050 2854 4105 sit
2876 4050 3233 4106 communiter
3259 4050 3487 4122 Spiritus
3519 4061 3574 4106 et
3608 4052 3792 4109 Patris

2195 4149 2247 4195 et
2287 4140 2463 4197 Verbi.

2265 4236 2490 4293 CAPUT
2505 4236 2694 4293 XXIV.
2718 4236 2901 4293 —Nee
2922 4246 3136 4293 moveat
3158 4239 3299 4310 quod
3339 4237 3499 4294 futuri
3525 4241 3791 4309 temporis

2196 4329 2413 4384 verbum
2436 4338 2539 4397 est,
2570 4330 2817 4401 accipiet;
2847 4331 2998 4401 quasi
3023 4329 3259 4386 nondum
3291 4330 3528 4386 haberet.
3556 4330 3789 4388 ludiﬁc-

2184 4426 2376 4507 ~rentur
2396 4419 2592 4490 quippe
2621 4418 2870 4475 dicuntur
2900 4420 3157 4491 temporis
3184 4421 3365 4485 verba,
3397 4422 3639 4491 quamvis
3661 4423 3795 4479 sine

2200 4521 2441 4581 tempore
2474 4526 2691 4568 manere
2728 4512 3054 4583 intelligatur
3073 4514 3363 4568 aeternitas.
3395 4513 3526 4569 Nam
3555 4524 3611 4570 et
3629 4528 3796 4572 acce-

2199 4605 2291 4675 pit,
2317 4606 2438 4676 quia
2460 4604 2527 4660 de
2555 4605 2713 4661 Patre
2738 4606 3031 4676 processit;
3059 4614 3115 4663 et
3138 4608 3350 4679 accipit,
3377 4610 3497 4679 quia
3525 4609 3594 4665 de
3624 4590 3796 4677 Patre

2198 4695 2467 4765 procedit;
2497 4705 2551 4752 et
2575 4696 2830 4768 accipiet,
2862 4696 2987 4769 quia
3020 4696 3086 4753 de
3114 4697 3273 4753 Patre
3309 4699 3597 4769 procedere
3639 4716 3796 4755 nun-

2197 4800 2354 4855 quam
2396 4785 2607 4840 desinet
2638 4780 2822 4842 :‘sicut
2855 4790 2994 4845 Deus
3019 4797 3075 4845 et
3102 4800 3204 4856 εει,
3230 4798 3284 4844 ει
3308 4789 3443 4857 fuit,
3473 4799 3528 4846 et
3552 4791 3692 4857 erit;
3739 4803 3801 4857 et

2200 4886 2374 4932 tamen
2406 4875 2613 4932 initium
2641 4876 2722 4931 vel
2743 4875 2902 4951 linem
2934 4882 3209 4952 temporis,
3238 4896 3337 4938 nec
3367 4880 3547 4948 habet,
3566 4897 3669 4939 nec
3692 4882 3802 4940 hac

2200 4968 2332 5036 buit,
2362 4983 2460 5025 nec
2478 4968 2714 5025 habebit.

2269 5058 2494 5115 CAPUT
2533 5057 2700 5115 XXV.
2730 5089 2803 5101 -—
2841 5058 2930 5114 21.
2969 5059 3133 5116 Filius
3156 5102 3172 5127 ,
3198 5062 3477 5134 inquiunt,
3506 5081 3600 5137 pro
3641 5067 3798 5123 nobis

2202 5138 2482 5222 interpellat
2501 5150 2731 5217 Patrem;
2747 5160 2793 5207 et
2810 5151 3038 5225 Spiritus
3058 5169 3151 5223 pro
3170 5156 3310 5209 nobis
3332 5156 3551 5227 postulat
3562 5155 3613 5210 F
3613 5156 3801 5215 ilium.

2200 5245 2345 5301 Sicut
2372 5245 2585 5315 legunt,
2631 5244 2771 5315 quod
2799 5245 2967 5300 Filius
2991 5244 3293 5315 interpellat
3316 5246 3523 5305 Patrem
3544 5290 3561 5318 ,
3582 5262 3800 5313 secun-

2202 5337 2326 5392 dum
2362 5352 2425 5392 ea
2473 5352 2591 5408 quze
2654 5337 2897 5407 superius
2958 5350 3056 5392 nos
3094 5338 3254 5393 etiam
3306 5351 3808 5415 commemorantes

2203 5428 2550 5485 disseruimus
2574 5444 2586 5479 :
2611 5427 2679 5481 ita
2710 5427 2981 5483 inveniant
3009 5426 3151 5485 unde
3177 5428 3441 5499 proferant
3458 5472 3475 5497 ,
3501 5430 3643 5507 quod
3666 5432 3809 5502 Spi-

2204 5521 2335 5577 ritus
2362 5521 2592 5592 postulet
2609 5518 2816 5575 Filiuut.
2836 5518 2986 5588 Quod
3004 5521 3147 5576 enim
3168 5520 3296 5578 dicit
3313 5523 3624 5593 Apostolus,
3652 5524 3806 5591 Quid

2205 5615 2336 5670 enim
2356 5631 2574 5681 oremus,
2607 5616 2733 5669 sicut
2764 5622 2978 5686 Oportet,
3007 5616 3290 5682 nescimus;
3313 5616 3402 5672 sed
3434 5618 3540 5688 ipse
3564 5616 3806 5690 Spiritus

2205 5706 2488 5778 interpellat
2513 5706 2778 5780 gemitibus
2798 5706 3216 5763 inenarrabilibus
3239 5723 3256 5765 .'
3279 5709 3363 5776 qui
3397 5719 3568 5764 autem
3587 5720 3804 5763 scruta-

2207 5808 2288 5851 tur
2340 5797 2513 5865 corda,
2565 5797 2654 5852 scit
2698 5796 2819 5869 quid
2862 5797 3085 5870 Spiritus
3125 5800 3309 5871 sapiat,
3354 5801 3467 5870 quia
3513 5800 3803 5856 secundum
