4094 6452
245 431 342 485 τοι

251 541 415 597 Deum
431 538 718 612 interpellat
740 553 830 610 pro
857 534 1041 590 sanctis
1063 525 1237 603 (Redin.
1273 535 1391 596 vm',
1420 527 1510 596 ‘26,
1537 527 1629 599 27)
1654 544 1667 591 ;
1696 541 1826 596 quo-

249 632 542 692 modolibet
572 631 658 685 isti
680 629 940 698 accipiant
967 626 1210 699 (mullum
1239 623 1378 678 enim
1409 619 1473 674 ad
1503 633 1593 674 eos
1619 627 1703 674 est
1732 618 1831 671 hoc

248 727 328 781 sic
365 715 628 793 accipere,
663 718 1105 791 quemadmodum
1153 713 1514 784 accipiendum
1542 713 1682 779 est),
1726 725 1832 762 non

247 827 332 874 est
356 816 556 872 dictum
582 856 595 880 ,
623 811 928 881 Interpellat
956 808 1222 863 Christum
1246 848 1262 874 ,
1285 815 1404 872 aut,
1429 801 1726 872 interpellat
1743 799 1834 854 Fi-

251 912 384 966 lium
407 927 422 966 :
449 905 734 979 interpellat
763 915 939 958 autem
983 902 1206 971 Spiritus
1242 905 1446 958 sanctus
1487 895 1684 950 dictum
1720 899 1832 956 est,

248 1001 377 1073 quia
422 998 764 1068 interpellare
815 1009 912 1048 nos
960 993 1100 1047 facit.
1144 991 1293 1048 Sicut
1346 990 1487 1044 Deus
1511 986 1658 1052 dicit,
1687 983 1838 1038 Nunc

249 1092 466 1165 cognovi
493 1089 656 1163 (Gen.
688 1104 826 1151 xxu,
858 1083 956 1158 12)
977 1102 990 1150 ;
1014 1085 1162 1155 quasi
1203 1091 1322 1136 ante
1357 1079 1624 1135 nesciebat
1653 1096 1665 1130 :
1698 1076 1837 1147 quod

252 1185 384 1256 quid
412 1193 499 1240 est
531 1181 694 1249 aliud,
725 1181 846 1245 nisi,
875 1179 998 1232 Feci
1028 1185 1086 1231 ut
1127 1173 1454 1246 cognoscas?
1501 1171 1628 1226 Inde
1659 1178 1744 1225 est
1787 1179 1840 1223 et

251 1278 386 1333 illud
408 1275 670 1346 Apostoli,
717 1271 868 1326 Nunc
901 1281 1067 1324 autem
1119 1275 1467 1339 cognoscentes
1507 1263 1692 1330 Deum,
1740 1261 1841 1314 into

251 1369 446 1440 cogniti
473 1385 505 1420 a
527 1366 631 1420 Deo
653 1363 846 1437 (Galat.
876 1378 952 1428 IV,
979 1362 1035 1433 9)
1063 1377 1166 1416 :ne
1209 1359 1308 1415 sibi
1363 1359 1652 1412 tribuerent
1700 1354 1840 1424 quod

253 1465 618 1531 cognoverant
643 1457 827 1511 Deum.
861 1456 950 1510 Sic
968 1469 1096 1524 ergo
1122 1453 1214 1516 ait,
1244 1451 1430 1522 cogniti
1451 1465 1483 1502 a
1514 1447 1644 1514 Deo,
1673 1455 1729 1500 ut
1758 1447 1843 1499 in-

258 1553 562 1625 telligerent
581 1550 720 1621 quod
751 1549 875 1604 illos
899 1548 1065 1618 gratia
1093 1560 1185 1600 sua
1224 1545 1364 1600 Deus
1394 1544 1577 1598 fecerit
1601 1541 1841 1610 cognito-

257 1659 347 1700 res
376 1658 520 1699 suos.
555 1641 857 1698 Secundum
898 1640 1057 1693 istmn
1099 1636 1383 1692 locutionis
1408 1633 1622 1688 modum
1645 1632 1842 1686 dictum

259 1743 362 1800 cst,
386 1733 455 1786 Et
477 1733 627 1787 nolite
665 1732 962 1785 contristare
988 1729 1234 1800 Spiritum
1251 1738 1480 1781 sanctum
1510 1723 1606 1776 Dei
1632 1721 1844 1793 (Ep/tes.

266 1841 339 1890 ιν,
366 1822 462 1897 50)
495 1839 509 1876 :
539 1822 642 1878 hoc
669 1832 770 1889 est,
795 1821 958 1876 nolite
975 1834 1072 1875 nos
1097 1819 1412 1874 contristare
1444 1817 1532 1886 qui
1559 1814 1846 1869 scentulum

262 1915 518 1984 Spiritum
551 1913 643 1967 Dei
670 1912 1048 1968 contristamur
1067 1926 1132 1964 ex
1159 1909 1330 1964 vobis.
1355 1907 1627 1962 Charitate
1657 1906 1848 1976 quippe

265 2006 740 2071 eontristabantur,
772 2019 928 2074 quam
950 2002 1280 2058 dill‘undebat
1305 2001 1535 2073 Spiritus
1561 2011 1774 2054 sanctus
1797 2000 1849 2052 in

267 2099 517 2154 cordibus
545 2114 726 2153 eorum
757 2096 942 2169 (Rom.
973 2114 1025 2164 ν,
1056 2097 1132 2168 5),
1161 2106 1214 2151 et
1242 2112 1337 2166 per
1367 2096 1466 2150 hoc
1492 2111 1583 2150 eos
1607 2095 1672 2149 de
1701 2095 1851 2148 malis

271 2190 491 2244 fratrum
517 2190 692 2244 tristes
724 2190 836 2259 ipse
867 2188 1110 2244 faciebat.
1136 2188 1371 2258 Denique
1386 2187 1523 2241 idem
1555 2185 1848 2256 apostolus,

271 2282 568 2352 Accepistis,
603 2282 790 2351 inquit,
820 2280 1070 2352 Spiritum
1091 2280 1377 2351 adeptionis
1407 2280 1649 2348 ﬁliorum,
1678 2279 1729 2332 in
1756 2292 1852 2349 quo

270 2374 572 2439 clamamus,
599 2371 756 2439 Abba,
791 2371 948 2425 Pater
973 2370 1083 2443 (Id.
1112 2387 1223 2438 vm,
1255 2371 1372 2442 15):
1395 2382 1447 2426 et
1467 2370 1588 2425 alibi
1607 2370 1850 2425 eumdem

270 2480 490 2521 sensum
515 2479 961 2532 commemorans,
995 2464 1173 2531 Misit,
1205 2462 1373 2534 inquit
1401 2505 1414 2529 ,
1445 2461 1581 2518 Deus
1607 2463 1854 2533 Spiritum

276 2558 400 2613 Filii
421 2560 503 2613 sui
524 2561 577 2614 in
606 2559 760 2613 corda
778 2569 958 2623 vestra,
989 2558 1309 2624 clamantem,
1340 2555 1478 2610 Abba
1503 2599 1516 2623 ,
1545 2555 1702 2610 Pater
1732 2553 1857 2627 (Ga-

272 2650 363 2704 tat.
386 2666 464 2716 ιν,
499 2649 575 2724 6).
599 2650 876 2720 Quomodo
914 2650 1007 2717 ibi,
1037 2650 1091 2702 in
1117 2665 1216 2719 quo
1254 2649 1550 2714 clamamus,
1592 2646 1857 2717 quomodo

273 2743 380 2810 hic,
413 2743 737 2809 clamantem,
767 2742 870 2796 nisi
895 2742 1014 2812 quia
1042 2739 1344 2794 clamantem
1385 2739 1471 2794 hic
1507 2739 1597 2805 ait,
1628 2739 1858 2793 clamare

277 2833 600 2891 facientem?
628 2832 698 2888 Ut
726 2843 902 2888 autem
946 2831 1240 2886 secundum
1273 2831 1504 2901 ipsorum
1536 2843 1751 2884 sensum
1781 2829 1858 2882 sic

273 2925 597 2996 accipiamus
635 2925 935 2979 clamantem
955 2964 970 2991 ,
994 2931 1243 2994 tanquam
1275 2938 1380 2976 non
1403 2923 1635 2976 clamare
1654 2936 1753 2977 nos
1783 2921 1862 2974 fa-

274 3017 400 3084 ciat,
423 3017 520 3072 sed
544 3019 657 3086 ipse
683 3018 904 3083 clamet;
930 3031 1056 3072 ecce
1081 3015 1327 3080 dicendo,
1356 3015 1514 3082 Abba,
1542 3013 1716 3081 Pater,
1755 3028 1858 3069 non

279 3109 586 3181 interpellat
616 3110 804 3164 Filium
825 3152 841 3178 ,
869 3108 962 3165 sed
1000 3110 1231 3165 Patrem.
1261 3108 1376 3164 Non
1422 3109 1562 3164 enim
1593 3107 1860 3163 audebunt

275 3201 458 3260 dicere
501 3201 665 3256 tilium
707 3201 905 3258 Christi
957 3216 1077 3258 esse
1121 3201 1379 3273 Spiritum
1419 3213 1660 3258 sanctum
1696 3217 1858 3257 :nam

277 3293 482 3362 utique,
506 3307 575 3347 ne
602 3292 704 3346 hoc
727 3293 986 3358 dicerent,
1005 3307 1112 3347 non
1151 3293 1386 3363 genitum
1424 3309 1452 3346 a
1476 3292 1633 3358 Filio,
1653 3292 1746 3348 scd
1779 3292 1862 3348 fa-

273 3392 420 3440 ctum
439 3385 620 3440 dicere
641 3387 960 3440 maluerunt.
979 3386 1095 3440 Non
1117 3401 1242 3457 ergo
1259 3386 1458 3442 scimus
1483 3401 1574 3456 per
1586 3401 1685 3440 nos
1715 3385 1860 3456 ipsos

276 3475 401 3544 quid
448 3490 662 3530 oremus
682 3519 697 3543 ,
734 3475 868 3531 sicut
895 3486 1122 3546 oportet,
1157 3476 1249 3531 sed
1294 3476 1406 3546 ipse
1435 3475 1666 3546 Spiritus
1696 3477 1858 3532 inter-

279 3567 465 3637 pellat,
499 3566 554 3622 id
581 3577 658 3622 est
685 3611 698 3635 ,
729 3569 1069 3640 interpellare
1100 3585 1198 3624 nos
1225 3569 1346 3624 facit
1377 3585 1494 3640 qua:
1523 3581 1644 3624 sunt
1674 3556 1861 3624 secun-

279 3659 406 3714 dum
453 3660 618 3714 Deum
650 3679 662 3714 :
691 3661 832 3730 quod
875 3663 978 3716 nisi
1007 3662 1181 3726 faciat,
1214 3677 1317 3717 non
1350 3677 1564 3717 oramus
1589 3705 1603 3730 ,
1639 3663 1739 3716 nisi
1779 3675 1862 3716 se-

279 3749 511 3804 cundum
540 3751 694 3804 istum
735 3750 1009 3817 mundum,
1039 3752 1104 3806 ad
1131 3753 1446 3822 explendam
1487 3754 1867 3822 concupiscen-

281 3842 408 3896 tiam
426 3843 624 3908 carnis,
647 3851 701 3897 et
720 3843 1200 3913 cencupiseentiam
1228 3843 1522 3911 oculorum,
1549 3852 1602 3898 et
1619 3843 1861 3897 ambitio-

283 3948 403 3988 uetn
428 3934 632 4000 saeculi,
664 3949 781 4004 qua:
821 3949 925 3989 non
956 3943 1078 3989 sunt
1107 3949 1136 3987 a
1180 3935 1369 4002 Patre,
1426 3933 1520 3989 sed
1561 3950 1625 3989 ex
1671 3932 1866 3988 mundo

281 4033 410 4080 sunt
436 4024 479 4096 (Ι
499 4024 656 4080 Joan.
685 4043 744 4091 ιι,
765 4025 876 4097 16).
894 4027 1143 4093 Quamvis
1170 4027 1405 4082 nonnulli
1429 4027 1480 4082 id
1502 4027 1638 4097 quod
1667 4027 1864 4081 dictum

281 4124 385 4182 est,
417 4115 540 4188 Ipse
561 4117 784 4188 Spiritus
815 4117 1102 4187 interpellat
1131 4119 1426 4190 gemitibus;
1464 4118 1532 4174 de
1558 4119 1746 4189 spiritu
1775 4119 1868 4172 llo-

284 4209 444 4263 minis
475 4209 870 4279 intelligendum
901 4210 1242 4264 arbitrentur.

351 4299 581 4355 CAPUT
610 4300 797 4354 XXVI.
824 4300 1002 4354 ~22.
1023 4301 1208 4355 Totius
1234 4301 1482 4356 bonitatis
1503 4309 1556 4356 ct
1584 4301 1859 4371 sapientiae

285 4400 342 4446 et
367 4391 578 4445 virtutis
610 4391 809 4458 Patris,
836 4392 1008 4445 vivam
1035 4401 1089 4446 ct
1115 4407 1295 4446 veram
1317 4434 1333 4461 ,
1364 4392 1631 4461 propriam
1661 4400 1713 4447 et
1736 4408 1866 4446 con-

289 4484 504 4554 dignam
530 4485 813 4554 imaginem
831 4485 1014 4540 dicunt
1039 4483 1251 4539 Filium.
1274 4486 1340 4538 At
1361 4485 1630 4554 apostolus
1653 4484 1866 4550 Paulus,

292 4593 400 4631 non
428 4578 639 4632 virtutis
665 4575 755 4632 Dei
781 4586 836 4632 et
873 4577 1148 4647 sapientia:
1190 4573 1515 4647 imaginem;
1561 4577 1654 4633 sed
1702 4577 1866 4632 Deum

293 4671 465 4742 ipsum
492 4685 614 4724 esse
627 4670 774 4737 dicit,
797 4668 891 4723 Dei
918 4671 1148 4723 virtutem
1169 4677 1213 4721 et
1235 4667 1328 4721 Dei
1354 4668 1666 4739 Sapientiam
1692 4668 1732 4740 (Ι
1751 4667 1866 4722 Cor.

292 4778 338 4824 ι.
370 4761 488 4833 28).
525 4761 603 4816 Εο
624 4761 740 4832 ipso
771 4762 928 4832 igitur
959 4761 1101 4832 quod
1147 4760 1320 4830 imago
1347 4759 1516 4813 Patris
1559 4766 1640 4814 est
1664 4758 1828 4813 Filius
1855 4803 1868 4825 ,

295 4853 476 4908 Virtus
499 4853 614 4922 ejus
635 4864 686 4906 et
711 4853 979 4922 Sapientia
1007 4862 1106 4906 cst.
1136 4852 1313 4921 Imago
1338 4861 1512 4905 autem
1540 4851 1694 4921 plena
1715 4860 1873 4920 atque

291 4947 525 5013 perfecta
547 4986 562 5010 ,
591 4945 644 5000 id
667 4954 777 5009 est,
825 4961 928 4998 non
961 4945 1027 4999 ab
1053 4944 1144 4998 illo
1172 4961 1238 4998 ex
1283 4944 1450 4998 nihilo
1491 4944 1654 5008 facta,
1686 4943 1778 4998 sed
1807 4943 1876 4997 de

295 5038 386 5092 illo
413 5039 624 5107 genita,
652 5038 780 5091 nihil
813 5037 990 5090 minus
1030 5036 1190 5090 habet
1211 5051 1365 5105 quam
1395 5036 1482 5089 ille
1507 5036 1657 5104 cujus
1703 5035 1879 5105 imago

295 5141 377 5185 cst
407 5150 422 5186 :
453 5131 627 5185 Patris
649 5132 845 5202 quippe
872 5132 1046 5200 imago
1071 5143 1277 5184 summa
1299 5171 1312 5193 ,
1344 5128 1394 5182 id
1417 5136 1530 5191 est,
1572 5129 1642 5182 ita
1691 5128 1876 5182 similis

297 5235 354 5279 ut
381 5225 437 5279 in
458 5240 522 5279 ea
551 5225 808 5280 dissimile
834 5223 1032 5291 aliquid
1062 5237 1170 5277 non
1200 5223 1305 5286 sit,
1338 5221 1501 5274 Filius
1531 5229 1612 5276 est
1635 5221 1876 5291 unigeni-

299 5325 403 5370 tus.
428 5315 551 5371 Non
580 5325 704 5371 sunt
734 5325 910 5370 tamen
937 5315 1051 5369 ausi
1078 5314 1258 5369 dicere
1288 5313 1566 5383 imaginem
1597 5311 1714 5366 Filii
1757 5312 1877 5383 Spi-

299 5409 458 5462 ritum
488 5417 728 5462 sanctum
750 5450 765 5475 ,
810 5407 905 5463 sed
934 5406 1433 5461 manifestatiouem.
1471 5406 1698 5476 Propter
1731 5405 1832 5458 hoc
1862 5447 1875 5470 ,

301 5513 400 5552 nec
426 5498 659 5568 genltum
681 5539 695 5564 ,
726 5498 822 5553 sed
848 5498 1042 5554 factum
1073 5498 1140 5553 ab
1170 5496 1260 5551 illo
1277 5511 1396 5551 esse
1418 5497 1685 5551 dixerunt.
1727 5497 1876 5564 Quod

303 5587 370 5642 de
384 5587 889 5658 Scripturissanctis
915 5588 1135 5642 omnino
1161 5601 1264 5640 non
1282 5587 1464 5657 legunt
1486 5588 1526 5641 ¹.

371 5681 597 5738 CAPUT
620 5680 908 5737 XXVll.--
935 5680 1024 5735 23.
1053 5680 1184 5747 Quis
1209 5687 1386 5734 autem
1409 5679 1701 5734 catholicus
1729 5678 1881 5734 dixe-

309 5787 406 5843 rit,
442 5782 645 5844 partem
684 5775 855 5828 Patris
907 5788 1024 5826 esse
1079 5771 1300 5836 Filium,
1347 5781 1461 5837 aut,
1505 5782 1708 5842 partem
1764 5771 1898 5825 Filii

370 5890 383 5916 '
422 5891 490 5940 sic
513 5897 612 5940 Mss.
639 5890 752 5940 lidili
773 5904 888 5939 vero
923 5901 1012 5941 non
1037 5886 1317 5950 intelligunt.

1662 413 1862 468 LIBER
1905 411 2101 468 UNUS.

3416 433 3516 487 702

1941 522 2194 594 Spiritum
2237 529 2517 582 sanctum?
2548 527 2697 596 Quod
2730 531 2797 584 ita
2825 533 3122 602 negandum
3162 547 3514 608 putaverunt,

1943 625 2189 684 tanquam
2224 615 2360 670 inter
2377 633 2474 674 nos
2500 627 2560 695 et.
2579 620 2721 690 ipsos
2751 623 2851 676 ulla
2877 624 2996 678 inde
3011 625 3078 678 sit
3105 629 3346 696 quaestio.
3366 631 3522 700 Ejus-

1942 705 2063 759 dem
2113 716 2315 762 naturze
2345 709 2567 764 dicimus
2596 727 2714 766 esse
2756 713 3103 782 Trinitatem,
3147 734 3251 772 non
3284 721 3513 790 aliquam

1943 796 2012 850 ibi
2042 811 2324 866 personam
2375 811 2576 870 partem
2621 804 2911 874 cujuspiam
2972 823 3360 878 nuncupamus.
3411 812 3517 866 Sed

1942 889 2084 959 quod
2108 892 2179 944 ita
2208 901 2402 962 negant
2423 903 2628 964 partem
2657 897 2827 952 Patris
2853 914 2972 954 esse
3001 900 3224 968 Filium,
3253 914 3310 958 ut
3345 916 3521 958 tamen

1944 981 2121 1036 dicant
2147 985 2416 1052 proprium
2442 992 2494 1040 et
2524 985 2966 1055 dilectissimum,
3009 993 3300 1061 perfectum
3323 1006 3376 1048 et
3405 995 3521 1064 ple-

1945 1090 2069 1128 num
2093 1076 2418 1145 unigenitum
2443 1077 2630 1132 Filium
2660 1098 2672 1133 :
2705 1083 3046 1149 quau'endum
3077 1095 3158 1138 est
3177 1085 3244 1140 ab
3271 1087 3368 1152 eis,
3392 1104 3526 1154 quos

1948 1164 2084 1219 filios
2113 1179 2238 1220 suos
2264 1166 2388 1221 facit
2420 1169 2557 1223 Deus
2612 1170 2906 1226 voluntarie
2930 1214 2944 1238 ,
2975 1175 3197 1244 gignens
3243 1192 3336 1232 eos
3365 1179 3526 1232 verbo

1951 1257 2189 1310 veritatis
2211 1299 2224 1323 ,
2252 1272 2372 1312 cum
2401 1258 2468 1312 ad
2493 1275 2609 1314 eam
2653 1261 3032 1330 perfectionem
3067 1269 3437 1336 pervenerint,
3471 1281 3529 1322 ut

1951 1349 2294 1418 perfectiores
2325 1366 2443 1405 esse
2471 1368 2576 1405 non
2607 1354 2845 1422 possint,
2875 1365 3050 1410 utrum
3099 1360 3205 1412 sint
3234 1361 3391 1414 etiam
3429 1361 3529 1431 ipsi

1952 1443 2220 1513 prepriiet
2247 1444 2597 1511 dilectissimi,
2631 1447 2846 1515 perfecti
2867 1457 2918 1502 et
2943 1450 3082 1518 pleni
3104 1450 3198 1504 ﬁlii
3233 1453 3343 1507 Dei.
3376 1453 3527 1519 Quod

1952 1533 1994 1586 si
2025 1541 2214 1598 erunt,
2247 1549 2346 1588 nec
2373 1535 2674 1604 unigenitus
2701 1536 2788 1590 ille
2815 1537 2946 1602 erit,
2978 1539 3099 1608 quia
3126 1542 3354 1610 aequales
3390 1544 3528 1596 mul-

1953 1635 2033 1678 tos
2054 1623 2300 1689 habebit;
2331 1624 2423 1679 sed
2452 1627 2815 1680 tantummodo
2842 1629 3240 1699 primogenitus.
3273 1632 3327 1687 Si
3353 1644 3529 1688 autem

1954 1731 2056 1768 non
2079 1724 2273 1781 erunt,
2308 1716 2573 1785 quomodo
2600 1717 2912 1787 accipienda
2963 1729 3044 1774 est
3090 1721 3229 1775 illius
3261 1723 3531 1791 plenitudo

1953 1817 2109 1878 atque
2137 1806 2392 1878 perfectio
2415 1849 2428 1874 ,
2458 1810 2558 1863 nisi
2586 1818 2641 1862 ut
2661 1810 2728 1864 sit
2751 1825 2969 1880 prorsus
2995 1813 3229 1883 gignenti
3265 1817 3486 1885 aequalis
3513 1858 3530 1884 ,

1955 1907 2008 1954 et
2047 1900 2098 1953 in
2145 1900 2291 1954 nullo
2323 1902 2541 1954 omnino
2570 1901 2880 1966 dissimilis;
2921 1913 3082 1976 atque
3126 1915 3183 1960 ut
3231 1906 3285 1960 id
3319 1907 3534 1963 brevius

1959 1991 2267 2062 planiusque
2297 1993 2312 2023 ¹
2343 1992 2583 2047 dicamus
2604 2035 2617 2059 ,
2650 1994 2755 2048 sint
2804 1994 2893 2048 isti
2922 1995 3013 2050 ﬁlii
3059 1998 3225 2066 gratia
3246 2040 3262 2066 ,
3303 1999 3392 2054 ille
3436 2018 3532 2054 na-

1958 2093 2072 2138 tura
2099 2103 2110 2138 :
2141 2085 2260 2154 quia
2291 2085 2342 2138 in
2370 2085 2485 2139 istis
2523 2096 2606 2140 cst
2641 2086 2971 2156 participatio
3001 2087 3314 2156 divinitatis,
3346 2090 3399 2144 in
3443 2092 3535 2145 illo

1961 2175 2259 2244 plenitudo?
2286 2175 2536 2241 Quamvis
2562 2185 2616 2240 et
2643 2176 2730 2230 ille
2761 2178 2899 2247 quod
2947 2180 3180 2248 suscepit
3225 2179 3530 2246 hominem,

1958 2274 2012 2318 et
2046 2262 2260 2318 Verbum
2299 2281 2415 2317 caro
2446 2265 2636 2333 factum
2662 2277 2733 2320 est
2762 2266 2939 2337 (Joan.
2965 2285 2979 2322 I
3003 2310 3016 2332 ,
3053 2270 3171 2340 M),
3204 2286 3308 2324 non
3339 2272 3406 2326 sit
3438 2289 3532 2326 na—

1961 2365 2104 2421 tura,
2128 2355 2221 2409 scd
2251 2357 2416 2425 gratia
2449 2375 2460 2409 :
2495 2355 2654 2410 Verbi
2703 2366 2912 2424 tamen,
2967 2359 3108 2429 quod
3153 2360 3295 2414 Patri
3329 2363 3533 2432 aequale

1959 2455 2070 2513 cst,
2103 2455 2449 2516 permanente
2479 2457 2686 2501 natura.
2721 2448 2920 2504 Deinde
2968 2451 3359 2520 respondeant,
3410 2454 3536 2524 quia

1962 2553 2064 2593 non
2097 2539 2258 2592 lilium
2282 2580 2295 2604 ,
2319 2540 2412 2594 sed
2441 2541 2666 2610 primum
2695 2552 2746 2595 et
2773 2542 3096 2612 praecipuum
3123 2559 3254 2613 opus
3284 2543 3400 2599 Filii
3428 2560 3539 2614 pra:

1962 2633 2171 2689 cmteris
2222 2634 2484 2689 universis
2525 2635 2707 2689 dicunt
2766 2651 2884 2690 esse
2936 2635 3189 2706 Spiritum
3245 2648 3487 2694 sanctum
3523 2681 3536 2701 ,

1964 2735 2138 2781 utrum
2186 2727 2260 2781 illi
2317 2728 2408 2782 filii
2454 2729 2702 2783 meliores
2734 2729 2894 2783 futuri
2936 2733 3041 2785 sint
3073 2731 3273 2801 Spiritu
3304 2743 3488 2787 sancto
3521 2774 3536 2797 ,

1963 2833 2098 2888 quos
2135 2818 2417 2872 voluntarie
2460 2821 2630 2889 genuit
2654 2819 2808 2874 Pater
2837 2822 2980 2876 verba
3004 2824 3224 2878 veritatis
3249 2823 3450 2894 (Jacobi
3479 2841 3492 2877 ι
3525 2867 3538 2888 ,

1967 2909 2094 2982 18)?
2118 2910 2395 2978 Quomodo
2416 2912 2558 2965 enim
2591 2927 2696 2966 non
2725 2922 2987 2982 coguntur
3035 2913 3137 2968 hoc
3167 2914 3345 2968 dicere
3364 2956 3379 2982 ,
3421 2929 3540 2969 cum

1966 3002 2146 3070 procul
2177 3001 2336 3056 dubio
2363 3001 2554 3056 melius
2580 3002 2647 3056 sit
2664 3003 2800 3056 filios
2825 3017 2946 3058 esse
2979 3003 3150 3058 Patris
3168 3047 3182 3071 ,
3209 3019 3365 3074 quam
3410 3019 3544 3074 opus

1965 3093 2121 3148 Filii?
2151 3094 2276 3148 llaec
2320 3095 2586 3164 cogitent,
2627 3104 2681 3149 et
2709 3095 2996 3149 emcndent
3044 3110 3207 3150 vanas
3249 3095 3544 3166 Impiasquo

1968 3185 2354 3255 blasphemias,
2384 3193 2541 3255 atque
2569 3183 2844 3241 fateantur
2874 3187 2925 3241 in
2954 3186 3039 3241 illa
3058 3187 3318 3242 Trinitate
3344 3188 3544 3242 nullam

1966 3292 2279 3348 personam,
2310 3288 2504 3347 ιιι-πων
2532 3277 2673 3348 quod
2721 3278 2888 3332 Filius
2918 3294 3137 3334 manens
3167 3266 3305 3334 Deus
3324 3320 3339 3346 ,
3384 3280 3547 3335 homo

1957 3372 2135 3426 factus
2160 3380 2242 3428 est
2265 3413 2280 3438 ,
2309 3373 2527 3425 omnino
2555 3387 2676 3426 esse
2705 3381 3022 3439 creaturam,
3054 3382 3144 3427 aut
3165 3373 3362 3444 aliquid
3384 3389 3413 3427 a
3437 3374 3548 3428 Deo

1967 3461 2158 3517 factum
2190 3480 2202 3515 :
2232 3462 2324 3516 sed
2357 3472 2521 3516 totum
2549 3462 2801 3532 quidquid
2828 3463 2956 3517 illud
2987 3474 3094 3530 est,
3132 3478 3418 3530 summum,
3453 3479 3544 3520 ve-

1962 3570 2106 3619 rum,
2139 3555 2523 3608 immutabilem
2549 3555 2736 3609 Deum.

1961 3677 1964 3680 ~
2037 3645 2128 3699 ‘24.
2164 3647 2315 3701 Absit
2346 3646 2486 3700 enim
2516 3655 2594 3712 ut,
2643 3647 3091 3717 quemadmodum
3121 3649 3352 3718 sapiunt,
3386 3649 3545 3703 Patet"

1968 3739 2140 3809 major
2167 3739 2236 3794 sit
2288 3740 2426 3794 Filio
2450 3754 2549 3793 suo
2571 3781 2586 3807 ,
2637 3741 2928 3795 secundum
2960 3740 3011 3794 id
3043 3741 3182 3810 quod
3220 3741 3546 3809 unigenitum

1973 3833 2203 3888 Verbum
2221 3833 2335 3900 ejus
2356 3841 2436 3886 est
2460 3849 2472 3884 :
2506 3831 2598 3887 sed
2626 3833 2915 3887 secundum
2945 3833 2994 3886 id
3017 3833 3157 3902 quod
3196 3830 3405 3886 Verbum
3430 3848 3553 3886 caro.

1966 3930 2160 3996 factum
2185 3935 2274 3979 est.
2303 3925 2409 3981 Sed
2433 3925 2558 3996 quid
2584 3927 2775 3980 mirum
2793 3968 2807 3992 ,
2835 3927 3044 3996 quando
3079 3927 3131 3981 in
3180 3926 3364 3982 eadem
3391 3943 3558 3982 carne

1973 4019 2140 4074 factus
2162 4029 2240 4073 est
2262 4019 2422 4073 etiam
2461 4019 2679 4088 Angelis
2719 4019 2925 4073 minor?
2957 4019 3110 4073 Absit
3157 4029 3246 4086 ut,
3296 4020 3548 4089 quemad-

1971 4111 2184 4165 modum
2214 4110 2584 4179 blasphemant
2607 4153 2620 4177 ,
2650 4111 3137 4180 incomparabiliter
3167 4111 3336 4181 major
3364 4121 3417 4166 et
3439 4127 3554 4167 mc-

1973 4203 2075 4257 lior
2100 4202 2170 4256 sit
2208 4201 2372 4258 Filius
2395 4201 2594 4272 Spiritu
2627 4211 2854 4258 sancto:
2889 4213 2940 4258 et
2971 4204 3114 4274 quod
3159 4204 3560 4258 insanissimum

1973 4302 2056 4348 est
2083 4293 2302 4348 credere
2321 4336 2334 4358 ,
2363 4293 2614 4362 templum
2659 4282 2880 4348 minoris
2911 4294 3018 4348 sint
3051 4294 3291 4349 membra
3315 4295 3552 4364 majoris.

2045 4385 2270 4440 CAPUT
2291 4384 2526 4440 XXVIII.
2559 4415 2629 4424 —-—
2657 4385 2749 4440 95.
2781 4386 2938 4439 Pater
2963 4387 3195 4456 quidem,
3224 4387 3358 4441 Deus
3383 4397 3428 4439 et
3451 4385 3556 4441 ους

1974 4477 2138 4529 minus
2160 4486 2228 4529 est
2257 4474 2394 4528 Filio
2429 4493 2520 4529 suo
2543 4492 2561 4529 :
2605 4477 2725 4545 quia
2758 4477 2894 4530 inest
2924 4479 2972 4530 in
3002 4493 3064 4531 eo
3105 4477 3270 4531 forma
3301 4478 3505 4532 servilis
3538 4520 3562 4543 ι

1975 4582 2092 4635 quze
2147 4566 2562 4635 prophetabatur
2585 4607 2600 4632 ,
2651 4581 2770 4620 eum
2799 4568 3065 4622 diceretur
3089 4611 3102 4635 ,
3155 4569 3400 4623 Dominus
3431 4571 3563 4626 dixit

1975 4659 2042 4714 ad
2061 4675 2167 4726 me,
2202 4659 2369 4720 Filius
2412 4675 2550 4712 meus
2579 4675 2630 4714 es
2673 4669 2726 4711 tu
2754 4659 2924 4729 (Psal.
2957 4677 3032 4728 ιι,
3065 4661 3142 4732 7).
3197 4661 3294 4716 Cui
3319 4663 3478 4717 etiam
3506 4663 3563 4715 in
3618 4644 3622 4646 ’

1977 4750 2162 4805 eadem
2191 4751 2467 4821 prophetia
2495 4749 2623 4805 dicit
2652 4751 2789 4804 idem
2845 4753 3010 4806 Filius
3032 4795 3045 4818 ,
3094 4751 3171 4806 De
3196 4762 3364 4807 ventre
3390 4766 3570 4809 matris.

1978 4859 2100 4898 mea:
2119 4843 2255 4902 Deus
2278 4862 2414 4898 meus
2439 4861 2489 4900 es
2509 4853 2561 4898 tu
2592 4843 2763 4915 (Psal.
2789 4863 2903 4910 xxi,
2931 4847 3042 4918 11).
3075 4847 3148 4900 Dc
3165 4858 3347 4901 ventre
3370 4847 3570 4916 quippe

1979 4935 2160 4988 matris
2187 4933 2303 5004 ejus
2329 4976 2342 5000 ,
2369 4935 2455 4989 ubi
2483 4934 2753 4989 hominem
2790 4937 3110 5006 assumpsit,
3151 4936 3288 4989 Deus
3316 4935 3430 5006 ejus
3456 4948 3560 4990 est.

1979 5025 2078 5092 Qui
2103 5035 2321 5096 propter
2349 5025 2487 5095 quod
2519 5042 2640 5080 eum
2670 5043 2771 5081 non
2820 5029 2991 5082 solum
3022 5039 3142 5083 ante
3181 5038 3418 5082 ventrem
3452 5046 3564 5082 ma-

1984 5118 2077 5170 tris
2102 5159 2117 5184 ,
2147 5118 2238 5171 sed
2269 5128 2391 5172 ante
2419 5118 2595 5172 omnia
2619 5121 2810 5173 saecula
2837 5130 3159 5175 eoa-ternum
3184 5123 3381 5190 genuit,
3409 5122 3564 5176 Pater

1982 5212 2096 5282 ejus
2117 5222 2216 5267 est.
2245 5212 2340 5268 Ubi
2371 5225 2546 5267 autem
2575 5215 2660 5268 vel
2689 5215 2738 5266 in
2764 5215 2964 5268 somnis
3010 5215 3289 5268 audierunt
3331 5215 3568 5284 Scriptu-

1983 5321 2098 5360 ram
2123 5315 2358 5358 sanetam
2382 5305 2580 5360 dixisse
2626 5305 2813 5360 Filium
2845 5307 3010 5360 Deum
3042 5315 3096 5362 et
3139 5305 3416 5361 Dominum
3451 5322 3582 5361 esse.

1983 5396 2209 5466 Spiritus
2234 5397 2398 5450 sancti
2421 5395 2444 5449 ?

2055 5488 2143 5543 26.
2175 5487 2366 5555 Pater,
2415 5488 2696 5556 inquiunt,
2742 5487 3061 5543 imnzobiliter
3106 5501 3152 5543 et
3200 5491 3572 5562 impassibiliter

1985 5580 2154 5633 volens
2186 5577 2376 5630 Filium
2405 5579 2614 5650 genuit:
2644 5577 2809 5632 Filius
2845 5577 2952 5633 sine
2999 5579 3168 5634 labore
3198 5593 3241 5634 et
3268 5583 3569 5654 fatigatione

1986 5672 2097 5726 sola
2126 5673 2302 5724 virtute
2330 5687 2422 5723 sua
2479 5669 2730 5740 Spiritum
2756 5671 2890 5742 fecit.
2934 5671 2977 5727 0
3009 5674 3329 5745 prmeipuam
3364 5675 3571 5730 laudem

1990 5764 2106 5819 Filii
2129 5772 2179 5816 et
2207 5763 2433 5832 Spiritus
2460 5763 2662 5816 sancti!
2698 5763 2858 5829 Quasi
2899 5779 2995 5819 nos
3023 5763 3182 5822 Pater
3227 5766 3492 5822 mobiliter
3521 5777 3571 5821 et

2055 5883 2067 5912 ¹
2094 5881 2426 5930 ωυνιιιίιιιυιιξίδ
2451 5879 2622 5938 (Ὀιυϊ,
2649 5879 2941 5945 pleniusque.
