4028 6432
520 369 627 429 705

520 482 844 555 passibiliter
869 481 1066 538 invitus
1091 480 1367 552 genuerit,
1416 496 1507 550 qut
1541 494 1655 551 nos
1685 478 1983 534 voluntarie
2010 493 2101 548 ge-

525 576 643 630 nuit
664 575 829 630 verbo
853 574 1095 630 veritatis
1125 591 1137 626 :
1170 581 1261 626 aut
1289 570 1455 626 Filius
1482 586 1602 625 cum
1625 570 1805 625 labore
1832 579 1886 625 et
1915 570 2109 640 fatiga-

524 666 668 720 tione
696 666 890 721 cazlum
918 673 971 719 et
996 673 1190 718 terram
1215 661 1476 717 creaverit
1495 661 1839 732 ‘UEquentur
1859 678 1986 733 ergo
2011 664 2111 717 ista

524 775 687 830 opera
719 758 1012 815 secundum
1044 756 1199 819 istos,
1231 754 1313 810 vel
1344 754 1477 809 Filio
1503 755 1588 810 vel
1610 755 1828 824 Spiritui
1876 764 2061 811 sancto
2094 772 2108 809 :

524 861 615 904 aut
638 851 683 905 si
713 850 856 904 nullo
876 847 1033 902 modo
1056 855 1331 916 arquantur
1350 888 1365 913 ,
1396 846 1517 917 quid
1541 845 1739 915 profuit
1767 846 1866 900 hoc
1891 846 2070 901 dicere
2093 888 2109 914 ,

529 941 667 996 unde
694 941 835 995 nulla
868 940 924 993 fit
949 938 1206 1008 quiestio;
1235 936 1374 1008 quod
1420 937 1623 992 scilicet
1651 938 1765 991 sine
1796 937 1901 991 ullo
1932 936 2113 991 labore

528 1045 582 1089 et
608 1034 915 1105 fatigatione
944 1031 1021 1085 vel
1043 1031 1225 1101 gignat
1254 1030 1410 1085 Pater
1434 1071 1449 1105 η
1481 1030 1566 1084 vel
1591 1030 1749 1084 faciat
1778 1030 1985 1084 Filius?
2018 1029 2109 1083 Vi—

529 1127 690 1181 deant
736 1140 863 1180 sane
890 1123 1158 1195 quomodo
1193 1124 1405 1189 dicant,
1442 1122 1581 1193 quod
1628 1125 1742 1179 sola
1793 1125 1987 1178 virtute
2018 1139 2111 1178 sua

530 1220 697 1274 Filius
727 1219 910 1274 fecerit
941 1217 1194 1288 Spiritum
1222 1228 1483 1272 sanctmn.
1512 1218 1619 1272 Isto
1662 1217 1802 1272 enim
1833 1216 1992 1271 modo
2021 1231 2114 1270 co-

528 1320 725 1382 guntur
752 1309 901 1364 fateri
923 1352 939 1376 ,
967 1308 1163 1378 aliquid
1197 1308 1384 1363 fecisse
1414 1307 1602 1361 Filium
1635 1308 1774 1378 quod
1828 1323 1934 1361 non
1962 1306 2112 1361 vide-

532 1403 603 1458 rit
650 1404 861 1458 Patrem
910 1400 1212 1455 facientem.
1246 1401 1326 1455 An
1377 1401 1547 1470 placet
1592 1400 1669 1454 eis
1724 1400 1942 1464 dicere,
1973 1398 2115 1470 quod

530 1495 691 1548 etiam
717 1493 875 1548 Pater
901 1491 1086 1547 fecerit
1114 1491 1367 1561 Spiritum
1390 1491 1669 1545 sanctum?
1698 1490 1812 1546 Non
1840 1507 1968 1561 ergo
1992 1506 2114 1546 eum

529 1586 641 1640 sola
665 1586 858 1640 virtute
885 1598 978 1637 sua
1010 1584 1191 1649 fecerit
1211 1582 1375 1636 Filius
1401 1583 1442 1635 ί.
1460 1583 1539 1636 An
1563 1582 1786 1637 alterum
1820 1584 1944 1639 fecit
1971 1583 2117 1652 prior

532 1677 690 1730 Pater
715 1718 729 1743 ,
760 1684 814 1728 ut
844 1682 1028 1744 posset
1081 1673 1245 1728 Filius
1276 1671 1450 1729 facere
1478 1688 1634 1744 quem
1680 1672 1833 1743 feeit,
1889 1674 1977 1745 qui
2008 1690 2115 1729 non

538 1776 712 1838 potest
740 1766 917 1821 facere
947 1766 1045 1820 nisi
1074 1766 1214 1836 quod
1240 1765 1431 1821 viderit
1461 1764 1669 1819 Patrem
1698 1764 2024 1822 facientem?
2050 1765 2120 1820 Et

532 1860 659 1931 quid
690 1868 791 1926 est,
823 1858 961 1930 quod
984 1874 1087 1912 non
1109 1858 1211 1912 alia
1242 1858 1452 1925 similia,
1480 1857 1573 1913 sed
1612 1874 1931 1929 quiscumque
1962 1856 2119 1912 Pater

537 1956 680 2026 facit,
705 1954 811 2008 lucc
841 1953 1014 2006 eadem
1034 1950 1082 2005 F
1083 1954 1201 2006 ilius
1221 1952 1343 2022 facit
1363 1952 1632 2007 similiter?
1659 1951 1712 2007 Si
1744 1952 1857 2006 huic
1885 1952 2120 2023 cogitare

535 2057 796 2101 conentur
815 2086 831 2112 ,
871 2045 1051 2115 procul
1079 2045 1243 2099 dubio
1267 2044 1621 2099 turbabuntur
1646 2045 1724 2100 eis
1750 2045 1926 2099 omnia
1944 2086 1959 2111 ,
1998 2061 2119 2117 quae

536 2141 635 2196 sibi
662 2140 860 2195 carnali
892 2139 1212 2208 cogitatione
1241 2146 1584 2207 componunt.

605 2233 831 2291 CAPUT
878 2232 1069 2288 XXIX.
1112 2262 1186 2273 —-—
1229 2232 1320 2286 27.
1368 2231 1563 2286 Verum
1620 2240 1703 2287 est
1744 2240 1920 2287 autem
1976 2232 2118 2303 quod

544 2329 695 2383 Pater
720 2327 948 2382 omnibus
977 2342 1091 2395 quia
1106 2334 1221 2379 sunt
1244 2367 1260 2392 ,
1293 2326 1429 2379 dedit
1454 2334 1509 2378 ut
1546 2334 1739 2390 essent;
1782 2335 1827 2379 et
1856 2326 1962 2395 ipse
1986 2327 2121 2395 quod

536 2431 629 2487 est,
650 2438 682 2474 a
710 2420 906 2473 nemine
934 2419 1125 2487 accepit
1147 2434 1165 2472 :
1191 2417 1282 2472 sed
1311 2417 1662 2488 mqualitatent
1690 2431 1836 2472 suam
1870 2420 1995 2473 nulli
2026 2418 2120 2473 de-

537 2517 654 2581 dit,
711 2515 809 2569 nisi
869 2512 1003 2568 Filio
1031 2513 1119 2583 qui
1160 2521 1313 2568 natus
1356 2519 1439 2566 est
1493 2512 1560 2567 de
1625 2512 1749 2579 illo,
1803 2522 1856 2568 et
1902 2513 2119 2584 Spiritui

537 2619 723 2666 sancto
749 2610 837 2681 qui
868 2609 1108 2681 procedit
1150 2608 1357 2664 dervillo.
1389 2609 1519 2676 Quae
1547 2623 1666 2663 cum
1695 2608 1766 2664 ita
1815 2608 1919 2663 sint
1943 2650 1958 2675 ,
2014 2625 2119 2664 non

535 2713 621 2758 est
671 2703 804 2768 ista,
835 2718 992 2772 quam
1040 2701 1224 2757 volunt
1271 2701 1391 2768 isti,
1444 2700 1743 2756 differentia
1798 2701 2116 2766 Trinitatis;

537 2794 660 2863 quia
716 2794 1022 2851 indifferens
1051 2796 1104 2849 in
1141 2795 1400 2850 Trlnitate
1444 2802 1629 2848 natura
1658 2835 1672 2858 ,
1718 2792 2024 2848 indifferens
2067 2794 2119 2848 in

537 2885 799 2943 Trlnitate
825 2888 1059 2957 potentia
1081 2896 1165 2943 est
1191 2906 1204 2942 :
1238 2897 1292 2942 ut
1314 2905 1483 2942 omnes
1525 2887 1857 2955 Itonoriﬁcent
1885 2885 2079 2941 Filium
2103 2928 2117 2951 ,

536 2980 669 3034 sicut
691 2980 1025 3050 honoriﬁcam
1052 2980 1259 3035 Patrem
1282 3023 1297 3047 ,
1331 2980 1472 3051 quod
1494 2983 1607 3050 ipse
1634 2981 1709 3035 ait
1739 2979 1917 3046 (Joan.
1943 2998 1996 3046 v,
2030 2979 2117 3049 l9,

537 3069 663 3143 25);
691 3083 745 3128 et
770 3074 857 3144 qui
888 3074 1071 3129 volunt
1096 3074 1182 3144 pie
1213 3074 1392 3129 vivere
1412 3115 1429 3142 ,
1460 3072 1742 3129 Dominum
1769 3074 1935 3129 Deum
1965 3089 2120 3129 suum

539 3168 801 3234 adorent,
834 3176 887 3224 et
912 3168 987 3223 illi
1015 3169 1114 3224 soli
1143 3169 1377 3224 serviant
1397 3209 1411 3234 ,
1439 3166 1582 3238 quod
1608 3176 1663 3223 et
1699 3167 1930 3238 antiquis
1955 3168 2120 3238 patri-

539 3260 641 3314 bus
690 3259 782 3314 Dei
834 3259 951 3329 lege
981 3268 1301 3330 praeceptum
1339 3267 1424 3314 est
1446 3301 1461 3324 ,
1494 3274 1594 3315 nec
1641 3258 1749 3314 ullo
1779 3257 1938 3315 modo
1964 3259 2123 3315 aliter

538 3348 655 3403 ﬁeri
686 3356 898 3420 potest,
932 3358 989 3405 ut
1018 3350 1119 3405 soli
1165 3349 1393 3405 Domino
1416 3348 1529 3406 Deo
1555 3358 1741 3406 nostro
1769 3365 1831 3405 ea
1853 3366 1972 3421 qua:
2012 3352 2121 3407 Deo

535 3440 760 3497 debetur
778 3442 1031 3497 servitute
1058 3442 1372 3498 serviamus.
1398 3441 1512 3512 Ipsa
1536 3450 1618 3498 est
1644 3442 1785 3498 enim
1807 3458 1925 3513 ιιιιω
1948 3458 2123 3514 grznce

535 3534 833 3603 appellatur
862 3543 1077 3606 λατρεία.
1118 3534 1273 3604 Quod
1325 3535 1544 3591 verbum
1595 3534 1666 3591 ibi
1711 3535 1940 3605 positum
1992 3544 2117 3605 est,

534 3634 655 3672 cum
684 3617 954 3676 diceretur
974 3660 992 3685 ,
1019 3617 1113 3673 Illi
1149 3619 1244 3674 soli
1272 3619 1453 3674 servies
1498 3618 1676 3689 (Deut.
1701 3637 1750 3674 v1
1773 3662 1787 3685 ,
1824 3620 1935 3691 15).
1966 3620 2123 3677 Nullo

534 3709 697 3765 modo
720 3751 735 3776 ,
768 3710 1013 3781 inquam,
1048 3711 1147 3765 hoc
1187 3709 1297 3765 fieri
1324 3718 1500 3782 potest
1523 3709 1670 3777 ,~nisi
1721 3710 1834 3781 ipse
1867 3711 2121 3769 Dominus

537 3801 679 3857 Deus
707 3810 886 3858 noster
905 3802 1151 3857 universa
1180 3801 1249 3857 sit
1270 3800 1523 3856 Trinitas.
1552 3800 1797 3872 Alioquin
1828 3800 1981 3856 istam
2008 3817 2123 3858 ser-

533 3893 786 3961 vitutem,
819 3909 937 3963 qua:
964 3894 1116 3949 latria
1145 3892 1373 3961 dicitur,
1406 3908 1565 3965 quam
1612 3909 1718 3948 non
1756 3894 1951 3949 debent
1978 3894 2120 3951 servi

535 3985 614 4039 eis
642 4001 777 4055 quos
806 3986 1096 4041 secundum
1123 4002 1336 4041 carnem
1363 3986 1606 4043 dominos
1633 3986 1865 4053 habent,
1892 3989 1986 4045 sed
2014 4005 2123 4044 om-

536 4093 634 4134 nes
660 4078 901 4133 homines
929 4080 1026 4134 soli
1059 4079 1282 4135 Domino
1310 4080 1419 4133 Deo
1440 4095 1539 4134 suo
1569 4099 1582 4135 :
1616 4080 1753 4135 hanc
1797 4096 1928 4151 ergo
1954 4082 2122 4137 servi-

538 4182 704 4227 tmem
733 4186 836 4225 non
861 4171 1228 4226 exhibebimus
1258 4170 1415 4235 Filio,
1447 4172 1491 4225 si
1518 4170 1585 4227 de
1607 4173 1765 4228 Patre
1789 4173 1987 4229 dictum
2014 4184 2117 4240 est,

537 4261 607 4315 Et
633 4262 710 4316 illi
756 4263 851 4317 soli
874 4263 1205 4327 servies;aut
1231 4277 1335 4316 non
1366 4261 1736 4317 exhibebimus
1764 4264 1945 4331 Patri,
1976 4266 2020 4321 si
2053 4267 2120 4323 de

542 4357 678 4412 Filio
707 4355 908 4411 dictum
933 4364 1047 4419 est,
1080 4354 1143 4407 Et
1189 4354 1266 4408 illi
1308 4355 1402 4409 soli
1422 4356 1619 4409 servies.
1652 4354 1768 4410 Jam
1797 4371 1925 4411 vero
1952 4357 1996 4412 si
2025 4358 2121 4413 ali—

536 4448 731 4517 quibus
756 4457 910 4502 tcrrtc
937 4446 1166 4500 molibus
1196 4445 1411 4515 Spiritui
1437 4456 1621 4501 sancto
1647 4446 1900 4515 templum
1948 4447 2117 4504 fabri-

538 4555 814 4605 caremns,
849 4538 970 4608 quis
997 4536 1263 4592 dubitaret
1291 4537 1341 4590 ei
1389 4552 1487 4591 nos
1532 4538 1681 4593 latria
1705 4580 1719 4604 ,
1752 4537 1804 4593 id
1857 4548 1939 4595 est
1962 4580 1977 4606 ,
2020 4540 2119 4595 ista

538 4634 608 4687 de
636 4648 737 4703 qua
767 4647 904 4686 nunc
931 4631 1119 4701 loquor
1147 4630 1401 4685 servitute
1422 4630 1624 4686 servire
1644 4631 1667 4685 ?
1687 4631 1967 4699 Quomodo
1988 4648 2121 4703 ergo

538 4739 645 4780 non
669 4724 718 4779 ei
760 4724 1071 4779 servitutem
1100 4763 1114 4787 ,
1144 4738 1263 4793 qua:
1294 4722 1445 4776 latria
1479 4722 1675 4777 dicitur
1697 4765 1712 4789 ,
1761 4723 2075 4779 exhibemus
2099 4765 2115 4792 ,

535 4817 621 4872 cui
649 4816 901 4885 templum
932 4830 1035 4868 non
1064 4814 1283 4868 facimus
1302 4854 1317 4875 ,
1370 4811 1462 4867 sed
1492 4827 1589 4867 nos
1632 4813 1729 4881 ipsi
1755 4814 1985 4868 smnus?
2014 4815 2119 4869 Aut

535 4906 804 4977 quomodo
833 4921 937 4960 non
965 4914 1019 4960 et
1047 4907 1158 4975 ipse
1206 4904 1347 4959 Deus
1375 4911 1558 4958 noster
1586 4913 1707 4971 est,
1749 4903 1816 4959 de
1842 4920 1948 4975 quo
1992 4904 2120 4960 dicit

537 4998 823 5068 Apostolus
847 5038 861 5063 ,
895 4995 1112 5050 Nescitis
1137 4996 1252 5065 quia
1281 4994 1521 5062 templum
1553 4992 1648 5048 Dei
1668 4995 1782 5048 estis
1801 5036 1815 5060 ,
1850 5007 1897 5049 et
1947 4995 2120 5065 Spiri-

536 5100 616 5144 tus
669 5088 764 5141 Dei
812 5087 1002 5141 habitat
1030 5086 1083 5140 in
1123 5085 1304 5139 vobis?
1343 5084 1409 5138 Et
1440 5084 1594 5153 paulo
1624 5093 1776 5153 post:
1826 5084 2121 5153 Gloriﬁcatc

534 5199 651 5252 ergo
679 5180 840 5235 Deum
862 5181 913 5233 in
938 5195 1147 5249 corpore
1168 5187 1326 5231 vestro
1350 5175 1393 5251 (ι
1415 5176 1533 5231 Cor.
1565 5191 1615 5231 vt
1644 5217 1659 5243 ,
1691 5176 1758 5231 f9
1782 5219 1797 5240 ,
1833 5176 1950 5250 20).
1982 5179 2117 5234 Cor-

534 5290 662 5344 pora
695 5282 872 5328 antem
900 5282 1077 5326 nostra
1104 5313 1118 5336 ,
1146 5271 1402 5343 templum
1434 5271 1484 5324 in
1514 5271 1667 5325 nobis
1686 5270 1814 5326 dicit
1837 5286 1956 5327 esse
1998 5272 2119 5343 Spl-

534 5369 669 5421 ritns
718 5366 907 5421 sancti.
934 5363 1068 5419 Cum
1116 5363 1275 5433 igitur
1301 5372 1355 5418 et
1383 5364 1523 5417 Patri
1554 5371 1608 5417 ct
1653 5362 1786 5417 Filio
1817 5374 1869 5419 et
1898 5365 2114 5435 Spiritui

537 5466 723 5511 sancto
751 5457 850 5511 ista
877 5498 891 5522 ,
920 5472 1037 5526 qua:
1066 5455 1215 5510 latria
1242 5465 1480 5520 vocatur,
1510 5455 1769 5509 servitute
1796 5456 2115 5520 serviamus,

535 5546 919 5617 audiamusque
940 5546 1106 5618 legem
1140 5546 1228 5600 Dei
1253 5545 1669 5615 praecipientem,
1701 5555 1759 5600 ut
1781 5546 1909 5601 nulli
1940 5547 2116 5615 alteri,

536 5639 630 5695 sed
662 5626 1017 5693 soli‘Domino
1048 5637 1155 5690 Deo
1184 5645 1365 5690 nostro
1412 5634 1550 5693 lianc
1573 5637 1919 5693 exhibeamus
1945 5654 1959 5704 ;
1996 5654 2120 5709 pro-

539 5731 618 5782 cul
646 5727 810 5785 dubio
830 5743 968 5784 unus
995 5737 1048 5783 et
1072 5729 1215 5784 solus
1245 5728 1497 5784 Dominus
1520 5729 1659 5785 Deus
1689 5739 1870 5787 noster
1895 5739 1979 5787 est
2005 5731 2118 5803 ipsa

600 5863 616 5894 ³
642 5868 715 5912 Er.
742 5862 885 5927 Lugd.
913 5870 1028 5912 Ven.
1049 5868 1178 5924 lov.,
1207 5860 1319 5926 fecit
1343 5859 1507 5913 Filius.
1573 5868 1628 5912 Μ.

1373 366 1646 426 CONTRA
1683 364 2052 421 SERMONEM
2095 364 2517 439 ARIANORUM,
2551 369 2609 428 S.
2652 370 3023 433 AUGUSTINI

3698 381 3812 440 704

2219 478 2490 550 Trinitas,
2520 486 2603 540 cui
2637 488 2727 541 uni
2778 498 2831 544 et
2878 489 2976 546 soli
3022 491 3178 548 talem
3227 494 3541 553 servitutem
3592 497 3812 568 pietatis

2212 570 2335 640 jure
2361 572 2637 631 debemus.

2287 664 2515 720 CAPUT
2540 668 2710 723 XXX.
2740 699 2810 710 —-
2832 669 2922 727 28.
2956 672 3125 727 Sicuti
3142 690 3286 730 nemo
3308 686 3502 746 potest,
3530 678 3809 750 inquiunt,

2217 754 2324 810 sine
2362 756 2500 812 Filio
2524 760 2592 812 ad
2623 761 2831 816 Patrem
2860 766 3113 829 transire;
3140 767 3212 819 ita
3257 778 3301 821 et
3325 786 3469 823 nemo
3499 780 3661 841 potest
3703 774 3814 826 sine

2220 846 2419 913 Spiritu
2446 861 2618 905 sancto
2644 852 2838 907 Filium
2868 856 2921 908 in
2950 856 3154 911 veritate
3191 858 3406 913 adorare
3428 877 3447 914 :
3475 861 3628 931 quasi
3655 871 3712 917 et
3739 865 3808 917 ad

2219 939 2408 995 Filium
2441 944 2556 998 sine
2590 944 2745 1000 Patre
2769 946 3046 1017 quisquam
3091 950 3257 1018 possit
3288 952 3471 1008 venire
3495 994 3509 1017 ,
3541 969 3664 1008 cum
3697 955 3813 1023 ipse

2218 1032 2358 1088 dicat
2379 1076 2393 1099 ,
2427 1034 2591 1090 Nemo
2631 1040 2758 1092 venit
2804 1040 2874 1093 ad
2900 1058 3010 1105 me,
3044 1043 3140 1097 nisi
3164 1042 3353 1111 Pater,
3392 1047 3478 1117 qui
3517 1048 3653 1103 misit
3690 1066 3809 1115 me,

2219 1128 2600 1181 traxeritiltum
2629 1128 2810 1200 (Joan.
2834 1148 2882 1186 vt
2908 1174 2922 1197 ,
2954 1131 3083 1203 44);
3120 1143 3211 1188 aut
3260 1135 3325 1189 ad
3376 1136 3634 1206 Spiritum
3681 1153 3809 1193 san-

2219 1223 2365 1270 ctum
2389 1217 2504 1272 sine
2524 1218 2680 1274 Patre
2707 1228 2761 1275 et
2789 1221 2925 1276 Filio
2951 1224 3227 1291 pervenire
3255 1240 3549 1295 possemus,
3575 1228 3667 1297 qui
3687 1245 3812 1284 cum

2220 1306 2372 1361 nobis
2395 1323 2489 1363 sua
2530 1309 2813 1366 conferunt
2861 1314 3049 1383 gratia.
3090 1314 3226 1381 Quid
3268 1325 3351 1371 est
3390 1319 3531 1375 enim
3564 1319 3712 1375 aliud
3744 1322 3813 1376 ad

2219 1413 2314 1452 eos
2343 1400 2557 1463 venire,
2586 1402 2686 1456 nisi
2708 1417 2801 1457 eos
2824 1402 3125 1459 habitantes
3155 1405 3205 1459 in
3238 1408 3392 1463 nobis
3418 1408 3653 1465 habere?
3700 1411 3815 1465 lloc

2223 1490 2365 1545 enim
2398 1492 2557 1546 modo
2584 1502 2639 1548 et
2664 1494 2761 1563 ipsi
2789 1495 2852 1549 ad
2882 1510 2979 1551 nos
3007 1497 3229 1551 veniunt
3248 1538 3264 1563 ,
3292 1514 3412 1553 cum
3446 1500 3583 1555 Deus
3612 1501 3815 1570 ubique

2221 1580 2321 1644 sit,
2346 1589 2401 1635 et
2427 1582 2571 1636 nullo
2591 1584 2855 1653 corporali
2877 1587 3213 1642 contineatur
3242 1589 3383 1645 loco.
3412 1590 3531 1660 ipse
3557 1591 3816 1647 Salvator

2222 1670 2351 1725 dicit
2375 1672 2442 1727 de
2466 1688 2525 1727 se
2551 1682 2604 1728 et
2631 1674 2699 1729 de
2726 1675 2883 1730 Patre
2901 1717 2916 1742 ,
2957 1676 3222 1734 Veniamus
3241 1680 3310 1733 ad
3330 1698 3443 1735 eum
3468 1724 3484 1747 ,
3508 1694 3553 1737 et
3587 1685 3813 1738 mansio.

2223 1779 2335 1819 nem
2358 1766 2496 1833 apud
2524 1779 2636 1819 eum
2673 1767 2913 1837 faciemus
2942 1767 3051 1839 (Id.
3078 1786 3170 1823 xw
3191 1813 3206 1838 ,
3235 1770 3329 1845 2'5)
3361 1789 3374 1825 :
3405 1782 3459 1839 et
3485 1773 3554 1828 de
3604 1775 3813 1844 Spiritu

2223 1864 2408 1911 sancto
2430 1856 2592 1923 dicit,
2627 1856 2746 1912 Nisi
2772 1875 2863 1930 ego
2883 1859 3050 1915 abiero
3069 1904 3084 1927 ,
3126 1862 3399 1918 advocatus
3420 1882 3519 1919 non
3548 1865 3712 1920 reniet
3746 1866 3816 1920 ad

2223 1962 2309 2001 vos
2342 1944 2453 2017 (Id.
2487 1963 2575 2002 xvi
2597 1991 2612 2014 ,
2644 1949 2721 2019 7).
2749 1948 2883 2017 Quid
2910 1961 2995 2006 est
3029 1967 3157 2023 ergo
3198 1948 3339 2024 quod
3376 1955 3594 2023 dicunt,
3642 1957 3816 2013 Sicuti

2224 2053 2370 2091 nemo
2400 2049 2559 2111 potest
2580 2041 2689 2094 sine
2711 2040 2846 2096 Filio
2865 2043 2933 2096 ad
2976 2042 3182 2098 Patrem
3212 2047 3458 2113 transire,
3490 2048 3561 2101 ita
3582 2058 3629 2103 et
3664 2066 3815 2105 nemo

2224 2140 2388 2201 potest
2406 2133 2516 2187 sine
2536 2134 2736 2202 Spiritu
2758 2146 2932 2190 sancto
2954 2134 3002 2189 F
3003 2137 3147 2191 ilium
3164 2139 3216 2192 in
3237 2141 3441 2194 veritate
3459 2141 3676 2196 adorare
3698 2158 3721 2207 ;
3762 2150 3819 2198 et

2224 2224 2418 2282 deinde
2469 2226 2835 2298 subiungunt,
2880 2228 3017 2301 Ergo
3037 2231 3090 2285 in
3135 2231 3337 2302 Spiritu
3373 2243 3545 2288 sancto
3562 2235 3819 2290 adoretur

2225 2314 2433 2372 Filius?
2455 2317 2844 2390 Numquidnam
2870 2321 2984 2377 haec
3013 2322 3248 2379 indicant
3272 2324 3618 2381 differentiam
3648 2336 3817 2383 natu-

2225 2424 2426 2477 rarum,
2458 2412 2526 2467 de
2566 2427 2668 2483 qua
2719 2413 2855 2469 inter
2882 2430 2981 2471 nos
3019 2424 3074 2471 et
3120 2417 3240 2472 illos
3270 2418 3492 2473 vertitur
3527 2403 3812 2490 qumstid?

2225 2503 2356 2559 Nam
2385 2506 2428 2559 si
2454 2520 2611 2561 nemo
2639 2514 2814 2576 potest
2839 2508 2955 2564 sine
2978 2508 3178 2581 Spiritu
3202 2520 3387 2568 saneto
3410 2511 3602 2568 Filium
3650 2514 3708 2569 in
3727 2529 3818 2571 ve-

2227 2598 2384 2653 ritate
2411 2596 2634 2653 adorare
2653 2639 2669 2665 ,
2693 2607 2748 2655 et
2798 2600 2853 2655 in
2878 2599 3076 2670 Spiritu
3102 2612 3289 2659 saneto
3315 2604 3569 2661 adorator
3600 2605 3772 2662 Filius
3799 2648 3814 2673 ,

2227 2688 2462 2759 profecto
2491 2690 2688 2746 veritas
2715 2700 2798 2748 est
2815 2692 2975 2748 etiam
3002 2693 3231 2761 Spiritus
3253 2707 3468 2753 sanctus
3498 2715 3512 2752 :
3540 2699 3663 2770 quia
3692 2714 3817 2756 cum

2227 2778 2279 2834 in
2303 2778 2393 2834 illo
2419 2779 2675 2836 adoratur
2697 2781 2865 2837 Filius
2886 2824 2903 2850 ,
2931 2773 3068 2840 sicut
3088 2785 3156 2841 ab
3184 2787 3262 2841 eis
3284 2786 3482 2844 dictum
3508 2800 3621 2858 est,
3649 2790 3706 2845 in
3726 2805 3819 2850 ve-

2226 2870 2383 2926 ritate
2404 2871 2677 2928 adoratur.
2723 2875 2793 2929 At
2838 2874 2953 2945 ipse
2980 2875 3149 2934 Filius
3177 2878 3290 2934 ait:
3326 2880 3439 2952 Ego
3471 2886 3583 2937 sunt
3628 2886 3818 2939 ueritas

2227 2962 2339 3034 (Id.
2364 2980 2483 3032 xiv,
2512 2964 2590 3035 6).
2616 2965 2759 3038 Ergo
2787 2975 2841 3022 et
2868 2969 2922 3023 in
2946 2982 3004 3024 se
3035 2968 3152 3039 ipso
3181 2971 3462 3038 adoretur,
3491 2989 3615 3030 cum
3640 2977 3697 3031 in
3726 2992 3819 3034 ve-

2224 3055 2384 3111 ritate
2431 3056 2701 3112 adoratur.
2734 3058 2813 3114 Ac
2839 3074 2938 3130 per
2987 3060 3091 3117 boc
3133 3070 3189 3118 et
3237 3063 3289 3118 in
3336 3080 3396 3120 se
3424 3076 3477 3121 et
3507 3067 3558 3121 in
3605 3066 3817 3138 Spiritu

2226 3158 2411 3205 sancto
2438 3148 2691 3206 adoratur
2708 3150 2894 3208 Filius.
2921 3152 3052 3221 Quis
3078 3165 3257 3212 autem
3282 3156 3355 3213 ita
3382 3158 3454 3213 sit
3491 3158 3687 3231 impius
3713 3203 3732 3228 ,
3762 3172 3819 3218 ut

2226 3242 2350 3299 inde
2376 3252 2587 3315 separet
2615 3244 2863 3300 Patrem?
2886 3245 3168 3314 Quomodo
3194 3250 3341 3306 enim
3370 3265 3478 3306 non
3520 3261 3575 3309 et
3617 3255 3670 3309 in
3722 3255 3820 3311 illo

2226 3333 2514 3391 adoramus
2561 3340 2619 3402 ⁸,
2671 3336 2724 3391 in
2753 3350 2862 3408 quo
2906 3337 3169 3406 vivimus,
3215 3355 3494 3399 movemur
3528 3353 3583 3399 et
3625 3360 3818 3403 sumus

2228 3424 2367 3499 (Act.
2396 3440 2551 3493 xvu,
2597 3426 2732 3499 28)?
2776 3428 3010 3486 Proinde
3048 3430 3261 3487 adorari
3300 3432 3492 3489 Filium
3522 3437 3573 3491 in
3611 3435 3816 3507 Spiritu

2225 3525 2443 3584 sancto,
2467 3516 2628 3575 etiam
2656 3534 2756 3576 nos
2777 3519 3006 3579 dicimus
3030 3538 3046 3579 :
3069 3522 3281 3580 adorari
3305 3535 3484 3582 autem
3509 3527 3711 3585 Filium
3748 3530 3818 3587 ab

2224 3605 2421 3680 Spiritu
2450 3618 2636 3666 sancto
2657 3652 2673 3677 ,
2706 3611 2884 3684 legant
2901 3613 2944 3670 si
2966 3624 3209 3685 possunt.

2295 3698 2523 3757 CAPUT
2549 3700 2741 3757 XXXI.
2772 3703 2959 3761 —.29.
2990 3706 3121 3763 Nam
3167 3725 3257 3778 per
3298 3708 3493 3764 Filiam
3533 3711 3819 3782 gloriﬁcari

2227 3788 2435 3844 Patrem
2454 3831 2471 3858 ,
2493 3791 2614 3862 quis
2643 3796 2835 3864 negat?
2858 3795 2962 3852 Sed
2982 3804 3036 3853 et
3053 3797 3247 3854 Filium
3273 3799 3554 3870 glorificari
3584 3818 3680 3872 per
3710 3805 3817 3860 Pa-

2225 3891 2391 3951 trem,
2422 3900 2617 3956 negare
2645 3886 2764 3957 quis
2787 3888 3020 3945 audeat:
3048 3891 3133 3946 cui
3150 3890 3280 3948 dicit
3307 3892 3421 3963 ipse
3448 3893 3619 3950 Filius
3639 3937 3654 3962 ,
3685 3896 3817 3952 Glo-

2223 3976 2371 4046 ri/ica
2398 3992 2513 4044 me;
2541 3979 2626 4035 cui
2653 3978 2814 4034 etiam
2860 3980 3026 4047 dicit,
3072 3980 3184 4054 Ego
3233 3992 3280 4038 te
3317 3985 3597 4056 gloriﬁcaui
3627 3986 3812 4059 (Joan.

2224 4082 2299 4122 xu
2320 4109 2338 4134 ,
2364 4066 2435 4124 28
2457 4109 2473 4135 ,
2495 4079 2540 4123 et
2563 4086 2669 4125 xvtt
2686 4112 2700 4135 ,
2728 4071 2791 4137 5,
2814 4072 2913 4143 4)?
2939 4072 3256 4131 Glorifieare
3299 4085 3476 4131 autem
3501 4119 3517 4143 ,
3545 4088 3602 4134 et
3631 4078 3814 4136 hono-

2224 4159 2470 4229 rificare,
2501 4170 2555 4217 et
2597 4162 2928 4232 clarificare,
2975 4165 3076 4221 tria
3107 4167 3323 4237 quidem
3348 4169 3540 4237 verba,
3584 4171 3680 4226 sed
3725 4188 3817 4231 res

2224 4266 2329 4305 una
2352 4259 2472 4317 est,
2524 4252 2665 4323 quod
2708 4268 2885 4323 graece
2928 4255 3122 4312 dicitur
3146 4263 3401 4325 δοξάζεινε
3458 4261 3814 4333 interpretum

2224 4351 2403 4397 autem
2434 4342 2727 4414 varietate,
2774 4345 2932 4403 aliter
2955 4355 3114 4420 atque
3142 4349 3299 4405 aliter
3343 4351 3571 4422 positum
3616 4363 3702 4409 est
3757 4356 3815 4412 in

2225 4434 2409 4490 latino.

2294 4525 2519 4582 CAPUT
2542 4526 2927 4587 XXXll.—30.
2944 4530 3169 4601 Spiritus
3184 4534 3345 4588 sancti
3354 4551 3482 4605 opus
3491 4545 3537 4590 et
3548 4536 3819 4609 diligentia

2224 4628 2317 4686 est,
2342 4618 2603 4689 inquiunt,
2631 4623 2981 4691 sancti/icore,
3009 4633 3059 4679 et
3084 4634 3285 4682 sanctos
3312 4629 3606 4695 custodire;
3634 4641 3681 4685 et
3714 4649 3817 4687 non

2206 4714 2387 4768 solum
2410 4714 2752 4781 rationabilia,
2782 4726 2836 4770 ut
2859 4717 3067 4786 quidam
3095 4728 3297 4789 putant,
3326 4722 3415 4775 sed
3445 4732 3492 4777 et
3535 4724 3820 4780 irrationa-

2223 4806 2345 4860 bilia
2375 4806 2525 4876 plura
2571 4807 2890 4877 sancti/icore
2917 4824 2935 4863 :
2961 4818 3008 4863 et
3045 4826 3130 4865 eos
3166 4812 3253 4881 qui
3294 4813 3581 4869 ceciderunt
3610 4820 3821 4887 propter

2222 4915 2367 4953 suam
2391 4900 2767 4971 negligentiam,
2795 4900 2864 4954 ad
2879 4901 3147 4971 pristinum
3167 4914 3355 4959 statum
3376 4922 3610 4963 revocare
3622 4926 3643 4975 ;
3669 4909 3824 4982 igno-

2221 5001 2393 5047 rantes
2442 4994 2640 5061 docere,
2692 4993 3035 5050 obliviscentes
3076 4994 3367 5064 admonere,
3423 5012 3687 5068 peccantes
3743 5021 3824 5057 ar-

2222 5102 2392 5158 guere,
2422 5086 2591 5156 pigros
2636 5084 2830 5140 hortari
2869 5086 2933 5141 de
2964 5072 3127 5142 salute
3165 5104 3261 5143 sua
3286 5090 3508 5161 cogitare
3529 5099 3575 5145 et
3601 5094 3827 5147 sollicite

2222 5195 2391 5251 agere,
2429 5187 2651 5233 errantes
2694 5178 2766 5232 ad
2811 5179 2943 5232 uiam
2991 5181 3219 5236 veritatis
3260 5182 3529 5251 deducere,
3583 5185 3824 5255 infirmos

2223 5288 2418 5338 curare,
2460 5282 2507 5326 et
2537 5273 2866 5343 fragilitatem
2906 5276 3133 5344 corporis
3170 5292 3260 5347 per
3288 5277 3606 5333 alacritatem
3629 5283 3827 5336 anima:

2224 5364 2493 5430 continere,
2524 5374 2570 5419 et
2598 5365 2667 5418 ad
2690 5382 2913 5421 amorem
2940 5366 3137 5434 pietatis
3155 5376 3205 5422 et
3220 5369 3466 5425 castitatis
3486 5372 3824 5441 conﬁrmare,

2223 5465 2271 5510 et
2298 5472 2469 5510 omnes
2496 5456 2823 5524 illuminare;
2850 5474 3003 5528 super
3045 5459 3215 5513 omnia
3262 5461 3415 5531 ﬁdem
3442 5472 3490 5517 et
3517 5463 3823 5521 charitatem

2224 5550 2443 5616 praebere
2469 5546 2709 5618 singulis,
2742 5564 2834 5619 pro
2878 5550 3046 5603 studio
3073 5566 3271 5621 quoque
3318 5561 3366 5606 et
3411 5552 3695 5625 diligentia,
3729 5574 3828 5627 pro

2223 5642 2548 5713 simplicitate
2586 5650 2633 5697 et
2660 5642 2943 5699 sinceritate
2969 5644 3177 5713 mentis,
3217 5662 3310 5717 pro
3348 5664 3587 5704 mensura
3622 5650 3749 5720 fidei
3777 5660 3826 5705 et

2290 5803 2304 5833 ¹
2332 5804 2403 5851 sic
2443 5809 2540 5851 Am.
2575 5807 2650 5849 Er.
2701 5808 2754 5852 et
2785 5801 3016 5852 meliores
3053 5805 3203 5853 nostri
3238 5810 3345 5855 Mss.
3372 5812 3427 5856 At
3458 5812 3569 5857 ιον.
3598 5819 3705 5858 cum
3729 5804 3826 5858 alio

2224 5871 2341 5929 quot
2365 5872 2487 5927 Mss,
2516 5868 2559 5915 et
2582 5860 2717 5915 illum
2740 5866 3015 5918 adoramus.
3040 5867 3188 5917 Minus
3209 5867 3359 5918 bene.
